{"host":"6h0diz2ap0m56grs","time":1610742792,"event":{"mods":["2.2 Compatiblity","BaseMod","Colored Map","Marisa????????","Minty Spire (QoL Compilation)","Quick Restart","Replay The Spire","Shop Mod","StSLib","The Servant 0.9.4"],"gold_per_floor":[114,130,130,143,143,168,196,223,223,223,20,55,74,108,108,212,212,226,226,226,244,163,194,226,259,259,284,317,317,348,348,348,348,348],"floor_reached":33,"language":"ENG","playtime":1152,"items_purged":[],"score":653,"play_id":"c7000954-b96c-4856-8bad-0f1bbe36086a","local_time":"20210115143312","daily_mods":["SealedDeck","Heirloom","Time Dilation","Flight"],"is_ascension_mode":true,"campfire_choices":[{"data":"DarkMatter","floor":15,"key":"SMITH"},{"data":"CollectingQuirk","floor":29,"key":"SMITH"},{"data":"SprinkleStarSeal","floor":32,"key":"SMITH"}],"circlet_count":0,"master_deck":["MilkyWay","OortCloud","GrandCross","GrandCross","OortCloud","SuperPerseids","GasGiant","SuperPerseids","GasGiant+1","MeteoricShower","AlicesGift+1","SprinkleStarSeal+1","DarkMatter+1","OortCloud+1","DragonMeteor","CollectingQuirk+1","AsteroidBelt+1"],"relics":["MiniHakkero","replay:Trail_Library","Pondfish Scales","TungstenRod","Ice Cream","ReplayTheSpireMod:Ninjato","Bag of Marbles","Bronze Scales","ReplayFunnel","Philosopher\u0027s Stone","MerchantsRug","Juzu Bracelet","Centennial Puzzle","Strawberry","Meat on the Bone","Nunchaku","Dream Catcher","Replay:Wax Seal"],"acts_visited":["Exordium","TheCity"],"potions_floor_usage":[24,27],"damage_taken":[{"damage":0,"enemies":"2 Louse","floor":1,"turns":2},{"damage":0,"enemies":"Small Slimes","floor":2,"turns":1},{"damage":0,"enemies":"Jaw Worm","floor":4,"turns":2},{"damage":0,"enemies":"Gremlin Nob","floor":6,"turns":2},{"damage":0,"enemies":"Lagavulin","floor":7,"turns":5},{"damage":0,"enemies":"Gremlin Nob","floor":8,"turns":3},{"damage":0,"enemies":"3 Sentries","floor":12,"turns":7},{"damage":0,"enemies":"Exordium Wildlife","floor":13,"turns":3},{"damage":0,"enemies":"Lagavulin","floor":14,"turns":4},{"damage":0,"enemies":"Slime Boss","floor":16,"turns":5},{"damage":0,"enemies":"Shell Parasite","floor":18,"turns":2},{"damage":0,"enemies":"Chosen","floor":21,"turns":1},{"damage":0,"enemies":"Book of Stabbing","floor":23,"turns":4},{"damage":7,"enemies":"Slavers","floor":24,"turns":4},{"damage":3,"enemies":"Book of Stabbing","floor":25,"turns":4},{"damage":14,"enemies":"Slavers","floor":27,"turns":3},{"damage":2,"enemies":"Book of Stabbing","floor":28,"turns":3},{"damage":0,"enemies":"Gremlin Leader","floor":30,"turns":4},{"damage":0,"enemies":"Champ","floor":33,"turns":10}],"seed_played":"6975488992158635783","potions_obtained":[{"floor":6,"key":"SteroidPotion"},{"floor":7,"key":"Fire Potion"},{"floor":8,"key":"Venom Potion"},{"floor":12,"key":"Swift Potion"},{"floor":13,"key":"CultistPotion"},{"floor":23,"key":"PowerPotion"},{"floor":24,"key":"Energy Potion"}],"is_trial":true,"path_per_floor":["M","M","?","M","?","E","E","E","T","?","$","E","M","E","R","B",null,"M","?","?","M","$","E","E","E","T","E","E","R","E","?","R","B"],"character_chosen":"MARISA","items_purchased":["Bag of Marbles","OortCloud+1","MerchantsRug"],"campfire_rested":0,"item_purchase_floors":[11,11,22],"current_hp_per_floor":[75,75,60,60,65,65,65,65,65,65,65,65,65,65,65,65,80,80,80,80,80,80,80,73,77,77,63,61,61,61,61,61,61,61],"gold":348,"neow_bonus":"","is_daily":false,"chose_seed":false,"campfire_upgraded":3,"win_rate":0.0,"timestamp":1610742792,"path_taken":["M","M","?","M","?","E","E","E","T","?","$","E","M","E","R","BOSS","M","?","?","?","$","E","E","E","T","E","E","R","E","?","R","BOSS"],"items_purchased_type":["Relic","Card","Relic"],"build_version":"2020-12-22","purchased_purges":0,"victory":false,"max_hp_per_floor":[75,75,75,75,80,80,80,80,80,80,80,80,80,80,80,80,80,80,80,80,80,80,80,80,87,87,87,87,87,87,87,87,87,87],"card_choices":[{"not_picked":["PropBag","GalacticHalo"],"picked":"AlicesGift","floor":1},{"not_picked":["DoubleSpark","MysteriousBeam","LuminesStrike"],"picked":"SKIP","floor":2},{"not_picked":["Acceleration","NonDirectionalLaser","DC"],"picked":"SKIP","floor":4},{"not_picked":["DarkSpark","OrrerysSun","MysteriousBeam"],"picked":"SKIP","floor":6},{"not_picked":["ShootingEcho","SporeBomb"],"picked":"SprinkleStarSeal","floor":7},{"not_picked":["PowerUp","WitchOfGreed","StarlightTyphoon"],"picked":"SKIP","floor":8},{"not_picked":["EarthLightRay","ShootTheMoon"],"picked":"DragonMeteor","floor":12},{"not_picked":["LuminesStrike","MilkyWay","PowerUp"],"picked":"SKIP","floor":13},{"not_picked":["GalacticHalo","OpenUniverse","MysteriousBeam"],"picked":"SKIP","floor":14},{"not_picked":["UltimateShortwave","ManaRampage"],"picked":"CollectingQuirk","floor":16},{"not_picked":["OpenUniverse","Robbery","ChargingUp"],"picked":"SKIP","floor":18},{"not_picked":["IllusionStar","Orbital","PulseMagic"],"picked":"SKIP","floor":21},{"not_picked":["GalacticHalo+1","GrandCross","LuminesStrike"],"picked":"SKIP","floor":23},{"not_picked":["Singularity+1","EventHorizon","WitchOfGreed"],"picked":"SKIP","floor":24},{"not_picked":["DoubleSpark","PowerUp+1","OpenUniverse"],"picked":"SKIP","floor":25},{"not_picked":["BigCrunch","NonDirectionalLaser"],"picked":"AsteroidBelt+1","floor":27},{"not_picked":["CasketOfStar","IllusionStar","6A"],"picked":"SKIP","floor":28},{"not_picked":["EnergyFlow","StarlightTyphoon+1","Acceleration"],"picked":"SKIP","floor":30}],"player_experience":182795,"relics_obtained":[{"floor":6,"key":"TungstenRod"},{"floor":7,"key":"Ice Cream"},{"floor":8,"key":"Blue Candle"},{"floor":9,"key":"ReplayTheSpireMod:Ninjato"},{"floor":12,"key":"Bronze Scales"},{"floor":14,"key":"ReplayFunnel"},{"floor":23,"key":"Juzu Bracelet"},{"floor":24,"key":"Centennial Puzzle"},{"floor":25,"key":"Strawberry"},{"floor":26,"key":"Meat on the Bone"},{"floor":27,"key":"Nunchaku"},{"floor":28,"key":"Dream Catcher"},{"floor":30,"key":"Replay:Wax Seal"}],"event_choices":[{"damage_healed":0,"gold_gain":0,"player_choice":"Entered Light","damage_taken":15,"max_hp_gain":0,"max_hp_loss":0,"event_name":"Shining Light","floor":3,"gold_loss":0,"cards_upgraded":["AlicesGift","GasGiant"]},{"damage_healed":0,"gold_gain":0,"player_choice":"Donut","damage_taken":0,"max_hp_gain":5,"max_hp_loss":0,"event_name":"Big Fish","floor":5,"gold_loss":0},{"damage_healed":0,"gold_gain":0,"player_choice":"Ignored","damage_taken":0,"max_hp_gain":0,"max_hp_loss":0,"event_name":"The Mausoleum","floor":19,"gold_loss":0},{"damage_healed":0,"gold_gain":0,"player_choice":"Ignored","damage_taken":0,"max_hp_gain":0,"max_hp_loss":0,"event_name":"Ghosts","floor":20,"gold_loss":0},{"damage_healed":0,"gold_gain":0,"player_choice":"Ignored","damage_taken":0,"max_hp_gain":0,"max_hp_loss":0,"event_name":"Vampires","floor":31,"gold_loss":0}],"is_beta":false,"boss_relics":[{"not_picked":["Runic Pyramid","Astrolabe"],"picked":"Philosopher\u0027s Stone"}],"items_purged_floors":[],"is_endless":false,"potions_floor_spawned":[6,7,8,12,13,16,18,23,24],"killed_by":"Champ","ascension_level":1}}