{"host":"l84l8xigz5v5foa2","time":1610727403,"event":{"mods":["2.2 Compatiblity","AchievementEnabler","BaseMod","Better Note","Better Vampires","Card Filter","Colored Map","DeckTracker","Downfall","Gremlin Skip","Highlight Path","Keyboard Shortcuts","Minty Spire (QoL Compilation)","Permanent Neow","Quick Restart","Relic Filter","Relic Stats","StSLib","SuperFastMode","Transform Curses","Unknown Chances"],"gold_per_floor":[99,112,129,129,129,145,169,169,169,169,188,98,98,111,122,195,195,195,208,208,93,93,93,93,93,121,134,161,86,86,86,86],"floor_reached":30,"language":"ENG","playtime":1601,"items_purged":["hexamod:Strike","hexamod:Strike"],"score":476,"play_id":"4bdd303f-4b10-483c-8be3-f74766ec952f","local_time":"20210116011643","is_ascension_mode":true,"campfire_choices":[{"data":"hexamod:Float","floor":1.0,"key":"SMITH"},{"data":"hexamod:Rewind","floor":8.0,"key":"SMITH"},{"data":"hexamod:GhostOfSpirePast","floor":10.0,"key":"SMITH"},{"data":"hexamod:RainOfEmbers","floor":13.0,"key":"SMITH"},{"data":"hexamod:NecessarySacrifice","floor":18,"key":"SMITH"},{"data":"hexamod:SpectralSpark","floor":23,"key":"SMITH"},{"floor":25,"key":"REST"},{"data":"hexamod:Rewind","floor":29,"key":"SMITH"}],"circlet_count":0,"master_deck":["AscendersBane","hexamod:Strike","hexamod:Defend","hexamod:Defend","hexamod:Defend","hexamod:Defend","hexamod:Float+1","hexamod:SpectralSpark+1","hexamod:GhostOfSpirePast+1","hexamod:ThirdSeal","hexamod:Rewind+1","hexamod:RainOfEmbers+1","hexamod:PhantomFireball+1","hexamod:Hexaguard","hexamod:StepThrough","hexamod:NecessarySacrifice+1","hexamod:HauntingEcho","hexamod:InspiringFlames","hexamod:ThermalTransfer","hexamod:SearingWound","hexamod:FifthSeal","hexamod:FifthSeal","hexamod:FourthSeal","hexamod:FirstSeal","hexamod:SixthSeal","Necronomicurse","hexamod:Rewind+1","hexamod:SecondSeal","hexamod:SixthSeal"],"relics":["hexamod:SpiritBrand","Happy Flower","expansioncontent:StudyCardRelic","Necronomicon","champ:DuelingGlove","Bottled Flame","downfall:HeartBlessingGreen"],"acts_visited":["Exordium","TheCity"],"potions_floor_usage":[16,21,26,27,28,28,30],"damage_taken":[{"damage":0.0,"enemies":"Cultist","floor":2.0,"turns":3.0},{"damage":3.0,"enemies":"2 Louse","floor":3.0,"turns":2.0},{"damage":0.0,"enemies":"Small Slimes","floor":6.0,"turns":3.0},{"damage":0.0,"enemies":"Blue Slaver","floor":11.0,"turns":3.0},{"damage":0.0,"enemies":"downfall:FleeingMerchant","floor":12.0,"turns":4.0},{"damage":1.0,"enemies":"Exordium Thugs","floor":14.0,"turns":3.0},{"damage":0,"enemies":"Large Slime","floor":15,"turns":3},{"damage":17,"enemies":"downfall:Defect","floor":16,"turns":7},{"damage":0,"enemies":"Chosen","floor":19,"turns":3},{"damage":0,"enemies":"downfall:FleeingMerchant","floor":21,"turns":4},{"damage":54,"enemies":"Book of Stabbing","floor":26,"turns":6},{"damage":10,"enemies":"3 Byrds","floor":27,"turns":3},{"damage":0,"enemies":"3 Cultists","floor":28,"turns":4},{"damage":19,"enemies":"Shelled Parasite and Fungi","floor":30,"turns":4}],"seed_played":"-8870146429815340816","potions_obtained":[{"floor":3.0,"key":"hexamod:InfernoChargePotion"},{"floor":6.0,"key":"LiquidMemories"},{"floor":19,"key":"FearPotion"},{"floor":21,"key":"SneckoOil"},{"floor":26,"key":"champ:CounterPotion"},{"floor":27,"key":"DistilledChaos"},{"floor":28,"key":"Guardian:BlockOnCardUsePotion"}],"is_trial":false,"path_per_floor":["R","M","M","?","?","M","T","R","?","R","M","$","R","M","M","B",null,"R","M","?","$","?","R","T","R","E","M","M","R","M"],"character_chosen":"THE_SPIRIT","items_purchased":[],"campfire_rested":1,"item_purchase_floors":[],"current_hp_per_floor":[57,57,54,54,54,54,54,54,54,54,54,54,54,53,53,36,56,56,56,56,56,35,35,35,53,17,7,14,14,0,0,0],"gold":86,"neow_bonus":"TRANSFORM_CARD","is_daily":false,"chose_seed":false,"campfire_upgraded":7,"win_rate":0.0,"timestamp":1610727403,"path_taken":["R","M","M","?","?","M","T","R","?","R","M","$","R","M","M","BOSS","R","M","?","$","?","R","T","R","E","?","M","R","M"],"items_purchased_type":[],"build_version":"2020-12-22","purchased_purges":2,"victory":false,"max_hp_per_floor":[63,63,63,63,63,63,63,63,63,63,63,63,63,63,63,63,63,63,63,63,63,63,63,63,63,63,63,63,63,63,63,63],"relic_stats":{"Happy Flower":[15],"counters":[14,52],"Necronomicon":[2],"obtain_stats":[{"champ:DuelingGlove":24,"Bottled Flame":26,"Happy Flower":7,"downfall:HeartBlessingGreen":29,"expansioncontent:StudyCardRelic":17,"Necronomicon":22,"hexamod:SpiritBrand":0},{"champ:DuelingGlove":10,"Bottled Flame":11,"Happy Flower":3,"downfall:HeartBlessingGreen":13,"expansioncontent:StudyCardRelic":8,"Necronomicon":10,"hexamod:SpiritBrand":0},{"champ:DuelingGlove":35,"Bottled Flame":41,"Happy Flower":8,"downfall:HeartBlessingGreen":48,"expansioncontent:StudyCardRelic":28,"Necronomicon":35,"hexamod:SpiritBrand":0}]},"card_choices":[{"not_picked":["hexamod:BurningTouch","hexamod:RainOfEmbers"],"picked":"hexamod:SpectralSpark","floor":2.0},{"not_picked":["hexamod:GhostShield","hexamod:AdvancingGuard"],"picked":"hexamod:GhostOfSpirePast","floor":3.0},{"not_picked":["hexamod:GhostOfSpirePast","hexamod:Hexaguard"],"picked":"hexamod:Rewind","floor":6.0},{"not_picked":["hexamod:GhostShield","hexamod:FastForward","hexamod:RainOfEmbers"],"picked":"SKIP","floor":6.0},{"not_picked":["hexamod:GhostShield","hexamod:FastForward"],"picked":"hexamod:RainOfEmbers","floor":6.0},{"not_picked":["hexamod:SpectersWail","hexamod:Incineration"],"picked":"hexamod:PhantomFireball","floor":11.0},{"not_picked":["hexamod:NightmareStrike","hexamod:VolcanoVisage","hexamod:Hexaguard"],"picked":"SKIP","floor":11.0},{"not_picked":["hexamod:NightmareStrike","hexamod:VolcanoVisage"],"picked":"hexamod:Hexaguard","floor":11.0},{"not_picked":["hexamod:PhantomCloak","hexamod:SpectersWail"],"picked":"hexamod:StepThrough","floor":12.0},{"not_picked":["hexamod:NightmareStrike","hexamod:BacktrackSmack","hexamod:NightmareGuise"],"picked":"SKIP","floor":12.0},{"not_picked":["hexamod:ChargedBarrage","hexamod:NightmareStrike"],"picked":"hexamod:NecessarySacrifice","floor":14.0},{"not_picked":["hexamod:ChargedBarrage","hexamod:SuperheatedStrike"],"picked":"hexamod:HauntingEcho","floor":14.0},{"not_picked":["hexamod:SwordOfDarkness","hexamod:GhostLash"],"picked":"hexamod:InspiringFlames","floor":15},{"not_picked":["hexamod:Hexaguard","hexamod:NightmareGuise"],"picked":"hexamod:ThermalTransfer","floor":15},{"not_picked":["hexamod:GhostflameInferno","hexamod:GiftsFromTheDead"],"picked":"hexamod:SearingWound","floor":16},{"not_picked":["hexamod:UnleashSpirits","hexamod:EmpoweringStance"],"picked":"hexamod:FifthSeal","floor":16},{"not_picked":["hexamod:PhantomFireball","hexamod:GhostOfSpirePresent"],"picked":"hexamod:FifthSeal","floor":19},{"not_picked":["hexamod:FirstSeal","hexamod:ThirdSeal"],"picked":"hexamod:FourthSeal","floor":19},{"not_picked":["hexamod:AdvancingGuard","hexamod:NightmareGuise","hexamod:BurningTouch"],"picked":"SKIP","floor":19},{"not_picked":["hexamod:FourthSeal","hexamod:SecondSeal"],"picked":"hexamod:FirstSeal","floor":21},{"not_picked":["hexamod:FirstSeal","hexamod:SecondSeal"],"picked":"hexamod:SixthSeal","floor":21},{"not_picked":["hexamod:Haunt+1","hexamod:AdvancingGuard","hexamod:SkipABeat"],"picked":"SKIP","floor":21},{"not_picked":["hexamod:Hexaguard","hexamod:ShieldOfDarkness","hexamod:BurningTouch"],"picked":"SKIP","floor":21},{"not_picked":["hexamod:SecondSeal","hexamod:RainOfEmbers"],"picked":"hexamod:Rewind","floor":26},{"not_picked":["hexamod:InspiringFlames","hexamod:SpectralAdrenaline","hexamod:BurningTouch"],"picked":"SKIP","floor":26},{"not_picked":["hexamod:InspiringFlames","hexamod:SpectralAdrenaline","hexamod:BurningTouch"],"picked":"SKIP","floor":26},{"not_picked":["hexamod:FourthSeal","hexamod:FirstSeal"],"picked":"hexamod:SecondSeal","floor":27},{"not_picked":["hexamod:RadiantFlame","hexamod:ShieldOfDarkness","hexamod:GhostLash"],"picked":"SKIP","floor":27},{"not_picked":["hexamod:BacktrackSmack","hexamod:EtherealExpedition","hexamod:EmpoweredFlame"],"picked":"SKIP","floor":27},{"not_picked":["hexamod:SecondSeal","hexamod:FourthSeal"],"picked":"hexamod:SixthSeal","floor":28},{"not_picked":["hexamod:Again","hexamod:CatchUp","hexamod:PhantomFireball"],"picked":"SKIP","floor":28},{"not_picked":["hexamod:SpectralSpark","hexamod:SecondSeal","hexamod:ThermalTransfer"],"picked":"SKIP","floor":28}],"player_experience":3230220,"relics_obtained":[{"floor":7.0,"key":"Happy Flower"},{"floor":22,"key":"Necronomicon"},{"floor":24,"key":"champ:DuelingGlove"},{"floor":26,"key":"Bottled Flame"}],"event_choices":[{"cards_removed":["hexamod:Sear"],"damage_healed":0.0,"max_hp_gain":0.0,"max_hp_loss":0.0,"gold_gain":0.0,"event_name":"The Cleric","player_choice":"Card Removal","floor":9.0,"gold_loss":0.0,"damage_taken":0.0}],"is_beta":false,"boss_relics":[{"not_picked":["Runic Pyramid","Fusion Hammer"],"picked":"expansioncontent:StudyCardRelic"}],"items_purged_floors":[12,21],"is_endless":false,"potions_floor_spawned":[3,6,15,19],"killed_by":"Shelled Parasite and Fungi","ascension_level":20}}