{"host":"d61fcf2p3sjwe6yo","time":1610743400,"event":{"mods":["AchievementEnabler","BaseMod","Colored Map","Minty Spire (QoL Compilation)","StSLib","SuperFastMode"],"gold_per_floor":[111,123,198,198,198,242,86,120,146,25,25,39,39,68,68,164,164,198,257,307,207,172,172,199,230,257,257,107,139,139,217,217,322,322,347,397,478,528,606,658,682,682,730,761,820,838,1221,1324,1324,1324,1324,1324,253,290,290],"floor_reached":56,"language":"ENG","playtime":2258,"items_purged":["Strike_G","Strike_G","Strike_G","Defend_G"],"score":2285,"play_id":"8f7dabbd-08e4-49b2-a896-f69d16ab10d7","local_time":"20210115234320","is_ascension_mode":true,"campfire_choices":[{"data":"Neutralize","floor":13.0,"key":"SMITH"},{"data":"Catalyst","floor":15.0,"key":"SMITH"},{"data":"Noxious Fumes","floor":23.0,"key":"SMITH"},{"data":"Noxious Fumes","floor":27.0,"key":"SMITH"},{"data":"Footwork","floor":30.0,"key":"SMITH"},{"data":"Bouncing Flask","floor":32.0,"key":"SMITH"},{"data":"Catalyst","floor":42,"key":"SMITH"},{"floor":49,"key":"RECALL"},{"data":"Wraith Form v2","floor":52,"key":"SMITH"}],"circlet_count":0,"master_deck":["AscendersBane","Defend_G","Defend_G","Defend_G","Defend_G","Survivor","Neutralize+1","Catalyst+1","Noxious Fumes+1","Backflip","Bouncing Flask+1","Deadly Poison","Blur+1","Noxious Fumes+1","Catalyst+1","Footwork+1","Calculated Gamble+1","Backflip","Wraith Form v2+1","Noxious Fumes+1","Deadly Poison","Backflip","Deep Breath","Footwork","Sucker Punch+1","Leg Sweep"],"relics":["Ring of the Snake","NeowsBlessing","CeramicFish","Snake Skull","SsserpentHead","Empty Cage","Bag of Preparation","Akabeko","Coffee Dripper","Thread and Needle","Tough Bandages","Vajra","Gambling Chip","Blood Vial","TwistedFunnel","Ninja Scroll","Whetstone","Eternal Feather"],"acts_visited":["Exordium","TheCity","TheBeyond","TheEnding"],"potions_floor_usage":[41,50,55,55,55],"damage_taken":[{"damage":0.0,"enemies":"Jaw Worm","floor":1.0,"turns":1.0},{"damage":0.0,"enemies":"Small Slimes","floor":2.0,"turns":1.0},{"damage":0.0,"enemies":"Gremlin Nob","floor":6.0,"turns":1.0},{"damage":0.0,"enemies":"2 Louse","floor":8.0,"turns":4.0},{"damage":0.0,"enemies":"Blue Slaver","floor":12.0,"turns":4.0},{"damage":3.0,"enemies":"2 Fungi Beasts","floor":14.0,"turns":3.0},{"damage":24.0,"enemies":"The Guardian","floor":16.0,"turns":7.0},{"damage":1.0,"enemies":"Chosen","floor":18.0,"turns":3.0},{"damage":1.0,"enemies":"3 Byrds","floor":24.0,"turns":5.0},{"damage":3.0,"enemies":"Book of Stabbing","floor":25.0,"turns":4.0},{"damage":6.0,"enemies":"Snake Plant","floor":29.0,"turns":3.0},{"damage":5.0,"enemies":"Centurion and Healer","floor":31.0,"turns":5.0},{"damage":24.0,"enemies":"Automaton","floor":33.0,"turns":6.0},{"damage":0.0,"enemies":"3 Shapes","floor":35.0,"turns":5.0},{"damage":0.0,"enemies":"Mind Bloom Boss Battle","floor":37.0,"turns":7.0},{"damage":0.0,"enemies":"Orb Walker","floor":39.0,"turns":4.0},{"damage":3.0,"enemies":"Reptomancer","floor":40.0,"turns":5.0},{"damage":14,"enemies":"3 Darklings","floor":41,"turns":4},{"damage":0,"enemies":"Giant Head","floor":44,"turns":5},{"damage":0,"enemies":"Writhing Mass","floor":46,"turns":4},{"damage":0,"enemies":"Donu and Deca","floor":50,"turns":8},{"damage":0,"enemies":"Shield and Spear","floor":54,"turns":5},{"damage":20,"enemies":"The Heart","floor":55,"turns":4}],"seed_played":"2958261039861689284","potions_obtained":[{"floor":1.0,"key":"Weak Potion"},{"floor":2.0,"key":"Strength Potion"},{"floor":12.0,"key":"Fruit Juice"},{"floor":16.0,"key":"Dexterity Potion"},{"floor":18.0,"key":"Energy Potion"},{"floor":29.0,"key":"Explosive Potion"},{"floor":40.0,"key":"Explosive Potion"},{"floor":41,"key":"SteroidPotion"},{"floor":44,"key":"BlessingOfTheForge"}],"is_trial":false,"path_per_floor":["M","M","?","?","?","E","$","M","T","$","?","M","R","M","R","B",null,"M","?","?","$","?","R","M","E","T","R","$","M","R","M","R","B",null,"M","?","?","?","M","E","M","R","T","E","?","M","?","T","R","B",null,"R","$","E","B",null],"character_chosen":"THE_SILENT","items_purchased":["Noxious Fumes","Bouncing Flask","Poisoned Stab","Footwork","Footwork","TwistedFunnel","Ninja Scroll","Ancient Potion","EntropicBrew","Sucker Punch","Whetstone"],"campfire_rested":0,"item_purchase_floors":[7,10,10,28,53,53,53,53,53,53,53],"current_hp_per_floor":[59,59,48,25,30,30,30,30,30,30,30,30,35,32,32,8,59,58,58,58,58,58,58,57,54,54,54,54,48,48,43,43,19,62,62,62,62,62,62,59,45,45,45,45,45,45,45,45,45,47,69,69,69,71,53],"gold":290,"neow_bonus":"THREE_ENEMY_KILL","is_daily":false,"chose_seed":false,"campfire_upgraded":8,"win_rate":0.0,"timestamp":1610743400,"path_taken":["M","M","?","?","?","E","?","M","T","$","?","M","R","M","R","BOSS","M","?","?","$","?","R","M","E","T","R","?","M","R","?","R","BOSS","M","?","?","?","?","E","M","R","T","E","?","M","?","?","R","BOSS","R","$","E","BOSS"],"items_purchased_type":["Card","Card","Card","Card","Card","Relic","Relic","Potion","Potion","Card","Relic"],"build_version":"2020-12-22","purchased_purges":4,"victory":true,"max_hp_per_floor":[66,66,66,66,71,71,71,71,71,71,71,71,76,76,76,76,76,76,76,76,76,76,76,76,76,76,76,76,76,76,76,76,76,76,76,76,76,76,76,76,76,76,76,76,76,76,76,76,76,76,76,76,76,76,76],"card_choices":[{"not_picked":["Eviscerate","Setup"],"picked":"Catalyst","floor":1.0},{"not_picked":["Dagger Throw","Well Laid Plans","Setup"],"picked":"SKIP","floor":2.0},{"not_picked":["Outmaneuver","Dagger Throw","Masterful Stab"],"picked":"SKIP","floor":6.0},{"not_picked":["Caltrops","Dagger Spray"],"picked":"Backflip","floor":8.0},{"not_picked":["Tactician","Bane","Accuracy"],"picked":"SKIP","floor":12.0},{"not_picked":["Flying Knee","Sucker Punch"],"picked":"Deadly Poison","floor":14.0},{"not_picked":["Quick Slash","Underhanded Strike"],"picked":"Blur+1","floor":18.0},{"not_picked":["PiercingWail","Deadly Poison"],"picked":"Catalyst","floor":24.0},{"not_picked":["Slice+1","Terror","Storm of Steel"],"picked":"SKIP","floor":25.0},{"not_picked":["PiercingWail","Outmaneuver"],"picked":"Calculated Gamble+1","floor":29.0},{"not_picked":["Reflex","Prepared"],"picked":"Backflip","floor":31.0},{"not_picked":["Storm of Steel","Doppelganger"],"picked":"Wraith Form v2","floor":33.0},{"not_picked":["Caltrops","Quick Slash","Bane"],"picked":"SKIP","floor":35.0},{"not_picked":["Choke+1","Dagger Spray"],"picked":"Noxious Fumes+1","floor":39.0},{"not_picked":["Masterful Stab","Dagger Throw+1"],"picked":"Deadly Poison","floor":40.0},{"not_picked":["Calculated Gamble+1","PiercingWail"],"picked":"Backflip","floor":41},{"not_picked":["Dagger Throw+1","Poisoned Stab","PiercingWail"],"picked":"SKIP","floor":44},{"not_picked":["Transmutation","Metamorphosis"],"picked":"Deep Breath","floor":45},{"not_picked":["Deadly Poison","Cloak And Dagger","Infinite Blades"],"picked":"SKIP","floor":46},{"not_picked":["Slice","Riddle With Holes"],"picked":"Leg Sweep","floor":54}],"player_experience":222145,"relics_obtained":[{"floor":6.0,"key":"CeramicFish"},{"floor":9.0,"key":"Snake Skull"},{"floor":25.0,"key":"Akabeko"},{"floor":37.0,"key":"Thread and Needle"},{"floor":40.0,"key":"Tough Bandages"},{"floor":43,"key":"Vajra"},{"floor":44,"key":"Gambling Chip"},{"floor":48,"key":"Blood Vial"},{"floor":54,"key":"Eternal Feather"}],"event_choices":[{"damage_healed":0.0,"max_hp_gain":0.0,"max_hp_loss":0.0,"gold_gain":75.0,"event_name":"World of Goop","player_choice":"Gather Gold","floor":3.0,"gold_loss":0.0,"damage_taken":11.0},{"damage_healed":0.0,"max_hp_gain":0.0,"max_hp_loss":0.0,"gold_gain":0.0,"event_name":"Golden Idol","player_choice":"Take Damage","floor":4.0,"gold_loss":0.0,"damage_taken":23.0,"relics_obtained":["Golden Idol"]},{"damage_healed":0.0,"max_hp_gain":5.0,"max_hp_loss":0.0,"gold_gain":0.0,"event_name":"Big Fish","player_choice":"Donut","floor":5.0,"gold_loss":0.0,"damage_taken":0.0},{"damage_healed":0.0,"max_hp_gain":0.0,"max_hp_loss":0.0,"gold_gain":0.0,"event_name":"FaceTrader","player_choice":"Trade","floor":11.0,"gold_loss":0.0,"damage_taken":0.0,"relics_obtained":["SsserpentHead"]},{"damage_healed":0.0,"max_hp_gain":0.0,"max_hp_loss":0.0,"gold_gain":0.0,"event_name":"The Library","player_choice":"Read","floor":19.0,"gold_loss":0.0,"damage_taken":0.0,"cards_obtained":["Noxious Fumes"]},{"damage_healed":0.0,"max_hp_gain":0.0,"max_hp_loss":0.0,"gold_gain":0.0,"event_name":"Ghosts","player_choice":"Ignored","floor":20.0,"gold_loss":0.0,"damage_taken":0.0},{"damage_healed":0.0,"max_hp_gain":0.0,"max_hp_loss":0.0,"gold_gain":0.0,"event_name":"Addict","player_choice":"Obtained Relic","floor":22.0,"gold_loss":85.0,"damage_taken":0.0,"relics_obtained":["Bag of Preparation"]},{"damage_healed":0.0,"max_hp_gain":0.0,"max_hp_loss":0.0,"gold_gain":0.0,"event_name":"Tomb of Lord Red Mask","player_choice":"Ignored","floor":36.0,"gold_loss":0.0,"damage_taken":0.0},{"damage_healed":0.0,"max_hp_gain":0.0,"max_hp_loss":0.0,"gold_gain":0.0,"event_name":"MindBloom","player_choice":"Fight","floor":37.0,"gold_loss":0.0,"damage_taken":0.0},{"cards_removed":["Poisoned Stab"],"damage_healed":0.0,"max_hp_gain":0.0,"max_hp_loss":0.0,"gold_gain":0.0,"event_name":"Falling","player_choice":"Removed Attack","floor":38.0,"gold_loss":0.0,"damage_taken":0.0},{"damage_healed":0,"gold_gain":0,"player_choice":"Memory 1","damage_taken":0,"max_hp_gain":0,"max_hp_loss":0,"event_name":"SensoryStone","floor":45,"gold_loss":0},{"damage_healed":0,"gold_gain":333,"player_choice":"Gave Idol","damage_taken":0,"max_hp_gain":0,"max_hp_loss":0,"event_name":"The Moai Head","floor":47,"relics_lost":["Golden Idol"],"gold_loss":0}],"is_beta":false,"boss_relics":[{"not_picked":["WristBlade","Pandora\u0027s Box"],"picked":"Empty Cage"},{"not_picked":["Philosopher\u0027s Stone","Black Star"],"picked":"Coffee Dripper"}],"items_purged_floors":[7,21,28,53],"is_endless":false,"potions_floor_spawned":[1,2,12,16,18,29,40,41,44],"ascension_level":17}}