{"host":"j015jhc2yy25u1i1","time":1610680671,"event":{"mods":["BaseMod","Colored Map","Colored Powertips","Highlight Path","Minty Spire (QoL Compilation)"],"gold_per_floor":[116,127,127,144,164,164,184,218,296,296,309,319,330,356,356,453,453,470,487,487,334,354,383,383,48,74,74,107,119,119,119,119,220,220,238,238,238,253,270,295,295,24,47,47,59,59,76,76,76,76],"floor_reached":51,"language":"ENG","playtime":5474,"items_purged":["Defend_B","Defend_B","Hello World"],"score":729,"play_id":"12713de3-62af-41be-a5e4-ea56d17f37e9","local_time":"20210114201751","is_ascension_mode":false,"campfire_choices":[{"data":"Streamline","floor":6.0,"key":"SMITH"},{"floor":10.0,"key":"REST"},{"data":"Coolheaded","floor":15.0,"key":"SMITH"},{"floor":24,"key":"REST"},{"data":"Conserve Battery","floor":30,"key":"SMITH"},{"data":"Loop","floor":32,"key":"SMITH"},{"floor":41,"key":"REST"},{"data":"Cold Snap","floor":46,"key":"SMITH"},{"data":"Rainbow","floor":49,"key":"SMITH"}],"circlet_count":0,"master_deck":["Strike_B","Strike_B","Zap","Dualcast","Coolheaded+1","Streamline+1","Conserve Battery","Coolheaded","Cold Snap+1","Rainbow+1","Reboot","Conserve Battery+1","Redo+1","Loop+1","Bandage Up","Defragment+1","Machine Learning","Conserve Battery+1","Impatience","Chill+1","Doubt","Coolheaded+1","Streamline+1"],"relics":["Cracked Core","CaptainsWheel","Mummified Hand","TungstenRod","SlaversCollar","Regal Pillow","Anchor","Bronze Scales","Bag of Preparation","Empty Cage","Gambling Chip","Frozen Eye","Orichalcum"],"acts_visited":["Exordium","TheCity","TheBeyond"],"potions_floor_usage":[28,33,39,47,50,50,50],"damage_taken":[{"damage":5.0,"enemies":"Small Slimes","floor":1.0,"turns":3.0},{"damage":2.0,"enemies":"Cultist","floor":2.0,"turns":4.0},{"damage":5.0,"enemies":"2 Louse","floor":4.0,"turns":3.0},{"damage":4.0,"enemies":"Looter","floor":5.0,"turns":4.0},{"damage":9.0,"enemies":"Exordium Thugs","floor":7.0,"turns":5.0},{"damage":15.0,"enemies":"3 Sentries","floor":8.0,"turns":11.0},{"damage":2.0,"enemies":"3 Louse","floor":11.0,"turns":3.0},{"damage":4.0,"enemies":"Large Slime","floor":12.0,"turns":6.0},{"damage":4.0,"enemies":"Exordium Wildlife","floor":13.0,"turns":4.0},{"damage":0.0,"enemies":"Lagavulin","floor":14.0,"turns":7.0},{"damage":10.0,"enemies":"Slime Boss","floor":16.0,"turns":13.0},{"damage":0,"enemies":"Spheric Guardian","floor":18,"turns":4},{"damage":10,"enemies":"Shell Parasite","floor":19,"turns":8},{"damage":7,"enemies":"Centurion and Healer","floor":22,"turns":11},{"damage":27,"enemies":"Slavers","floor":23,"turns":7},{"damage":1,"enemies":"Book of Stabbing","floor":28,"turns":5},{"damage":9,"enemies":"Snake Plant","floor":29,"turns":4},{"damage":34,"enemies":"Champ","floor":33,"turns":20},{"damage":0,"enemies":"Orb Walker","floor":35,"turns":4},{"damage":6,"enemies":"3 Darklings","floor":38,"turns":5},{"damage":11,"enemies":"Sphere and 2 Shapes","floor":39,"turns":7},{"damage":59,"enemies":"Reptomancer","floor":40,"turns":9},{"damage":0,"enemies":"Writhing Mass","floor":45,"turns":5},{"damage":0,"enemies":"Transient","floor":47,"turns":5},{"damage":30,"enemies":"Awakened One","floor":50,"turns":16}],"seed_played":"6556328786979269716","potions_obtained":[{"floor":7.0,"key":"SneckoOil"},{"floor":8.0,"key":"SneckoOil"},{"floor":12.0,"key":"Strength Potion"},{"floor":14.0,"key":"BlessingOfTheForge"},{"floor":16.0,"key":"Strength Potion"},{"floor":23,"key":"FearPotion"},{"floor":29,"key":"DuplicationPotion"},{"floor":33,"key":"Ancient Potion"},{"floor":40,"key":"Dexterity Potion"},{"floor":45,"key":"PotionOfCapacity"},{"floor":47,"key":"LiquidBronze"}],"is_trial":false,"path_per_floor":["M","M","?","M","M","R","M","E","T","R","M","M","M","E","R","B",null,"M","M","?","$","M","E","R","$","T","?","E","M","R","?","R","B",null,"M","?","?","M","M","E","R","$","T","?","M","R","M","?","R","B",null],"character_chosen":"DEFECT","items_purchased":["Loop","Bandage Up","Anchor","Frozen Eye"],"campfire_rested":3,"item_purchase_floors":[21,25,25,42],"current_hp_per_floor":[77,75,75,70,66,66,57,42,42,66,64,60,56,56,56,46,82,82,72,72,72,65,38,77,77,77,77,80,71,71,71,71,41,82,82,78,78,72,65,10,48,48,48,78,78,78,78,78,78,52],"gold":76,"neow_bonus":"TEN_PERCENT_HP_BONUS","is_daily":false,"chose_seed":false,"campfire_upgraded":6,"win_rate":0.0,"timestamp":1610680671,"path_taken":["M","M","?","M","M","R","M","E","T","R","M","M","?","E","R","BOSS","M","?","?","$","M","E","R","$","T","?","E","M","R","?","R","BOSS","M","?","?","M","M","E","R","$","T","?","M","R","M","?","R","BOSS"],"items_purchased_type":["Card","Card","Relic","Relic"],"build_version":"2020-12-22","purchased_purges":3,"victory":true,"max_hp_per_floor":[82,82,82,82,82,82,82,82,82,82,82,82,82,82,82,82,82,82,82,82,82,82,82,82,82,82,82,82,82,82,82,82,82,82,82,78,78,78,78,78,78,78,78,78,78,78,78,78,78,78],"card_choices":[{"not_picked":["Sweeping Beam","Streamline"],"picked":"Coolheaded","floor":1.0},{"not_picked":["Barrage","Cold Snap"],"picked":"Streamline","floor":2.0},{"not_picked":["White Noise","Steam Power"],"picked":"Conserve Battery","floor":4.0},{"not_picked":["Leap","Beam Cell"],"picked":"Hello World","floor":5.0},{"not_picked":["Barrage","Ball Lightning"],"picked":"Coolheaded","floor":7.0},{"not_picked":["Cold Snap","Double Energy","Skim"],"picked":"SKIP","floor":8.0},{"not_picked":["Stack","White Noise","Steam"],"picked":"SKIP","floor":11.0},{"not_picked":["Sweeping Beam","Steam","Melter"],"picked":"SKIP","floor":12.0},{"not_picked":["Melter","Barrage"],"picked":"Cold Snap","floor":13.0},{"not_picked":["Lockon","Hologram"],"picked":"Rainbow","floor":14.0},{"not_picked":["Thunder Strike","Amplify"],"picked":"Reboot","floor":16.0},{"not_picked":["Hello World","Chaos"],"picked":"Conserve Battery","floor":18},{"not_picked":["Stack","Leap"],"picked":"Redo+1","floor":19},{"not_picked":["Darkness+1","Compile Driver","Loop"],"picked":"SKIP","floor":22},{"not_picked":["Lockon","Go for the Eyes+1","Aggregate"],"picked":"SKIP","floor":23},{"not_picked":["Redo","Heatsinks"],"picked":"Conserve Battery","floor":28},{"not_picked":["Doom and Gloom","Cold Snap"],"picked":"Defragment+1","floor":29},{"not_picked":["Fission","Rainbow"],"picked":"Machine Learning","floor":33},{"not_picked":["FTL+1","Loop+1"],"picked":"Conserve Battery+1","floor":35},{"not_picked":["Magnetism","Finesse"],"picked":"Impatience","floor":37},{"not_picked":["Beam Cell","Hologram","Lockon+1"],"picked":"SKIP","floor":38},{"not_picked":["Gash","Sweeping Beam","Defragment"],"picked":"SKIP","floor":39},{"not_picked":["Compile Driver","Sweeping Beam+1"],"picked":"Chill+1","floor":40},{"not_picked":["Reprogram","Heatsinks"],"picked":"Coolheaded+1","floor":45},{"not_picked":["Self Repair","Steam+1"],"picked":"Streamline+1","floor":47}],"player_experience":2910,"relics_obtained":[{"floor":8.0,"key":"CaptainsWheel"},{"floor":9.0,"key":"Mummified Hand"},{"floor":14.0,"key":"TungstenRod"},{"floor":23,"key":"Regal Pillow"},{"floor":26,"key":"Bronze Scales"},{"floor":28,"key":"Bag of Preparation"},{"floor":40,"key":"Gambling Chip"},{"floor":43,"key":"Orichalcum"}],"event_choices":[{"cards_removed":["Strike_B"],"damage_healed":0.0,"max_hp_gain":0.0,"max_hp_loss":0.0,"gold_gain":0.0,"event_name":"Bonfire Elementals","player_choice":"Offered Basic","floor":3.0,"gold_loss":0.0,"damage_taken":0.0},{"damage_healed":0,"gold_gain":0,"player_choice":"Ignored","damage_taken":0,"max_hp_gain":0,"max_hp_loss":0,"event_name":"Ghosts","floor":20,"gold_loss":0},{"cards_removed":["Strike_B"],"damage_healed":0,"gold_gain":0,"player_choice":"Elegance","damage_taken":0,"max_hp_gain":0,"max_hp_loss":0,"event_name":"Back to Basics","floor":27,"gold_loss":0},{"damage_healed":0,"gold_gain":0,"player_choice":"Ignored","damage_taken":0,"max_hp_gain":0,"max_hp_loss":0,"event_name":"N\u0027loth","floor":31,"gold_loss":0},{"damage_healed":0,"gold_gain":0,"player_choice":"Max HP","damage_taken":0,"max_hp_gain":0,"max_hp_loss":4,"event_name":"Winding Halls","floor":36,"gold_loss":0},{"damage_healed":0,"gold_gain":0,"player_choice":"Memory 1","damage_taken":0,"max_hp_gain":0,"max_hp_loss":0,"event_name":"SensoryStone","floor":37,"gold_loss":0},{"damage_healed":30,"gold_gain":0,"player_choice":"Heal","damage_taken":0,"max_hp_gain":0,"max_hp_loss":0,"event_name":"MindBloom","floor":44,"gold_loss":0,"cards_obtained":["Doubt"]},{"cards_removed":["Conserve Battery"],"damage_healed":0,"gold_gain":0,"player_choice":"Removed Skill","damage_taken":0,"max_hp_gain":0,"max_hp_loss":0,"event_name":"Falling","floor":48,"gold_loss":0}],"is_beta":false,"boss_relics":[{"not_picked":["Astrolabe","Tiny House"],"picked":"SlaversCollar"},{"not_picked":["FrozenCore","Sozu"],"picked":"Empty Cage"}],"items_purged_floors":[21,25,42],"is_endless":false,"potions_floor_spawned":[7,8,12,14,16,23,29,33,38,40,45,47],"ascension_level":0}}