{"host":"wwyzsu0nbz5vxd2n","time":1610744416,"event":{"mods":["AchievementEnabler","BaseMod","BetterRewards","Colored Map","Colored Powertips","Hubris","Koishi","Marisa????????","Minty Spire (QoL Compilation)","Remilia??????","StSLib","SuperFastMode","The Hierophant","The Necromancer","The Servant 0.9.4"],"gold_per_floor":[116,132,132,143,143,174,174,192,192,192,206,4,29,39,39,39,39],"floor_reached":16,"language":"ENG","playtime":1166,"items_purged":[],"score":112,"play_id":"8a359b10-9047-4f64-9419-a803be2d3a08","local_time":"20210115160016","is_ascension_mode":false,"campfire_choices":[{"floor":7.0,"key":"REST"},{"floor":15,"key":"REST"}],"circlet_count":0,"master_deck":["Strike_MRS","Strike_MRS","Strike_MRS","Strike_MRS","Defend_MRS","Defend_MRS","Defend_MRS","MasterSpark","UpSweep","NonDirectionalLaser","SuperPerseids","6A","GasGiant","RefractionSpark","Iron Wave","WitchLeyline","AbsoluteMagnitude","MachineGunSpark","EarthLightRay","EnergyFlow"],"relics":["MiniHakkero","hubris:Towel","HandmadeGrimoire","hubris:DeckOfHolding","hubris:SphereOfDissonance"],"acts_visited":["Exordium"],"potions_floor_usage":[],"damage_taken":[{"damage":0.0,"enemies":"2 Louse","floor":1.0,"turns":3.0},{"damage":0.0,"enemies":"Small Slimes","floor":2.0,"turns":2.0},{"damage":3.0,"enemies":"Jaw Worm","floor":4.0,"turns":3.0},{"damage":44.0,"enemies":"Lagavulin","floor":6.0,"turns":7.0},{"damage":4.0,"enemies":"Red Slaver","floor":8.0,"turns":3.0},{"damage":0.0,"enemies":"Exordium Thugs","floor":11.0,"turns":4.0},{"damage":15.0,"enemies":"3 Sentries","floor":13.0,"turns":6.0},{"damage":0.0,"enemies":"2 Fungi Beasts","floor":14.0,"turns":2.0},{"damage":75,"enemies":"The Guardian","floor":16,"turns":9}],"seed_played":"505620976710220761","potions_obtained":[{"floor":6.0,"key":"LiquidMemories"},{"floor":8.0,"key":"PowerPotion"},{"floor":13.0,"key":"BottledSpark"}],"is_trial":false,"path_per_floor":["M","M","?","M","?","E","R","M","T","?","M","$","E","M","R","B"],"character_chosen":"MARISA","items_purchased":["AbsoluteMagnitude","MachineGunSpark"],"campfire_rested":2,"item_purchase_floors":[12,12],"current_hp_per_floor":[82,82,82,79,79,35,59,55,55,55,55,55,40,44,68,0,0],"gold":39,"neow_bonus":"TEN_PERCENT_HP_BONUS","is_daily":false,"chose_seed":false,"campfire_upgraded":0,"win_rate":0.0,"timestamp":1610744416,"path_taken":["M","M","?","M","?","E","R","M","T","?","M","$","E","M","R","BOSS"],"items_purchased_type":["Card","Card"],"build_version":"2020-12-22","purchased_purges":0,"victory":false,"max_hp_per_floor":[82,82,82,82,82,82,82,82,82,82,82,82,82,82,82,82,82],"card_choices":[{"not_picked":["MilkyWay","DoubleSpark"],"picked":"NonDirectionalLaser","floor":1.0},{"not_picked":["NonDirectionalLaser","PowerUp"],"picked":"SuperPerseids","floor":2.0},{"not_picked":["MagicChant","MilkyWay"],"picked":"6A","floor":4.0},{"not_picked":["StarlightTyphoon","NonDirectionalLaser"],"picked":"GasGiant","floor":6.0},{"not_picked":["OpenUniverse","ManaConvection"],"picked":"RefractionSpark","floor":8.0},{"not_picked":["OpenUniverse","MilkyWay"],"picked":"WitchLeyline","floor":11.0},{"not_picked":["RefractionSpark","6A"],"picked":"EarthLightRay","floor":13.0},{"not_picked":["DarkSpark","GrandCross"],"picked":"EnergyFlow","floor":14.0}],"player_experience":0,"relics_obtained":[{"floor":6.0,"key":"HandmadeGrimoire"},{"floor":9.0,"key":"hubris:DeckOfHolding"},{"floor":13.0,"key":"hubris:SphereOfDissonance"}],"event_choices":[{"damage_healed":0.0,"max_hp_gain":0.0,"max_hp_loss":0.0,"gold_gain":0.0,"event_name":"Liars Game","player_choice":"Ignored","floor":5.0,"gold_loss":0.0,"damage_taken":0.0},{"cards_removed":["Defend_MRS"],"damage_healed":0.0,"max_hp_gain":0.0,"max_hp_loss":0.0,"gold_gain":0.0,"event_name":"NoteForYourself","player_choice":"Took Card","floor":10.0,"gold_loss":0.0,"damage_taken":0.0,"cards_obtained":["Iron Wave"]}],"is_beta":false,"boss_relics":[],"items_purged_floors":[],"is_endless":false,"potions_floor_spawned":[6,8,13],"killed_by":"The Guardian","ascension_level":0}}