{"host":"4amcrcg6ktw8dbzk","time":1610684508,"event":{"mods":["ATMod(°¢èªMod)","BaseMod","Dota2Spire","Minty Spire (QoL Compilation)","MostiFishMod","Spicy Shops","StSLib","Waifu the Spire"],"gold_per_floor":[117,42,42,117,176,216,232,232,281,355,413,436,42,83,83,179,242,267,290,68,86,102,136,136,180,180,223,246,296,3,49,49,148,148,169,11,11,0,13,13,52,70,96,114,157,157,28,62,62,62,62,62,62,100,100],"floor_reached":56,"language":"ZHS","playtime":1615,"items_purged":["Strike_P","Strike_P","Defend_P","Vigilance","Strike_P"],"score":2662,"play_id":"3d6b407a-06ed-406f-9290-60eb494e7612","local_time":"20210115122148","is_ascension_mode":true,"campfire_choices":[{"data":"Eruption","floor":8.0,"key":"SMITH"},{"data":"Adaptation","floor":15.0,"key":"SMITH"},{"data":"Devotion","floor":32,"key":"SMITH"},{"data":"Omniscience","floor":40,"key":"SMITH"},{"floor":46,"key":"RECALL"},{"data":"EmptyMind","floor":49,"key":"SMITH"},{"data":"InnerPeace","floor":52,"key":"SMITH"}],"circlet_count":0,"master_deck":["AscendersBane","Strike_P","Defend_P+1","Defend_P","Defend_P","AT_KneejerkReflex+1","WheelKick","MostiFishMod:LegendTransform","AT_IrregularMenstruation","Adaptation+1","MostiFishMod:DisColor","InnerPeace+1","FlurryOfBlows+1","InnerPeace","Ragnarok+1","TalkToTheHand+1","Devotion+1","Omniscience+1","Adaptation","EmptyMind+1"],"relics":["HolyWater","DaveBox","AT_ATBox","Civilization","SynthV:TestCard","Golden Idol","Dota2Spire:EchoSabre","Omamori","Molten Egg 2","Smiling Mask","Membership Card","Tiny Chest","Ancient Tea Set","Dota2Spire:UrnOfShadows","Tiny House","Happy Flower","Juzu Bracelet","AT_GoldPhoenixTree","Sundial","Pen Nib","OrangePellets","Vajra","Calipers","Red Mask","Dota2Spire:PhaseBoots","SynthV:C4","Shuriken","AT_ChloranthyRing","Bird Faced Urn","Bottled Tornado"],"acts_visited":["Exordium","TheCity","TheBeyond","TheEnding"],"potions_floor_usage":[],"damage_taken":[{"damage":4.0,"enemies":"Small Slimes","floor":1.0,"turns":4.0},{"damage":6.0,"enemies":"Lagavulin","floor":6.0,"turns":6.0},{"damage":0.0,"enemies":"2 Louse","floor":7.0,"turns":2.0},{"damage":16.0,"enemies":"Gremlin Nob","floor":10.0,"turns":3.0},{"damage":2.0,"enemies":"3 Sentries","floor":11.0,"turns":3.0},{"damage":0.0,"enemies":"Jaw Worm","floor":12.0,"turns":2.0},{"damage":0.0,"enemies":"Lagavulin","floor":14.0,"turns":3.0},{"damage":14.0,"enemies":"Hexaghost","floor":16.0,"turns":4.0},{"damage":0.0,"enemies":"Chosen","floor":18.0,"turns":2.0},{"damage":0.0,"enemies":"Shell Parasite","floor":19.0,"turns":2.0},{"damage":10.0,"enemies":"Snake Plant","floor":21.0,"turns":3.0},{"damage":1.0,"enemies":"Shelled Parasite and Fungi","floor":22.0,"turns":3.0},{"damage":7.0,"enemies":"Slavers","floor":23.0,"turns":2.0},{"damage":0.0,"enemies":"Gremlin Leader","floor":25.0,"turns":2.0},{"damage":0.0,"enemies":"Slavers","floor":27.0,"turns":1.0},{"damage":0.0,"enemies":"Sentry and Sphere","floor":28.0,"turns":2.0},{"damage":23,"enemies":"Collector","floor":33,"turns":3},{"damage":0,"enemies":"3 Darklings","floor":35,"turns":1},{"damage":0,"enemies":"3 Shapes","floor":39,"turns":2},{"damage":29,"enemies":"Nemesis","floor":41,"turns":3},{"damage":0,"enemies":"Spire Growth","floor":42,"turns":2},{"damage":0,"enemies":"Transient","floor":44,"turns":3},{"damage":0,"enemies":"Reptomancer","floor":45,"turns":2},{"damage":0,"enemies":"Giant Head","floor":48,"turns":1},{"damage":0,"enemies":"Donu and Deca","floor":50,"turns":3},{"damage":0,"enemies":"Shield and Spear","floor":54,"turns":2},{"damage":15,"enemies":"The Heart","floor":55,"turns":4}],"seed_played":"63211316399963391","potions_obtained":[{"floor":1.0,"key":"EntropicBrew"},{"floor":7.0,"key":"ColorlessPotion"},{"floor":11.0,"key":"Ambrosia"},{"floor":14.0,"key":"Block Potion"},{"floor":27.0,"key":"PowerPotion"},{"floor":28.0,"key":"Ambrosia"}],"is_trial":false,"path_per_floor":["M","$","?","?","?","E","M","R","T","?","E","M","$","E","R","B",null,"M","M","$","M","M","E","?","E","T","E","M","?","$","T","R","B",null,"M","$","?","?","M","R","E","M","T","M","E","R","$","E","R","B",null,"R","$","E","B",null],"character_chosen":"WATCHER","items_purchased":["Membership Card","Tiny Chest","Ancient Tea Set","Adaptation","Happy Flower","Juzu Bracelet","InnerPeace","OrangePellets","Vajra","Devotion","Calipers","AT_ChloranthyRing"],"campfire_rested":0,"item_purchase_floors":[13,13,13,13,20,20,20,30,30,30,36,47],"current_hp_per_floor":[59,59,35,24,24,33,38,38,38,28,35,45,45,56,56,54,113,126,140,140,145,161,174,105,128,128,154,182,182,182,182,182,190,290,327,327,327,327,367,367,379,421,421,464,511,511,511,559,559,621,659,659,659,721,769],"gold":100,"neow_bonus":"UPGRADE_CARD","is_daily":false,"chose_seed":false,"campfire_upgraded":6,"win_rate":0.0,"timestamp":1610684508,"path_taken":["M","$","?","?","?","E","M","R","T","?","E","M","?","E","R","BOSS","M","M","$","M","M","E","?","E","T","E","M","?","?","?","R","BOSS","M","$","?","?","M","R","E","M","T","M","E","R","$","E","R","BOSS","R","$","E","BOSS"],"items_purchased_type":["Relic","Relic","Relic","Card","Relic","Relic","Card","Relic","Relic","Card","Relic","Relic"],"build_version":"2020-12-22","purchased_purges":5,"victory":true,"max_hp_per_floor":[70,70,70,70,70,73,78,78,78,84,93,103,103,114,114,126,131,144,158,158,173,190,210,215,238,238,264,292,292,292,292,292,323,323,360,360,360,360,400,400,441,483,483,526,573,573,573,621,621,671,671,671,671,723,776],"card_choices":[{"not_picked":["JustLucky","PathToVictory"],"picked":"WheelKick","floor":1.0},{"not_picked":["Protect","Conclude","AT_SoftenMuscles","CrushJoints"],"picked":"MostiFishMod:LegendTransform","floor":6.0},{"not_picked":["JustLucky","Prostrate","CutThroughFate","ReachHeaven","Crescendo"],"picked":"SKIP","floor":7.0},{"not_picked":["WaveOfTheHand","ThirdEye","ClearTheMind","FlyingSleeves+1","Halt"],"picked":"SKIP","floor":11.0},{"not_picked":["WaveOfTheHand","ThirdEye","ClearTheMind","FlyingSleeves+1","Halt"],"picked":"SKIP","floor":11.0},{"not_picked":["FollowUp+1","Vengeance","PathToVictory","ReachHeaven+1"],"picked":"AT_IrregularMenstruation","floor":12.0},{"not_picked":["SashWhip+1","EmptyBody","Crescendo","JustLucky+1","Study"],"picked":"SKIP","floor":14.0},{"not_picked":["MostiFishMod:Dust","SpiritShield","MasterReality","MostiFishMod:Pointsdynamics"],"picked":"MostiFishMod:DisColor","floor":16.0},{"not_picked":["Crescendo","FlurryOfBlows+1","Evaluate","PathToVictory"],"picked":"InnerPeace","floor":17.0},{"not_picked":["MostiFishMod:Nomercy","WaveOfTheHand","Fasting2","ForeignInfluence"],"picked":"FlurryOfBlows+1","floor":18.0},{"not_picked":["WaveOfTheHand","MostiFishMod:Nomercy","SashWhip+1","ThirdEye","Sanctity"],"picked":"SKIP","floor":19.0},{"not_picked":["WaveOfTheHand","MostiFishMod:Nomercy","SashWhip+1","ThirdEye","Sanctity"],"picked":"SKIP","floor":19.0},{"not_picked":["FlyingSleeves+1","CrushJoints+1","Conclude+1","Halt+1","EmptyBody"],"picked":"SKIP","floor":21.0},{"not_picked":["Fasting2","Weave+1","ThirdEye","ClearTheMind","Indignation"],"picked":"SKIP","floor":22.0},{"not_picked":["Prostrate","SignatureMove+1","Worship","ForeignInfluence"],"picked":"Ragnarok+1","floor":23.0},{"not_picked":["Crescendo+1","JustLucky+1","CarveReality+1","ThirdEye"],"picked":"TalkToTheHand+1","floor":25.0},{"not_picked":["Crescendo","BowlingBash+1","FlurryOfBlows+1","Wireheading","FlyingSleeves+1"],"picked":"SKIP","floor":27.0},{"not_picked":["ReachHeaven+1","SashWhip+1","Perseverance","FlyingSleeves+1","Indignation"],"picked":"SKIP","floor":28.0},{"not_picked":["MostiFishMod:Unraveling","Vault","MostiFishMod:DustFall","MostiFishMod:Disappear+1"],"picked":"Omniscience","floor":33},{"not_picked":["FlurryOfBlows+1","Sanctity+1","Crescendo","ThirdEye","Halt+1"],"picked":"SKIP","floor":35},{"not_picked":["WreathOfFlame","EmptyBody","Prostrate","BowlingBash+1","FearNoEvil+1"],"picked":"SKIP","floor":39},{"not_picked":["MostiFishMod:FlowState+1","JustLucky+1","CutThroughFate+1","Establishment"],"picked":"Adaptation","floor":41},{"not_picked":["EmptyFist+1","ClearTheMind+1","JustLucky+1","WreathOfFlame+1"],"picked":"EmptyMind","floor":42},{"not_picked":["Nirvana","FlurryOfBlows+1","Evaluate+1","JustLucky+1","Protect"],"picked":"SKIP","floor":44},{"not_picked":["ConjureBlade","Collect+1","FlyingSleeves+1","MostiFishMod:ScryFuture","EmptyFist+1"],"picked":"SKIP","floor":45},{"not_picked":["AT_OneInchPunch+1","Sanctity","MostiFishMod:LegendTransform","FearNoEvil+1","ClearTheMind"],"picked":"SKIP","floor":48},{"not_picked":["CutThroughFate+1","Halt","Worship","EmptyBody+1","ClearTheMind"],"picked":"SKIP","floor":54}],"player_experience":342929,"relics_obtained":[{"floor":1.0,"key":"SynthV:TestCard"},{"floor":6.0,"key":"Dota2Spire:EchoSabre"},{"floor":9.0,"key":"Omamori"},{"floor":10.0,"key":"Molten Egg 2"},{"floor":11.0,"key":"Smiling Mask"},{"floor":14.0,"key":"Dota2Spire:UrnOfShadows"},{"floor":25.0,"key":"AT_GoldPhoenixTree"},{"floor":26.0,"key":"Sundial"},{"floor":27.0,"key":"Pen Nib"},{"floor":41,"key":"Dota2Spire:PhaseBoots"},{"floor":43,"key":"SynthV:C4"},{"floor":45,"key":"Shuriken"},{"floor":48,"key":"Bird Faced Urn"},{"floor":54,"key":"Bottled Tornado"}],"event_choices":[{"damage_healed":0.0,"max_hp_gain":0.0,"max_hp_loss":0.0,"gold_gain":0.0,"event_name":"Golden Idol","player_choice":"Take Damage","floor":3.0,"gold_loss":0.0,"damage_taken":24.0,"relics_obtained":["Golden Idol"]},{"damage_healed":0.0,"max_hp_gain":0.0,"max_hp_loss":0.0,"gold_gain":75.0,"event_name":"World of Goop","player_choice":"Gather Gold","floor":4.0,"gold_loss":0.0,"damage_taken":11.0},{"damage_healed":0.0,"max_hp_gain":0.0,"max_hp_loss":0.0,"gold_gain":59.0,"event_name":"Golden Wing","player_choice":"Gained Gold","floor":5.0,"gold_loss":0.0,"damage_taken":0.0},{"damage_healed":0.0,"max_hp_gain":0.0,"max_hp_loss":0.0,"gold_gain":0.0,"event_name":"Dead Adventurer","player_choice":"Searched \u00272\u0027 times","floor":10.0,"gold_loss":0.0,"damage_taken":0.0},{"damage_healed":0.0,"max_hp_gain":5.0,"max_hp_loss":0.0,"gold_gain":0.0,"event_name":"Forgotten Altar","player_choice":"Shed Blood","floor":24.0,"gold_loss":0.0,"damage_taken":74.0},{"damage_healed":0.0,"max_hp_gain":0.0,"max_hp_loss":0.0,"gold_gain":50.0,"event_name":"Nest","player_choice":"Stole From Cult","floor":29.0,"gold_loss":0.0,"damage_taken":0.0},{"cards_removed":["Eruption"],"damage_healed":0,"gold_gain":0,"player_choice":"Removed Attack","damage_taken":0,"max_hp_gain":0,"max_hp_loss":0,"event_name":"Falling","floor":37,"gold_loss":0},{"damage_healed":0,"gold_gain":0,"player_choice":"Paid","damage_taken":0,"relics_obtained":["Red Mask"],"max_hp_gain":0,"max_hp_loss":0,"event_name":"Tomb of Lord Red Mask","floor":38,"gold_loss":11}],"is_beta":false,"boss_relics":[{"not_picked":["FixedStarFall","Velvet Choker"],"picked":"Tiny House"},{"not_picked":["Philosopher\u0027s Stone","PatriotShield"],"picked":"HolyWater"}],"items_purged_floors":[2,13,20,30,47],"is_endless":false,"potions_floor_spawned":[1,7,11,14,19,23,25,27,28,41,44,45,54],"ascension_level":17}}