{"host":"ucdtmwoyjdi175gg","time":1610750189,"event":{"mods":["2.2 Compatiblity","Act Like it!","Aspiration","BaseMod","Beaked The Cultist","Bestiary","Better Third Choice","CapriCore","Chen","Ekko","Filter the Spire","Friendly Minions","Gensokyo","Halation","Hermit","HololiveMod","KinomotoSakuraMod(????)","Koishi","Lobotomy","Luminous","Marisa????????","Marked Mod","Minty Spire (QoL Compilation)","Nova Terra(??·??)","Quick Restart","Relic Stats","Remilia??????","Replay The Spire","Somnambulant","StSLib","Td1madao Mod","The Administrix","The Bug Knight","The Fake Hero","The Hierophant","The Immortal","The Jungle","The Marked","The Servant 0.9.4","TheSwordswoman","Yuyuko","??????REMEMod"],"gold_per_floor":[379,416,468,58,114,179,179,234,234,244,244,244,244,85,85,117,117,154,154,86,120,140,140,80,115,164,195,195,22,57,57,57,57,57,57],"floor_reached":33,"language":"ENG","playtime":2055,"items_purged":[],"score":255,"play_id":"4085491a-af49-4e41-8e9b-dc054f72bdf0","local_time":"20210115163629","is_ascension_mode":false,"campfire_choices":[{"floor":7.0,"key":"REST"},{"floor":11.0,"key":"REST"},{"floor":13.0,"key":"REST"},{"floor":15,"key":"REST"},{"data":"Furious","floor":23,"key":"SMITH"},{"data":"MokouMod:HeartofFire","floor":23,"key":"SMITH"},{"floor":32,"key":"REST"}],"circlet_count":0,"master_deck":["MokouMod:Strike","MokouMod:Strike","MokouMod:Strike","MokouMod:Strike","MokouMod:Strike+1","MokouMod:Defend+1","MokouMod:Defend","MokouMod:Defend","MokouMod:Defend","MokouMod:HeatSpark","HandOfGreed","MokouMod:ResoluteFlare","MokouMod:ScorchedEarth","MokouMod:ScorchedEarth","MokouMod:ResonanceReactor+1","Pot Of Greed+1","Pot Of Greed","MokouMod:WarmUp+1","MokouMod:FusionFlare","MokouMod:ExplosiveFlame","Furious+1","CurseOfTheBell","beaked:Tweet","HandOfGreed","MokouMod:HeartofFire+1","Pot Of Greed","MokouMod:HeatFactory","MokouMod:HeatFactory","Chen:Possession","theMarked:Opportunist+1","Decay","MokouMod:Sear","Hololive_CallTsunomakiWatame"],"relics":["MokouMod:PhoenixFeather","REME_ComplimentaryCards","Hololive_LightStick","Replay:Bottled Snecko","Gremlin Food","Grinning Jar","PrismaticShard","Calling Bell","halation:PenCase","Mercury Hourglass","Bag of Marbles","Strawberry","ClockworkSouvenir","halation:RedSoulGem"],"acts_visited":["Exordium","TheCity"],"potions_floor_usage":[16,18,22,30,30],"damage_taken":[{"damage":3.0,"enemies":"Jaw Worm","floor":1.0,"turns":4.0},{"damage":0.0,"enemies":"Small Slimes","floor":2.0,"turns":2.0},{"damage":0.0,"enemies":"2 Louse","floor":3.0,"turns":3.0},{"damage":30.0,"enemies":"3 Sentries","floor":6.0,"turns":10.0},{"damage":23.0,"enemies":"Lagavulin","floor":8.0,"turns":5.0},{"damage":1.0,"enemies":"Red Slaver","floor":10.0,"turns":5.0},{"damage":72,"enemies":"Hexaghost","floor":16,"turns":10},{"damage":17,"enemies":"3 Byrds","floor":18,"turns":4},{"damage":4,"enemies":"Snecko","floor":21,"turns":4},{"damage":14,"enemies":"Sentry and Sphere","floor":22,"turns":4},{"damage":14,"enemies":"3 Cultists","floor":25,"turns":4},{"damage":36,"enemies":"Snake Plant","floor":27,"turns":3},{"damage":7,"enemies":"Cultist and Chosen","floor":30,"turns":4},{"damage":108,"enemies":"Champ","floor":33,"turns":10}],"seed_played":"-4305168462383722800","potions_obtained":[{"floor":2.0,"key":"PowerPotion"},{"floor":8.0,"key":"REME_GoldPotion"},{"floor":10.0,"key":"SpeedPotion"},{"floor":16,"key":"SpeedPotion"},{"floor":22,"key":"PowerPotion"},{"floor":27,"key":"SpeedPotion"}],"is_trial":false,"path_per_floor":["M","M","M","$","?","E","R","E","T","M","R","?","R","$","R","B",null,"M","?","$","M","M","R","$","M","T","M","?","$","M","?","R","B"],"character_chosen":"MKU","items_purchased":["Hololive_LightStick","Replay:Bottled Snecko","MokouMod:ExplosiveFlame","MokouMod:HeartofFire","MokouMod:HeatFactory","ClockworkSouvenir","MokouMod:Sear"],"campfire_rested":5,"item_purchase_floors":[4,4,14,20,24,29,29],"current_hp_per_floor":[51,51,51,51,51,21,43,20,20,19,41,41,63,63,75,3,75,58,58,58,54,40,40,40,26,33,20,20,20,13,13,37,0,0,0],"gold":57,"neow_bonus":"TWO_FIFTY_GOLD","is_daily":false,"chose_seed":false,"campfire_upgraded":2,"win_rate":0.0,"timestamp":1610750189,"path_taken":["M","M","M","$","?","E","R","E","T","M","R","?","R","$","R","BOSS","M","?","$","M","M","R","$","M","T","?","?","?","M","?","R","BOSS"],"items_purchased_type":["Relic","Relic","Card","Card","Card","Relic","Card"],"build_version":"2020-12-22","purchased_purges":0,"victory":false,"max_hp_per_floor":[75,75,75,75,75,75,75,75,75,75,75,75,75,75,75,75,75,75,75,75,75,75,75,75,75,82,82,82,82,82,82,82,82,82,82],"relic_stats":{"counters":[14,72],"obtain_stats":[{"Gremlin Food":6,"PrismaticShard":12,"Mercury Hourglass":17,"ClockworkSouvenir":29,"Calling Bell":17,"halation:RedSoulGem":31,"Hololive_LightStick":4,"Strawberry":26,"MokouMod:PhoenixFeather":0,"halation:PenCase":17,"Bag of Marbles":17,"Replay:Bottled Snecko":4,"Grinning Jar":8,"REME_ComplimentaryCards":0},{"Gremlin Food":4,"PrismaticShard":6,"Mercury Hourglass":7,"ClockworkSouvenir":12,"Calling Bell":7,"halation:RedSoulGem":13,"Hololive_LightStick":3,"Strawberry":11,"MokouMod:PhoenixFeather":0,"halation:PenCase":7,"Bag of Marbles":7,"Replay:Bottled Snecko":3,"Grinning Jar":5,"REME_ComplimentaryCards":0},{"Gremlin Food":19,"PrismaticShard":29,"Mercury Hourglass":39,"ClockworkSouvenir":58,"Calling Bell":39,"halation:RedSoulGem":62,"Hololive_LightStick":9,"Strawberry":55,"MokouMod:PhoenixFeather":0,"halation:PenCase":39,"Bag of Marbles":39,"Replay:Bottled Snecko":9,"Grinning Jar":24,"REME_ComplimentaryCards":0}],"Mercury Hourglass":[123]},"card_choices":[{"not_picked":["MokouMod:BlazingComet","MokouMod:Sear"],"picked":"MokouMod:ResoluteFlare","floor":1.0},{"not_picked":["MokouMod:SearingShot","MokouMod:HeatFactory"],"picked":"MokouMod:ScorchedEarth","floor":2.0},{"not_picked":["MokouMod:Scorch","MokouMod:TemporalFireSeal"],"picked":"MokouMod:ScorchedEarth","floor":3.0},{"not_picked":["MokouMod:Ember","MokouMod:HeatCyclone"],"picked":"MokouMod:ResonanceReactor","floor":6.0},{"not_picked":["MokouMod:DanceofFlames","MokouMod:BlazingComet"],"picked":"MokouMod:WarmUp","floor":8.0},{"not_picked":["MokouMod:AdaptivePyromancy","MokouMod:CrimsonArmoury"],"picked":"MokouMod:FusionFlare","floor":10.0},{"not_picked":["CollectingQuirk","Hololive_OpenUp"],"picked":"Furious","floor":16},{"not_picked":["NovaMod:StimPack","Unruled"],"picked":"beaked:Tweet","floor":18},{"not_picked":["Flex+1","ClowCardTheSweet","blazmod:StanceChange+1"],"picked":"SKIP","floor":21},{"not_picked":["hermit:BodyArmor","AdministrixMod:QuietConspiracy","luka_mod:Struggle+1"],"picked":"SKIP","floor":22},{"not_picked":["ReachHeaven","Underhanded Strike+1"],"picked":"Chen:Possession","floor":25},{"not_picked":["beaked:Insight+1","Heatsinks"],"picked":"theMarked:Opportunist+1","floor":27},{"not_picked":["Worship","Go for the Eyes"],"picked":"Hololive_CallTsunomakiWatame","floor":30}],"player_experience":1613733,"relics_obtained":[{"floor":6.0,"key":"Gremlin Food"},{"floor":8.0,"key":"Grinning Jar"},{"floor":17,"key":"halation:PenCase"},{"floor":17,"key":"Mercury Hourglass"},{"floor":17,"key":"Bag of Marbles"},{"floor":26,"key":"Strawberry"}],"event_choices":[{"damage_healed":0.0,"max_hp_gain":0.0,"max_hp_loss":0.0,"gold_gain":56.0,"event_name":"Golden Wing","player_choice":"Gained Gold","floor":5.0,"gold_loss":0.0,"damage_taken":0.0},{"damage_healed":0,"gold_gain":0,"player_choice":"Copied","damage_taken":0,"max_hp_gain":0,"max_hp_loss":0,"event_name":"Duplicator","floor":19,"gold_loss":0,"cards_obtained":["HandOfGreed"]},{"damage_healed":0,"gold_gain":0,"player_choice":"Smashed Altar","damage_taken":0,"max_hp_gain":0,"max_hp_loss":0,"event_name":"Forgotten Altar","floor":28,"gold_loss":0,"cards_obtained":["Decay"]}],"is_beta":false,"boss_relics":[{"not_picked":["Busted Crown","halation:Yufonium"],"picked":"Calling Bell"}],"items_purged_floors":[],"is_endless":false,"potions_floor_spawned":[2,8,10,16,22,27],"killed_by":"Champ","ascension_level":0}}