{"host":"8i4doyxqctgl5qb0","time":1610689435,"event":{"mods":["AchievementEnabler","BaseMod","Block Reminder","Colored Powertips","Downfall","Minty Spire (QoL Compilation)","Permanent Neow","Potion Indicator Mod","Rare Cards Sparkle","StSLib","SuperFastMode","The Jungle"],"gold_per_floor":[118,118,128,108,128,128,139,139,190,190,203,7,23,86,86,189,189,206,206,231,141,141,172,172,172,172],"floor_reached":25,"language":"ZHS","playtime":573,"items_purged":[],"score":324,"play_id":"258592b7-bb30-47ec-a8d3-f145667b1d5c","local_time":"20210115134355","is_ascension_mode":true,"campfire_choices":[{"floor":6.0,"key":"REST"},{"data":"Whirlwind","floor":8.0,"key":"SMITH"},{"floor":10.0,"key":"REST"},{"floor":15.0,"key":"REST"},{"floor":24.0,"key":"REST"}],"circlet_count":0,"master_deck":["AscendersBane","Strike_R","Strike_R","Defend_R","Defend_R","Bash","Body Slam","Entrench","Whirlwind+1","Spot Weakness","Shrug It Off","Bandage Up","Immolate","Shrug It Off+1","Demon Form","Entrench+1","Exhume+1","Clash+1","Flex","Flex"],"relics":["Burning Blood","Oddly Smooth Stone","Juzu Bracelet","Boot","Astrolabe","Red Mask","Akabeko"],"acts_visited":["Exordium","TheCity"],"potions_floor_usage":[],"damage_taken":[{"damage":20.0,"enemies":"Small Slimes","floor":1.0,"turns":4.0},{"damage":0.0,"enemies":"Jaw Worm","floor":3.0,"turns":7.0},{"damage":6.0,"enemies":"Cultist","floor":5.0,"turns":4.0},{"damage":36.0,"enemies":"Gremlin Gang","floor":7.0,"turns":5.0},{"damage":20.0,"enemies":"Large Slime","floor":11.0,"turns":6.0},{"damage":9.0,"enemies":"Looter","floor":13.0,"turns":4.0},{"damage":38.0,"enemies":"Gremlin Nob","floor":14.0,"turns":4.0},{"damage":49.0,"enemies":"Slime Boss","floor":16.0,"turns":10.0},{"damage":28.0,"enemies":"Shell Parasite","floor":18.0,"turns":6.0},{"damage":48.0,"enemies":"Masked Bandits","floor":20.0,"turns":5.0},{"damage":52.0,"enemies":"Slavers","floor":23.0,"turns":6.0},{"damage":48,"enemies":"Gremlin Leader","floor":25,"turns":4}],"seed_played":"8345492147479752841","potions_obtained":[{"floor":1.0,"key":"EssenceOfSteel"},{"floor":4.0,"key":"Energy Potion"}],"is_trial":false,"path_per_floor":["M","?","M","?","M","R","M","R","T","R","M","$","M","?","R","B",null,"M","?","?","?","?","E","R","E"],"character_chosen":"IRONCLAD","items_purchased":["FairyPotion","Bandage Up"],"campfire_rested":4,"item_purchase_floors":[12,12],"current_hp_per_floor":[58,51,57,57,57,80,50,50,50,74,60,60,61,33,57,18,65,47,32,25,25,53,15,40,0,0],"gold":172,"neow_bonus":"RANDOM_COMMON_RELIC","is_daily":false,"chose_seed":false,"campfire_upgraded":1,"win_rate":0.0,"timestamp":1610689435,"path_taken":["M","?","M","?","?","R","?","R","T","R","M","$","M","?","R","BOSS","M","?","?","?","?","E","R","E"],"items_purchased_type":["Potion","Card"],"build_version":"2020-12-22","purchased_purges":0,"victory":false,"max_hp_per_floor":[80,80,80,80,80,80,80,80,80,80,80,80,80,80,80,80,80,80,85,85,85,85,85,85,85,85],"card_choices":[{"not_picked":["Clothesline","Iron Wave"],"picked":"Body Slam","floor":1.0},{"not_picked":["True Grit","Anger"],"picked":"Entrench","floor":3.0},{"not_picked":["Uppercut","Body Slam"],"picked":"Whirlwind","floor":5.0},{"not_picked":["Rupture","Sentinel"],"picked":"Spot Weakness","floor":7.0},{"not_picked":["Flex","Dropkick"],"picked":"Shrug It Off","floor":11.0},{"not_picked":["Havoc","Clash"],"picked":"Immolate","floor":13.0},{"not_picked":["Blood for Blood","Intimidate"],"picked":"Shrug It Off","floor":14.0},{"not_picked":["Corruption","Bludgeon"],"picked":"Demon Form","floor":16.0},{"not_picked":["Headbutt","Hemokinesis+1"],"picked":"Flex","floor":18.0},{"not_picked":["Combust","Headbutt"],"picked":"Flex","floor":23.0}],"player_experience":195231,"relics_obtained":[{"floor":9.0,"key":"Juzu Bracelet"},{"floor":14.0,"key":"Boot"},{"floor":20.0,"key":"Red Mask"},{"floor":23.0,"key":"Akabeko"}],"event_choices":[{"cards_removed":["Strike_R"],"damage_healed":0.0,"max_hp_gain":0.0,"max_hp_loss":0.0,"gold_gain":0.0,"event_name":"Golden Wing","player_choice":"Card Removal","floor":2.0,"gold_loss":0.0,"damage_taken":7.0},{"damage_healed":0.0,"max_hp_gain":0.0,"max_hp_loss":0.0,"gold_gain":0.0,"event_name":"The Woman in Blue","player_choice":"Bought 1 Potion","floor":4.0,"gold_loss":0.0,"damage_taken":0.0},{"damage_healed":0.0,"max_hp_gain":0.0,"max_hp_loss":0.0,"gold_gain":30.0,"event_name":"Dead Adventurer","player_choice":"Searched \u00272\u0027 times","floor":14.0,"gold_loss":0.0,"damage_taken":0.0},{"damage_healed":0.0,"max_hp_gain":5.0,"max_hp_loss":0.0,"gold_gain":0.0,"event_name":"Forgotten Altar","player_choice":"Shed Blood","floor":19.0,"gold_loss":0.0,"damage_taken":20.0},{"damage_healed":0.0,"max_hp_gain":0.0,"max_hp_loss":0.0,"gold_gain":0.0,"event_name":"Masked Bandits","player_choice":"Fought Bandits","floor":20.0,"gold_loss":0.0,"damage_taken":0.0},{"cards_removed":["Defend_R"],"damage_healed":0.0,"max_hp_gain":0.0,"max_hp_loss":0.0,"gold_gain":0.0,"event_name":"Designer","player_choice":"Upgrade and Remove","floor":21.0,"gold_loss":90.0,"damage_taken":0.0,"cards_upgraded":["Shrug It Off"]},{"damage_healed":28.0,"max_hp_gain":0.0,"max_hp_loss":0.0,"gold_gain":0.0,"event_name":"The Library","player_choice":"Heal","floor":22.0,"gold_loss":0.0,"damage_taken":0.0}],"is_beta":false,"boss_relics":[{"not_picked":["Empty Cage","Runic Pyramid"],"picked":"Astrolabe"}],"items_purged_floors":[],"is_endless":false,"potions_floor_spawned":[1,13,14,18],"killed_by":"Gremlin Leader","ascension_level":11}}