{"host":"87fdiiwflhrwsj8a","time":1610753605,"event":{"mods":["Aspiration","BaseMod","Better Match","Better Third Choice","BetterRewards","Colored Map","Conspire","GifTheSpireLib","Infinite Spire","Minty Spire (QoL Compilation)","Quick Restart","Relic Sorter","Replay The Spire","Robot Space Explorer","StSLib","Stuff the Spire","The Cursed","The Jungle"],"gold_per_floor":[122,122,42,42,42,172,172,198,198,225,237,249,283,421,497,599,611,649,661,682,694,731,881,914,1060,1072,1532,1582,1733,1789,1854,1866,1987,1999,2011,1659,1812,1907],"floor_reached":39,"language":"ENG","playtime":1962,"items_purged":[],"score":2547,"play_id":"4e053e1e-033c-4e1e-935e-a369c97ca54b","local_time":"20210115183325","is_ascension_mode":true,"campfire_choices":[{"data":"Pommel Strike","floor":7.0,"key":"SMITH"},{"data":"Pommel Strike+1","floor":11.0,"key":"SMITH"},{"floor":32.0,"key":"DIG"},{"data":"Warcry","floor":35.0,"key":"SMITH"}],"circlet_count":0,"master_deck":["AscendersBane","conspire:GhostlyStrike","conspire:GhostlyStrike","conspire:GhostlyStrike","conspire:GhostlyStrike","conspire:GhostlyStrike","conspire:GhostlyDefend","conspire:GhostlyDefend","conspire:GhostlyDefend","conspire:GhostlyDefend","Bash","Apotheosis+1","Apotheosis+1","Apotheosis","Armaments+1","Apotheosis+1","Pommel Strike+3","Feed+1","Spot Weakness","RitualDagger","infinitespire:Oblivion","Anger","Pummel","Flex+1","Warcry+1","Exhume+1","Sentinel+1","Rupture+1","Sword Boomerang+1","Limit Break+1"],"relics":["Burning Blood","StuffTheSpire:DullRazor","conspire:InfiniteJournal","StuffTheSpire:TintedRock","Membership Card","Ornamental Fan","infinitespire:Golems Mask","DollysMirror","Ice Cream","Bag of Preparation","Lantern","conspire:TreasureMap","Matryoshka","StuffTheSpire:HistoryBook","Du-Vu Doll","StrikeDummy","Guide Book","War Paint","Snack Pack","Shuriken","Frozen Eye","Omamori","Lee\u0027s Waffle","infinitespire:Broken Mirror","aspiration:FrozenJewel","Happy Flower","Golden Egg","FossilizedHelix","Replay:Bandana","Medical Kit","Blue Doll","CeramicFish","StuffTheSpire:OldFever","Akabeko","MawBank","Replay:Rubber Ducky","Black Star","Blue Candle","Replay:Mystery Machine","King of Hearts","aspiration:ChemicalBlood","MealTicket","Durian","Old Coin","infinitespire:EmpoweringShard","Bottled Flame","StuffTheSpire:GrapeVine","ReplayTheSpireMod:TigerMarble","Runic Pyramid","ReplayTheSpireMod:Shallot","aspiration:DSix","Another Sword","Mango"],"acts_visited":["Exordium","TheCity","TheEnding"],"potions_floor_usage":[38,38,38,38,38],"damage_taken":[{"damage":0.0,"enemies":"2 Louse","floor":1.0,"turns":2.0},{"damage":0.0,"enemies":"Lagavulin","floor":6.0,"turns":4.0},{"damage":0.0,"enemies":"Jaw Worm","floor":8.0,"turns":3.0},{"damage":0.0,"enemies":"Small Slimes","floor":13.0,"turns":2.0},{"damage":0.0,"enemies":"Gremlin Nob","floor":14.0,"turns":3.0},{"damage":0.0,"enemies":"The Guardian","floor":16.0,"turns":6.0},{"damage":4.0,"enemies":"3 Byrds","floor":18.0,"turns":5.0},{"damage":29.0,"enemies":"2 Thieves","floor":22.0,"turns":4.0},{"damage":19.0,"enemies":"Replay:Snechameleon","floor":23.0,"turns":3.0},{"damage":0.0,"enemies":"Snecko","floor":24.0,"turns":3.0},{"damage":53.0,"enemies":"Nightmare","floor":25.0,"turns":10.0},{"damage":0.0,"enemies":"Book of Stabbing","floor":27.0,"turns":3.0},{"damage":0.0,"enemies":"Chosen and Byrds","floor":28.0,"turns":3.0},{"damage":0.0,"enemies":"Gremlin Leader","floor":29.0,"turns":4.0},{"damage":7.0,"enemies":"Centurion and Healer","floor":30.0,"turns":3.0},{"damage":0.0,"enemies":"Automaton","floor":33.0,"turns":6.0},{"damage":3,"enemies":"Shield and Spear","floor":37,"turns":5},{"damage":139,"enemies":"The Heart","floor":38,"turns":9}],"seed_played":"-8659266798315163112","potions_obtained":[{"floor":27.0,"key":"Weak Potion"},{"floor":38,"key":"Dexterity Potion"}],"is_trial":false,"path_per_floor":["M","?","$","?","?","E","R","M","T","T","R","?","M","E","R_BF","B",null,"M","?","?","?","M","E","M","NM","T","E","M","E","M","T","R_BF","B",null,"R","$","E","B",null],"character_chosen":"IRONCLAD","items_purchased":["StuffTheSpire:DullRazor","StuffTheSpire:TintedRock","Membership Card","Apotheosis","Ornamental Fan","DollysMirror","Bag of Preparation","Lantern","conspire:TreasureMap","Apotheosis","Matryoshka","StuffTheSpire:HistoryBook","Du-Vu Doll","Armaments","StrikeDummy","Guide Book","Apotheosis","War Paint","Snack Pack","Shuriken","Frozen Eye","Omamori","Lee\u0027s Waffle","infinitespire:Broken Mirror","aspiration:FrozenJewel","Happy Flower","Golden Egg","FossilizedHelix","Replay:Bandana","Swift Potion","SpeedPotion","Medical Kit","Sentinel","Rupture","ReplayTheSpireMod:Shallot","aspiration:DSix"],"campfire_rested":0,"item_purchase_floors":[0,0,0,0,0,0,0,0,0,0,0,0,0,0,0,0,0,0,0,0,0,0,0,0,0,0,0,0,0,0,0,3,36,36,36,36],"current_hp_per_floor":[82,87,87,87,87,87,87,87,87,87,87,87,87,87,87,87,87,99,99,93,99,85,80,95,62,62,75,83,91,99,99,99,121,151,151,161,185,93],"gold":1907,"neow_bonus":"","is_daily":false,"chose_seed":false,"campfire_upgraded":3,"win_rate":0.0,"timestamp":1610753605,"path_taken":["M","?","$","?","?","E","R","M","T","?","R","?","M","E","R_BF","BOSS","M","?","?","?","?","E","M","NM","T","E","M","E","M","?","R_BF","BOSS","R","$","E","BOSS"],"items_purchased_type":["Relic","Relic","Relic","Card","Relic","Relic","Relic","Relic","Relic","Card","Relic","Relic","Relic","Card","Relic","Relic","Card","Relic","Relic","Relic","Relic","Relic","Relic","Relic","Relic","Relic","Relic","Relic","Relic","Potion","Potion","Relic","Card","Card","Relic","Relic"],"build_version":"2020-12-22","purchased_purges":0,"victory":true,"max_hp_per_floor":[82,87,87,87,87,87,87,87,87,87,87,87,87,87,87,87,87,99,99,99,99,108,116,125,139,139,144,144,144,151,151,151,161,161,161,161,185,185],"card_choices":[{"not_picked":["Heavy Blade","True Grit"],"picked":"Pommel Strike","floor":1.0},{"not_picked":["Bloodletting","StuffTheSpire:Resist","ReplayTheSpireMod:Corrosion Curse"],"picked":"SKIP","floor":6.0},{"not_picked":["Rage","Replay:Undeath\u0027s Touch","Whirlwind"],"picked":"SKIP","floor":8.0},{"not_picked":["Entrench","Thunderclap","Exhume"],"picked":"SKIP","floor":13.0},{"not_picked":["Massacre","StuffTheSpire:RockThrow","ReplayTheSpireMod:Corrosion Curse"],"picked":"SKIP","floor":14.0},{"not_picked":["Juggernaut","Brutality"],"picked":"Feed","floor":16.0},{"not_picked":["Twin Strike","Blood for Blood+1"],"picked":"Spot Weakness","floor":18.0},{"not_picked":["Perfected Strike","Entrench","Dark Embrace"],"picked":"SKIP","floor":22.0},{"not_picked":["Iron Wave+1","StuffTheSpire:Slingshot","Feel No Pain+1"],"picked":"SKIP","floor":23.0},{"not_picked":["Iron Wave","StuffTheSpire:Pyroclast","Spot Weakness"],"picked":"SKIP","floor":24.0},{"not_picked":["infinitespire:FinalStrike","ReplayTheSpireMod:??????????????????????"],"picked":"infinitespire:Oblivion","floor":25.0},{"not_picked":["Whirlwind","Anger","ReplayTheSpireMod:Corrosion Curse"],"picked":"SKIP","floor":25.0},{"not_picked":["Whirlwind","ReplayTheSpireMod:Corrosion Curse"],"picked":"Anger","floor":25.0},{"not_picked":["Clothesline","Thunderclap","Wild Strike"],"picked":"SKIP","floor":27.0},{"not_picked":["ReplayTheSpireMod:LeadingStrike","Headbutt"],"picked":"Pummel","floor":28.0},{"not_picked":["Pummel","Immolate"],"picked":"Flex+1","floor":29.0},{"not_picked":["Thunderclap","Flex"],"picked":"Warcry","floor":30.0},{"not_picked":["Fiend Fire","conspire:HitWhereItHurts"],"picked":"Exhume","floor":33.0},{"not_picked":["StuffTheSpire:Resist","Perfected Strike"],"picked":"Sword Boomerang+1","floor":37},{"not_picked":["Eclipse","Berserk"],"picked":"Limit Break","floor":38}],"player_experience":2686811,"relics_obtained":[{"floor":6.0,"key":"Blue Doll"},{"floor":9.0,"key":"CeramicFish"},{"floor":9.0,"key":"StuffTheSpire:OldFever"},{"floor":10.0,"key":"Akabeko"},{"floor":10.0,"key":"MawBank"},{"floor":14.0,"key":"Replay:Rubber Ducky"},{"floor":23.0,"key":"Blue Candle"},{"floor":23.0,"key":"Replay:Mystery Machine"},{"floor":25.0,"key":"King of Hearts"},{"floor":25.0,"key":"aspiration:ChemicalBlood"},{"floor":26.0,"key":"MealTicket"},{"floor":27.0,"key":"Durian"},{"floor":27.0,"key":"Old Coin"},{"floor":29.0,"key":"infinitespire:EmpoweringShard"},{"floor":29.0,"key":"Bottled Flame"},{"floor":31.0,"key":"StuffTheSpire:GrapeVine"},{"floor":32.0,"key":"ReplayTheSpireMod:TigerMarble"},{"floor":37,"key":"Another Sword"},{"floor":37,"key":"Mango"}],"event_choices":[{"damage_healed":0.0,"max_hp_gain":5.0,"max_hp_loss":0.0,"gold_gain":0.0,"event_name":"Big Fish","player_choice":"Donut","floor":2.0,"gold_loss":0.0,"damage_taken":0.0},{"damage_healed":0.0,"max_hp_gain":0.0,"max_hp_loss":0.0,"gold_gain":0.0,"event_name":"conspire:LoneGhost","player_choice":"Agree","floor":4.0,"gold_loss":0.0,"damage_taken":0.0},{"damage_healed":0.0,"max_hp_gain":0.0,"max_hp_loss":0.0,"gold_gain":0.0,"event_name":"Accursed Blacksmith","player_choice":"Forge","floor":12.0,"gold_loss":0.0,"damage_taken":0.0,"cards_upgraded":["Pommel Strike"]},{"damage_healed":0.0,"max_hp_gain":0.0,"max_hp_loss":0.0,"gold_gain":0.0,"event_name":"betterThird:BetterNest","player_choice":"Dagger","floor":20.0,"gold_loss":0.0,"damage_taken":6.0,"cards_obtained":["RitualDagger"]},{"damage_healed":20.0,"max_hp_gain":0.0,"max_hp_loss":0.0,"gold_gain":0.0,"event_name":"The Library","player_choice":"Heal","floor":21.0,"gold_loss":0.0,"damage_taken":0.0}],"is_beta":false,"boss_relics":[{"not_picked":["ReplayTheSpireMod:DimensionalGlitch","Velvet Choker"],"picked":"Black Star"},{"not_picked":["Ooze Armor","StuffTheSpire:Kangaroo"],"picked":"Runic Pyramid"}],"items_purged_floors":[],"is_endless":true,"potions_floor_spawned":[13,14,16,24,27,29,30,38],"ascension_level":20}}