{"host":"vohenq18pmg6jboc","time":1610716643,"event":{"mods":["100% Spire Juice","Arknights The Spire","Bard","BaseMod","Chen","Downfall","Gremlin Mod","GungeonMod","Hermit","Koishi","Marisa¡]Ãú«B¡@Å]²z¨F¡^","Minty Spire (QoL Compilation)","Relic Stats","Remilia¡]Á¢¦Ì²ú?¡^","StSLib","The Administrix","The Bug Knight","The Cursed","The Hierophant","The IronCluck","The Runesmith","The Servant 0.9.4","WarShipGirlsR/??¤Ö¤kR mod","Yakumo Yukari mod","Youmu¡]»î¾z§¯?¡^","Yuyuko"],"gold_per_floor":[113,113,124,124,43,73,88,163,163,163,163,163,163,173,173,274,34,45,45,45,45],"floor_reached":20,"language":"ZHS","playtime":921,"items_purged":[],"score":170,"play_id":"47e6e004-fba4-454a-b832-be6318f00be9","local_time":"20210115211723","is_ascension_mode":false,"campfire_choices":[{"floor":10,"key":"REST"},{"floor":12,"key":"REST"},{"floor":15,"key":"REST"}],"circlet_count":0,"master_deck":["Moonworks:Strike","Moonworks:Strike","Moonworks:Strike","Moonworks:Strike+1","Moonworks:Defend+1","Moonworks:Defend","Moonworks:Defend","Moonworks:Defend","Moonworks:Ambush","Moonworks:LongDistanceShot","Moonworks:EvilMastermind","Moonworks:SakisCookie+1","Moonworks:IndiscriminateFireSupport","Moonworks:RagingMadness","Moonworks:BeyondHell","Moonworks:EvilSpyWorkPreparation","Moonworks:DeployBits","Moonworks:FinalBattle","Moonworks:BackdoorTrade","Writhe"],"relics":["Moonworks:BrokenBomb","Moonworks:Homemark","Centennial Puzzle","Shovel","SlaversCollar","Frozen Egg 2"],"acts_visited":["Exordium","TheCity"],"potions_floor_usage":[16],"damage_taken":[{"damage":1,"enemies":"Cultist","floor":1,"turns":3},{"damage":2,"enemies":"Small Slimes","floor":3,"turns":4},{"damage":31,"enemies":"3 Sentries","floor":6,"turns":5},{"damage":1,"enemies":"2 Louse","floor":7,"turns":2},{"damage":12,"enemies":"2 Fungi Beasts","floor":14,"turns":3},{"damage":34,"enemies":"Slime Boss","floor":16,"turns":10},{"damage":0,"enemies":"3 Byrds","floor":18,"turns":5},{"damage":61,"enemies":"Spheric Guardian","floor":20,"turns":7}],"seed_played":"-8251691314559623631","potions_obtained":[{"floor":3,"key":"DemoMod:LeadSkinPotion"},{"floor":18,"key":"Strength Potion"}],"is_trial":false,"path_per_floor":["M","?","M","?","$","E","M","?","T","R","?","R","T","M","R","B",null,"M","?","M"],"character_chosen":"THE_STARBREAKER","items_purchased":["Moonworks:RagingMadness"],"campfire_rested":3,"item_purchase_floors":[5],"current_hp_per_floor":[59,59,58,58,58,29,31,20,20,38,26,44,44,32,50,19,60,60,60,0,0],"gold":45,"neow_bonus":"ONE_RANDOM_RARE_CARD","is_daily":false,"chose_seed":false,"campfire_upgraded":0,"win_rate":0.0,"timestamp":1610716643,"path_taken":["M","?","M","?","$","E","?","?","T","R","?","R","?","M","R","BOSS","M","?","M"],"items_purchased_type":["Card"],"build_version":"2020-12-22","purchased_purges":0,"victory":false,"max_hp_per_floor":[60,60,60,60,60,60,60,60,60,60,60,60,60,60,60,60,60,60,60,60,60],"relic_stats":{"Centennial Puzzle":[12],"Shovel":0,"counters":[8,39],"obtain_stats":[{"SlaversCollar":17,"Centennial Puzzle":6,"Shovel":13,"Moonworks:Homemark":0,"DemoMod:GlassGuonStoneRelic":18,"Frozen Egg 2":19,"Moonworks:BrokenBomb":0},{"SlaversCollar":6,"Centennial Puzzle":3,"Shovel":4,"Moonworks:Homemark":0,"DemoMod:GlassGuonStoneRelic":7,"Frozen Egg 2":7,"Moonworks:BrokenBomb":0},{"SlaversCollar":27,"Centennial Puzzle":12,"Shovel":14,"Moonworks:Homemark":0,"DemoMod:GlassGuonStoneRelic":32,"Frozen Egg 2":32,"Moonworks:BrokenBomb":0}]},"card_choices":[{"not_picked":["Moonworks:BigMagnum","Moonworks:LulusLuckyEgg"],"picked":"Moonworks:SakisCookie","floor":1},{"not_picked":["Moonworks:CloudOfSeagulls","Moonworks:LulusLuckyEgg"],"picked":"Moonworks:IndiscriminateFireSupport","floor":3},{"not_picked":["Moonworks:DevilHand","Moonworks:DeployBits"],"picked":"Moonworks:BeyondHell","floor":6},{"not_picked":["Moonworks:DeployBits","Moonworks:CloudOfSeagulls"],"picked":"Moonworks:EvilSpyWorkPreparation","floor":7},{"not_picked":["Moonworks:EvilMastermind","Moonworks:ScrambledEve"],"picked":"Moonworks:DeployBits","floor":14},{"not_picked":["Moonworks:EvilMastermind","Moonworks:LeapThroughSpace"],"picked":"Moonworks:FinalBattle","floor":16},{"not_picked":["Moonworks:TreasureThief","Moonworks:CastOff+1"],"picked":"Moonworks:BackdoorTrade","floor":18}],"player_experience":98276,"relics_obtained":[{"floor":6,"key":"Centennial Puzzle"},{"floor":13,"key":"Shovel"}],"event_choices":[{"damage_healed":0,"gold_gain":0,"player_choice":"Grow","damage_taken":0,"max_hp_gain":0,"max_hp_loss":0,"event_name":"Living Wall","floor":2,"gold_loss":0,"cards_upgraded":["Moonworks:SakisCookie"]},{"damage_healed":0,"gold_gain":0,"player_choice":"Ignored","damage_taken":0,"max_hp_gain":0,"max_hp_loss":0,"event_name":"Purifier","floor":4,"gold_loss":0},{"damage_healed":0,"gold_gain":75,"player_choice":"Gather Gold","damage_taken":11,"max_hp_gain":0,"max_hp_loss":0,"event_name":"World of Goop","floor":8,"gold_loss":0},{"damage_healed":0,"gold_gain":0,"player_choice":"Entered Light","damage_taken":12,"max_hp_gain":0,"max_hp_loss":0,"event_name":"Shining Light","floor":11,"gold_loss":0,"cards_upgraded":["Moonworks:Strike","Moonworks:Defend"]},{"damage_healed":0,"gold_gain":0,"player_choice":"Opened","damage_taken":0,"relics_obtained":["Frozen Egg 2"],"max_hp_gain":0,"max_hp_loss":0,"event_name":"The Mausoleum","floor":19,"gold_loss":0,"cards_obtained":["Writhe"]}],"is_beta":false,"boss_relics":[{"not_picked":["Runic Dome","Busted Crown"],"picked":"SlaversCollar"}],"items_purged_floors":[],"is_endless":false,"potions_floor_spawned":[3,18],"killed_by":"Spheric Guardian","ascension_level":0}}