{"host":"z9811rt50ti81n54","time":1610703363,"event":{"mods":["BaseMod","Better Match","Better Skull","Better Third Choice","Minty Spire (QoL Compilation)","Permanent Neow","StSLib","SuperFastMode"],"gold_per_floor":[118,133,308,390,401,401,476,7,31,31,42,42,61,73,73,174,174,186,186,5,20,31,31,31,31,56,56,56,56,71,71,71,171,171,186,261,361,380,399,399,399,426,452,452,465,43,93,113,113,113],"floor_reached":51,"language":"ENG","playtime":1540,"items_purged":["Doubt","Pain","Neutralize"],"score":714,"play_id":"04af90c4-c465-4293-b08a-fc8f3ad1faca","local_time":"20210115183603","is_ascension_mode":false,"campfire_choices":[{"data":"Venomology","floor":6.0,"key":"SMITH"},{"data":"Bullet Time","floor":15.0,"key":"SMITH"},{"data":"Footwork","floor":23.0,"key":"SMITH"},{"floor":28.0,"key":"REST"},{"floor":32.0,"key":"REST"},{"floor":40,"key":"REST"},{"floor":44,"key":"REST"},{"floor":49,"key":"REST"}],"circlet_count":0,"master_deck":["Survivor","Noxious Fumes","Venomology+1","Slice","Bouncing Flask","Crippling Poison+1","Blur","Calculated Gamble","Bullet Time+1","Corpse Explosion","Footwork+1","Blade Dance","Venomology","Glass Knife","Reflex","Bullet Time","Night Terror","Accuracy","Blur","Escape Plan+1"],"relics":["Ring of the Snake","White Beast Statue","War Paint","Nunchaku","Busted Crown","WarpedTongs","Tiny Chest","Tingsha","Pandora\u0027s Box","Pear","Juzu Bracelet","MealTicket","TwistedFunnel","Potion Belt","Strawberry"],"acts_visited":["Exordium","TheCity","TheBeyond"],"potions_floor_usage":[38,39,39,39,41,41,41,41,50,50,50,50,50,50,50,50],"damage_taken":[{"damage":0.0,"enemies":"Small Slimes","floor":1.0,"turns":5.0},{"damage":1.0,"enemies":"Jaw Worm","floor":2.0,"turns":4.0},{"damage":1.0,"enemies":"2 Louse","floor":5.0,"turns":3.0},{"damage":0.0,"enemies":"Looter","floor":11.0,"turns":3.0},{"damage":0.0,"enemies":"2 Fungi Beasts","floor":13.0,"turns":3.0},{"damage":0.0,"enemies":"Lots of Slimes","floor":14.0,"turns":2.0},{"damage":25.0,"enemies":"Hexaghost","floor":16.0,"turns":8.0},{"damage":2.0,"enemies":"Shell Parasite","floor":18.0,"turns":5.0},{"damage":2.0,"enemies":"3 Byrds","floor":21.0,"turns":3.0},{"damage":0.0,"enemies":"3 Cultists","floor":22.0,"turns":2.0},{"damage":3.0,"enemies":"Centurion and Healer","floor":24.0,"turns":2.0},{"damage":4.0,"enemies":"Snake Plant","floor":30.0,"turns":4.0},{"damage":0.0,"enemies":"Colosseum Slavers","floor":31.0,"turns":3.0},{"damage":38.0,"enemies":"Champ","floor":33.0,"turns":11.0},{"damage":20.0,"enemies":"3 Darklings","floor":35.0,"turns":3.0},{"damage":0,"enemies":"3 Shapes","floor":38,"turns":3},{"damage":23,"enemies":"Maw","floor":39,"turns":7},{"damage":8,"enemies":"Writhing Mass","floor":41,"turns":3},{"damage":11,"enemies":"3 Darklings","floor":45,"turns":3},{"damage":9,"enemies":"4 Shapes","floor":48,"turns":4},{"damage":53,"enemies":"Awakened One","floor":50,"turns":14}],"seed_played":"-2863738490161254277","potions_obtained":[{"floor":2.0,"key":"AttackPotion"},{"floor":5.0,"key":"Ancient Potion"},{"floor":11.0,"key":"AttackPotion"},{"floor":13.0,"key":"AttackPotion"},{"floor":14.0,"key":"PowerPotion"},{"floor":16.0,"key":"BlessingOfTheForge"},{"floor":18.0,"key":"Ancient Potion"},{"floor":22.0,"key":"Block Potion"},{"floor":30.0,"key":"SpeedPotion"},{"floor":33.0,"key":"SpeedPotion"},{"floor":35.0,"key":"Explosive Potion"},{"floor":38,"key":"Dexterity Potion"},{"floor":39,"key":"SpeedPotion"},{"floor":48,"key":"Explosive Potion"}],"is_trial":false,"path_per_floor":["M","M","?","T","M","R","?","$","T","$","M","?","M","M","R","B",null,"M","?","$","M","M","R","M","?","T","T","R","?","M","?","R","B",null,"M","T","?","M","M","R","M","T","T","R","M","$","T","M","R","B",null],"character_chosen":"THE_SILENT","items_purchased":["Tools of the Trade","Blur","War Paint","Footwork","TwistedFunnel","Potion Belt"],"campfire_rested":5,"item_purchase_floors":[8,8,8,20,46,46],"current_hp_per_floor":[63,62,62,62,61,61,50,50,50,50,50,73,73,73,73,48,73,71,71,71,69,69,69,66,50,50,50,71,71,67,67,73,35,73,53,63,63,63,40,64,56,56,56,80,69,83,90,81,90,37],"gold":113,"neow_bonus":"TRANSFORM_TWO_CARDS","is_daily":false,"chose_seed":false,"campfire_upgraded":3,"win_rate":0.0,"timestamp":1610703363,"path_taken":["M","M","?","?","M","R","?","$","T","?","M","?","?","M","R","BOSS","M","?","?","M","?","R","M","?","T","?","R","?","M","?","R","BOSS","M","?","?","M","?","R","M","?","T","R","M","$","?","M","R","BOSS"],"items_purchased_type":["Card","Card","Relic","Card","Relic","Relic"],"build_version":"2020-12-22","purchased_purges":3,"victory":true,"max_hp_per_floor":[63,63,63,63,63,63,63,63,63,63,63,73,73,73,73,73,73,73,73,73,73,73,73,73,73,73,73,73,73,73,73,73,73,73,73,83,83,83,83,83,83,83,83,83,83,83,90,90,90,90],"card_choices":[{"not_picked":["Quick Slash","Cloak And Dagger"],"picked":"Slice","floor":1.0},{"not_picked":["Underhanded Strike","Sucker Punch"],"picked":"Bouncing Flask","floor":2.0},{"not_picked":["Backflip","Slice"],"picked":"Crippling Poison","floor":5.0},{"not_picked":["Eviscerate","Slice"],"picked":"Calculated Gamble","floor":11.0},{"not_picked":["Concentrate","Deflect"],"picked":"Bullet Time","floor":13.0},{"not_picked":["Endless Agony","Underhanded Strike","Masterful Stab"],"picked":"SKIP","floor":14.0},{"not_picked":["Glass Knife","After Image"],"picked":"Corpse Explosion","floor":16.0},{"not_picked":["Dagger Throw"],"picked":"SKIP","floor":18.0},{"not_picked":["Crippling Poison"],"picked":"SKIP","floor":21.0},{"not_picked":["Deflect"],"picked":"SKIP","floor":22.0},{"not_picked":["Skewer+1"],"picked":"SKIP","floor":30.0},{"not_picked":["Choke+1"],"picked":"SKIP","floor":35.0},{"not_picked":["Sucker Punch+1"],"picked":"SKIP","floor":38},{"not_picked":["Caltrops+1"],"picked":"SKIP","floor":39},{"not_picked":[],"picked":"Escape Plan+1","floor":45},{"not_picked":["Dagger Spray"],"picked":"SKIP","floor":48}],"player_experience":382594,"relics_obtained":[{"floor":4.0,"key":"White Beast Statue"},{"floor":9.0,"key":"Nunchaku"},{"floor":26.0,"key":"Tiny Chest"},{"floor":27.0,"key":"Tingsha"},{"floor":36.0,"key":"Pear"},{"floor":42,"key":"Juzu Bracelet"},{"floor":43,"key":"MealTicket"},{"floor":47,"key":"Strawberry"}],"event_choices":[{"damage_healed":0.0,"max_hp_gain":0.0,"max_hp_loss":0.0,"gold_gain":175.0,"event_name":"Liars Game","player_choice":"AGREE","floor":3.0,"gold_loss":0.0,"damage_taken":0.0,"cards_obtained":["Doubt"]},{"damage_healed":0.0,"max_hp_gain":0.0,"max_hp_loss":0.0,"gold_gain":75.0,"event_name":"World of Goop","player_choice":"Gather Gold","floor":7.0,"gold_loss":0.0,"damage_taken":11.0},{"cards_removed":["Tools of the Trade"],"damage_healed":13.0,"max_hp_gain":10.0,"max_hp_loss":0.0,"gold_gain":0.0,"event_name":"Bonfire Elementals","player_choice":"Offered Rare","floor":12.0,"gold_loss":0.0,"damage_taken":0.0},{"damage_healed":0.0,"max_hp_gain":0.0,"max_hp_loss":0.0,"gold_gain":0.0,"event_name":"Accursed Blacksmith","player_choice":"Rummage","floor":19.0,"gold_loss":0.0,"damage_taken":0.0,"relics_obtained":["WarpedTongs"],"cards_obtained":["Pain"]},{"damage_healed":0.0,"max_hp_gain":0.0,"max_hp_loss":0.0,"gold_gain":0.0,"event_name":"Cursed Tome","player_choice":"Obtained Book","floor":25.0,"gold_loss":0.0,"damage_taken":16.0},{"damage_healed":0.0,"max_hp_gain":0.0,"max_hp_loss":0.0,"gold_gain":0.0,"event_name":"Ghosts","player_choice":"Ignored","floor":29.0,"gold_loss":0.0,"damage_taken":0.0},{"damage_healed":0.0,"max_hp_gain":0.0,"max_hp_loss":0.0,"gold_gain":0.0,"event_name":"Colosseum","player_choice":"Fight","floor":31.0,"gold_loss":0.0,"damage_taken":0.0},{"damage_healed":0.0,"max_hp_gain":0.0,"max_hp_loss":0.0,"gold_gain":0.0,"event_name":"Colosseum","player_choice":"Fled From Nobs","floor":31.0,"gold_loss":0.0,"damage_taken":0.0},{"damage_healed":0.0,"max_hp_gain":0.0,"max_hp_loss":0.0,"gold_gain":100.0,"event_name":"Golden Shrine","player_choice":"Pray","floor":37.0,"gold_loss":0.0,"damage_taken":0.0}],"is_beta":false,"boss_relics":[{"not_picked":["Cursed Key","Runic Pyramid"],"picked":"Busted Crown"},{"not_picked":["Runic Dome","Philosopher\u0027s Stone"],"picked":"Pandora\u0027s Box"}],"items_purged_floors":[8,20,46],"is_endless":false,"potions_floor_spawned":[2,5,11,13,14,16,18,21,22,24,30,31,33,35,38,39,41,45,48],"ascension_level":0}}