{"host":"gk336il5jfnqajsw","time":1610674454,"event":{"mods":["2.2 Compatiblity","AchievementEnabler","BaseMod","Colored Powertips","Minty Spire (QoL Compilation)","Relic Stats","StSLib"],"gold_per_floor":[109,128,128,303,320,347,361,361,413,413,443,462,462,490,490,592,592,606,169,169,169,181,210,210,210,283,38,38,38,38,48,48,146,146,166,166,185,60,73,73,86,86,86,101,115,115,133,133,133,133,133],"floor_reached":50,"language":"ENG","playtime":1935,"items_purged":["Doubt","Strike_R","Shame"],"score":505,"play_id":"2affed3a-2911-43be-b9c5-cb1e73116705","local_time":"20210114183414","is_ascension_mode":false,"campfire_choices":[{"data":"Feel No Pain","floor":8,"key":"SMITH"},{"data":"Power Through","floor":10,"key":"SMITH"},{"floor":13,"key":"REST"},{"floor":15,"key":"REST"},{"data":"Evolve","floor":24,"key":"SMITH"},{"floor":30,"key":"REST"},{"data":"Corruption","floor":32,"key":"SMITH"},{"data":"Heavy Blade","floor":40,"key":"SMITH"},{"data":"True Grit","floor":42,"key":"SMITH"},{"floor":49,"key":"RECALL"}],"circlet_count":0,"master_deck":["Strike_R","Defend_R+1","Defend_R","Bash","Wild Strike+1","Feel No Pain+1","Power Through+1","Burning Pact","Corruption+1","Shrug It Off","Immolate","Warcry+1","Evolve+1","Rampage","Wild Strike","True Grit+1","Heavy Blade+1","Berserk","True Grit+1","Parasite","Injury","Limit Break","Injury"],"relics":["Burning Blood","Pantograph","Vajra","Regal Pillow","Magic Flower","Mark of Pain","Centennial Puzzle","Brimstone","Tiny Chest","Blue Candle","Lantern","Cursed Key","Question Card","Potion Belt"],"acts_visited":["Exordium","TheCity","TheBeyond"],"potions_floor_usage":[6,11,12,16,16,16,18,22,23],"damage_taken":[{"damage":0,"enemies":"Small Slimes","floor":1,"turns":3},{"damage":0,"enemies":"2 Louse","floor":2,"turns":2},{"damage":6,"enemies":"Jaw Worm","floor":5,"turns":3},{"damage":40,"enemies":"Lagavulin","floor":6,"turns":8},{"damage":0,"enemies":"Large Slime","floor":7,"turns":6},{"damage":24,"enemies":"Gremlin Nob","floor":11,"turns":4},{"damage":8,"enemies":"Red Slaver","floor":12,"turns":3},{"damage":21,"enemies":"3 Sentries","floor":14,"turns":14},{"damage":54,"enemies":"Slime Boss","floor":16,"turns":14},{"damage":1,"enemies":"3 Byrds","floor":18,"turns":4},{"damage":5,"enemies":"2 Thieves","floor":22,"turns":3},{"damage":64,"enemies":"Gremlin Leader","floor":23,"turns":6},{"damage":0,"enemies":"3 Cultists","floor":31,"turns":4},{"damage":4,"enemies":"Automaton","floor":33,"turns":6},{"damage":0,"enemies":"Orb Walker","floor":35,"turns":2},{"damage":4,"enemies":"3 Shapes","floor":37,"turns":4},{"damage":0,"enemies":"Writhing Mass","floor":39,"turns":4},{"damage":5,"enemies":"Maw","floor":41,"turns":6},{"damage":1,"enemies":"Transient","floor":44,"turns":5},{"damage":25,"enemies":"Sphere and 2 Shapes","floor":45,"turns":4},{"damage":12,"enemies":"Jaw Worm Horde","floor":47,"turns":3},{"damage":88,"enemies":"Awakened One","floor":50,"turns":6}],"seed_played":"537861495383680808","potions_obtained":[{"floor":5,"key":"Dexterity Potion"},{"floor":7,"key":"DistilledChaos"},{"floor":11,"key":"BloodPotion"},{"floor":14,"key":"EntropicBrew"},{"floor":16,"key":"DuplicationPotion"},{"floor":18,"key":"Block Potion"},{"floor":33,"key":"SmokeBomb"},{"floor":37,"key":"CultistPotion"},{"floor":39,"key":"Dexterity Potion"}],"is_trial":false,"path_per_floor":["M","M","?","?","M","E","M","R","T","R","E","M","R","E","R","B",null,"M","$","?","?","M","E","R","?","T","$","?","?","R","M","R","B",null,"M","T","M","$","M","R","M","R","T","M","M","?","M","T","R","B"],"character_chosen":"IRONCLAD","items_purchased":["Evolve","Centennial Puzzle","Brimstone","Lantern"],"campfire_rested":3,"item_purchase_floors":[19,19,19,27],"current_hp_per_floor":[72,72,58,58,58,24,30,30,30,30,12,24,60,45,72,27,72,72,72,72,72,72,38,38,38,38,38,25,25,63,72,72,77,77,77,77,77,77,77,77,77,77,77,77,61,61,58,58,58,0,0],"gold":133,"neow_bonus":"REMOVE_TWO","is_daily":false,"chose_seed":false,"campfire_upgraded":6,"win_rate":0.0,"timestamp":1610674454,"path_taken":["M","M","?","?","M","E","M","R","T","R","E","M","R","E","R","BOSS","M","$","?","?","?","E","R","?","T","$","?","?","R","M","R","BOSS","M","?","M","$","?","R","M","R","T","M","M","?","M","?","R","BOSS"],"items_purchased_type":["Card","Relic","Relic","Relic"],"build_version":"2020-12-22","purchased_purges":3,"victory":false,"max_hp_per_floor":[72,72,72,72,72,72,72,72,72,72,72,72,72,72,72,72,72,72,72,72,72,72,72,72,72,72,72,77,77,77,77,77,77,77,77,77,77,77,77,77,77,77,77,77,77,77,77,77,77,77,77],"relic_stats":{"Regal Pillow":36,"Centennial Puzzle":[27],"counters":[22,114],"Pantograph":24,"Blue Candle":[2],"Magic Flower":[22],"Tiny Chest":1,"Cursed Key":3,"Question Card":4,"obtain_stats":[{"Potion Belt":48,"Regal Pillow":11,"Lantern":27,"Blue Candle":26,"Vajra":9,"Magic Flower":14,"Cursed Key":34,"Question Card":43,"Burning Blood":0,"Centennial Puzzle":19,"Brimstone":19,"Pantograph":6,"Tiny Chest":23,"Mark of Pain":17},{"Potion Belt":21,"Regal Pillow":6,"Lantern":12,"Blue Candle":12,"Vajra":5,"Magic Flower":8,"Cursed Key":14,"Question Card":18,"Burning Blood":0,"Centennial Puzzle":10,"Brimstone":10,"Pantograph":4,"Tiny Chest":12,"Mark of Pain":9},{"Potion Belt":108,"Regal Pillow":26,"Lantern":70,"Blue Candle":70,"Vajra":22,"Magic Flower":43,"Cursed Key":80,"Question Card":96,"Burning Blood":0,"Centennial Puzzle":61,"Brimstone":61,"Pantograph":16,"Tiny Chest":70,"Mark of Pain":57}],"Burning Blood":101},"card_choices":[{"not_picked":["Pommel Strike","Cleave"],"picked":"Wild Strike","floor":1},{"not_picked":["Inflame","Spot Weakness"],"picked":"Feel No Pain","floor":2},{"not_picked":["Spot Weakness","Sword Boomerang","Perfected Strike"],"picked":"SKIP","floor":5},{"not_picked":["Combust","Shockwave"],"picked":"Power Through","floor":6},{"not_picked":["Rampage","Warcry"],"picked":"Burning Pact","floor":7},{"not_picked":["Clash","Flex"],"picked":"Corruption","floor":11},{"not_picked":["Cleave","Body Slam"],"picked":"Shrug It Off","floor":12},{"not_picked":["Bludgeon","Thunderclap","Perfected Strike"],"picked":"SKIP","floor":14},{"not_picked":["Barricade","Offering"],"picked":"Immolate","floor":16},{"not_picked":["True Grit","Pummel+1"],"picked":"Warcry+1","floor":18},{"not_picked":["Armaments","Shockwave"],"picked":"True Grit+1","floor":22},{"not_picked":["Iron Wave","Flex+1","Entrench+1"],"picked":"SKIP","floor":23},{"not_picked":["Brutality","Shockwave","Thunderclap+1"],"picked":"SKIP","floor":31},{"not_picked":["Immolate","Exhume"],"picked":"Berserk","floor":33},{"not_picked":["Flex","Clothesline+1"],"picked":"True Grit","floor":35},{"not_picked":["Uppercut+1","Twin Strike","Spot Weakness"],"picked":"SKIP","floor":37},{"not_picked":["Flex","Burning Pact","Shrug It Off+1"],"picked":"SKIP","floor":39},{"not_picked":["Reckless Charge","Twin Strike+1","Whirlwind"],"picked":"SKIP","floor":41},{"not_picked":["Pommel Strike","Burning Pact+1","Sword Boomerang+1","Thunderclap+1"],"picked":"SKIP","floor":44},{"not_picked":["Battle Trance+1","Pommel Strike","Armaments"],"picked":"Limit Break","floor":45},{"not_picked":["Searing Blow+1","Warcry","Pommel Strike+1","Flex"],"picked":"SKIP","floor":47}],"player_experience":547253,"relics_obtained":[{"floor":6,"key":"Pantograph"},{"floor":9,"key":"Vajra"},{"floor":11,"key":"Regal Pillow"},{"floor":14,"key":"Magic Flower"},{"floor":23,"key":"Tiny Chest"},{"floor":26,"key":"Blue Candle"},{"floor":43,"key":"Question Card"},{"floor":48,"key":"Potion Belt"}],"event_choices":[{"damage_healed":0,"gold_gain":0,"player_choice":"Entered Light","damage_taken":14,"max_hp_gain":0,"max_hp_loss":0,"event_name":"Shining Light","floor":3,"gold_loss":0,"cards_upgraded":["Wild Strike","Defend_R"]},{"damage_healed":0,"gold_gain":175,"player_choice":"AGREE","damage_taken":0,"max_hp_gain":0,"max_hp_loss":0,"event_name":"Liars Game","floor":4,"gold_loss":0,"cards_obtained":["Doubt"]},{"damage_healed":0,"gold_gain":0,"cards_transformed":["Strike_R","Strike_R"],"player_choice":"Became Test Subject","damage_taken":0,"max_hp_gain":0,"max_hp_loss":0,"event_name":"Drug Dealer","floor":20,"gold_loss":0,"cards_obtained":["Rampage","Wild Strike"]},{"damage_healed":0,"gold_gain":0,"player_choice":"Ignored","damage_taken":0,"max_hp_gain":0,"max_hp_loss":0,"event_name":"NoteForYourself","floor":21,"gold_loss":0},{"damage_healed":0,"gold_gain":0,"player_choice":"Read","damage_taken":0,"max_hp_gain":0,"max_hp_loss":0,"event_name":"The Library","floor":25,"gold_loss":0,"cards_obtained":["Heavy Blade"]},{"damage_healed":0,"gold_gain":0,"player_choice":"Shed Blood","damage_taken":18,"max_hp_gain":5,"max_hp_loss":0,"event_name":"Forgotten Altar","floor":28,"gold_loss":0},{"cards_removed":["Defend_R"],"damage_healed":0,"gold_gain":0,"player_choice":"Elegance","damage_taken":0,"max_hp_gain":0,"max_hp_loss":0,"event_name":"Back to Basics","floor":29,"gold_loss":0},{"damage_healed":0,"gold_gain":0,"player_choice":"Memory 1","damage_taken":0,"max_hp_gain":0,"max_hp_loss":0,"event_name":"SensoryStone","floor":46,"gold_loss":0}],"is_beta":false,"boss_relics":[{"not_picked":["Pandora\u0027s Box","Black Star"],"picked":"Mark of Pain"},{"not_picked":["Velvet Choker","SlaversCollar"],"picked":"Cursed Key"}],"items_purged_floors":[19,27,38],"is_endless":false,"potions_floor_spawned":[5,7,11,14,16,18,33,37,39],"killed_by":"Awakened One","ascension_level":0}}