{"host":"a5523bqxi3k68xf3","time":1610710170,"event":{"mods":["BaseMod","BetterRewards","Hermit","Koishi","Marisa????????","Minty Spire (QoL Compilation)","Quick Restart","Random Character Button","Relic Stats","Shop Mod","StSLib","The Animator","The Cursed","The Necromancer","The Servant 0.9.4"],"gold_per_floor":[119,130,280,280,7,7,32,48,48,48,64,89,99,132,132,211,211,221,221,10,10,10,10,40,40,64,89,100,117,133,151,151,225,225,238,69,88,88,88,88,88],"floor_reached":40,"language":"ENG","playtime":1060,"items_purged":["Doubt","Defend_R"],"score":1288,"play_id":"1d426061-e6a4-434a-adce-6381b01b5561","local_time":"20210115122930","is_ascension_mode":true,"campfire_choices":[{"data":"Rampage","floor":6,"key":"SMITH"},{"data":"Fiend Fire","floor":10,"key":"SMITH"},{"data":"Bash","floor":15,"key":"SMITH"},{"data":"Inflame","floor":23,"key":"SMITH"},{"data":"Flex","floor":25,"key":"SMITH"},{"data":"Offering","floor":32,"key":"SMITH"}],"circlet_count":0,"master_deck":["AscendersBane","Strike_R","Strike_R","Strike_R+1","Strike_R+1","Strike_R","Defend_R","Defend_R","Defend_R","Bash+1","Inflame+1","Thunderclap","Perfected Strike","Offering+1","Flex+1","Rampage+1","Whirlwind","Fiend Fire+1","Pummel","Spot Weakness","Inflame+1","Inflame+1","Sword Boomerang","Heavy Blade","Fiend Fire","Writhe"],"relics":["Black Blood","Vajra","Charon\u0027s Ashes","Gambling Chip","Pen Nib","Bird Faced Urn","Membership Card","Frozen Egg 2","MealTicket","Akabeko","SlaversCollar","Whetstone"],"acts_visited":["Exordium","TheCity","TheBeyond"],"potions_floor_usage":[7,24,24,29,40,40],"damage_taken":[{"damage":11,"enemies":"Small Slimes","floor":1,"turns":3},{"damage":2,"enemies":"2 Louse","floor":2,"turns":3},{"damage":9,"enemies":"Lagavulin","floor":7,"turns":4},{"damage":0,"enemies":"Cultist","floor":8,"turns":2},{"damage":0,"enemies":"Looter","floor":11,"turns":1},{"damage":6,"enemies":"Gremlin Nob","floor":12,"turns":1},{"damage":8,"enemies":"Large Slime","floor":13,"turns":3},{"damage":0,"enemies":"Lagavulin","floor":14,"turns":4},{"damage":38,"enemies":"The Guardian","floor":16,"turns":6},{"damage":6,"enemies":"Spheric Guardian","floor":18,"turns":1},{"damage":15,"enemies":"Slavers","floor":24,"turns":2},{"damage":15,"enemies":"Book of Stabbing","floor":27,"turns":2},{"damage":19,"enemies":"3 Byrds","floor":28,"turns":4},{"damage":26,"enemies":"Centurion and Healer","floor":29,"turns":4},{"damage":12,"enemies":"3 Cultists","floor":30,"turns":3},{"damage":11,"enemies":"Sentry and Sphere","floor":31,"turns":3},{"damage":54,"enemies":"Automaton","floor":33,"turns":6},{"damage":39,"enemies":"3 Shapes","floor":35,"turns":4},{"damage":47,"enemies":"3 Darklings","floor":37,"turns":3},{"damage":67,"enemies":"Giant Head","floor":40,"turns":4}],"seed_played":"-5708761329004475113","potions_obtained":[{"floor":1,"key":"Block Potion"},{"floor":2,"key":"AttackPotion"},{"floor":11,"key":"DistilledChaos"},{"floor":24,"key":"DuplicationPotion"},{"floor":27,"key":"Fire Potion"},{"floor":37,"key":"Strength Potion"}],"is_trial":false,"path_per_floor":["M","M","?","?","$","R","E","M","T","R","M","E","M","E","R","B",null,"M","?","$","?","$","R","E","R","T","E","M","M","M","M","R","B",null,"M","$","M","?","?","E"],"character_chosen":"IRONCLAD","items_purchased":["Inflame","Thunderclap","Perfected Strike","Offering","Vajra","Whirlwind","Membership Card","Inflame","Whetstone","Fiend Fire"],"campfire_rested":0,"item_purchase_floors":[0,0,0,0,5,5,20,20,36,36],"current_hp_per_floor":[53,57,57,57,57,57,54,60,60,60,66,66,64,70,70,40,66,74,74,74,74,74,74,72,72,72,71,70,61,65,72,72,35,65,44,59,30,30,45,0,0],"gold":88,"neow_bonus":"","is_daily":false,"chose_seed":false,"campfire_upgraded":6,"win_rate":0.0,"timestamp":1610710170,"path_taken":["M","M","?","?","$","R","E","?","T","R","M","E","M","E","R","BOSS","M","?","$","?","$","R","E","R","T","E","M","M","M","M","R","BOSS","M","$","M","?","?","E"],"items_purchased_type":["Card","Card","Card","Card","Relic","Card","Relic","Card","Relic","Card"],"build_version":"2020-12-22","purchased_purges":2,"victory":false,"max_hp_per_floor":[75,75,75,75,75,75,75,75,75,75,75,75,75,75,75,75,75,75,75,75,75,75,75,75,75,75,75,75,75,75,75,75,75,75,75,75,75,75,75,75,75],"relic_stats":{"counters":[111,368],"Gambling Chip":[36],"Bird Faced Urn":[51],"Black Blood":699,"MealTicket":15,"Charon\u0027s Ashes":[226],"Pen Nib":[8],"Whetstone":["Strike_R","Strike_R"],"obtain_stats":[{"Tiny House":17,"Gremlin Horn":29,"Vajra":5,"Whetstone":9,"Sling":0,"Boot":6,"Blood Vial":14,"HornCleat":13,"DollysMirror":0,"Sundial":7,"MealTicket":0,"Philosopher\u0027s Stone":17,"Necronomicon":19,"Kunai":0,"Pear":0,"Happy Flower":0,"Blue Candle":2,"Dead Branch":6,"Velvet Choker":17,"Pen Nib":0,"Charon\u0027s Ashes":7,"War Paint":10,"Akabeko":27,"Runic Dome":34,"SlaversCollar":34,"Shuriken":30,"Bronze Scales":0,"Bird Faced Urn":14,"Molten Egg 2":0,"Darkstone Periapt":0,"Lantern":14,"Singing Bowl":26,"Magic Flower":0,"Black Blood":34,"Bag of Preparation":0,"Juzu Bracelet":26,"Empty Cage":0,"Burning Blood":0,"ClockworkSouvenir":0,"Nunchaku":27,"TheAbacus":21,"Pantograph":41,"Gambling Chip":9,"Tiny Chest":0,"WingedGreaves":0,"Red Mask":39,"InkBottle":0,"Paper Frog":9,"Potion Belt":0,"Lee\u0027s Waffle":0,"NeowsBlessing":0,"Thread and Needle":22,"PreservedInsect":0,"Omamori":0,"Odd Mushroom":10,"Frozen Egg 2":24,"MawBank":6,"Mercury Hourglass":0,"Peace Pipe":9,"CaptainsWheel":9,"Ornamental Fan":0,"Turnip":31,"Art of War":4,"Bag of Marbles":11,"Champion Belt":0,"Membership Card":0,"Bottled Lightning":13,"Toy Ornithopter":30},{"Tiny House":14,"Gremlin Horn":76,"Vajra":93,"Whetstone":21,"Sling":0,"Boot":34,"Blood Vial":72,"HornCleat":71,"DollysMirror":5,"Sundial":9,"MealTicket":0,"Philosopher\u0027s Stone":43,"Necronomicon":74,"Kunai":5,"Pear":0,"Happy Flower":64,"Blue Candle":65,"Dead Branch":68,"Velvet Choker":26,"Pen Nib":50,"Charon\u0027s Ashes":94,"War Paint":88,"Akabeko":103,"Runic Dome":2,"SlaversCollar":108,"Shuriken":48,"Bronze Scales":0,"Bird Faced Urn":99,"Molten Egg 2":0,"Darkstone Periapt":0,"Lantern":55,"Singing Bowl":60,"Magic Flower":0,"Black Blood":79,"Bag of Preparation":0,"Juzu Bracelet":75,"Empty Cage":0,"Burning Blood":0,"ClockworkSouvenir":5,"Nunchaku":76,"TheAbacus":16,"Pantograph":82,"Gambling Chip":95,"Tiny Chest":0,"WingedGreaves":0,"Red Mask":81,"InkBottle":0,"Paper Frog":10,"Potion Belt":0,"Lee\u0027s Waffle":0,"NeowsBlessing":35,"Thread and Needle":74,"PreservedInsect":0,"Omamori":0,"Odd Mushroom":11,"Frozen Egg 2":102,"MawBank":86,"Mercury Hourglass":17,"Peace Pipe":39,"CaptainsWheel":52,"Ornamental Fan":0,"Turnip":1,"Art of War":19,"Bag of Marbles":70,"Champion Belt":0,"Membership Card":29,"Bottled Lightning":42,"Toy Ornithopter":77},{"Tiny House":43,"Gremlin Horn":249,"Vajra":311,"Whetstone":64,"Sling":0,"Boot":112,"Blood Vial":233,"HornCleat":230,"DollysMirror":13,"Sundial":23,"MealTicket":0,"Philosopher\u0027s Stone":137,"Necronomicon":245,"Kunai":13,"Pear":0,"Happy Flower":213,"Blue Candle":217,"Dead Branch":224,"Velvet Choker":83,"Pen Nib":160,"Charon\u0027s Ashes":315,"War Paint":293,"Akabeko":337,"Runic Dome":6,"SlaversCollar":357,"Shuriken":154,"Bronze Scales":0,"Bird Faced Urn":326,"Molten Egg 2":0,"Darkstone Periapt":0,"Lantern":177,"Singing Bowl":195,"Magic Flower":0,"Black Blood":259,"Bag of Preparation":0,"Juzu Bracelet":246,"Empty Cage":0,"Burning Blood":0,"ClockworkSouvenir":13,"Nunchaku":249,"TheAbacus":50,"Pantograph":270,"Gambling Chip":317,"Tiny Chest":0,"WingedGreaves":0,"Red Mask":265,"InkBottle":0,"Paper Frog":27,"Potion Belt":0,"Lee\u0027s Waffle":0,"NeowsBlessing":113,"Thread and Needle":245,"PreservedInsect":0,"Omamori":0,"Odd Mushroom":30,"Frozen Egg 2":335,"MawBank":285,"Mercury Hourglass":53,"Peace Pipe":121,"CaptainsWheel":167,"Ornamental Fan":0,"Turnip":2,"Art of War":58,"Bag of Marbles":229,"Champion Belt":0,"Membership Card":94,"Bottled Lightning":130,"Toy Ornithopter":250}]},"card_choices":[{"not_picked":["Disarm","Power Through"],"picked":"Flex","floor":1},{"not_picked":["Hemokinesis","Fire Breathing"],"picked":"Rampage","floor":2},{"not_picked":["Ghostly Armor","Havoc"],"picked":"Fiend Fire","floor":7},{"not_picked":["Metallicize","Rampage","Fire Breathing"],"picked":"SKIP","floor":8},{"not_picked":["Iron Wave","Anger","Reckless Charge"],"picked":"SKIP","floor":11},{"not_picked":["Whirlwind","Flame Barrier"],"picked":"Pummel","floor":12},{"not_picked":["Iron Wave","Fire Breathing","Flex"],"picked":"SKIP","floor":13},{"not_picked":["Armaments","Clothesline","Flame Barrier"],"picked":"SKIP","floor":14},{"not_picked":["Pommel Strike","Iron Wave"],"picked":"Spot Weakness","floor":18},{"not_picked":["Cleave","Shockwave","Twin Strike+1"],"picked":"SKIP","floor":24},{"not_picked":["Havoc","Sever Soul"],"picked":"Inflame+1","floor":27},{"not_picked":["Evolve+1","Burning Pact","Thunderclap"],"picked":"SKIP","floor":28},{"not_picked":["Whirlwind","Combust+1"],"picked":"Sword Boomerang","floor":29},{"not_picked":["Infernal Blade","Warcry","Cleave"],"picked":"SKIP","floor":30},{"not_picked":["Warcry","Iron Wave","Twin Strike"],"picked":"SKIP","floor":31},{"not_picked":["True Grit","Battle Trance+1"],"picked":"Heavy Blade","floor":35},{"not_picked":["Iron Wave","Anger+1","Flex"],"picked":"SKIP","floor":37}],"player_experience":1694317,"relics_obtained":[{"floor":7,"key":"Charon\u0027s Ashes"},{"floor":9,"key":"Gambling Chip"},{"floor":12,"key":"Pen Nib"},{"floor":14,"key":"Bird Faced Urn"},{"floor":24,"key":"Frozen Egg 2"},{"floor":26,"key":"MealTicket"},{"floor":27,"key":"Akabeko"}],"event_choices":[{"damage_healed":0,"gold_gain":150,"player_choice":"AGREE","damage_taken":0,"max_hp_gain":0,"max_hp_loss":0,"event_name":"Liars Game","floor":3,"gold_loss":0,"cards_obtained":["Doubt"]},{"damage_healed":0,"gold_gain":0,"player_choice":"Upgraded","damage_taken":0,"max_hp_gain":0,"max_hp_loss":0,"event_name":"Upgrade Shrine","floor":4,"gold_loss":0,"cards_upgraded":["Inflame"]},{"damage_healed":0,"gold_gain":0,"player_choice":"Ignored","damage_taken":0,"max_hp_gain":0,"max_hp_loss":0,"event_name":"Ghosts","floor":19,"gold_loss":0},{"damage_healed":0,"gold_gain":0,"player_choice":"Ignored","damage_taken":0,"max_hp_gain":0,"max_hp_loss":0,"event_name":"Mysterious Sphere","floor":38,"gold_loss":0},{"damage_healed":15,"gold_gain":0,"player_choice":"Writhe","damage_taken":0,"max_hp_gain":0,"max_hp_loss":0,"event_name":"Winding Halls","floor":39,"gold_loss":0,"cards_obtained":["Writhe"]}],"is_beta":false,"boss_relics":[{"not_picked":["SacredBark","Pandora\u0027s Box"],"picked":"Black Blood"},{"not_picked":["Calling Bell","Coffee Dripper"],"picked":"SlaversCollar"}],"items_purged_floors":[5,36],"is_endless":false,"potions_floor_spawned":[1,2,11,12,16,24,27,28,37],"killed_by":"Giant Head","ascension_level":20}}