{"host":"17uzppmr1r5fe5jj","time":1610705466,"event":{"mods":["BaseMod","Minty Spire (QoL Compilation)","StSLib","TestMod","The Saiyan","[IsaacMod]以撒尖塔"],"gold_per_floor":[387,406,421,434,165,165,195,227,307,307,307,307,335,369,369,471,471,481,492,502,152,152,152,184,184,208,208,208,242,15,15,15,114,114,128,139,1138,1138,1063,1094,1125,1155,1232,1264,1291,973,1005,742,742,742],"floor_reached":51,"language":"ZHS","playtime":3692,"items_purged":["Saiyan:SAIYA_Strike","Saiyan:SAIYA_Strike","Saiyan:SAIYA_Defend","Saiyan:SAIYA_Defend","Saiyan:SAIYA_Strike","Saiyan:SAIYA_Defend","Saiyan:SAIYA_Strike"],"score":1233,"play_id":"28c53286-d0a5-43e6-baac-a54f386911de","local_time":"20210115181106","daily_mods":["Red Cards","Heirloom","Flight","DeadlyEvents","Elite Swarm"],"is_ascension_mode":false,"campfire_choices":[{"data":"Body Slam","floor":6.0,"key":"SMITH"},{"floor":10.0,"key":"REST"},{"floor":11.0,"key":"REST"},{"data":"Shrug It Off","floor":12.0,"key":"SMITH"},{"data":"Saiyan:Momentum","floor":15.0,"key":"SMITH"},{"data":"Reaper","floor":23.0,"key":"SMITH"},{"data":"Immolate","floor":25.0,"key":"SMITH"},{"floor":27.0,"key":"REST"},{"floor":28.0,"key":"REST"},{"data":"Purity","floor":32.0,"key":"SMITH"},{"data":"Enlightenment","floor":49,"key":"SMITH"}],"circlet_count":0,"master_deck":["Saiyan:SAIYA_Defend","Saiyan:EnergyBlast","Saiyan:KaioKen","Saiyan:RuthlessBlow","Saiyan:KiExplosion","Saiyan:ThirstForFight","Body Slam+1","Saiyan:SuperSaiyanThree","Shrug It Off+1","Demon Form","Corruption","Offering","Saiyan:Momentum+1","Reaper+1","Seeing Red","Armaments+1","Necronomicurse","Immolate+1","Purity+1","Feed","True Grit+1","Pommel Strike","Reaper","Bludgeon","Saiyan:HyperTimeChamber","Parasite","Limit Break","Saiyan:MajinSeal","Enlightenment+1"],"relics":["SaiyanSoul","SaiyanHeart","testmod-TestBox","HushsDoor","Void","testmod-Laevatain","Old Coin","Nunchaku","Anchor","PillsDrop","testmod-CyclicPeriapt","testmod-PortableAltar","Membership Card","Leech","Necronomicon","InkBottle","Blood Vial","Cursed Key","Boot","Darkstone Periapt","Bottled Lightning","Art of War","Akabeko","testmod-AssaultLearning","Bottled Tornado","Oddly Smooth Stone","Pear"],"acts_visited":["Exordium","TheCity","TheBeyond"],"potions_floor_usage":[50,50,50],"damage_taken":[{"damage":0.0,"enemies":"Cultist","floor":1.0,"turns":3.0},{"damage":13.0,"enemies":"2 Louse","floor":2.0,"turns":5.0},{"damage":8.0,"enemies":"Jaw Worm","floor":3.0,"turns":2.0},{"damage":4.0,"enemies":"Lots of Slimes","floor":4.0,"turns":3.0},{"damage":8.0,"enemies":"3 Sentries","floor":7.0,"turns":3.0},{"damage":29.0,"enemies":"Gremlin Nob","floor":8.0,"turns":4.0},{"damage":0.0,"enemies":"Lagavulin","floor":13.0,"turns":4.0},{"damage":50.0,"enemies":"Gremlin Nob","floor":14.0,"turns":5.0},{"damage":19.0,"enemies":"Hexaghost","floor":16.0,"turns":9.0},{"damage":1.0,"enemies":"Chosen","floor":18.0,"turns":4.0},{"damage":13.0,"enemies":"3 Byrds","floor":19.0,"turns":6.0},{"damage":51.0,"enemies":"Snake Plant","floor":20.0,"turns":6.0},{"damage":50.0,"enemies":"Book of Stabbing","floor":24.0,"turns":7.0},{"damage":8.0,"enemies":"Slavers","floor":29.0,"turns":2.0},{"damage":8.0,"enemies":"Collector","floor":33.0,"turns":5.0},{"damage":2.0,"enemies":"Orb Walker","floor":35.0,"turns":2.0},{"damage":18.0,"enemies":"3 Darklings","floor":36.0,"turns":4.0},{"damage":28.0,"enemies":"Nemesis","floor":40.0,"turns":3.0},{"damage":9.0,"enemies":"Giant Head","floor":41.0,"turns":4.0},{"damage":6.0,"enemies":"Reptomancer","floor":42.0,"turns":2.0},{"damage":37.0,"enemies":"Nemesis","floor":44.0,"turns":7.0},{"damage":7.0,"enemies":"Giant Head","floor":45.0,"turns":6.0},{"damage":0,"enemies":"Reptomancer","floor":47,"turns":4},{"damage":0,"enemies":"Awakened One","floor":50,"turns":6}],"seed_played":"6918097826983363859","potions_obtained":[{"floor":1.0,"key":"SteroidPotion"},{"floor":2.0,"key":"Energy Potion"},{"floor":4.0,"key":"GamblersBrew"},{"floor":8.0,"key":"Energy Potion"},{"floor":18.0,"key":"BlessingOfTheForge"},{"floor":29.0,"key":"FearPotion"},{"floor":33.0,"key":"Explosive Potion"},{"floor":40.0,"key":"Weak Potion"},{"floor":45.0,"key":"Block Potion"},{"floor":47,"key":"DistilledChaos"}],"is_trial":true,"path_per_floor":["M","M","M","M","$","R","E","E","T","R","R","R","E","E","R","B",null,"M","M","M","$","?","R","E","R","T","R","R","E","$","?","R","B",null,"M","M","?","?","$","E","E","E","T","E","E","$","E","$","R","B",null],"character_chosen":"SAIYAJIN","items_purchased":["BookOfRevelations","Shrug It Off","Membership Card","Leech","SatanicBible","Purity","EssenceOfSteel","testmod-AssaultLearning","Bottled Tornado","Pear","Enlightenment"],"campfire_rested":4,"item_purchase_floors":[5,5,21,21,30,30,46,46,46,48,48],"current_hp_per_floor":[63,53,47,45,45,45,40,15,15,38,61,61,65,22,22,7,92,96,95,52,52,36,36,13,13,13,39,65,62,62,62,62,66,84,84,75,75,75,75,84,86,82,88,83,94,94,96,105,104,112],"gold":742,"neow_bonus":"","is_daily":false,"chose_seed":false,"campfire_upgraded":7,"win_rate":0.0,"timestamp":1610705466,"path_taken":["M","M","M","M","$","R","E","E","T","R","R","R","E","E","R","BOSS","M","?","M","$","?","R","E","R","T","R","R","?","$","?","R","BOSS","M","M","?","?","$","E","E","?","T","?","?","?","?","$","R","BOSS"],"items_purchased_type":["Relic","Card","Relic","Relic","Relic","Card","Potion","Relic","Relic","Relic","Card"],"build_version":"2020-12-22","purchased_purges":7,"victory":true,"max_hp_per_floor":[63,66,68,70,70,70,73,77,77,77,77,77,81,88,88,92,92,96,98,98,97,96,95,92,91,90,89,88,88,87,86,85,90,84,86,91,90,89,88,84,87,87,92,96,97,96,96,105,104,112],"card_choices":[{"not_picked":["Combust","Saiyan:Twize"],"picked":"Saiyan:KiExplosion","floor":1.0},{"not_picked":["Cleave","Uppercut"],"picked":"Saiyan:ThirstForFight","floor":2.0},{"not_picked":["Anger","Bomb"],"picked":"Body Slam","floor":3.0},{"not_picked":["Evolve","Shrug It Off"],"picked":"Saiyan:SuperSaiyanThree","floor":4.0},{"not_picked":["Barricade","Exhume"],"picked":"Demon Form","floor":7.0},{"not_picked":["Saiyan:TransfigurationBeam","Saiyan:SolarFlare"],"picked":"Corruption","floor":8.0},{"not_picked":["Double Tap","Fiend Fire"],"picked":"Offering","floor":13.0},{"not_picked":["Saiyan:SolarFlare","Saiyan:GhostAttack"],"picked":"Saiyan:Momentum","floor":14.0},{"not_picked":["Saiyan:Rekindle","Saiyan:GenkiDama"],"picked":"Reaper","floor":16.0},{"not_picked":["Saiyan:SaiyanHubris","Saiyan:KameHameHa"],"picked":"Seeing Red","floor":18.0},{"not_picked":["Heavy Blade","Rage+1","Saiyan:Medicine"],"picked":"SKIP","floor":19.0},{"not_picked":["Reaper","Saiyan:KiExplosion"],"picked":"Armaments+1","floor":20.0},{"not_picked":["Barricade","Demon Form"],"picked":"Immolate","floor":24.0},{"not_picked":["Juggernaut","Saiyan:MonkeyTail","Saiyan:SuperSaiyanThree"],"picked":"SKIP","floor":29.0},{"not_picked":["Fiend Fire","Saiyan:TransfigurationBeam"],"picked":"Feed","floor":33.0},{"not_picked":["Sentinel+1","Saiyan:KameHameHa+1"],"picked":"True Grit+1","floor":35.0},{"not_picked":["Perfected Strike","Saiyan:AugmentedBlast+1"],"picked":"Pommel Strike","floor":36.0},{"not_picked":["Reaper","Barricade","Juggernaut"],"picked":"SKIP","floor":40.0},{"not_picked":["Barricade","Juggernaut"],"picked":"Reaper","floor":40.0},{"not_picked":["Saiyan:TransfigurationBeam","Demon Form"],"picked":"Bludgeon","floor":41.0},{"not_picked":["Juggernaut","Immolate"],"picked":"Saiyan:HyperTimeChamber","floor":42.0},{"not_picked":["Saiyan:MonkeyTail","Saiyan:GenkiDama","Saiyan:SuperSaiyanThree","Saiyan:HyperTimeChamber"],"picked":"SKIP","floor":44.0},{"not_picked":["Demon Form","Saiyan:SolarFlare","Double Tap"],"picked":"Limit Break","floor":45.0},{"not_picked":["Brutality","Reaper","Corruption"],"picked":"Saiyan:MajinSeal","floor":47}],"player_experience":108593,"relics_obtained":[{"floor":7.0,"key":"Nunchaku"},{"floor":8.0,"key":"Anchor"},{"floor":9.0,"key":"DeathBook"},{"floor":13.0,"key":"PillsDrop"},{"floor":14.0,"key":"testmod-CyclicPeriapt"},{"floor":22.0,"key":"Necronomicon"},{"floor":24.0,"key":"InkBottle"},{"floor":26.0,"key":"Blood Vial"},{"floor":40.0,"key":"Boot"},{"floor":41.0,"key":"Darkstone Periapt"},{"floor":42.0,"key":"Bottled Lightning"},{"floor":43.0,"key":"Question Card"},{"floor":44.0,"key":"Art of War"},{"floor":45.0,"key":"Akabeko"},{"floor":47,"key":"Oddly Smooth Stone"}],"event_choices":[{"damage_healed":0.0,"max_hp_gain":0.0,"max_hp_loss":0.0,"gold_gain":0.0,"event_name":"Cursed Tome","player_choice":"Obtained Book","floor":22.0,"gold_loss":0.0,"damage_taken":16.0},{"damage_healed":0.0,"max_hp_gain":0.0,"max_hp_loss":0.0,"gold_gain":0.0,"event_name":"给自己的盒子","player_choice":"Ignored","floor":31.0,"gold_loss":0.0,"damage_taken":0.0},{"damage_healed":0.0,"max_hp_gain":0.0,"max_hp_loss":0.0,"gold_gain":999.0,"event_name":"MindBloom","player_choice":"Gold","floor":37.0,"gold_loss":0.0,"damage_taken":0.0,"cards_obtained":["Normality","Normality"]},{"cards_removed":["Normality","Normality","Doubt","Shame","Decay"],"damage_healed":0.0,"max_hp_gain":0.0,"max_hp_loss":0.0,"gold_gain":0.0,"event_name":"Fountain of Cleansing","player_choice":"Removed Curses","floor":38.0,"gold_loss":0.0,"damage_taken":0.0}],"is_beta":false,"boss_relics":[{"not_picked":["Astrolabe","Velvet Choker"],"picked":"testmod-PortableAltar"},{"not_picked":[]},{"not_picked":["testmod-SaigiyounoYou","Philosopher\u0027s Stone"],"picked":"Cursed Key"},{"not_picked":[]}],"items_purged_floors":[5,21,30,34,39,46,48],"is_endless":false,"potions_floor_spawned":[1,2,4,8,18,29,33,40,45,47],"ascension_level":0}}