{"host":"pjgcdp3h1plnbocs","time":1610709431,"event":{"mods":["AchievementEnabler","BaseMod","Colored Map","Highlight Path","Minty Spire (QoL Compilation)"],"gold_per_floor":[112,128,145,145,158,158,192,192,274,274,290,290,315,329,329,425,425,410,410,428,282,293,293,325,341,341,341,266,266,266,294,294,399,399,419,97,108,0,10,10,37,37,37,70,70,70,70,70,70,70,70,70,19,49,49],"floor_reached":56,"language":"ENG","playtime":2469,"items_purged":["Strike_G","Strike_G"],"score":1480,"play_id":"95eb56ee-714a-4f92-95dd-51d6fba0fc16","local_time":"20210115121711","is_ascension_mode":true,"campfire_choices":[{"data":"Footwork","floor":6,"key":"SMITH"},{"floor":10,"key":"DIG"},{"floor":12,"key":"DIG"},{"floor":15,"key":"DIG"},{"floor":23,"key":"DIG"},{"floor":27,"key":"DIG"},{"floor":29,"key":"DIG"},{"floor":32,"key":"DIG"},{"floor":40,"key":"DIG"},{"floor":42,"key":"RECALL"},{"floor":45,"key":"DIG"},{"floor":49,"key":"DIG"},{"floor":52,"key":"DIG"}],"circlet_count":0,"master_deck":["Strike_G","Strike_G","Defend_G","Defend_G","Defend_G","Defend_G","Defend_G","Survivor","Neutralize","Deadly Poison","Deadly Poison","Footwork+1","Acrobatics","Adrenaline","Footwork","Escape Plan","Noxious Fumes+1","Footwork+1","Adrenaline","Backflip+1","Noxious Fumes+1","Escape Plan+1","Noxious Fumes+1"],"relics":["Ring of the Snake","Omamori","Shovel","Mummified Hand","WingedGreaves","Strawberry","InkBottle","Girya","WristBlade","Nloth\u0027s Gift","Eternal Feather","Bag of Preparation","PreservedInsect","Paper Crane","TungstenRod","Blue Candle","Lantern","Frozen Egg 2","Fusion Hammer","Red Mask","Kunai","Potion Belt","Pantograph","White Beast Statue","Anchor","Pear","Orichalcum"],"acts_visited":["Exordium","TheCity","TheBeyond","TheEnding"],"potions_floor_usage":[13,18,24,24,24,55,55,55,55,55],"damage_taken":[{"damage":4,"enemies":"Cultist","floor":1,"turns":5},{"damage":0,"enemies":"Small Slimes","floor":2,"turns":3},{"damage":1,"enemies":"Jaw Worm","floor":3,"turns":4},{"damage":3,"enemies":"Large Slime","floor":5,"turns":8},{"damage":11,"enemies":"Lagavulin","floor":7,"turns":9},{"damage":0,"enemies":"Red Slaver","floor":11,"turns":4},{"damage":27,"enemies":"Gremlin Nob","floor":13,"turns":4},{"damage":11,"enemies":"Lots of Slimes","floor":14,"turns":5},{"damage":15,"enemies":"Hexaghost","floor":16,"turns":11},{"damage":10,"enemies":"2 Thieves","floor":18,"turns":4},{"damage":15,"enemies":"Chosen","floor":20,"turns":6},{"damage":23,"enemies":"Sentry and Sphere","floor":22,"turns":10},{"damage":22,"enemies":"Gremlin Leader","floor":24,"turns":7},{"damage":0,"enemies":"Snake Plant","floor":25,"turns":4},{"damage":6,"enemies":"Slavers","floor":31,"turns":7},{"damage":21,"enemies":"Automaton","floor":33,"turns":14},{"damage":10,"enemies":"3 Shapes","floor":35,"turns":5},{"damage":0,"enemies":"3 Darklings","floor":37,"turns":9},{"damage":2,"enemies":"4 Shapes","floor":39,"turns":6},{"damage":0,"enemies":"Nemesis","floor":41,"turns":9},{"damage":0,"enemies":"Giant Head","floor":44,"turns":8},{"damage":0,"enemies":"Awakened One","floor":50,"turns":14},{"damage":0,"enemies":"Shield and Spear","floor":54,"turns":5},{"damage":7,"enemies":"The Heart","floor":55,"turns":12}],"seed_played":"3382957977722846604","potions_obtained":[{"floor":1,"key":"SneckoOil"},{"floor":2,"key":"GamblersBrew"},{"floor":3,"key":"CultistPotion"},{"floor":14,"key":"AttackPotion"},{"floor":18,"key":"Fire Potion"},{"floor":24,"key":"Dexterity Potion"},{"floor":25,"key":"Strength Potion"},{"floor":33,"key":"DuplicationPotion"},{"floor":37,"key":"EssenceOfSteel"},{"floor":54,"key":"SpeedPotion"}],"is_trial":false,"path_per_floor":["M","M","M","?","M","R","E","?","T","R","M","R","E","M","R","B",null,"M","?","M","$","M","R","E","M","T","R","?","R","?","E","R","B",null,"M","$","M","?","M","R","E","R","T","E","R","$","?","?","R","B",null,"R","$","E","B",null],"character_chosen":"THE_SILENT","items_purchased":["Escape Plan","Footwork+1","Adrenaline","Swift Potion"],"campfire_rested":0,"item_purchase_floors":[21,36,36,53],"current_hp_per_floor":[66,66,65,65,62,62,51,48,48,48,48,55,28,17,17,2,77,67,67,52,52,29,29,7,7,7,16,16,25,25,19,28,7,77,67,67,67,67,65,77,77,77,77,77,77,77,73,73,73,73,73,83,83,83,76],"gold":49,"neow_bonus":"RANDOM_COMMON_RELIC","is_daily":false,"chose_seed":false,"campfire_upgraded":1,"win_rate":0.0,"timestamp":1610709431,"path_taken":["M","M","M","?","M","R","E","?","T","R","?","R","E","M","R","BOSS","M","?","?","$","M","R","E","?","T","R","?","R","?","E","R","BOSS","M","$","M","?","M","R","E","R","T","E","R","$","?","?","R","BOSS","R","$","E","BOSS"],"items_purchased_type":["Card","Card","Card","Potion"],"build_version":"2020-12-22","purchased_purges":2,"victory":true,"max_hp_per_floor":[70,70,70,70,70,70,70,70,70,70,70,77,77,77,77,77,77,77,77,77,77,77,77,77,77,77,77,77,77,77,77,77,77,77,77,77,77,77,77,77,77,77,77,77,77,77,73,73,73,73,73,83,83,83,83],"card_choices":[{"not_picked":["Caltrops","Prepared"],"picked":"Deadly Poison","floor":1},{"not_picked":["Poisoned Stab","Cloak And Dagger"],"picked":"Deadly Poison","floor":2},{"not_picked":["Calculated Gamble","Cloak And Dagger"],"picked":"Footwork","floor":3},{"not_picked":["Slice","PiercingWail","Dodge and Roll"],"picked":"SKIP","floor":5},{"not_picked":["Blade Dance","Expertise"],"picked":"Acrobatics","floor":7},{"not_picked":["Quick Slash","Finisher","Outmaneuver"],"picked":"SKIP","floor":11},{"not_picked":["Flying Knee","Well Laid Plans","Endless Agony"],"picked":"SKIP","floor":13},{"not_picked":["Flying Knee","Tools of the Trade","Underhanded Strike"],"picked":"SKIP","floor":14},{"not_picked":["Bullet Time","Glass Knife"],"picked":"Adrenaline","floor":16},{"not_picked":["Heel Hook","PiercingWail","Deflect"],"picked":"SKIP","floor":18},{"not_picked":["Accuracy+1","Quick Slash"],"picked":"Footwork","floor":20},{"not_picked":["Accuracy+1","Dodge and Roll","Slice"],"picked":"SKIP","floor":22},{"not_picked":["Backstab","Outmaneuver","Underhanded Strike"],"picked":"SKIP","floor":24},{"not_picked":["Acrobatics","Catalyst"],"picked":"Noxious Fumes+1","floor":25},{"not_picked":["Dash","Flechettes+1","Bullet Time"],"picked":"SKIP","floor":31},{"not_picked":["Finisher","Riddle With Holes","Slice"],"picked":"SKIP","floor":35},{"not_picked":["Quick Slash+1","Deadly Poison","Dodge and Roll+1"],"picked":"SKIP","floor":37},{"not_picked":["Tactician+1","Phantasmal Killer"],"picked":"Backflip+1","floor":39},{"not_picked":["Flechettes","Predator+1"],"picked":"Noxious Fumes+1","floor":41},{"not_picked":["Tools of the Trade+1","Bullet Time"],"picked":"Escape Plan+1","floor":44},{"not_picked":["Malaise","Backflip","Predator+1"],"picked":"SKIP","floor":54}],"player_experience":168759,"relics_obtained":[{"floor":7,"key":"Shovel"},{"floor":9,"key":"Mummified Hand"},{"floor":10,"key":"WingedGreaves"},{"floor":12,"key":"Strawberry"},{"floor":13,"key":"InkBottle"},{"floor":15,"key":"Girya"},{"floor":23,"key":"Eternal Feather"},{"floor":24,"key":"Bag of Preparation"},{"floor":26,"key":"PreservedInsect"},{"floor":27,"key":"Paper Crane"},{"floor":29,"key":"TungstenRod"},{"floor":31,"key":"Lantern"},{"floor":32,"key":"Frozen Egg 2"},{"floor":40,"key":"Kunai"},{"floor":41,"key":"Potion Belt"},{"floor":44,"key":"Pantograph"},{"floor":45,"key":"White Beast Statue"},{"floor":49,"key":"Anchor"},{"floor":52,"key":"Pear"},{"floor":54,"key":"Orichalcum"}],"event_choices":[{"damage_healed":0,"gold_gain":0,"player_choice":"Ignored","damage_taken":0,"max_hp_gain":0,"max_hp_loss":0,"event_name":"Liars Game","floor":4,"gold_loss":0},{"damage_healed":0,"gold_gain":0,"player_choice":"Success","damage_taken":3,"relics_obtained":["Pen Nib"],"max_hp_gain":0,"max_hp_loss":0,"event_name":"Scrap Ooze","floor":8,"gold_loss":0},{"damage_healed":0,"gold_gain":0,"player_choice":"Traded Relic","damage_taken":0,"relics_obtained":["Nloth\u0027s Gift"],"max_hp_gain":0,"max_hp_loss":0,"event_name":"N\u0027loth","floor":19,"relics_lost":["Pen Nib"],"gold_loss":0},{"cards_removed":["Strike_G"],"damage_healed":0,"gold_gain":0,"player_choice":"Gave Gold","damage_taken":0,"max_hp_gain":0,"max_hp_loss":0,"event_name":"Beggar","floor":28,"gold_loss":75},{"damage_healed":0,"gold_gain":0,"player_choice":"Opened","damage_taken":0,"relics_obtained":["Blue Candle"],"max_hp_gain":0,"max_hp_loss":0,"event_name":"The Mausoleum","floor":30,"gold_loss":0},{"damage_healed":0,"gold_gain":0,"player_choice":"Paid","damage_taken":0,"relics_obtained":["Red Mask"],"max_hp_gain":0,"max_hp_loss":0,"event_name":"Tomb of Lord Red Mask","floor":38,"gold_loss":108},{"damage_healed":0,"gold_gain":0,"player_choice":"Max HP","damage_taken":0,"max_hp_gain":0,"max_hp_loss":4,"event_name":"Winding Halls","floor":47,"gold_loss":0},{"damage_healed":0,"gold_gain":0,"player_choice":"Copied","damage_taken":0,"max_hp_gain":0,"max_hp_loss":0,"event_name":"Duplicator","floor":48,"gold_loss":0,"cards_obtained":["Noxious Fumes"]}],"is_beta":false,"boss_relics":[{"not_picked":["Runic Pyramid","Ectoplasm"],"picked":"WristBlade"},{"not_picked":["Pandora\u0027s Box","Coffee Dripper"],"picked":"Fusion Hammer"}],"items_purged_floors":[21,36],"is_endless":false,"potions_floor_spawned":[1,2,3,14,18,24,25,33,37,39,54],"ascension_level":1}}