{"host":"2vm9o2fc5crca06n","time":1610716493,"event":{"mods":["BaseMod","Bestiary","Googly Eyes","Minty Spire (QoL Compilation)","SuperFastMode"],"gold_per_floor":[119,139,150,150,150,150,110,120,120,120,147,166,166,177,177,275,275,295,210,210,210,221,221,247,247,272,272,287,320,320,339,339,443,443,463,463,513,438,438,465,465,480,480,490,41,96,96,111,111,111],"floor_reached":51,"language":"ENG","playtime":2208,"items_purged":["Armaments+1"],"score":838,"play_id":"a3e565bb-2dd6-489b-b537-6f22a9241cfc","local_time":"20210115131453","daily_mods":["SealedDeck"],"is_ascension_mode":false,"campfire_choices":[{"data":"Armaments","floor":6,"key":"SMITH"},{"data":"Armaments","floor":15,"key":"SMITH"},{"data":"Intimidate","floor":23,"key":"SMITH"},{"data":"Evolve","floor":27,"key":"SMITH"},{"data":"Iron Wave","floor":30,"key":"SMITH"},{"data":"Flame Barrier","floor":32,"key":"SMITH"},{"data":"Juggernaut","floor":47,"key":"SMITH"},{"data":"True Grit","floor":49,"key":"SMITH"}],"circlet_count":0,"master_deck":["Armaments+1","Iron Wave+1","Iron Wave+1","True Grit+1","Iron Wave+1","Body Slam+1","Body Slam+1","Evolve+1","Flame Barrier+1","Juggernaut+1","Good Instincts"],"relics":["Black Blood","Kunai","Blue Candle","Molten Egg 2","Coffee Dripper","Nloth\u0027s Gift","Ginger","Omamori","Whetstone","Bottled Lightning","Mango","FossilizedHelix","Sling","Gambling Chip"],"acts_visited":["Exordium","TheCity","TheBeyond"],"potions_floor_usage":[16,29,33,33,44,50],"damage_taken":[{"damage":0,"enemies":"Cultist","floor":1,"turns":3},{"damage":0,"enemies":"2 Louse","floor":2,"turns":2},{"damage":0,"enemies":"Small Slimes","floor":3,"turns":3},{"damage":0,"enemies":"3 Louse","floor":8,"turns":2},{"damage":0,"enemies":"Gremlin Nob","floor":11,"turns":4},{"damage":0,"enemies":"2 Fungi Beasts","floor":12,"turns":4},{"damage":0,"enemies":"Blue Slaver","floor":14,"turns":4},{"damage":11,"enemies":"The Guardian","floor":16,"turns":8},{"damage":0,"enemies":"Chosen","floor":18,"turns":4},{"damage":0,"enemies":"Shell Parasite","floor":22,"turns":4},{"damage":0,"enemies":"Gremlin Leader","floor":24,"turns":7},{"damage":0,"enemies":"Snecko","floor":28,"turns":4},{"damage":0,"enemies":"Book of Stabbing","floor":29,"turns":5},{"damage":0,"enemies":"Snake Plant","floor":31,"turns":3},{"damage":20,"enemies":"Champ","floor":33,"turns":10},{"damage":14,"enemies":"Orb Walker","floor":35,"turns":4},{"damage":4,"enemies":"Mind Bloom Boss Battle","floor":37,"turns":6},{"damage":1,"enemies":"Giant Head","floor":40,"turns":8},{"damage":4,"enemies":"3 Darklings","floor":42,"turns":6},{"damage":21,"enemies":"Writhing Mass","floor":44,"turns":6},{"damage":17,"enemies":"2 Orb Walkers","floor":46,"turns":4},{"damage":33,"enemies":"Sphere and 2 Shapes","floor":48,"turns":5},{"damage":18,"enemies":"Awakened One","floor":50,"turns":12}],"seed_played":"6298310868951741336","potions_obtained":[{"floor":2,"key":"ElixirPotion"},{"floor":8,"key":"LiquidMemories"},{"floor":12,"key":"CultistPotion"},{"floor":22,"key":"SpeedPotion"},{"floor":31,"key":"FearPotion"},{"floor":37,"key":"AttackPotion"},{"floor":40,"key":"Strength Potion"}],"is_trial":true,"path_per_floor":["M","M","M","?","?","R","$","M","T","?","E","M","?","M","R","B",null,"M","?","$","?","M","R","E","?","T","R","M","E","R","M","R","B",null,"M","?","?","$","?","E","?","M","T","M","$","?","R","M","R","B",null],"character_chosen":"IRONCLAD","items_purchased":["Evolve","FossilizedHelix","Sling"],"campfire_rested":0,"item_purchase_floors":[7,45,45],"current_hp_per_floor":[80,80,80,64,69,69,69,75,75,68,74,80,55,61,61,56,85,85,85,85,85,85,85,85,85,85,85,85,85,85,85,85,71,85,83,83,85,85,81,81,81,81,95,86,86,81,81,60,60,54],"gold":111,"neow_bonus":"","is_daily":false,"chose_seed":false,"campfire_upgraded":8,"win_rate":0.0,"timestamp":1610716493,"path_taken":["M","?","M","?","?","R","$","M","T","?","E","M","?","M","R","BOSS","M","?","$","?","?","R","E","?","T","R","M","E","R","M","R","BOSS","M","?","?","$","?","E","?","M","T","?","$","?","R","M","R","BOSS"],"items_purchased_type":["Card","Relic","Relic"],"build_version":"2020-12-22","purchased_purges":1,"victory":true,"max_hp_per_floor":[80,80,80,80,85,85,85,85,85,85,85,85,85,85,85,85,85,85,85,85,85,85,85,85,85,85,85,85,85,85,85,85,85,85,85,85,85,85,81,81,81,81,95,95,95,95,95,95,95,95],"card_choices":[{"not_picked":["Perfected Strike","Inflame","Heavy Blade"],"picked":"SKIP","floor":1},{"not_picked":["Blood for Blood","Havoc","Reckless Charge"],"picked":"SKIP","floor":2},{"not_picked":["Shockwave","Pommel Strike","Cleave"],"picked":"SKIP","floor":3},{"not_picked":["Carnage","Searing Blow"],"picked":"Flame Barrier","floor":8},{"not_picked":["Evolve","Armaments","Rampage"],"picked":"SKIP","floor":11},{"not_picked":["Havoc","Power Through","Heavy Blade"],"picked":"SKIP","floor":12},{"not_picked":["Anger+1","Perfected Strike+1","True Grit"],"picked":"SKIP","floor":14},{"not_picked":["Wild Strike+1","Uppercut+1","Infernal Blade"],"picked":"SKIP","floor":18},{"not_picked":["Infernal Blade+1","True Grit+1","Iron Wave+1"],"picked":"SKIP","floor":22},{"not_picked":["Warcry","Intimidate","Heavy Blade+1"],"picked":"SKIP","floor":24},{"not_picked":["Dual Wield","Whirlwind+1","Intimidate"],"picked":"SKIP","floor":28},{"not_picked":["Bludgeon+1","Reckless Charge+1","Combust"],"picked":"SKIP","floor":29},{"not_picked":["Warcry+1","Cleave+1","Anger+1"],"picked":"SKIP","floor":31},{"not_picked":["Impervious","Feed+1"],"picked":"Juggernaut","floor":33},{"not_picked":["Sword Boomerang+1","Clothesline+1","Impervious"],"picked":"SKIP","floor":35},{"not_picked":["Twin Strike+1","Bludgeon+1","Headbutt+1"],"picked":"SKIP","floor":40},{"not_picked":["Magnetism","Enlightenment"],"picked":"Good Instincts","floor":41},{"not_picked":["Flex+1","Clothesline+1","Cleave+1"],"picked":"SKIP","floor":42},{"not_picked":["Heavy Blade+1","Iron Wave+1","Reckless Charge+1"],"picked":"SKIP","floor":44},{"not_picked":["Havoc+1","Pommel Strike+1","Inflame"],"picked":"SKIP","floor":48}],"player_experience":339176,"relics_obtained":[{"floor":9,"key":"Kunai"},{"floor":11,"key":"Blue Candle"},{"floor":24,"key":"Ginger"},{"floor":26,"key":"Omamori"},{"floor":29,"key":"Whetstone"},{"floor":40,"key":"Bottled Lightning"},{"floor":43,"key":"Mango"},{"floor":46,"key":"Gambling Chip"}],"event_choices":[{"damage_healed":0,"gold_gain":0,"player_choice":"Entered Light","damage_taken":16,"max_hp_gain":0,"max_hp_loss":0,"event_name":"Shining Light","floor":4,"gold_loss":0,"cards_upgraded":["Iron Wave","Iron Wave"]},{"damage_healed":0,"gold_gain":0,"player_choice":"Donut","damage_taken":0,"max_hp_gain":5,"max_hp_loss":0,"event_name":"Big Fish","floor":5,"gold_loss":0},{"cards_removed":["Shrug It Off"],"damage_healed":0,"gold_gain":0,"player_choice":"Card Removal","damage_taken":7,"max_hp_gain":0,"max_hp_loss":0,"event_name":"Golden Wing","floor":10,"gold_loss":0},{"damage_healed":0,"gold_gain":0,"player_choice":"Success","damage_taken":25,"relics_obtained":["Molten Egg 2"],"max_hp_gain":0,"max_hp_loss":0,"event_name":"Scrap Ooze","floor":13,"gold_loss":0},{"damage_healed":0,"gold_gain":0,"player_choice":"Obtained Relic","damage_taken":0,"relics_obtained":["Matryoshka"],"max_hp_gain":0,"max_hp_loss":0,"event_name":"Addict","floor":19,"gold_loss":85},{"damage_healed":0,"gold_gain":0,"player_choice":"Traded Relic","damage_taken":0,"relics_obtained":["Nloth\u0027s Gift"],"max_hp_gain":0,"max_hp_loss":0,"event_name":"N\u0027loth","floor":21,"relics_lost":["Matryoshka"],"gold_loss":0},{"damage_healed":0,"gold_gain":0,"player_choice":"Ignored","damage_taken":0,"max_hp_gain":0,"max_hp_loss":0,"event_name":"Beggar","floor":25,"gold_loss":0},{"cards_removed":["Intimidate"],"damage_healed":0,"gold_gain":0,"player_choice":"Removed Skill","damage_taken":0,"max_hp_gain":0,"max_hp_loss":0,"event_name":"Falling","floor":36,"gold_loss":0},{"damage_healed":0,"gold_gain":0,"player_choice":"Fight","damage_taken":0,"max_hp_gain":0,"max_hp_loss":0,"event_name":"MindBloom","floor":37,"gold_loss":0},{"damage_healed":0,"gold_gain":0,"player_choice":"Max HP","damage_taken":0,"max_hp_gain":0,"max_hp_loss":4,"event_name":"Winding Halls","floor":39,"gold_loss":0},{"damage_healed":0,"gold_gain":0,"player_choice":"Memory 1","damage_taken":0,"max_hp_gain":0,"max_hp_loss":0,"event_name":"SensoryStone","floor":41,"gold_loss":0},{"damage_healed":0,"gold_gain":0,"player_choice":"Fight","damage_taken":0,"max_hp_gain":0,"max_hp_loss":0,"event_name":"Mysterious Sphere","floor":46,"gold_loss":0}],"is_beta":false,"boss_relics":[{"not_picked":["Tiny House","Empty Cage"],"picked":"Coffee Dripper"},{"not_picked":["Sozu","Velvet Choker"],"picked":"Black Blood"}],"items_purged_floors":[38],"is_endless":false,"potions_floor_spawned":[2,8,12,22,24,31,37,40],"ascension_level":0}}