{"host":"6h0diz2ap0m56grs","time":1610677375,"event":{"mods":["2.2 Compatiblity","BaseMod","Colored Map","Marisa????????","Minty Spire (QoL Compilation)","Quick Restart","Replay The Spire","Shop Mod","StSLib","The Servant 0.9.4"],"gold_per_floor":[116,131,131,131,148,179,213,213,213,239,269,269,304,333,333,430,430,444,404,416,466,312,344,377,402,402,436,445,487,496,515,515,623,623,646,646,597,597,89,124,168,199,199,218,227,260,260,275,275,275],"floor_reached":51,"language":"ENG","playtime":2116,"items_purged":["Quick Slash"],"score":1883,"play_id":"21789228-1df4-47b9-85b9-c90f8a4f464e","local_time":"20210114202255","daily_mods":["SealedDeck","Heirloom","Time Dilation","Flight"],"is_ascension_mode":true,"campfire_choices":[{"data":"Replay:Poison Smokescreen","floor":8,"key":"SMITH"},{"data":"Replay:Poison Smokescreen","floor":12,"key":"SMITH"},{"data":"Noxious Fumes","floor":15,"key":"SMITH"},{"data":"Footwork","floor":30,"key":"SMITH"},{"data":"Noxious Fumes","floor":32,"key":"SMITH"},{"data":"Noxious Fumes","floor":47,"key":"SMITH"},{"data":"Footwork","floor":49,"key":"SMITH"}],"circlet_count":0,"master_deck":["Dodge and Roll+1","Dodge and Roll","Dodge and Roll","Blur+1","Dash","Noxious Fumes+1","Noxious Fumes+1","Replay:Poison Smokescreen+1","Crippling Poison","Footwork+1","Glass Knife+1","Replay:Poison Smokescreen+1","Poison Darts+1","Malaise+1","Noxious Fumes","Footwork+1","Draining Mist+1","Predator+1","Corpse Explosion+1","Draining Mist+1","Footwork","Noxious Fumes+1","Bouncing Flask+1","Footwork+1"],"relics":["Snecko Eye","Ring of Chaos","replay:Trail_Library","Singing Bowl","Garlic","The Courier","Molten Egg 2","Iron Hammer","Toxic Egg 2","Tiny Chest","Sozu","TwistedFunnel","MerchantsRug","Bronze Scales","CeramicFish","Turnip","Mirror","Pen Nib","Eternal Feather","Gremlin Food","SacredBark","War Paint","Replay:Rubber Ducky","BargainBundle","Vajra","Blue Candle","Letter Opener","Toy Ornithopter","Basket Of Snakes","Anchor"],"acts_visited":["Exordium","TheCity","TheBeyond"],"potions_floor_usage":[50],"damage_taken":[{"damage":0,"enemies":"Jaw Worm","floor":1,"turns":3},{"damage":0,"enemies":"Cultist","floor":2,"turns":3},{"damage":0,"enemies":"2 Louse","floor":5,"turns":2},{"damage":0,"enemies":"Lagavulin","floor":6,"turns":6},{"damage":0,"enemies":"Gremlin Nob","floor":7,"turns":3},{"damage":0,"enemies":"Lagavulin","floor":10,"turns":5},{"damage":4,"enemies":"Gremlin Nob","floor":11,"turns":4},{"damage":0,"enemies":"3 Sentries","floor":13,"turns":4},{"damage":0,"enemies":"Lagavulin","floor":14,"turns":2},{"damage":0,"enemies":"Fading Forest","floor":16,"turns":11},{"damage":0,"enemies":"Shell Parasite","floor":18,"turns":2},{"damage":0,"enemies":"3 Byrds","floor":20,"turns":3},{"damage":0,"enemies":"Gremlin Leader","floor":23,"turns":4},{"damage":0,"enemies":"Slavers","floor":24,"turns":3},{"damage":0,"enemies":"Gremlin Leader","floor":25,"turns":3},{"damage":0,"enemies":"Slavers","floor":27,"turns":3},{"damage":0,"enemies":"Gremlin Leader","floor":29,"turns":4},{"damage":0,"enemies":"Centurion and Healer","floor":31,"turns":3},{"damage":0,"enemies":"Pondfish","floor":33,"turns":7},{"damage":0,"enemies":"Orb Walker","floor":35,"turns":2},{"damage":0,"enemies":"Reptomancer","floor":40,"turns":5},{"damage":0,"enemies":"Giant Head","floor":41,"turns":7},{"damage":0,"enemies":"Reptomancer","floor":42,"turns":4},{"damage":0,"enemies":"3 Darklings","floor":44,"turns":2},{"damage":2,"enemies":"Giant Head","floor":46,"turns":7},{"damage":0,"enemies":"Transient","floor":48,"turns":5},{"damage":0,"enemies":"Time Eater","floor":50,"turns":9}],"seed_played":"-6510387841194554525","potions_obtained":[{"floor":2,"key":"FearPotion"},{"floor":5,"key":"Block Potion"},{"floor":10,"key":"DuplicationPotion"}],"is_trial":true,"path_per_floor":["M","M","$","?","M","E","E","R","T","E","E","R","E","E","R","B",null,"M","?","M","?","$","E","E","E","T","E","T","E","R","M","R","B",null,"M","?","$","?","$","E","E","E","T","M","?","E","R","M","R","B",null],"character_chosen":"THE_SILENT","items_purchased":["TwistedFunnel","MerchantsRug","Footwork","War Paint","Replay:Rubber Ducky","BargainBundle","Noxious Fumes","Vajra"],"campfire_rested":0,"item_purchase_floors":[22,22,37,39,39,39,39,39],"current_hp_per_floor":[70,70,70,70,70,70,72,72,72,74,70,70,70,73,73,76,76,78,78,80,80,80,82,84,86,86,86,86,86,86,88,88,88,88,88,88,88,88,88,90,90,92,92,94,94,94,96,98,98,98],"gold":275,"neow_bonus":"","is_daily":false,"chose_seed":false,"campfire_upgraded":7,"win_rate":0.0,"timestamp":1610677375,"path_taken":["M","M","$","?","?","E","E","R","T","E","E","R","E","E","R","BOSS","M","?","?","?","$","E","E","E","T","E","?","E","R","M","R","BOSS","M","?","$","?","$","E","E","E","T","M","?","E","R","M","R","BOSS"],"items_purchased_type":["Relic","Relic","Card","Relic","Relic","Relic","Card","Relic"],"build_version":"2020-12-22","purchased_purges":1,"victory":true,"max_hp_per_floor":[70,70,70,70,70,70,72,72,72,74,74,74,74,76,76,76,76,78,78,80,80,80,82,84,86,86,86,86,86,86,88,88,88,88,88,88,88,88,88,90,90,92,92,94,94,96,96,98,98,98],"card_choices":[{"not_picked":["Terror","Quick Slash","Riddle With Holes"],"picked":"SKIP","floor":1},{"not_picked":["Hidden Blade","Escape Plan"],"picked":"Crippling Poison","floor":2},{"not_picked":["Acrobatics","Poisoned Stab","Blade Dance"],"picked":"SKIP","floor":5},{"not_picked":["Bouncing Flask","Deadly Poison"],"picked":"Footwork","floor":6},{"not_picked":["Cloak And Dagger","Acrobatics","Sucker Punch"],"picked":"Singing Bowl","floor":7},{"not_picked":["Hidden Blade","Sucker Punch+1","Flechettes+1"],"picked":"Singing Bowl","floor":10},{"not_picked":["Blade Dance","Cloak And Dagger"],"picked":"Glass Knife+1","floor":11},{"not_picked":["Backflip+1","Flying Knee+1"],"picked":"Poison Darts+1","floor":13},{"not_picked":["Sucker Punch+1","Quick Slash+1","Acrobatics+1"],"picked":"Singing Bowl","floor":14},{"not_picked":["Storm of Steel+1","Doppelganger+1"],"picked":"Malaise+1","floor":16},{"not_picked":["Sucker Punch+1","Reflex+1","Predator+1"],"picked":"Singing Bowl","floor":18},{"not_picked":["Riddle With Holes+1","Slice+1","Underhanded Strike+1"],"picked":"Singing Bowl","floor":20},{"not_picked":["Reflex+1","Infinite Blades+1","Escape Plan+1"],"picked":"Singing Bowl","floor":23},{"not_picked":["Poisoned Stab+1","Infinite Blades","Dodge and Roll+1"],"picked":"Singing Bowl","floor":24},{"not_picked":["ReplayTheSpireMod:Tripwire+1","Choke+1","Flying Knee+1"],"picked":"Singing Bowl","floor":25},{"not_picked":["Skewer+1","Flying Knee+1"],"picked":"Noxious Fumes","floor":27},{"not_picked":["Deflect+1","Cloak And Dagger+1"],"picked":"Draining Mist+1","floor":29},{"not_picked":["Tactician+1","Terror+1","Concentrate+1"],"picked":"Singing Bowl","floor":31},{"not_picked":["Storm of Steel+1","After Image"],"picked":"Corpse Explosion+1","floor":33},{"not_picked":["Bane+1","Outmaneuver+1"],"picked":"Draining Mist+1","floor":35},{"not_picked":["Acrobatics+1","A Thousand Cuts","Cloak And Dagger+1"],"picked":"Singing Bowl","floor":40},{"not_picked":["ReplayTheSpireMod:Exploit Weakness+1","Dagger Throw+1"],"picked":"Bouncing Flask+1","floor":41},{"not_picked":["PiercingWail+1","Deflect+1","ReplayTheSpireMod:The Works+1"],"picked":"Singing Bowl","floor":42},{"not_picked":["ReplayTheSpireMod:Shiv Toss+1","Dagger Spray+1","Outmaneuver+1"],"picked":"Singing Bowl","floor":44},{"not_picked":["Flechettes+1","Finisher+1","ReplayTheSpireMod:Shiv Toss+1"],"picked":"Singing Bowl","floor":46},{"not_picked":["Backflip+1","PiercingWail+1","Underhanded Strike+1"],"picked":"Singing Bowl","floor":48}],"player_experience":178388,"relics_obtained":[{"floor":6,"key":"Singing Bowl"},{"floor":7,"key":"Garlic"},{"floor":9,"key":"The Courier"},{"floor":10,"key":"Molten Egg 2"},{"floor":11,"key":"Iron Hammer"},{"floor":13,"key":"Toxic Egg 2"},{"floor":14,"key":"Tiny Chest"},{"floor":23,"key":"Bronze Scales"},{"floor":24,"key":"CeramicFish"},{"floor":25,"key":"Turnip"},{"floor":26,"key":"Mirror"},{"floor":27,"key":"Pen Nib"},{"floor":28,"key":"Eternal Feather"},{"floor":29,"key":"Gremlin Food"},{"floor":40,"key":"Blue Candle"},{"floor":41,"key":"Letter Opener"},{"floor":42,"key":"Toy Ornithopter"},{"floor":43,"key":"Basket Of Snakes"},{"floor":46,"key":"Anchor"}],"event_choices":[{"damage_healed":0,"gold_gain":0,"player_choice":"Ignored","damage_taken":0,"max_hp_gain":0,"max_hp_loss":0,"event_name":"Transmorgrifier","floor":4,"gold_loss":0},{"damage_healed":0,"gold_gain":0,"player_choice":"Upgrade","damage_taken":0,"max_hp_gain":0,"max_hp_loss":0,"event_name":"Designer","floor":19,"gold_loss":40,"cards_upgraded":["Footwork"]},{"damage_healed":0,"gold_gain":100,"player_choice":"Bet on Murderer","damage_taken":0,"max_hp_gain":0,"max_hp_loss":0,"event_name":"The Joust","floor":21,"gold_loss":50},{"cards_removed":["Flying Knee"],"damage_healed":0,"gold_gain":0,"player_choice":"Removed Attack","damage_taken":0,"max_hp_gain":0,"max_hp_loss":0,"event_name":"Falling","floor":36,"gold_loss":0},{"damage_healed":0,"gold_gain":0,"player_choice":"Ignored","damage_taken":0,"max_hp_gain":0,"max_hp_loss":0,"event_name":"Tomb of Lord Red Mask","floor":38,"gold_loss":0}],"is_beta":false,"boss_relics":[{"not_picked":["Cursed Key","Abe\u0027s Treasure"],"picked":"Sozu"},{"not_picked":["Tiny House","Kintsugi"],"picked":"SacredBark"}],"items_purged_floors":[39],"is_endless":false,"potions_floor_spawned":[2,5,10,14,20,23,24,27,29,31,35,41],"ascension_level":1}}