{"host":"9jj9tzo2iym4bpat","time":1610683088,"event":{"mods":["Act Like it!","BaseMod","CapriCore","Colored Map","Dark Map","Luminous","Marisa????????","Minty Spire (QoL Compilation)","Permanent Neow","StSLib","Td1madao Mod","The Animator","The Immortal","The Marked","The Servant 0.9.4","Yakumo Yukari mod"],"gold_per_floor":[109,109,121,134,134,161,161,175,175,175,250,250,250,267,267,367,367,380,380,380,106,123,123,99,99,99,99,129,82,114,140,140,237,237,247,247,265,265,265,265,296,315,315,330,330,0,0,26,26,26],"floor_reached":51,"language":"ENG","playtime":1530,"items_purged":["Pain"],"score":944,"play_id":"1f393808-cb29-40e3-bdce-9d6556093f6a","local_time":"20210114215808","is_ascension_mode":true,"campfire_choices":[{"floor":7,"key":"REST"},{"floor":12,"key":"REST"},{"floor":15,"key":"REST"},{"floor":23,"key":"REST"},{"floor":27,"key":"REST"},{"floor":32,"key":"REST"},{"data":"Barricade","floor":40,"key":"SMITH"},{"floor":45,"key":"REST"},{"floor":49,"key":"REST"}],"circlet_count":0,"master_deck":["Strike_R","Strike_R+1","Defend_R","Defend_R","Defend_R","Defend_R+1","Bash","Sword Boomerang+1","Impervious+1","Fiend Fire+1","Wild Strike","Perfected Strike","Spot Weakness","Clothesline","Headbutt","Body Slam","Flex","Barricade+1","Pommel Strike","RitualDagger","Twin Strike","Twin Strike","True Grit+1","Shrug It Off+1","Cleave","Wild Strike","Pommel Strike","Impervious","Wild Strike+1","Dramatic Entrance","Flame Barrier","Cleave","True Grit+1","Shrug It Off","Shrug It Off"],"relics":["Astrolabe","WarpedTongs","Dream Catcher","Bottled Flame","Mango","Sozu","Kunai","Happy Flower","Bag of Marbles","Pen Nib","Vajra","Bag of Preparation","Philosopher\u0027s Stone","Strawberry","War Paint","Centennial Puzzle","Red Mask","Ornamental Fan"],"acts_visited":["Exordium","TheCity","TheBeyond"],"potions_floor_usage":[33,33,33],"damage_taken":[{"damage":0,"enemies":"2 Louse","floor":1,"turns":3},{"damage":0,"enemies":"Cultist","floor":3,"turns":2},{"damage":7,"enemies":"Jaw Worm","floor":4,"turns":3},{"damage":31,"enemies":"Lagavulin","floor":6,"turns":6},{"damage":15,"enemies":"Large Slime","floor":8,"turns":5},{"damage":8,"enemies":"2 Fungi Beasts","floor":14,"turns":2},{"damage":67,"enemies":"Hexaghost","floor":16,"turns":8},{"damage":34,"enemies":"2 Thieves","floor":18,"turns":4},{"damage":6,"enemies":"Shell Parasite","floor":22,"turns":4},{"damage":26,"enemies":"Gremlin Leader","floor":28,"turns":5},{"damage":39,"enemies":"Slavers","floor":30,"turns":5},{"damage":45,"enemies":"Champ","floor":33,"turns":6},{"damage":20,"enemies":"3 Shapes","floor":35,"turns":2},{"damage":0,"enemies":"Orb Walker","floor":37,"turns":3},{"damage":1,"enemies":"Giant Head","floor":41,"turns":9},{"damage":9,"enemies":"4 Shapes","floor":42,"turns":2},{"damage":36,"enemies":"Spire Growth","floor":44,"turns":3},{"damage":52,"enemies":"Nemesis","floor":48,"turns":7},{"damage":30,"enemies":"Awakened One","floor":50,"turns":16}],"seed_played":"-1356681525877902798","potions_obtained":[{"floor":1,"key":"SteroidPotion"},{"floor":6,"key":"SteroidPotion"},{"floor":16,"key":"Explosive Potion"}],"is_trial":false,"path_per_floor":["M","?","M","M","?","E","R","M","T","?","?","R","?","M","R","B",null,"M","?","?","$","M","R","$","?","T","R","E","$","E","T","R","B",null,"M","?","M","?","T","R","E","M","T","M","R","?","$","E","R","B",null],"character_chosen":"IRONCLAD","items_purchased":["Happy Flower","Twin Strike","True Grit","Cleave"],"campfire_rested":8,"item_purchase_floors":[21,21,24,29],"current_hp_per_floor":[80,80,80,73,73,42,66,51,51,62,51,79,60,52,80,13,94,60,60,54,54,48,76,76,57,57,86,60,60,21,21,50,5,99,79,79,79,79,86,86,85,76,76,40,71,71,71,19,50,20],"gold":26,"neow_bonus":"BOSS_RELIC","is_daily":false,"chose_seed":false,"campfire_upgraded":1,"win_rate":0.0,"timestamp":1610683088,"path_taken":["M","?","M","M","?","E","R","?","T","?","?","R","?","M","R","BOSS","M","?","?","?","?","R","$","?","T","R","E","$","E","?","R","BOSS","M","?","M","?","?","R","E","M","T","?","R","?","$","E","R","BOSS"],"items_purchased_type":["Relic","Card","Card","Card"],"build_version":"2020-12-22","purchased_purges":1,"victory":true,"max_hp_per_floor":[80,80,80,80,80,80,80,80,80,94,94,94,94,94,94,94,94,94,94,94,94,94,94,94,99,99,99,99,99,99,99,99,99,99,99,99,99,99,106,106,106,106,106,106,106,106,106,106,106,106],"card_choices":[{"not_picked":["Uppercut","Clash"],"picked":"Wild Strike","floor":1},{"not_picked":["Sword Boomerang","Flex"],"picked":"Perfected Strike","floor":3},{"not_picked":["Rage","Whirlwind"],"picked":"Spot Weakness","floor":4},{"not_picked":["Reckless Charge","Battle Trance"],"picked":"Clothesline","floor":6},{"not_picked":["Sentinel","Dropkick"],"picked":"Headbutt","floor":7},{"not_picked":["Thunderclap","Feel No Pain","Warcry"],"picked":"SKIP","floor":8},{"not_picked":["Impervious","Clothesline"],"picked":"Body Slam","floor":14},{"not_picked":["Blood for Blood","Dark Embrace"],"picked":"Flex","floor":15},{"not_picked":["Bludgeon","Exhume"],"picked":"Barricade","floor":16},{"not_picked":["Blood for Blood","Sword Boomerang"],"picked":"Pommel Strike","floor":18},{"not_picked":["Havoc","Metallicize"],"picked":"Twin Strike","floor":22},{"not_picked":["True Grit","Sword Boomerang+1"],"picked":"Shrug It Off","floor":27},{"not_picked":["Twin Strike","Demon Form"],"picked":"Metallicize","floor":28},{"not_picked":["Havoc","Sword Boomerang"],"picked":"Wild Strike","floor":30},{"not_picked":["Anger","Shrug It Off"],"picked":"Pommel Strike","floor":32},{"not_picked":["Demon Form","Berserk"],"picked":"Impervious","floor":33},{"not_picked":["Anger+1","Clothesline+1"],"picked":"Wild Strike+1","floor":35},{"not_picked":["Flash of Steel","Dark Shackles"],"picked":"Dramatic Entrance","floor":36},{"not_picked":["Flex+1","Iron Wave"],"picked":"Flame Barrier","floor":37},{"not_picked":["Whirlwind","Cleave","Berserk"],"picked":"SKIP","floor":41},{"not_picked":["Rampage","Spot Weakness"],"picked":"Cleave","floor":42},{"not_picked":["Cleave+1","Whirlwind"],"picked":"True Grit+1","floor":44},{"not_picked":["Body Slam","Headbutt+1"],"picked":"Shrug It Off","floor":45},{"not_picked":["Corruption","Metallicize","Uppercut+1"],"picked":"SKIP","floor":48},{"not_picked":["Uppercut","Havoc+1"],"picked":"Shrug It Off","floor":49}],"player_experience":253257,"relics_obtained":[{"floor":6,"key":"Dream Catcher"},{"floor":9,"key":"Bottled Flame"},{"floor":26,"key":"Bag of Marbles"},{"floor":28,"key":"Pen Nib"},{"floor":30,"key":"Vajra"},{"floor":31,"key":"Bag of Preparation"},{"floor":39,"key":"Strawberry"},{"floor":41,"key":"War Paint"},{"floor":43,"key":"Centennial Puzzle"},{"floor":48,"key":"Ornamental Fan"}],"event_choices":[{"damage_healed":0,"gold_gain":0,"player_choice":"Leave","damage_taken":0,"max_hp_gain":0,"max_hp_loss":0,"event_name":"The Cleric","floor":2,"gold_loss":0},{"damage_healed":0,"gold_gain":0,"player_choice":"Rummage","damage_taken":0,"relics_obtained":["WarpedTongs"],"max_hp_gain":0,"max_hp_loss":0,"event_name":"Accursed Blacksmith","floor":5,"gold_loss":0,"cards_obtained":["Pain"]},{"damage_healed":0,"gold_gain":0,"player_choice":"Success","damage_taken":3,"relics_obtained":["Mango"],"max_hp_gain":0,"max_hp_loss":0,"event_name":"Scrap Ooze","floor":10,"gold_loss":0},{"damage_healed":0,"gold_gain":75,"player_choice":"Gather Gold","damage_taken":11,"max_hp_gain":0,"max_hp_loss":0,"event_name":"World of Goop","floor":11,"gold_loss":0},{"damage_healed":0,"gold_gain":0,"player_choice":"Entered Light","damage_taken":19,"max_hp_gain":0,"max_hp_loss":0,"event_name":"Shining Light","floor":13,"gold_loss":0,"cards_upgraded":["Defend_R","Strike_R"]},{"damage_healed":0,"gold_gain":0,"player_choice":"Opened","damage_taken":0,"relics_obtained":["Kunai"],"max_hp_gain":0,"max_hp_loss":0,"event_name":"The Mausoleum","floor":19,"gold_loss":0},{"damage_healed":0,"gold_gain":0,"player_choice":"Joined the Cult","damage_taken":6,"max_hp_gain":0,"max_hp_loss":0,"event_name":"Nest","floor":20,"gold_loss":0,"cards_obtained":["RitualDagger"]},{"damage_healed":0,"gold_gain":0,"player_choice":"Shed Blood","damage_taken":24,"max_hp_gain":5,"max_hp_loss":0,"event_name":"Forgotten Altar","floor":25,"gold_loss":0},{"damage_healed":0,"gold_gain":0,"player_choice":"Memory 1","damage_taken":0,"max_hp_gain":0,"max_hp_loss":0,"event_name":"SensoryStone","floor":36,"gold_loss":0},{"cards_removed":["Metallicize"],"damage_healed":0,"gold_gain":0,"player_choice":"Removed Power","damage_taken":0,"max_hp_gain":0,"max_hp_loss":0,"event_name":"Falling","floor":38,"gold_loss":0},{"damage_healed":0,"gold_gain":0,"player_choice":"Paid","damage_taken":0,"relics_obtained":["Red Mask"],"max_hp_gain":0,"max_hp_loss":0,"event_name":"Tomb of Lord Red Mask","floor":46,"gold_loss":330}],"is_beta":false,"boss_relics":[{"not_picked":["SacredBark","SlaversCollar"],"picked":"Sozu"},{"not_picked":["Runic Cube","Empty Cage"],"picked":"Philosopher\u0027s Stone"}],"items_purged_floors":[21],"is_endless":false,"potions_floor_spawned":[1,6,16,18,30,33,37,41,42,48],"ascension_level":3}}