{"host":"kvh5342rl0c7vxi5","time":1610744103,"event":{"mods":["BaseMod","Downfall","Hermit","Jorbs\u0027s Wanderer Trilogy","Minty Spire (QoL Compilation)","Quick Restart","StSLib","SuperFastMode","The Poker Player"],"gold_per_floor":[18,18,35,48,48,48,77,77,77,77,110,120,120,45,45,141,141,159,159,159,175,188,188,222,239,239,252,252,270,115,150,150,150,150],"floor_reached":33,"language":"ENG","playtime":1101,"items_purged":["hermit:Strike_Hermit"],"score":457,"play_id":"b54ec5bf-8b8a-4e87-ba4a-cd27a8e8f63c","local_time":"20210115155503","is_ascension_mode":true,"campfire_choices":[{"data":"hermit:WideOpen","floor":6,"key":"SMITH"},{"data":"hermit:PistolWhip","floor":8,"key":"SMITH"},{"floor":10,"key":"DIG"},{"floor":13,"key":"DIG"},{"floor":15,"key":"DIG"},{"floor":23,"key":"DIG"},{"floor":28,"key":"DIG"},{"floor":32,"key":"REST"}],"circlet_count":0,"master_deck":["hermit:Strike_Hermit+1","hermit:Strike_Hermit+1","hermit:Defend_Hermit","hermit:Defend_Hermit","hermit:Snapshot","hermit:Covet","hermit:WideOpen+1","hermit:BodyArmor","hermit:Ricochet","hermit:PistolWhip+1","hermit:Vantage","hermit:PistolWhip","hermit:Adapt","hermit:SprayPray","hermit:PistolWhip+1","hermit:Desperado+1","hermit:SprayPray+1","hermit:FinalCanter","Parasite","hermit:Horror","hermit:Deadeye+1","hermit:Magnum+1"],"relics":["hermit:Momento","Thread and Needle","Shovel","Pen Nib","Dream Catcher","Whetstone","Nunchaku","Cursed Key","Art of War","Pocketwatch","Molten Egg 2","Omamori","ClockworkSouvenir","Orichalcum"],"acts_visited":["Exordium","TheCity"],"potions_floor_usage":[5,7,12,16,21,24,31,33],"damage_taken":[{"damage":5,"enemies":"Small Slimes","floor":1,"turns":4},{"damage":0,"enemies":"Cultist","floor":3,"turns":2},{"damage":2,"enemies":"Jaw Worm","floor":4,"turns":2},{"damage":0,"enemies":"Gremlin Nob","floor":7,"turns":2},{"damage":8,"enemies":"3 Sentries","floor":11,"turns":7},{"damage":0,"enemies":"Exordium Thugs","floor":12,"turns":3},{"damage":33,"enemies":"Hexaghost","floor":16,"turns":6},{"damage":5,"enemies":"3 Byrds","floor":18,"turns":5},{"damage":16,"enemies":"2 Thieves","floor":21,"turns":4},{"damage":1,"enemies":"Centurion and Healer","floor":22,"turns":5},{"damage":11,"enemies":"Slavers","floor":24,"turns":4},{"damage":0,"enemies":"Cultist and Chosen","floor":25,"turns":4},{"damage":2,"enemies":"Shelled Parasite and Fungi","floor":27,"turns":2},{"damage":4,"enemies":"Chosen and Byrds","floor":29,"turns":4},{"damage":13,"enemies":"Book of Stabbing","floor":31,"turns":4},{"damage":91,"enemies":"Automaton","floor":33,"turns":6}],"seed_played":"-4574976211612896517","potions_obtained":[{"floor":4,"key":"Fruit Juice"},{"floor":5,"key":"ColorlessPotion"},{"floor":5,"key":"Fruit Juice"},{"floor":5,"key":"AttackPotion"},{"floor":7,"key":"FearPotion"},{"floor":12,"key":"SpeedPotion"},{"floor":21,"key":"Fire Potion"},{"floor":27,"key":"Fruit Juice"}],"is_trial":false,"path_per_floor":["M","?","M","M","?","R","E","R","T","R","E","M","R","$","R","B",null,"M","?","?","M","M","R","E","M","T","M","R","M","$","E","R","B"],"character_chosen":"HERMIT","items_purchased":["ClockworkSouvenir"],"campfire_rested":1,"item_purchase_floors":[30],"current_hp_per_floor":[63,63,63,61,66,66,66,66,66,66,58,63,63,63,63,30,71,66,66,66,50,49,49,38,38,38,36,36,32,32,24,51,0,0],"gold":150,"neow_bonus":"TRANSFORM_TWO_CARDS","is_daily":false,"chose_seed":false,"campfire_upgraded":2,"win_rate":0.0,"timestamp":1610744103,"path_taken":["M","?","?","M","?","R","E","R","T","R","E","?","R","$","R","BOSS","M","?","?","?","M","R","E","M","T","M","R","M","?","E","R","BOSS"],"items_purchased_type":["Relic"],"build_version":"2020-12-22","purchased_purges":1,"victory":false,"max_hp_per_floor":[75,75,75,75,80,80,80,80,80,80,80,85,85,85,85,85,85,85,85,85,85,85,85,85,85,85,85,85,85,85,90,90,90,90],"card_choices":[{"not_picked":["hermit:Dive","hermit:SprayPray"],"picked":"hermit:Ricochet","floor":1},{"not_picked":["hermit:BigShot","hermit:Feint","hermit:OverwhelmingPower"],"picked":"SKIP","floor":3},{"not_picked":["hermit:TrackingShot","hermit:Horror"],"picked":"hermit:PistolWhip","floor":4},{"not_picked":["hermit:HoleUp","hermit:Spite"],"picked":"hermit:Vantage","floor":7},{"not_picked":["hermit:Desperado","hermit:Shortfuse","hermit:ItchyTrigger"],"picked":"SKIP","floor":11},{"not_picked":["hermit:DeadMansHand","hermit:LowProfile"],"picked":"hermit:PistolWhip","floor":12},{"not_picked":["hermit:Roughhouse","hermit:DeadOrAlive"],"picked":"hermit:Adapt","floor":16},{"not_picked":["hermit:Manifest+1","hermit:Glare"],"picked":"hermit:SprayPray","floor":18},{"not_picked":["hermit:Vantage","hermit:Ricochet+1","hermit:Misfire"],"picked":"SKIP","floor":21},{"not_picked":["hermit:BigShot","hermit:WideOpen"],"picked":"hermit:Desperado+1","floor":22},{"not_picked":["hermit:DeadMansHand","hermit:Glare"],"picked":"hermit:SprayPray+1","floor":24},{"not_picked":["hermit:TakeCover","hermit:Snipe"],"picked":"hermit:FinalCanter","floor":25},{"not_picked":["hermit:Ricochet+1","hermit:Maintenance"],"picked":"hermit:Horror","floor":27},{"not_picked":["hermit:Snipe+1","hermit:CalledShot+1"],"picked":"hermit:Deadeye+1","floor":29},{"not_picked":["hermit:DeadMansHand","hermit:CalledShot+1"],"picked":"hermit:Magnum+1","floor":31}],"player_experience":523891,"relics_obtained":[{"floor":7,"key":"Thread and Needle"},{"floor":9,"key":"Shovel"},{"floor":10,"key":"Pen Nib"},{"floor":11,"key":"Dream Catcher"},{"floor":13,"key":"Whetstone"},{"floor":15,"key":"Nunchaku"},{"floor":23,"key":"Art of War"},{"floor":24,"key":"Pocketwatch"},{"floor":26,"key":"Molten Egg 2"},{"floor":28,"key":"Omamori"},{"floor":31,"key":"Orichalcum"}],"event_choices":[{"cards_removed":["hermit:Defend_Hermit"],"damage_healed":0,"gold_gain":0,"player_choice":"Purged","damage_taken":0,"max_hp_gain":0,"max_hp_loss":0,"event_name":"Purifier","floor":2,"gold_loss":0},{"damage_healed":0,"gold_gain":0,"player_choice":"Got Potions","damage_taken":0,"max_hp_gain":0,"max_hp_loss":0,"event_name":"Lab","floor":5,"gold_loss":0},{"damage_healed":0,"gold_gain":0,"player_choice":"Copied","damage_taken":0,"max_hp_gain":0,"max_hp_loss":0,"event_name":"Duplicator","floor":20,"gold_loss":0,"cards_obtained":["hermit:PistolWhip"]}],"is_beta":false,"boss_relics":[{"not_picked":["Fusion Hammer","Astrolabe"],"picked":"Cursed Key"}],"items_purged_floors":[14],"is_endless":false,"potions_floor_spawned":[4,7,12,21,27],"killed_by":"Automaton","ascension_level":7}}