{"host":"sxnl403xm2xmiyj1","time":1610711596,"event":{"mods":["AchievementEnabler","BaseMod","Colored Map","Keyboard Shortcuts","Minty Spire (QoL Compilation)","Quick Restart","StSLib","SuperFastMode"],"gold_per_floor":[216,229,239,21,41,70,70,90,90,90,108,139,139,169,169,245,245,260,270,4,4,4,35,35,62,88,88,104,131,181,195,195,267,267,277,294,310,330,330,330,360,375,401,430,3,3,15,31,31,31,31,31,31,65,65,65],"floor_reached":55,"language":"KOR","playtime":1373,"items_purged":["Strike_B"],"score":1505,"play_id":"74984b36-8a6d-4a6d-a582-74f89f2d0a13","local_time":"20210115205316","is_ascension_mode":true,"campfire_choices":[{"data":"Storm","floor":7.0,"key":"SMITH"},{"floor":10.0,"key":"REST"},{"data":"Capacitor","floor":13.0,"key":"SMITH"},{"data":"Thunder Strike","floor":15.0,"key":"SMITH"},{"data":"Coolheaded","floor":24.0,"key":"SMITH"},{"data":"Loop","floor":27.0,"key":"SMITH"},{"data":"Electrodynamics","floor":32.0,"key":"SMITH"},{"data":"Zap","floor":40.0,"key":"SMITH"},{"floor":46,"key":"RECALL"},{"data":"Seek","floor":49,"key":"SMITH"},{"data":"Hologram","floor":52,"key":"SMITH"}],"circlet_count":0,"master_deck":["AscendersBane","Defend_B","Defend_B","Defend_B","Defend_B","Zap+1","Dualcast","Self Repair","Conserve Battery","Rip and Tear","Storm+1","Core Surge","Leap","Streamline","Capacitor+1","Self Repair","Thunder Strike+1","Cold Snap","Aggregate","Electrodynamics+1","Chill","Coolheaded+1","Loop+1","Compile Driver","Glacier","Defragment+1","Biased Cognition+1","Loop+1","Hologram+1","Rebound+1","BootSequence+1","Defragment+1","Leap+1","Cold Snap+1","Static Discharge+1","Reinforced Body","Storm+1","Seek+1","Coolheaded"],"relics":["Cracked Core","HornCleat","Singing Bowl","Bottled Tornado","Oddly Smooth Stone","Coffee Dripper","Mummified Hand","Eternal Feather","Frozen Egg 2","Happy Flower","Regal Pillow","Empty Cage","Kunai","Blue Candle","Medical Kit","Symbiotic Virus"],"acts_visited":["Exordium","TheCity","TheBeyond","TheEnding"],"potions_floor_usage":[44,50,55],"damage_taken":[{"damage":4.0,"enemies":"2 Louse","floor":1.0,"turns":3.0},{"damage":10.0,"enemies":"Small Slimes","floor":2.0,"turns":3.0},{"damage":1.0,"enemies":"Cultist","floor":3.0,"turns":4.0},{"damage":4.0,"enemies":"Large Slime","floor":5.0,"turns":6.0},{"damage":36.0,"enemies":"Gremlin Nob","floor":6.0,"turns":4.0},{"damage":29.0,"enemies":"Gremlin Gang","floor":8.0,"turns":5.0},{"damage":9.0,"enemies":"Red Slaver","floor":11.0,"turns":3.0},{"damage":19.0,"enemies":"3 Sentries","floor":12.0,"turns":5.0},{"damage":17.0,"enemies":"Lagavulin","floor":14.0,"turns":5.0},{"damage":11.0,"enemies":"Hexaghost","floor":16.0,"turns":9.0},{"damage":6.0,"enemies":"Chosen","floor":18.0,"turns":4.0},{"damage":0.0,"enemies":"Spheric Guardian","floor":19.0,"turns":3.0},{"damage":48.0,"enemies":"Slavers","floor":23.0,"turns":4.0},{"damage":22.0,"enemies":"Gremlin Leader","floor":25.0,"turns":4.0},{"damage":14.0,"enemies":"Centurion and Healer","floor":28.0,"turns":5.0},{"damage":38.0,"enemies":"Book of Stabbing","floor":29.0,"turns":6.0},{"damage":2.0,"enemies":"Snecko","floor":31.0,"turns":4.0},{"damage":52.0,"enemies":"Champ","floor":33.0,"turns":12.0},{"damage":25.0,"enemies":"3 Darklings","floor":35.0,"turns":4.0},{"damage":0.0,"enemies":"3 Shapes","floor":36.0,"turns":2.0},{"damage":7.0,"enemies":"Transient","floor":37.0,"turns":6.0},{"damage":16.0,"enemies":"Writhing Mass","floor":38.0,"turns":4.0},{"damage":56.0,"enemies":"Giant Head","floor":41.0,"turns":7.0},{"damage":15,"enemies":"Sphere and 2 Shapes","floor":42,"turns":4},{"damage":2,"enemies":"Nemesis","floor":44,"turns":5},{"damage":0,"enemies":"Maw","floor":47,"turns":5},{"damage":8,"enemies":"Transient","floor":48,"turns":6},{"damage":30,"enemies":"Time Eater","floor":50,"turns":8},{"damage":19,"enemies":"Shield and Spear","floor":54,"turns":5},{"damage":78,"enemies":"The Heart","floor":55,"turns":3}],"seed_played":"687857002123672605","potions_obtained":[{"floor":3.0,"key":"ColorlessPotion"},{"floor":6.0,"key":"FocusPotion"},{"floor":8.0,"key":"Swift Potion"},{"floor":12.0,"key":"BlessingOfTheForge"},{"floor":16.0,"key":"LiquidBronze"},{"floor":19.0,"key":"Weak Potion"},{"floor":23.0,"key":"LiquidBronze"},{"floor":25.0,"key":"Regen Potion"},{"floor":35.0,"key":"Fire Potion"},{"floor":41.0,"key":"LiquidBronze"},{"floor":47,"key":"DistilledChaos"},{"floor":54,"key":"DuplicationPotion"}],"is_trial":false,"path_per_floor":["M","M","M","$","M","E","R","M","T","R","M","E","R","E","R","B",null,"M","M","$","?","?","E","R","E","T","R","M","E","?","M","R","B",null,"M","M","M","M","?","R","E","M","T","E","$","R","M","M","R","B",null,"R","$","E","B"],"character_chosen":"DEFECT","items_purchased":["Storm","Core Surge","Leap","Mummified Hand","Static Discharge+1","Reinforced Body","Medical Kit"],"campfire_rested":1,"item_purchase_floors":[4,4,4,20,45,45,45],"current_hp_per_floor":[60,57,63,63,66,30,30,8,8,29,27,22,22,19,19,22,59,67,71,71,71,71,37,52,44,44,59,54,32,32,44,62,33,65,47,47,54,45,45,63,21,13,13,25,25,46,60,66,75,59,71,75,75,56,0,0],"gold":65,"neow_bonus":"HUNDRED_GOLD","is_daily":false,"chose_seed":false,"campfire_upgraded":9,"win_rate":0.0,"timestamp":1610711596,"path_taken":["M","M","M","$","M","E","R","M","T","R","M","E","R","E","R","BOSS","M","M","$","?","?","E","R","E","T","R","?","E","?","M","R","BOSS","M","?","M","M","?","R","E","M","T","E","$","R","M","?","R","BOSS","R","$","E","BOSS"],"items_purchased_type":["Card","Card","Card","Relic","Card","Card","Relic"],"build_version":"2020-12-22","purchased_purges":1,"victory":false,"max_hp_per_floor":[71,71,71,71,71,71,71,71,71,71,71,71,71,71,71,71,71,71,71,71,71,71,71,71,71,71,71,73,75,75,75,75,75,75,75,75,75,75,75,75,75,75,75,75,75,75,75,75,75,75,75,75,75,75,75,75],"card_choices":[{"not_picked":["Streamline","Coolheaded"],"picked":"Self Repair","floor":1.0},{"not_picked":["Rebound","Compile Driver"],"picked":"Conserve Battery","floor":2.0},{"not_picked":["Steam Power","Conserve Battery"],"picked":"Rip and Tear","floor":3.0},{"not_picked":["Chill","Hologram"],"picked":"Streamline","floor":5.0},{"not_picked":["Streamline","Coolheaded"],"picked":"Capacitor","floor":6.0},{"not_picked":["White Noise","Turbo"],"picked":"Self Repair","floor":8.0},{"not_picked":["Compile Driver","Beam Cell"],"picked":"Thunder Strike","floor":11.0},{"not_picked":["Rebound","Hologram"],"picked":"Cold Snap","floor":12.0},{"not_picked":["Stack","Rebound"],"picked":"Aggregate","floor":14.0},{"not_picked":["Reboot","Rainbow"],"picked":"Electrodynamics","floor":16.0},{"not_picked":["Steam","Beam Cell"],"picked":"Chill","floor":18.0},{"not_picked":["Double Energy","Steam Power"],"picked":"Coolheaded","floor":19.0},{"not_picked":["Consume","Sweeping Beam"],"picked":"Compile Driver","floor":23.0},{"not_picked":["Steam","Coolheaded"],"picked":"Glacier","floor":25.0},{"not_picked":["Genetic Algorithm+1","Turbo+1","Conserve Battery"],"picked":"Singing Bowl","floor":28.0},{"not_picked":["Redo","Double Energy","All For One"],"picked":"Singing Bowl","floor":29.0},{"not_picked":["Compile Driver","Ball Lightning"],"picked":"Defragment+1","floor":31.0},{"not_picked":["Machine Learning+1","Fission"],"picked":"Biased Cognition+1","floor":33.0},{"not_picked":["Rip and Tear","FTL+1"],"picked":"Loop+1","floor":35.0},{"not_picked":["Rebound","Conserve Battery"],"picked":"Hologram","floor":36.0},{"not_picked":["Steam","Stack"],"picked":"Rebound+1","floor":37.0},{"not_picked":["Double Energy","Barrage"],"picked":"BootSequence+1","floor":38.0},{"not_picked":["Sweeping Beam","Self Repair+1"],"picked":"Defragment+1","floor":41.0},{"not_picked":["Hello World+1","Doom and Gloom"],"picked":"Leap+1","floor":42},{"not_picked":["Hologram","Chaos+1"],"picked":"Cold Snap+1","floor":44},{"not_picked":["Compile Driver+1","Double Energy+1"],"picked":"Storm+1","floor":47},{"not_picked":["Ball Lightning","Chaos"],"picked":"Seek","floor":48},{"not_picked":["Auto Shields","Redo+1"],"picked":"Coolheaded","floor":54}],"player_experience":167725,"relics_obtained":[{"floor":6.0,"key":"HornCleat"},{"floor":9.0,"key":"Singing Bowl"},{"floor":12.0,"key":"Bottled Tornado"},{"floor":14.0,"key":"Oddly Smooth Stone"},{"floor":23.0,"key":"Eternal Feather"},{"floor":25.0,"key":"Frozen Egg 2"},{"floor":26.0,"key":"Happy Flower"},{"floor":29.0,"key":"Regal Pillow"},{"floor":41.0,"key":"Kunai"},{"floor":44,"key":"Blue Candle"},{"floor":54,"key":"Symbiotic Virus"}],"event_choices":[{"damage_healed":0.0,"max_hp_gain":0.0,"max_hp_loss":0.0,"gold_gain":0.0,"event_name":"Match and Keep!","player_choice":"1 cards matched","floor":22.0,"gold_loss":0.0,"damage_taken":0.0,"cards_obtained":["Loop"]},{"damage_healed":0.0,"max_hp_gain":0.0,"max_hp_loss":0.0,"gold_gain":100.0,"event_name":"The Joust","player_choice":"Bet on Murderer","floor":30.0,"gold_loss":50.0,"damage_taken":0.0},{"cards_removed":["Strike_B"],"damage_healed":0.0,"max_hp_gain":0.0,"max_hp_loss":0.0,"gold_gain":0.0,"event_name":"Purifier","player_choice":"Purged","floor":39.0,"gold_loss":0.0,"damage_taken":0.0}],"is_beta":false,"boss_relics":[{"not_picked":["Tiny House","Velvet Choker"],"picked":"Coffee Dripper"},{"not_picked":["Nuclear Battery","SacredBark"],"picked":"Empty Cage"}],"items_purged_floors":[45],"is_endless":false,"potions_floor_spawned":[3,6,8,12,16,19,23,25,35,41,47,54],"killed_by":"The Heart","ascension_level":19}}