{"host":"6to8m083wj0ro91z","time":1610737200,"event":{"mods":["100% Spire Juice","BaseMod","Better Third Choice","BetterRewards","CatGirl Mod","ChefMod","Friendly Minions","Hubris","Mad Scientist","Marisa????????","Minty Spire (QoL Compilation)","Railgun Mod","Robot Space Explorer","Shade Mod","Spicy Shops","StSLib","The Blackbeard","The Death Knight","The Gatherer","The Marked","The Mystic","The Necromancer","The Servant 0.9.4","WarShipGirlsR/????R mod"],"gold_per_floor":[110,60,60,78,78,110,110,110,135,163,163,195,195,195,195,290,290,304,323,323,336,14,14,37,70,145,180,190,201,235,253,253,352,352,367,417,417,432,443,469,479,509,509,542,131,151,151,178,178,178,178,178,35,64,64],"floor_reached":56,"language":"ENG","playtime":3770,"items_purged":["TheRailgun:Strike"],"score":1971,"play_id":"1cf55587-c1e1-4e33-bcfa-11b76670090b","local_time":"20210115200000","is_ascension_mode":true,"campfire_choices":[{"data":"TheRailgun:Iron_Dust_Vial","floor":8,"key":"SMITH"},{"data":"TheRailgun:Zip","floor":11,"key":"SMITH"},{"data":"TheRailgun:Pull","floor":13,"key":"SMITH"},{"data":"TheRailgun:Discharge","floor":15,"key":"SMITH"},{"data":"TheRailgun:Static","floor":23,"key":"SMITH"},{"data":"TheRailgun:Oneesama","floor":32,"key":"SMITH"},{"floor":47,"key":"RECALL"},{"floor":49,"key":"REST"},{"floor":52,"key":"REST"}],"circlet_count":0,"master_deck":["TheRailgun:Strike","TheRailgun:Strike","TheRailgun:Defend","TheRailgun:Defend","TheRailgun:Defend","TheRailgun:Defend","TheRailgun:Discharge+1","TheRailgun:Static+1","TheRailgun:Zip+1","TheRailgun:Stun_Shock","TheRailgun:Iron_Dust_Vial+1","TheRailgun:Pull+1","TheRailgun:Static+1","TheRailgun:Iron_Dust_Vial+1","TheRailgun:Oneesama+1","TheRailgun:Level_6","Metamorphosis","TheRailgun:Battery_Pack+1","TheRailgun:Iron_Dust_Shield+1","TheRailgun:Lightning_Speed+1","TheRailgun:Lightning_Speed"],"relics":["TheRailgun:CoinRelic","Vajra","Art of War","Toy Ornithopter","hubris:CuriousFeather","hubris:TerracottaHorce","Singing Bowl","Dream Catcher","hubris:MysteriousPyramids","hubris:BottledRain","Ornamental Fan","Anchor","Fusion Hammer","Bird Faced Urn","MealTicket","TungstenRod","Bottled Tornado","Boot","InkBottle","Strawberry","Bag of Preparation","Nunchaku"],"acts_visited":["Exordium","TheCity","TheBeyond","TheEnding"],"potions_floor_usage":[12,25,25,30,55,55,55,55,55,55],"damage_taken":[{"damage":0,"enemies":"2 Louse","floor":1,"turns":2},{"damage":2,"enemies":"Jaw Worm","floor":4,"turns":2},{"damage":12,"enemies":"Gremlin Nob","floor":6,"turns":3},{"damage":12,"enemies":"3 Sentries","floor":10,"turns":6},{"damage":10,"enemies":"Gremlin Nob","floor":12,"turns":3},{"damage":0,"enemies":"The Guardian","floor":16,"turns":9},{"damage":14,"enemies":"2 Thieves","floor":18,"turns":3},{"damage":0,"enemies":"3 Byrds","floor":19,"turns":2},{"damage":0,"enemies":"Snecko","floor":21,"turns":4},{"damage":0,"enemies":"Slavers","floor":25,"turns":3},{"damage":4,"enemies":"Gremlin Leader","floor":27,"turns":3},{"damage":4,"enemies":"Cultist and Chosen","floor":28,"turns":2},{"damage":0,"enemies":"Centurion and Healer","floor":29,"turns":2},{"damage":0,"enemies":"Slavers","floor":30,"turns":1},{"damage":0,"enemies":"Snecko","floor":31,"turns":2},{"damage":0,"enemies":"Automaton","floor":33,"turns":5},{"damage":0,"enemies":"3 Shapes","floor":35,"turns":1},{"damage":0,"enemies":"Mind Bloom Boss Battle","floor":36,"turns":2},{"damage":0,"enemies":"Orb Walker","floor":38,"turns":3},{"damage":0,"enemies":"Transient","floor":39,"turns":4},{"damage":0,"enemies":"Giant Head","floor":40,"turns":2},{"damage":4,"enemies":"Spire Growth","floor":41,"turns":3},{"damage":7,"enemies":"Nemesis","floor":42,"turns":5},{"damage":7,"enemies":"Reptomancer","floor":44,"turns":3},{"damage":0,"enemies":"Jaw Worm Horde","floor":46,"turns":1},{"damage":0,"enemies":"Giant Head","floor":48,"turns":2},{"damage":3,"enemies":"Awakened One","floor":50,"turns":5},{"damage":0,"enemies":"Shield and Spear","floor":54,"turns":3},{"damage":7,"enemies":"The Heart","floor":55,"turns":5}],"seed_played":"50866638308760139","potions_obtained":[{"floor":1,"key":"FearPotion"},{"floor":10,"key":"DuplicationPotion"},{"floor":16,"key":"SpeedPotion"},{"floor":27,"key":"SkillPotion"},{"floor":29,"key":"Fruit Juice"},{"floor":31,"key":"LiquidBronze"},{"floor":33,"key":"Explosive Potion"},{"floor":36,"key":"Energy Potion"},{"floor":38,"key":"Dexterity Potion"},{"floor":46,"key":"EntropicBrew"}],"is_trial":false,"path_per_floor":["M","?","$","M","?","E","$","R","T","E","R","E","R","?","R","B",null,"M","M","?","M","$","R","T","E","T","E","M","M","E","M","R","B",null,"M","?","?","M","M","E","M","E","T","E","$","M","R","E","R","B",null,"R","$","E","B",null],"character_chosen":"THE_DEFAULT","items_purchased":["Singing Bowl","InkBottle","TheRailgun:Lightning_Speed","CultistPotion","Bag of Preparation"],"campfire_rested":2,"item_purchase_floors":[22,45,45,45,53],"current_hp_per_floor":[77,77,77,75,50,38,38,38,38,26,26,21,21,21,21,21,63,49,49,49,49,49,49,49,61,61,59,57,59,69,71,71,71,87,89,91,91,95,98,98,98,93,93,94,102,104,104,113,115,115,115,117,117,119,112],"gold":64,"neow_bonus":"TEN_PERCENT_HP_BONUS","is_daily":false,"chose_seed":false,"campfire_upgraded":6,"win_rate":0.0,"timestamp":1610737200,"path_taken":["M","?","$","M","?","E","?","R","T","E","R","E","R","?","R","BOSS","M","M","?","?","$","R","?","E","T","E","M","M","E","?","R","BOSS","M","?","?","M","M","E","M","E","T","E","$","M","R","E","R","BOSS","R","$","E","BOSS"],"items_purchased_type":["Relic","Relic","Card","Potion","Relic"],"build_version":"2020-12-22","purchased_purges":1,"victory":true,"max_hp_per_floor":[77,77,77,77,77,77,77,77,77,77,77,77,77,77,77,77,77,77,77,77,77,77,77,77,79,79,81,83,85,90,92,92,92,92,94,96,96,96,98,98,100,100,100,102,102,104,104,113,115,115,115,117,117,119,119],"card_choices":[{"not_picked":["TheRailgun:Teleporter","TheRailgun:Aerial_Shot"],"picked":"TheRailgun:Stun_Shock","floor":1},{"not_picked":["TheRailgun:Iron_Dust_Shield","TheRailgun:Scatter_Railgun","TheRailgun:Positive_Field"],"picked":"SKIP","floor":4},{"not_picked":["TheRailgun:Hypercharge","TheRailgun:Electrical_Storm"],"picked":"TheRailgun:Iron_Dust_Vial","floor":6},{"not_picked":["TheRailgun:Zip","TheRailgun:Charge"],"picked":"TheRailgun:Pull","floor":10},{"not_picked":["TheRailgun:Magnetic_Flight","TheRailgun:Positive_Field","TheRailgun:Electric_Fence"],"picked":"SKIP","floor":12},{"not_picked":["TheRailgun:Circuit_Breaker","TheRailgun:Zap"],"picked":"TheRailgun:Static+1","floor":18},{"not_picked":["TheRailgun:Zap","TheRailgun:Iron_Dust_Shield"],"picked":"TheRailgun:Iron_Dust_Vial","floor":19},{"not_picked":["TheRailgun:Recharge+1","TheRailgun:Zip","TheRailgun:Mental_Out"],"picked":"SKIP","floor":21},{"not_picked":["TheRailgun:Token_Collection","TheRailgun:Electrical_Storm+1","TheRailgun:Charge"],"picked":"Singing Bowl","floor":25},{"not_picked":["TheRailgun:Mental_Out","TheRailgun:Aerial_Shot","TheRailgun:Teleporter"],"picked":"Singing Bowl","floor":27},{"not_picked":["TheRailgun:Iron_Dust_Vial","TheRailgun:Circuit_Breaker","TheRailgun:Sister_Network"],"picked":"Singing Bowl","floor":28},{"not_picked":["TheRailgun:Push","TheRailgun:Hypercharge","TheRailgun:Zap"],"picked":"Singing Bowl","floor":29},{"not_picked":["TheRailgun:Magnetic_Flight","TheRailgun:Crack+1"],"picked":"TheRailgun:Oneesama","floor":30},{"not_picked":["TheRailgun:Discharge","TheRailgun:Electrical_Fire","TheRailgun:Recharge+1"],"picked":"Singing Bowl","floor":31},{"not_picked":["TheRailgun:Magnetic_Flight","TheRailgun:Circuitous"],"picked":"TheRailgun:Level_6","floor":33},{"not_picked":["TheRailgun:Stun_Shock+1","TheRailgun:Circuit_Breaker","TheRailgun:Iron_Dust_Vial+1"],"picked":"Singing Bowl","floor":35},{"not_picked":["TheRailgun:Gekota_Phone","TheRailgun:Recharge","TheRailgun:Lightningbolt"],"picked":"Singing Bowl","floor":36},{"not_picked":["Forethought","Trip"],"picked":"Metamorphosis","floor":37},{"not_picked":["TheRailgun:Lightningbolt","TheRailgun:Stun_Shock+1"],"picked":"TheRailgun:Battery_Pack+1","floor":38},{"not_picked":["TheRailgun:Gekotamania","TheRailgun:Circuit_Breaker+1","TheRailgun:Magnetic_Movement+1"],"picked":"Singing Bowl","floor":39},{"not_picked":["TheRailgun:Thunderjolt","TheRailgun:Token_Collection+1"],"picked":"TheRailgun:Iron_Dust_Shield+1","floor":40},{"not_picked":["TheRailgun:Spark+1","TheRailgun:Gekotamania+1","TheRailgun:Iron_Dust_Vial+1"],"picked":"Singing Bowl","floor":41},{"not_picked":["TheRailgun:Mental_Out","TheRailgun:Magnetic_Flight"],"picked":"TheRailgun:Lightning_Speed+1","floor":42},{"not_picked":["TheRailgun:Thundershock+1","TheRailgun:Railgun","TheRailgun:Battery_Pack"],"picked":"Singing Bowl","floor":44},{"not_picked":["TheRailgun:Electrical_Storm","TheRailgun:Lightningbolt","TheRailgun:Pull"],"picked":"Singing Bowl","floor":46},{"not_picked":["TheRailgun:Circuitous","TheRailgun:Static","TheRailgun:Rewiring"],"picked":"Singing Bowl","floor":48},{"not_picked":["TheRailgun:Biribiri","TheRailgun:Charge","TheRailgun:Gekota_Phone"],"picked":"Singing Bowl","floor":49},{"not_picked":["TheRailgun:Scatter_Railgun+1","TheRailgun:Iron_Dust_Vial+1","TheRailgun:Iron_Dust_Shield+1"],"picked":"Singing Bowl","floor":52},{"not_picked":["TheRailgun:Supercharge","TheRailgun:Push","TheRailgun:Electrical_Fire+1"],"picked":"Singing Bowl","floor":54}],"player_experience":1095363,"relics_obtained":[{"floor":6,"key":"Art of War"},{"floor":10,"key":"Toy Ornithopter"},{"floor":12,"key":"hubris:CuriousFeather"},{"floor":24,"key":"Dream Catcher"},{"floor":25,"key":"hubris:MysteriousPyramids"},{"floor":26,"key":"hubris:BottledRain"},{"floor":27,"key":"Ornamental Fan"},{"floor":30,"key":"Anchor"},{"floor":36,"key":"Bird Faced Urn"},{"floor":40,"key":"MealTicket"},{"floor":42,"key":"TungstenRod"},{"floor":43,"key":"Bottled Tornado"},{"floor":44,"key":"Boot"},{"floor":48,"key":"Strawberry"},{"floor":54,"key":"Nunchaku"}],"event_choices":[{"cards_removed":["TheRailgun:Strike"],"damage_healed":0,"gold_gain":0,"player_choice":"Card Removal","damage_taken":0,"max_hp_gain":0,"max_hp_loss":0,"event_name":"The Cleric","floor":2,"gold_loss":50},{"damage_healed":0,"gold_gain":0,"player_choice":"Relic ","damage_taken":25,"max_hp_gain":0,"max_hp_loss":0,"event_name":"betterThird:BetterScrap","floor":5,"gold_loss":0,"cards_obtained":["Fusion"]},{"damage_healed":0,"gold_gain":0,"player_choice":"Ignored","damage_taken":195,"max_hp_gain":0,"max_hp_loss":0,"event_name":"betterThird:BetterSerpent","floor":14,"gold_loss":0},{"damage_healed":0,"gold_gain":0,"player_choice":"Forge","damage_taken":0,"max_hp_gain":0,"max_hp_loss":0,"event_name":"Accursed Blacksmith","floor":20,"gold_loss":0,"cards_upgraded":["TheRailgun:Iron_Dust_Vial"]},{"damage_healed":0,"gold_gain":0,"player_choice":"Fight","damage_taken":0,"max_hp_gain":0,"max_hp_loss":0,"event_name":"MindBloom","floor":36,"gold_loss":0},{"damage_healed":0,"gold_gain":0,"player_choice":"Memory 1","damage_taken":0,"max_hp_gain":0,"max_hp_loss":0,"event_name":"SensoryStone","floor":37,"gold_loss":0}],"is_beta":false,"boss_relics":[{"not_picked":["Sozu","Empty Cage"],"picked":"hubris:TerracottaHorce"},{"not_picked":["Snecko Eye","Tiny House"],"picked":"Fusion Hammer"}],"items_purged_floors":[22],"is_endless":false,"potions_floor_spawned":[1,10,16,27,29,31,33,35,36,38,39,46,54],"ascension_level":6}}