{"host":"56d873i5r3uhle0q","time":1610676431,"event":{"mods":["100% Spire Juice","Act Like it!","BaseMod","Block Reminder","Conspire","Gensokyo","Hermit","Marisa????????","Marked Mod","Minty Spire (QoL Compilation)","Replay The Spire","StSLib","The Animator","The Bug Knight","The Cursed","The Jungle","The Marked","The Servant 0.9.4","everything is the same but u backflip on backflip","vexMod"],"gold_per_floor":[111,211,227,67,126,161,161,179,179,63,80,80,80,97,97,395,495,508,508,508,407,426,426,426,426,450,761,786,786,786],"floor_reached":29,"language":"ENG","playtime":1570,"items_purged":[],"score":271,"play_id":"787e6d06-8243-4788-8cd8-611ea4b6d4fc","local_time":"20210114190711","is_ascension_mode":false,"campfire_choices":[{"data":"MarkedMod:Acupuncture","floor":7.0,"key":"SMITH"},{"floor":13.0,"key":"REST"},{"floor":15.0,"key":"REST"},{"floor":23.0,"key":"REST"}],"circlet_count":0,"master_deck":["Strike_P","Strike_P","Strike_P","Defend_P","Defend_P","Defend_P","Defend_P","Eruption","Vigilance","MarkedMod:Acupuncture","MarkedMod:Acupuncture+1","Replay:AtTheReady","MarkedMod:NorthStar+1","Gensokyo:BlemishedSteel","Replay:AtTheReady","Replay:Anticipation"],"relics":["PureWater","NeowsBlessing","Nilry\u0027s Codex","Golden Egg","vexMod:Dragonfruit","Eternal Feather","Replay:Wanted Poster","Gambling Chip","Gensokyo:ConquerorOfFear","Potion Belt","Omamori"],"acts_visited":["Gensokyo:Gensokyo","Gensokyo:Gensokyoer"],"potions_floor_usage":[27],"damage_taken":[{"damage":0.0,"enemies":"Gensokyo:2_Kodama","floor":1.0,"turns":1.0},{"damage":0.0,"enemies":"Gensokyo:Python","floor":3.0,"turns":1.0},{"damage":0.0,"enemies":"Gensokyo:Mamizou","floor":6.0,"turns":6.0},{"damage":0.0,"enemies":"Gensokyo:3_Fairies","floor":8.0,"turns":5.0},{"damage":31.0,"enemies":"Gensokyo:Python_and_Kodama","floor":11.0,"turns":6.0},{"damage":23.0,"enemies":"Gensokyo:2_Rabbits","floor":14.0,"turns":8.0},{"damage":54.0,"enemies":"Gensokyo:Kokoro","floor":16.0,"turns":13.0},{"damage":20.0,"enemies":"Gensokyo:CosmicMonolith","floor":18.0,"turns":8.0},{"damage":48.0,"enemies":"Gensokyo:2_Gloops","floor":22.0,"turns":9.0},{"damage":27,"enemies":"Gensokyo:Swordslinger","floor":27,"turns":8},{"damage":18,"enemies":"Gensokyo:Mirror_and_Dog","floor":29,"turns":5}],"seed_played":"-6263201245309601232","potions_obtained":[{"floor":3.0,"key":"SpeedPotion"},{"floor":5.0,"key":"MarkedMod:BlackLotusJuice"},{"floor":6.0,"key":"SkillPotion"},{"floor":27,"key":"SpeedPotion"}],"is_trial":false,"path_per_floor":["M","?","M","?","?","E","R","M","T","COS","M","?","R","M","R","B",null,"M","?","?","COS","M","R","?","?","T","M","T","M"],"character_chosen":"WATCHER","items_purchased":[],"campfire_rested":3,"item_purchase_floors":[],"current_hp_per_floor":[72,72,72,72,72,77,77,77,77,77,46,46,75,52,77,23,77,57,57,57,57,9,41,41,41,41,14,14,0,0],"gold":786,"neow_bonus":"THREE_ENEMY_KILL","is_daily":false,"chose_seed":false,"campfire_upgraded":1,"win_rate":0.0,"timestamp":1610676431,"path_taken":["M","?","?","?","?","E","R","M","T","COS","M","?","R","?","R","BOSS","M","?","?","COS","M","R","?","?","T","?","?","M"],"items_purchased_type":[],"build_version":"2020-12-22","purchased_purges":0,"victory":false,"max_hp_per_floor":[72,72,72,72,72,77,77,77,77,77,77,77,77,77,77,77,77,77,77,77,77,77,77,77,77,77,77,77,77,77],"card_choices":[{"not_picked":["Evaluate","Worship","EmptyFist"],"picked":"SKIP","floor":1.0},{"not_picked":["Halt","Protect"],"picked":"MarkedMod:Acupuncture","floor":3.0},{"not_picked":["ThirdEye","ClearTheMind"],"picked":"MarkedMod:Acupuncture","floor":5.0},{"not_picked":["ThirdEye","SignatureMove","EmptyFist"],"picked":"SKIP","floor":6.0},{"not_picked":["Fasting2","Sanctity","Replay:Hum"],"picked":"SKIP","floor":8.0},{"not_picked":["Omniscience","WindmillStrike","Sanctity"],"picked":"SKIP","floor":11.0},{"not_picked":["MarkedMod:Acupuncture","Replay:Cycle"],"picked":"Replay:AtTheReady","floor":14.0},{"not_picked":["Omniscience","MarkedMod:ChiBlock"],"picked":"MarkedMod:NorthStar","floor":16.0},{"not_picked":["ForeignInfluence","FlurryOfBlows","Halt"],"picked":"SKIP","floor":18.0},{"not_picked":["Consecrate","Collect"],"picked":"Replay:AtTheReady","floor":22.0},{"not_picked":["EmptyFist","Protect"],"picked":"Replay:Anticipation","floor":27}],"player_experience":524252,"relics_obtained":[{"floor":5.0,"key":"Golden Egg"},{"floor":6.0,"key":"vexMod:Dragonfruit"},{"floor":9.0,"key":"Eternal Feather"},{"floor":22.0,"key":"Gensokyo:ConquerorOfFear"},{"floor":26,"key":"Potion Belt"},{"floor":28,"key":"Omamori"}],"event_choices":[{"damage_healed":0.0,"max_hp_gain":0.0,"max_hp_loss":0.0,"gold_gain":0.0,"event_name":"conspire:Investor","player_choice":"Leave","floor":24.0,"gold_loss":0.0,"damage_taken":0.0}],"is_beta":false,"boss_relics":[{"not_picked":["Replay:Ancient Bell","vexMod:DeviousBotling"],"picked":"Replay:Wanted Poster"}],"items_purged_floors":[],"is_endless":false,"potions_floor_spawned":[3,6,11,27],"killed_by":"Gensokyo:Mirror_and_Dog","ascension_level":0}}