{"host":"y4sghvfd0ewtcchd","time":1610721573,"event":{"mods":["Aspiration","BaseMod","Better Debug","Better Note","Better Third Choice","BetterRewards","Block Reminder","Colored Map","Colored Powertips","Downfall","Highlight Path","Hubris","Infinite Spire","Minty Spire (QoL Compilation)","Relic Sorter","Relic Stats","Replay The Spire","Shop Mod","StSLib","The Jungle","The Saiyan"],"gold_per_floor":[115,8,8,27,27,27,54,72,98,108,33,33,33,49,49,146,146,164,164,164,177,196,226,141,141,141,168,168,75,75,94,94,197,197,230,230,257,285,319,319,360,410,410,168,196,196,223,268,268,268,268,268,568,630,630],"floor_reached":56,"language":"ENG","playtime":2766,"items_purged":["Strike_B","Defend_B"],"score":1862,"play_id":"a07c407a-4e61-41b7-8ad4-5de155bb365d","local_time":"20210115173933","is_ascension_mode":true,"campfire_choices":[{"data":"Storm","floor":6.0,"key":"SMITH"},{"data":"ReplayTheSpireMod:Fabricate Wheel","floor":13.0,"key":"SMITH"},{"floor":15.0,"key":"REST"},{"floor":30,"key":"REST"},{"data":"FIFO Queue","floor":32,"key":"SMITH"},{"data":"White Noise","floor":32,"key":"SMITH"},{"floor":40,"key":"RECALL"},{"data":"Buffer","floor":46,"key":"SMITH"},{"data":"hubris:PowerSurge","floor":46,"key":"SMITH"},{"data":"hubris:DuctTapeCard","floor":49,"key":"SMITH"},{"data":"Biased Cognition","floor":49,"key":"SMITH"},{"data":"BootSequence","floor":52,"key":"SMITH"},{"data":"Static Discharge","floor":52,"key":"SMITH"}],"circlet_count":0,"master_deck":["AscendersBane","Strike_B","Strike_B","Defend_B","Zap","Dualcast","Storm+1","Turbo","Capacitor","Steam","hubris:Ukulele","Leap+1","Buffer+1","Turbo","Static Discharge+1","Crystallizer","Lockon","Cold Snap","Leap","Conserve Battery","ReplayTheSpireMod:Calculation Training","Turbo","Conserve Battery","Auto Shields","Biased Cognition+1","Conserve Battery","BootSequence+1","Biased Cognition","CurseOfTheBell","Defragment","Loop","Chill","White Noise+1","ReplayTheSpireMod:Calculation Training","Loop","hubris:PowerSurge+1","Self Repair","Turbo","Static Discharge","hubris:DuctTapeCard+2","Melter","Defragment+1","Steam+1","Loop","hubris:Ukulele+1","Skim","Meteor Strike","Echo Form","Turbo","White Noise+1","White Noise","Barrage","Magnetism","Core Surge"],"relics":["Cracked Core","hubris:BundleOfHerbs","Velvet Choker","infinitespire:BottledMercury","Calipers","Membership Card","Oddly Smooth Stone","Solar Panel","Tiny Chest","Orrery","aspiration:FaultyCoupler","Prayer Wheel","Calling Bell","infinitespire:Satchel","hubris:Metronome","Ginger","Lantern","Replay:Arrowhead","The Courier","Bottled Lightning","DataDisk","hubris:Backtick","hubris:DuctTape","infinitespire:EvilPickle","ChewingGum","ReplayTheSpireMod:TigerMarble","Replay:Kaleidoscope","hubris:MysteriousPyramids","ReplayFunnel","infinitespire:Beetle Shell","hubris:NiceRug","Nunchaku","Eternal Feather","Lee\u0027s Waffle","Boot"],"acts_visited":["Exordium","TheCity","TheBeyond","TheEnding"],"potions_floor_usage":[23,55],"damage_taken":[{"damage":1.0,"enemies":"Jaw Worm","floor":1.0,"turns":3.0},{"damage":5.0,"enemies":"infinitespire:Voidling","floor":4.0,"turns":4.0},{"damage":4.0,"enemies":"3 Sentries","floor":7.0,"turns":4.0},{"damage":0.0,"enemies":"Small Slimes","floor":8.0,"turns":3.0},{"damage":16.0,"enemies":"Exordium Thugs","floor":10.0,"turns":3.0},{"damage":12.0,"enemies":"2 Fungi Beasts","floor":14.0,"turns":6.0},{"damage":11.0,"enemies":"Hexaghost","floor":16.0,"turns":7.0},{"damage":36.0,"enemies":"3 Byrds","floor":18.0,"turns":5.0},{"damage":0.0,"enemies":"Chosen","floor":21.0,"turns":3.0},{"damage":0,"enemies":"Snake Plant","floor":22,"turns":3},{"damage":20,"enemies":"Book of Stabbing","floor":23,"turns":3},{"damage":10,"enemies":"Snecko","floor":31,"turns":3},{"damage":27,"enemies":"Pondfish","floor":33,"turns":7},{"damage":0,"enemies":"3 Shapes","floor":35,"turns":1},{"damage":1,"enemies":"3 Darklings","floor":37,"turns":2},{"damage":0,"enemies":"Jaw Worm Horde","floor":38,"turns":2},{"damage":0,"enemies":"4 Shapes","floor":39,"turns":1},{"damage":10,"enemies":"Writhing Mass","floor":41,"turns":3},{"damage":2,"enemies":"Giant Head","floor":42,"turns":4},{"damage":0,"enemies":"Transient","floor":45,"turns":5},{"damage":0,"enemies":"Maw","floor":47,"turns":2},{"damage":24,"enemies":"Nemesis","floor":48,"turns":3},{"damage":14,"enemies":"Replay:Hell Engine","floor":50,"turns":6},{"damage":0,"enemies":"hubris:Merchant","floor":53,"turns":3},{"damage":0,"enemies":"Shield and Spear","floor":54,"turns":2},{"damage":64,"enemies":"The Heart","floor":55,"turns":4}],"seed_played":"-7709005774470699846","potions_obtained":[{"floor":1.0,"key":"Fire Potion"},{"floor":7.0,"key":"Milkshake"},{"floor":10.0,"key":"Slimebound:ThreeZeroPotion"},{"floor":21.0,"key":"Strength Potion"},{"floor":23,"key":"Languid Potion"},{"floor":38,"key":"Swift Potion"},{"floor":41,"key":"Explosive Potion"},{"floor":53,"key":"Reflective Coating"}],"is_trial":false,"path_per_floor":["M","$","?","M","?","R","E","M","T","M","$","T","R","M","R","B",null,"M","AVR","?","M","M","E","?","$","T","T","?","$","R","M","R","B",null,"M","AVR","M","M","M","R","M","E","T","$","M","R","M","E","R","B",null,"R","$","E","B",null],"character_chosen":"DEFECT","items_purchased":["Storm","Turbo","infinitespire:BottledMercury","hubris:BundleOfHerbs","Calipers","Capacitor","Steam","Membership Card","Oddly Smooth Stone","hubris:Ukulele","FIFO Queue","Leap+1","Solar Panel","Buffer","Turbo","Crystallizer","Lockon","Orrery","Loop","hubris:PowerSurge","Self Repair","Turbo","Echo Form","hubris:MysteriousPyramids","ReplayFunnel","Turbo"],"campfire_rested":2,"item_purchase_floors":[0,0,0,0,0,0,0,0,0,0,0,0,0,0,0,2,2,11,29,29,29,29,44,44,44,44],"current_hp_per_floor":[26,26,26,38,31,31,41,49,49,39,39,39,39,29,51,44,67,35,35,35,41,47,31,31,31,31,31,31,31,53,62,62,70,74,75,75,75,75,75,75,75,75,75,75,75,75,75,65,65,68,73,73,82,82,34],"gold":630,"neow_bonus":"","is_daily":false,"chose_seed":false,"campfire_upgraded":10,"win_rate":0.0,"timestamp":1610721573,"path_taken":["M","$","?","?","?","R","E","M","T","M","$","?","R","M","R","BOSS","M","AVR","?","M","M","E","?","$","T","?","?","$","R","M","R","BOSS","M","AVR","M","M","M","R","M","E","T","$","M","R","?","E","R","BOSS","R","$","E","BOSS"],"items_purchased_type":["Card","Card","Relic","Relic","Relic","Card","Card","Relic","Relic","Card","Card","Card","Relic","Card","Card","Card","Card","Relic","Card","Card","Card","Card","Card","Relic","Relic","Card"],"build_version":"2020-12-22","purchased_purges":2,"victory":true,"max_hp_per_floor":[75,75,75,75,75,75,75,75,75,75,75,75,75,75,75,75,75,75,75,75,75,75,75,75,75,75,75,75,75,75,75,75,75,75,75,75,75,75,75,75,75,75,75,75,75,75,75,75,75,75,75,75,82,82,82],"relic_stats":{"Nunchaku":[0],"Lee\u0027s Waffle":7,"counters":[185,684],"Tiny Chest":1,"Prayer Wheel":21,"Eternal Feather":0,"Ginger":[21],"Boot":[0],"obtain_stats":[{"Replay:Accelerometer":49,"infinitespire:BottledMercury":11,"hubris:BallOfYels":29,"Whetstone":27,"Ginger":17,"Bottled Tornado":0,"hubris:MysteriousPyramids":44,"Sling":45,"Boot":54,"Blood Vial":0,"aspiration:EnhancedActuators":53,"Replay:Bronze Core":17,"MealTicket":0,"hubris:DeckOfHolding":53,"Fusion Hammer":34,"Kunai":40,"hubris:TinFlute":23,"Replay:Bottled Steam":23,"aspiration:FaultyCoupler":12,"Pear":43,"Velvet Choker":34,"Eternal Feather":20,"ReplayTheSpireMod:SealedPack":20,"Pen Nib":53,"aspiration:IroncladSkillbook":34,"Cables":44,"infinitespire:EvilPickle":33,"Bird Faced Urn":30,"Pandora\u0027s Box":17,"hubris:TenFootPole":0,"aspiration:MysteriousAuxiliaryCore":38,"infinitespire:PuzzleCube":28,"Solar Panel":0,"Carrot":0,"aspiration:Lifesprig":9,"hubris:Metronome":17,"Lantern":19,"Singing Bowl":26,"Replay:Multitool":41,"Bag of Preparation":45,"Replay:Rubber Ducky":53,"Matryoshka":0,"hubris:Backtick":17,"WingedGreaves":20,"infinitespire:Eraser":54,"aspiration:ChemicalBlood":0,"Lee\u0027s Waffle":0,"Inserter":48,"NeowsBlessing":0,"Golden Idol":7,"PreservedInsect":0,"The Courier":24,"Geode":30,"infinitespire:Lucky Rock":54,"Frozen Egg 2":13,"hubris:Towel":13,"Replay:Arrowhead":23,"Busted Crown":17,"Ornamental Fan":47,"Orrery":48,"Turnip":45,"Garlic":16,"Bottled Lightning":12,"ReplayTheSpireMod:Lightbulb":40,"Toy Ornithopter":31,"hubris:BottledRain":26,"infinitespire:Freezer":55,"Tiny House":44,"Calipers":0,"aspiration:Stabinomicon":25,"Runic Capacitor":50,"Centennial Puzzle":27,"infinitespire:SolderingIron":43,"DollysMirror":53,"Strawberry":14,"Philosopher\u0027s Stone":17,"Prayer Wheel":37,"Toxic Egg 2":5,"Happy Flower":0,"hubris:DuctTape":34,"ReplayTheSpireMod:CursedCoin":0,"hubris:SoftwareUpdate":41,"Replay:Grab Bag":17,"Astrolabe":34,"Oddly Smooth Stone":0,"infinitespire:Beetle Shell":48,"Replay:Kaleidoscope":43,"Question Card":47,"aspiration:HiddenCompartment":53,"Du-Vu Doll":24,"Replay:Baseball":45,"ReplayTheSpireMod:Shallot":48,"Shuriken":43,"Bronze Scales":0,"hubris:PeanutButter":0,"Simple Rune":9,"Onion Ring":26,"ReplayTheSpireMod:TigerMarble":23,"Meat on the Bone":0,"ReplayFunnel":44,"SacredBark":17,"aspiration:TomeofQuesting":10,"hubris:SlimyHat":43,"Replay:Mystery Machine":7,"ClockworkSouvenir":23,"aspiration:StickyExplosives_weak":30,"Replay:Bandana":0,"Nunchaku":25,"Emotion Chip":38,"Chameleon Ring":45,"hubris:Icosahedron":48,"Tiny Chest":7,"Cracked Core":0,"Replay:Drink Me":21,"hubris:DisguiseKit":46,"BargainBundle":0,"Guide Book":53,"Orichalcum":56,"Calling Bell":17,"CaptainsWheel":0,"DataDisk":27,"infinitespire:WardingShard":42,"infinitespire:Satchel":17,"ChewingGum":34,"hubris:BundleOfHerbs":0,"hubris:GrandSneckoEye":36,"Membership Card":0,"hubris:Potato":31,"ReplayTheSpireMod:ShopPack":21,"hubris:NiceRug":53},{"Replay:Accelerometer":97,"infinitespire:BottledMercury":105,"hubris:BallOfYels":118,"Whetstone":36,"Ginger":166,"Bottled Tornado":100,"hubris:MysteriousPyramids":178,"Sling":153,"Boot":184,"Blood Vial":0,"aspiration:EnhancedActuators":71,"Replay:Bronze Core":7,"MealTicket":22,"hubris:DeckOfHolding":71,"Fusion Hammer":42,"Kunai":125,"hubris:TinFlute":142,"Replay:Bottled Steam":114,"aspiration:FaultyCoupler":164,"Pear":126,"Velvet Choker":14,"Eternal Feather":8,"ReplayTheSpireMod:SealedPack":32,"Pen Nib":132,"aspiration:IroncladSkillbook":147,"Cables":95,"infinitespire:EvilPickle":62,"Bird Faced Urn":40,"Pandora\u0027s Box":30,"hubris:TenFootPole":100,"aspiration:MysteriousAuxiliaryCore":65,"infinitespire:PuzzleCube":86,"Solar Panel":22,"Carrot":0,"aspiration:Lifesprig":26,"hubris:Metronome":166,"Lantern":167,"Singing Bowl":59,"Replay:Multitool":45,"Bag of Preparation":95,"Replay:Rubber Ducky":157,"Matryoshka":100,"hubris:Backtick":139,"WingedGreaves":32,"infinitespire:Eraser":133,"aspiration:ChemicalBlood":46,"Lee\u0027s Waffle":0,"Inserter":21,"NeowsBlessing":0,"Golden Idol":50,"PreservedInsect":134,"The Courier":170,"Geode":12,"infinitespire:Lucky Rock":72,"Frozen Egg 2":53,"hubris:Towel":138,"Replay:Arrowhead":170,"Busted Crown":109,"Ornamental Fan":96,"Orrery":21,"Turnip":127,"Garlic":80,"Bottled Lightning":28,"ReplayTheSpireMod:Lightbulb":44,"Toy Ornithopter":41,"hubris:BottledRain":9,"infinitespire:Freezer":98,"Tiny House":95,"Calipers":159,"aspiration:Stabinomicon":35,"Runic Capacitor":97,"Centennial Puzzle":10,"infinitespire:SolderingIron":68,"DollysMirror":71,"Strawberry":79,"Philosopher\u0027s Stone":7,"Prayer Wheel":44,"Toxic Egg 2":3,"Happy Flower":46,"hubris:DuctTape":172,"ReplayTheSpireMod:CursedCoin":46,"hubris:SoftwareUpdate":67,"Replay:Grab Bag":7,"Astrolabe":120,"Oddly Smooth Stone":22,"infinitespire:Beetle Shell":181,"Replay:Kaleidoscope":178,"Question Card":21,"aspiration:HiddenCompartment":132,"Du-Vu Doll":9,"Replay:Baseball":153,"ReplayTheSpireMod:Shallot":155,"Shuriken":152,"Bronze Scales":46,"hubris:PeanutButter":73,"Simple Rune":104,"Onion Ring":116,"ReplayTheSpireMod:TigerMarble":59,"Meat on the Bone":134,"ReplayFunnel":178,"SacredBark":7,"aspiration:TomeofQuesting":5,"hubris:SlimyHat":17,"Replay:Mystery Machine":4,"ClockworkSouvenir":9,"aspiration:StickyExplosives_weak":40,"Replay:Bandana":46,"Nunchaku":116,"Emotion Chip":149,"Chameleon Ring":19,"hubris:Icosahedron":69,"Tiny Chest":162,"Cracked Core":0,"Replay:Drink Me":8,"hubris:DisguiseKit":128,"BargainBundle":22,"Guide Book":157,"Orichalcum":99,"Calling Bell":166,"CaptainsWheel":46,"DataDisk":86,"infinitespire:WardingShard":126,"infinitespire:Satchel":166,"ChewingGum":62,"hubris:BundleOfHerbs":159,"hubris:GrandSneckoEye":90,"Membership Card":100,"hubris:Potato":61,"ReplayTheSpireMod:ShopPack":8,"hubris:NiceRug":71},{"Replay:Accelerometer":396,"infinitespire:BottledMercury":423,"hubris:BallOfYels":451,"Whetstone":160,"Ginger":622,"Bottled Tornado":415,"hubris:MysteriousPyramids":659,"Sling":564,"Boot":680,"Blood Vial":0,"aspiration:EnhancedActuators":274,"Replay:Bronze Core":30,"MealTicket":111,"hubris:DeckOfHolding":274,"Fusion Hammer":182,"Kunai":462,"hubris:TinFlute":518,"Replay:Bottled Steam":441,"aspiration:FaultyCoupler":609,"Pear":466,"Velvet Choker":72,"Eternal Feather":33,"ReplayTheSpireMod:SealedPack":147,"Pen Nib":481,"aspiration:IroncladSkillbook":539,"Cables":384,"infinitespire:EvilPickle":245,"Bird Faced Urn":173,"Pandora\u0027s Box":140,"hubris:TenFootPole":415,"aspiration:MysteriousAuxiliaryCore":252,"infinitespire:PuzzleCube":338,"Solar Panel":111,"Carrot":0,"aspiration:Lifesprig":124,"hubris:Metronome":622,"Lantern":627,"Singing Bowl":235,"Replay:Multitool":193,"Bag of Preparation":384,"Replay:Rubber Ducky":582,"Matryoshka":415,"hubris:Backtick":507,"WingedGreaves":147,"infinitespire:Eraser":482,"aspiration:ChemicalBlood":195,"Lee\u0027s Waffle":0,"Inserter":104,"NeowsBlessing":0,"Golden Idol":205,"PreservedInsect":485,"The Courier":636,"Geode":57,"infinitespire:Lucky Rock":276,"Frozen Egg 2":214,"hubris:Towel":497,"Replay:Arrowhead":636,"Busted Crown":433,"Ornamental Fan":391,"Orrery":104,"Turnip":468,"Garlic":302,"Bottled Lightning":131,"ReplayTheSpireMod:Lightbulb":189,"Toy Ornithopter":176,"hubris:BottledRain":37,"infinitespire:Freezer":404,"Tiny House":384,"Calipers":592,"aspiration:Stabinomicon":156,"Runic Capacitor":396,"Centennial Puzzle":42,"infinitespire:SolderingIron":262,"DollysMirror":274,"Strawberry":299,"Philosopher\u0027s Stone":30,"Prayer Wheel":188,"Toxic Egg 2":7,"Happy Flower":195,"hubris:DuctTape":646,"ReplayTheSpireMod:CursedCoin":195,"hubris:SoftwareUpdate":260,"Replay:Grab Bag":30,"Astrolabe":454,"Oddly Smooth Stone":111,"infinitespire:Beetle Shell":669,"Replay:Kaleidoscope":659,"Question Card":104,"aspiration:HiddenCompartment":481,"Du-Vu Doll":37,"Replay:Baseball":564,"ReplayTheSpireMod:Shallot":573,"Shuriken":560,"Bronze Scales":195,"hubris:PeanutButter":281,"Simple Rune":422,"Onion Ring":447,"ReplayTheSpireMod:TigerMarble":235,"Meat on the Bone":485,"ReplayFunnel":659,"SacredBark":30,"aspiration:TomeofQuesting":17,"hubris:SlimyHat":85,"Replay:Mystery Machine":13,"ClockworkSouvenir":37,"aspiration:StickyExplosives_weak":173,"Replay:Bandana":195,"Nunchaku":447,"Emotion Chip":545,"Chameleon Ring":98,"hubris:Icosahedron":265,"Tiny Chest":603,"Cracked Core":0,"Replay:Drink Me":33,"hubris:DisguiseKit":471,"BargainBundle":111,"Guide Book":582,"Orichalcum":408,"Calling Bell":622,"CaptainsWheel":195,"DataDisk":338,"infinitespire:WardingShard":466,"infinitespire:Satchel":622,"ChewingGum":245,"hubris:BundleOfHerbs":592,"hubris:GrandSneckoEye":356,"Membership Card":415,"hubris:Potato":241,"ReplayTheSpireMod:ShopPack":33,"hubris:NiceRug":274}]},"card_choices":[{"not_picked":["Genetic Algorithm","Capacitor"],"picked":"Static Discharge","floor":1.0},{"not_picked":["Gash","Reinforced Body"],"picked":"Leap","floor":4.0},{"not_picked":["ReplaySort","Stack"],"picked":"ReplayTheSpireMod:Fabricate Wheel","floor":7.0},{"not_picked":["Hologram","Redo","Beam Cell"],"picked":"SKIP","floor":8.0},{"not_picked":["BasicCrystalCard","Recycle"],"picked":"Conserve Battery","floor":10.0},{"not_picked":["All For One","Rebound"],"picked":"ReplayTheSpireMod:Calculation Training","floor":11.0},{"not_picked":["Compile Driver","Stack"],"picked":"Turbo","floor":11.0},{"not_picked":["Stack","Fusion"],"picked":"Conserve Battery","floor":11.0},{"not_picked":["BasicCrystalCard","hubris:SpecializedCircuitry"],"picked":"Auto Shields","floor":11.0},{"not_picked":["Redo","Panic Button"],"picked":"Conserve Battery","floor":14.0},{"not_picked":["Rebound","aspiration:Polymerization"],"picked":"BootSequence","floor":14.0},{"not_picked":["Meteor Strike","hubris:DoWhile"],"picked":"Biased Cognition","floor":16.0},{"not_picked":["Leap","Conserve Battery"],"picked":"Defragment","floor":18.0},{"not_picked":["Streamline+1","Panic Button+1","Hologram+1"],"picked":"SKIP","floor":18.0},{"not_picked":["Fission","Conserve Battery"],"picked":"Loop","floor":21.0},{"not_picked":["Barrage+1","ReplayTheSpireMod:Reroute Power"],"picked":"Chill","floor":21.0},{"not_picked":["BasicCrystalCard","ReplayTheSpireMod:GoodbyeWorld"],"picked":"White Noise","floor":22},{"not_picked":["Genetic Algorithm+1","Gash","Sweeping Beam+1"],"picked":"SKIP","floor":22},{"not_picked":["Sweeping Beam+1","Panic Button+1"],"picked":"ReplayTheSpireMod:Calculation Training","floor":23},{"not_picked":["Heatsinks","Crystallizer"],"picked":"Static Discharge","floor":31},{"not_picked":["Stack","Hologram","BasicCrystalCard"],"picked":"SKIP","floor":31},{"not_picked":["Buffer","All For One"],"picked":"Electrodynamics","floor":33},{"not_picked":["Streamline","Coolheaded"],"picked":"Melter","floor":35},{"not_picked":["Hologram+1","Rip and Tear+1"],"picked":"Defragment+1","floor":35},{"not_picked":["BasicCrystalCard","hubris:Prefetch"],"picked":"Steam+1","floor":37},{"not_picked":["Sweeping Beam","Melter+1","Gash+1"],"picked":"SKIP","floor":37},{"not_picked":["Gash","Stack"],"picked":"Loop","floor":38},{"not_picked":["Streamline+1","Compile Driver","Genetic Algorithm+1"],"picked":"SKIP","floor":38},{"not_picked":["Compile Driver","Go for the Eyes+1","Beam Cell+1"],"picked":"SKIP","floor":39},{"not_picked":["Redo+1","Rebound","Ball Lightning"],"picked":"SKIP","floor":39},{"not_picked":["Defragment","Ball Lightning"],"picked":"hubris:Ukulele+1","floor":41},{"not_picked":["Hologram+1","Rebound"],"picked":"Skim","floor":41},{"not_picked":["Hologram","Heatsinks"],"picked":"Meteor Strike","floor":42},{"not_picked":["Barrage","Scrape","Compile Driver"],"picked":"SKIP","floor":45},{"not_picked":["ReplayTheSpireMod:System Scan+1","Rip and Tear+1","Skim"],"picked":"SKIP","floor":45},{"not_picked":["Go for the Eyes","Genetic Algorithm+1"],"picked":"White Noise+1","floor":47},{"not_picked":["Beam Cell+1","Barrage"],"picked":"White Noise","floor":47},{"not_picked":["ReplayTheSpireMod:Repulse","Panic Button+1"],"picked":"Barrage","floor":48},{"not_picked":[],"picked":"Magnetism","floor":53},{"not_picked":["Streamline"],"picked":"SKIP","floor":53},{"not_picked":["Compile Driver"],"picked":"SKIP","floor":53},{"not_picked":["Redo"],"picked":"SKIP","floor":53},{"not_picked":["Stack"],"picked":"SKIP","floor":53},{"not_picked":["ReplayTheSpireMod:GoodbyeWorld"],"picked":"SKIP","floor":53},{"not_picked":["expansioncontent:DefensiveMode"],"picked":"SKIP","floor":53},{"not_picked":["Tempest","Ball Lightning+1"],"picked":"Core Surge","floor":54}],"player_experience":586423,"relics_obtained":[{"floor":7.0,"key":"Tiny Chest"},{"floor":12.0,"key":"aspiration:FaultyCoupler"},{"floor":17.0,"key":"infinitespire:Satchel"},{"floor":17.0,"key":"hubris:Metronome"},{"floor":17.0,"key":"Ginger"},{"floor":23,"key":"Replay:Arrowhead"},{"floor":26,"key":"Bottled Lightning"},{"floor":27,"key":"DataDisk"},{"floor":42,"key":"ReplayTheSpireMod:TigerMarble"},{"floor":43,"key":"Replay:Kaleidoscope"},{"floor":48,"key":"infinitespire:Beetle Shell"},{"floor":53,"key":"Nunchaku"},{"floor":53,"key":"Eternal Feather"},{"floor":53,"key":"Lee\u0027s Waffle"},{"floor":54,"key":"Boot"}],"event_choices":[{"damage_healed":0.0,"max_hp_gain":0.0,"max_hp_loss":0.0,"gold_gain":0.0,"cards_transformed":["Strike_B"],"event_name":"Transmorgrifier","player_choice":"Transformed","floor":3.0,"gold_loss":0.0,"damage_taken":0.0,"cards_obtained":["Cold Snap"]},{"damage_healed":0.0,"max_hp_gain":0.0,"max_hp_loss":0.0,"gold_gain":0.0,"event_name":"Wheel of Change","player_choice":"Damaged","floor":5.0,"gold_loss":0.0,"damage_taken":7.0},{"cards_removed":["Defend_B"],"damage_healed":0.0,"max_hp_gain":0.0,"max_hp_loss":0.0,"gold_gain":0.0,"event_name":"betterThird:BetterWriting","player_choice":"Elegance","floor":20.0,"gold_loss":0.0,"damage_taken":0.0},{"damage_healed":0,"gold_gain":0,"player_choice":"Obtained Relic","damage_taken":0,"relics_obtained":["The Courier"],"max_hp_gain":0,"max_hp_loss":0,"event_name":"Addict","floor":24,"gold_loss":85},{"cards_removed":["Defend_B"],"damage_healed":0,"gold_gain":0,"player_choice":"Purged","damage_taken":0,"max_hp_gain":0,"max_hp_loss":0,"event_name":"Purifier","floor":28,"gold_loss":0}],"is_beta":false,"boss_relics":[{"not_picked":["Kintsugi","hubris:CrackedHourglass"],"picked":"Calling Bell"},{"not_picked":["Black Star","Philosopher\u0027s Stone"],"picked":"hubris:Backtick"}],"items_purged_floors":[2,19],"is_endless":false,"potions_floor_spawned":[1,7,10,21,23,38,41,42,47,48],"ascension_level":11}}