{"host":"a0d98l75j0h1o085","time":1610671579,"event":{"mods":["AlwaysNeverKeys","BaseMod","Downfall","Highlight Path","Minty Spire (QoL Compilation)","StSLib"],"gold_per_floor":[114,114,114,128,144,144,160,490,490,522,535,569,569,569,581,697,709,739,766,788,715,579,579,589,618,645,570,570,570,570],"floor_reached":29,"language":"ENG","playtime":2712,"items_purged":["Strike_P"],"score":355,"play_id":"12cc0180-7760-4265-814e-f6f5f912ef6c","local_time":"20210115004619","is_ascension_mode":true,"campfire_choices":[{"data":"Eruption","floor":6.0,"key":"SMITH"},{"data":"ClearTheMind","floor":13.0,"key":"SMITH"},{"data":"Crescendo","floor":15.0,"key":"SMITH"},{"data":"Alpha","floor":23,"key":"SMITH"}],"circlet_count":0,"master_deck":["Strike_P","Strike_P","Defend_P","Defend_P","Defend_P","Eruption+1","Vigilance","CutThroughFate","Indignation","ClearTheMind+1","Crescendo+1","Pray","Scrawl","ThirdEye","Alpha+1","Fasting2+1","ThirdEye+1","Worship+1","Nirvana+1","Writhe"],"relics":["HolyWater","NeowsBlessing","Old Coin","InkBottle","White Beast Statue","Pen Nib","MawBank","Blue Candle","Juzu Bracelet","Sundial","Damaru","Blood Vial"],"acts_visited":["Exordium","TheCity"],"potions_floor_usage":[20,20,25],"damage_taken":[{"damage":0.0,"enemies":"Cultist","floor":1.0,"turns":1.0},{"damage":0.0,"enemies":"2 Louse","floor":4.0,"turns":1.0},{"damage":0.0,"enemies":"Jaw Worm","floor":5.0,"turns":1.0},{"damage":6.0,"enemies":"Blue Slaver","floor":7.0,"turns":4.0},{"damage":11.0,"enemies":"Lagavulin","floor":8.0,"turns":4.0},{"damage":8.0,"enemies":"Gremlin Nob","floor":10.0,"turns":3.0},{"damage":0.0,"enemies":"2 Fungi Beasts","floor":11.0,"turns":2.0},{"damage":0.0,"enemies":"Lagavulin","floor":12.0,"turns":4.0},{"damage":0.0,"enemies":"Slime Boss","floor":16.0,"turns":8.0},{"damage":2.0,"enemies":"Spheric Guardian","floor":18.0,"turns":3.0},{"damage":7.0,"enemies":"Shell Parasite","floor":19.0,"turns":5.0},{"damage":3,"enemies":"Centurion and Healer","floor":20,"turns":3},{"damage":14,"enemies":"Shelled Parasite and Fungi","floor":24,"turns":3},{"damage":25,"enemies":"Book of Stabbing","floor":25,"turns":3},{"damage":32,"enemies":"Slavers","floor":29,"turns":1}],"seed_played":"3736218175564898163","potions_obtained":[{"floor":4.0,"key":"Block Potion"},{"floor":10.0,"key":"SkillPotion"},{"floor":11.0,"key":"PowerPotion"},{"floor":12.0,"key":"Guardian:BlockOnCardUsePotion"},{"floor":16.0,"key":"sneckomod:MuddlingPotion"},{"floor":18.0,"key":"LiquidBronze"},{"floor":20,"key":"DistilledChaos"},{"floor":24,"key":"Explosive Potion"},{"floor":25,"key":"LiquidMemories"}],"is_trial":false,"path_per_floor":["M","?","?","M","M","R","M","E","T","E","M","E","R","?","R","B",null,"M","M","M","?","$","R","M","E","T","$","?","E"],"character_chosen":"WATCHER","items_purchased":["Juzu Bracelet"],"campfire_rested":0,"item_purchase_floors":[22],"current_hp_per_floor":[72,65,65,65,65,65,59,48,48,40,40,40,40,28,28,28,72,70,63,60,60,60,60,46,21,21,21,21,0,0],"gold":570,"neow_bonus":"THREE_ENEMY_KILL","is_daily":false,"chose_seed":false,"campfire_upgraded":4,"win_rate":0.0,"timestamp":1610671579,"path_taken":["M","?","?","M","?","R","M","E","T","E","M","E","R","?","R","BOSS","M","M","M","?","$","R","M","E","T","$","?","E"],"items_purchased_type":["Relic"],"build_version":"2020-12-22","purchased_purges":1,"victory":false,"max_hp_per_floor":[72,72,72,72,72,72,72,72,72,72,72,72,72,72,72,72,72,72,72,72,72,72,72,72,72,72,72,72,72,72],"card_choices":[{"not_picked":["Protect","ThirdEye"],"picked":"CutThroughFate","floor":1.0},{"not_picked":["Protect","SashWhip","Consecrate"],"picked":"SKIP","floor":4.0},{"not_picked":["WreathOfFlame","Protect"],"picked":"ClearTheMind","floor":5.0},{"not_picked":["SashWhip","FlyingSleeves"],"picked":"Crescendo","floor":7.0},{"not_picked":["Wallop","BowlingBash"],"picked":"Pray","floor":8.0},{"not_picked":["SignatureMove","JustLucky"],"picked":"Scrawl","floor":10.0},{"not_picked":["JustLucky","SignatureMove"],"picked":"ThirdEye","floor":11.0},{"not_picked":["JustLucky","EmptyBody","CutThroughFate"],"picked":"SKIP","floor":12.0},{"not_picked":["Omniscience","Ragnarok"],"picked":"Alpha","floor":16.0},{"not_picked":["ClearTheMind","BowlingBash"],"picked":"Fasting2+1","floor":18.0},{"not_picked":["Weave","PathToVictory+1"],"picked":"ThirdEye+1","floor":19.0},{"not_picked":["FlyingSleeves+1","Swivel"],"picked":"Worship+1","floor":20},{"not_picked":["FlurryOfBlows","Consecrate+1","WreathOfFlame"],"picked":"SKIP","floor":24},{"not_picked":["WreathOfFlame","Vault"],"picked":"Nirvana+1","floor":25}],"player_experience":923841,"relics_obtained":[{"floor":8.0,"key":"Old Coin"},{"floor":9.0,"key":"InkBottle"},{"floor":10.0,"key":"White Beast Statue"},{"floor":12.0,"key":"Pen Nib"},{"floor":25,"key":"Sundial"},{"floor":26,"key":"Damaru"}],"event_choices":[{"cards_removed":["Strike_P"],"damage_healed":0.0,"max_hp_gain":0.0,"max_hp_loss":0.0,"gold_gain":0.0,"event_name":"Golden Wing","player_choice":"Card Removal","floor":2.0,"gold_loss":0.0,"damage_taken":7.0},{"damage_healed":0.0,"max_hp_gain":0.0,"max_hp_loss":0.0,"gold_gain":0.0,"cards_transformed":["Defend_P"],"event_name":"Living Wall","player_choice":"Change","floor":3.0,"gold_loss":0.0,"damage_taken":0.0,"cards_obtained":["Indignation"]},{"damage_healed":0.0,"max_hp_gain":0.0,"max_hp_loss":0.0,"gold_gain":0.0,"event_name":"Scrap Ooze","player_choice":"Success","floor":14.0,"gold_loss":0.0,"damage_taken":12.0,"relics_obtained":["MawBank"]},{"damage_healed":0,"gold_gain":0,"player_choice":"Obtained Relic","damage_taken":0,"relics_obtained":["Blue Candle"],"max_hp_gain":0,"max_hp_loss":0,"event_name":"Addict","floor":21,"gold_loss":85},{"damage_healed":0,"gold_gain":0,"player_choice":"Opened","damage_taken":0,"relics_obtained":["Blood Vial"],"max_hp_gain":0,"max_hp_loss":0,"event_name":"The Mausoleum","floor":28,"gold_loss":0,"cards_obtained":["Writhe"]}],"is_beta":false,"boss_relics":[{"not_picked":["Snecko Eye","Runic Pyramid"],"picked":"HolyWater"}],"items_purged_floors":[27],"is_endless":false,"potions_floor_spawned":[4,10,11,12,16,18,19,20,24,25],"killed_by":"Slavers","ascension_level":1}}