{"host":"qa029bqsloh3rj2z","time":1610685393,"event":{"mods":["AchievementEnabler","BaseMod","Colored Map","Colored Powertips","DeckTracker","Fox Events","Minty Spire (QoL Compilation)","Permanent Neow","StSLib","Waifu the Spire","篝火指南"],"gold_per_floor":[117,127,127,127,144,144,144,24,24,42,88,43,43,58,58,153,153,163,213,231,131,143,173,173,173],"floor_reached":24,"language":"ENG","playtime":1159,"items_purged":["Strike_R","Defend_R"],"score":206,"play_id":"470a934f-0a67-4105-9d75-cf13564dad62","local_time":"20210114233633","is_ascension_mode":false,"campfire_choices":[{"data":"Demon Form","floor":6,"key":"SMITH"},{"data":"Shrug It Off","floor":15,"key":"SMITH"}],"circlet_count":0,"master_deck":["Strike_R","Strike_R","Strike_R","Strike_R","Defend_R","Defend_R","Defend_R","Bash","Demon Form+1","Flex","Cleave","Shrug It Off+1","Double Tap","Clash"],"relics":["Burning Blood","Toy Ornithopter","Red Skull","Lantern","Busted Crown","Letter Opener"],"acts_visited":["Exordium","TheCity"],"potions_floor_usage":[16,16,23,23],"damage_taken":[{"damage":10,"enemies":"2 Louse","floor":1,"turns":3},{"damage":15,"enemies":"Jaw Worm","floor":2,"turns":4},{"damage":5,"enemies":"Cultist","floor":5,"turns":4},{"damage":14,"enemies":"2 Fungi Beasts","floor":10,"turns":4},{"damage":24,"enemies":"Exordium Wildlife","floor":14,"turns":4},{"damage":10,"enemies":"Hexaghost","floor":16,"turns":7},{"damage":22,"enemies":"Spheric Guardian","floor":18,"turns":4},{"damage":21,"enemies":"2 Thieves","floor":20,"turns":5},{"damage":44,"enemies":"Sentry and Sphere","floor":22,"turns":6},{"damage":25,"enemies":"Book of Stabbing","floor":23,"turns":4},{"damage":14,"enemies":"Snake Plant","floor":24,"turns":1}],"seed_played":"-3570895416768969411","potions_obtained":[{"floor":2,"key":"DistilledChaos"},{"floor":5,"key":"Regen Potion"},{"floor":14,"key":"DistilledChaos"},{"floor":20,"key":"AttackPotion"}],"is_trial":false,"path_per_floor":["M","M","?","?","M","R","?","R","T","M","T","$","?","M","R","B",null,"M","?","M","$","M","E","M"],"character_chosen":"IRONCLAD","items_purchased":["Flex","Cleave"],"campfire_rested":0,"item_purchase_floors":[8,12],"current_hp_per_floor":[76,67,67,67,68,68,56,56,56,48,48,48,74,56,56,62,80,64,64,49,49,11,14,0,0],"gold":173,"neow_bonus":"THREE_RARE_CARDS","is_daily":false,"chose_seed":false,"campfire_upgraded":2,"win_rate":0.0,"timestamp":1610685393,"path_taken":["M","M","?","?","?","R","?","R","T","M","?","$","?","M","R","BOSS","M","?","M","$","?","E","M"],"items_purchased_type":["Card","Card"],"build_version":"2020-12-22","purchased_purges":2,"victory":false,"max_hp_per_floor":[80,80,80,80,80,80,80,80,80,80,80,80,80,80,80,80,80,80,80,80,80,80,80,80,80],"card_choices":[{"not_picked":["Offering","Barricade"],"picked":"Demon Form","floor":0},{"not_picked":["True Grit","Intimidate","Flame Barrier"],"picked":"SKIP","floor":1},{"not_picked":["True Grit","Intimidate","Flame Barrier"],"picked":"SKIP","floor":1},{"not_picked":["Headbutt","Combust","Second Wind"],"picked":"SKIP","floor":2},{"not_picked":["Armaments","Twin Strike","Havoc"],"picked":"SKIP","floor":5},{"not_picked":["Body Slam","Exhume","Heavy Blade"],"picked":"SKIP","floor":10},{"not_picked":["Inflame","Battle Trance"],"picked":"Shrug It Off","floor":14},{"not_picked":["Offering","Corruption"],"picked":"Double Tap","floor":16},{"not_picked":["True Grit"],"picked":"SKIP","floor":18},{"not_picked":["Metallicize+1"],"picked":"SKIP","floor":20},{"not_picked":[],"picked":"Clash","floor":22},{"not_picked":["Armaments+1"],"picked":"SKIP","floor":23}],"player_experience":48161,"relics_obtained":[{"floor":9,"key":"Red Skull"},{"floor":11,"key":"Lantern"},{"floor":23,"key":"Letter Opener"}],"event_choices":[{"cards_removed":["Normality"],"damage_healed":0,"gold_gain":0,"player_choice":"Forget","damage_taken":0,"max_hp_gain":0,"max_hp_loss":0,"event_name":"Living Wall","floor":3,"gold_loss":0},{"damage_healed":0,"gold_gain":0,"player_choice":"Bought 0 Potions","damage_taken":0,"max_hp_gain":0,"max_hp_loss":0,"event_name":"The Woman in Blue","floor":4,"gold_loss":0},{"damage_healed":0,"gold_gain":0,"player_choice":"Success","damage_taken":12,"relics_obtained":["Toy Ornithopter"],"max_hp_gain":0,"max_hp_loss":0,"event_name":"Scrap Ooze","floor":7,"gold_loss":0},{"damage_healed":26,"gold_gain":0,"player_choice":"Banana","damage_taken":0,"max_hp_gain":0,"max_hp_loss":0,"event_name":"Big Fish","floor":13,"gold_loss":0},{"damage_healed":0,"gold_gain":100,"player_choice":"Bet on Murderer","damage_taken":0,"max_hp_gain":0,"max_hp_loss":0,"event_name":"The Joust","floor":19,"gold_loss":50}],"is_beta":false,"boss_relics":[{"not_picked":["Coffee Dripper","Philosopher\u0027s Stone"],"picked":"Busted Crown"}],"items_purged_floors":[8,21],"is_endless":false,"potions_floor_spawned":[2,5,14,20],"killed_by":"Snake Plant","ascension_level":0}}