{"host":"kpyoctgc7jne3jiy","time":1610698717,"event":{"mods":["AchievementEnabler","BaseMod","Minty Spire (QoL Compilation)","Relic Stats"],"gold_per_floor":[162,175,188,202,202,202,232,244,290,302,341,370,408,95,95,191,191,211,211,200,200,216,216,244,8,8,18,31,31,63,63,63,168,168,180,194,10,26,76,101,101,119,146,158,187,187,214,257,257,257],"floor_reached":51,"language":"ENG","playtime":2862,"items_purged":[],"score":1011,"play_id":"579d3353-147d-4e1b-9bc9-2e0e957e1d46","local_time":"20210115091837","is_ascension_mode":true,"campfire_choices":[{"data":"Neutralize","floor":6.0,"key":"SMITH"},{"floor":10,"key":"REST"},{"data":"Noxious Fumes","floor":15,"key":"SMITH"},{"data":"PiercingWail","floor":23,"key":"SMITH"},{"floor":29,"key":"REST"},{"floor":32,"key":"REST"},{"data":"Crippling Poison","floor":41,"key":"SMITH"},{"data":"Shame","floor":46,"key":"PURGE"},{"data":"Backflip","floor":49,"key":"SMITH"}],"circlet_count":0,"master_deck":["Defend_G+1","Defend_G+1","Defend_G+1","Defend_G+1","Defend_G+1","Survivor+1","Neutralize+1","Finisher","Dagger Spray","Wraith Form v2+1","Flying Knee","Footwork","Noxious Fumes+1","Die Die Die","Deadly Poison","Well Laid Plans","Escape Plan","Die Die Die","Deadly Poison+1","PiercingWail+1","Noxious Fumes+1","Backflip+1","Expertise","Dodge and Roll","Backflip","Bite","Bite","Bite","Bite","Bite","Adrenaline","Dodge and Roll+1","Caltrops+1","Crippling Poison+1","Crippling Poison","Catalyst","Backflip+1","Parasite","Dodge and Roll+1","Poisoned Stab+1","Acrobatics+1"],"relics":["Tiny House","CaptainsWheel","MawBank","Matryoshka","Happy Flower","Eternal Feather","Philosopher\u0027s Stone","Mercury Hourglass","Toolbox","Vajra","Kunai","Art of War","Cursed Key","Peace Pipe","Paper Crane","Molten Egg 2","CeramicFish","The Courier","Lantern"],"acts_visited":["Exordium","TheCity","TheBeyond"],"potions_floor_usage":[7,8,18,22,24,27,33,50],"damage_taken":[{"damage":3.0,"enemies":"2 Louse","floor":1.0,"turns":3.0},{"damage":0.0,"enemies":"Jaw Worm","floor":2.0,"turns":3.0},{"damage":3.0,"enemies":"Cultist","floor":3.0,"turns":4.0},{"damage":13.0,"enemies":"3 Louse","floor":4.0,"turns":3.0},{"damage":13,"enemies":"3 Sentries","floor":7,"turns":10},{"damage":1,"enemies":"Looter","floor":8,"turns":3},{"damage":10,"enemies":"Gremlin Nob","floor":11,"turns":7},{"damage":1,"enemies":"2 Fungi Beasts","floor":12,"turns":3},{"damage":8,"enemies":"3 Sentries","floor":13,"turns":6},{"damage":41,"enemies":"Slime Boss","floor":16,"turns":11},{"damage":9,"enemies":"Shell Parasite","floor":18,"turns":6},{"damage":19,"enemies":"2 Thieves","floor":20,"turns":4},{"damage":18,"enemies":"Snake Plant","floor":22,"turns":4},{"damage":17,"enemies":"Book of Stabbing","floor":24,"turns":6},{"damage":14,"enemies":"3 Cultists","floor":27,"turns":4},{"damage":0,"enemies":"Chosen and Byrds","floor":28,"turns":4},{"damage":25,"enemies":"Gremlin Leader","floor":30,"turns":6},{"damage":3,"enemies":"Champ","floor":33,"turns":11},{"damage":17,"enemies":"3 Darklings","floor":35,"turns":3},{"damage":5,"enemies":"Orb Walker","floor":36,"turns":4},{"damage":1,"enemies":"3 Darklings","floor":38,"turns":4},{"damage":0,"enemies":"Mind Bloom Boss Battle","floor":39,"turns":6},{"damage":4,"enemies":"Reptomancer","floor":40,"turns":6},{"damage":7,"enemies":"Writhing Mass","floor":42,"turns":5},{"damage":12,"enemies":"Transient","floor":44,"turns":5},{"damage":9,"enemies":"Nemesis","floor":45,"turns":7},{"damage":15,"enemies":"Maw","floor":47,"turns":7},{"damage":32,"enemies":"Giant Head","floor":48,"turns":9},{"damage":31,"enemies":"Time Eater","floor":50,"turns":13}],"seed_played":"-2760395695674950211","potions_obtained":[{"floor":0.0,"key":"Block Potion"},{"floor":1.0,"key":"Block Potion"},{"floor":2.0,"key":"SkillPotion"},{"floor":11,"key":"Weak Potion"},{"floor":13,"key":"Fruit Juice"},{"floor":20,"key":"ColorlessPotion"},{"floor":28,"key":"LiquidMemories"},{"floor":30,"key":"Swift Potion"},{"floor":38,"key":"EssenceOfSteel"},{"floor":39,"key":"GamblersBrew"}],"is_trial":false,"path_per_floor":["M","M","M","M","?","R","E","M","T","R","E","M","E","$","R","B",null,"M","?","M","?","M","R","E","$","T","M","M","R","E","?","R","B",null,"M","M","$","M","?","E","R","M","T","M","E","R","M","E","R","B",null],"character_chosen":"THE_SILENT","items_purchased":["Eternal Feather","Escape Plan","Expertise","Toolbox","Crippling Poison","GhostInAJar"],"campfire_rested":3,"item_purchase_floors":[14,14,25,25,37,37],"current_hp_per_floor":[72,72,69,56,56,56,43,42,42,64,54,53,45,45,57,16,60,51,51,32,32,14,29,12,12,12,3,3,42,17,17,51,56,56,43,46,46,49,56,54,56,56,56,46,49,56,55,34,56,37],"gold":257,"neow_bonus":"BOSS_RELIC","is_daily":false,"chose_seed":false,"campfire_upgraded":5,"win_rate":0.0,"timestamp":1610698717,"path_taken":["M","M","M","M","?","R","E","M","T","R","E","M","E","$","R","BOSS","M","?","M","?","?","R","E","$","T","M","M","R","E","?","R","BOSS","M","M","$","M","?","E","R","M","T","M","E","R","M","E","R","BOSS"],"items_purchased_type":["Relic","Card","Card","Relic","Card","Potion"],"build_version":"2020-12-22","purchased_purges":0,"victory":true,"max_hp_per_floor":[75,75,75,75,75,75,75,75,75,75,75,75,75,75,75,75,75,75,75,75,75,75,75,75,75,75,80,80,80,80,56,56,56,56,56,56,56,56,56,56,56,56,56,56,56,56,56,56,56,56],"relic_stats":{"Peace Pipe":1,"Happy Flower":[41],"counters":[29,166],"CeramicFish":18,"Eternal Feather":91,"Art of War":[12],"Kunai":[29],"MawBank":60,"Cursed Key":1,"obtain_stats":[{"Lantern":48,"Tiny House":0,"Happy Flower":13,"CeramicFish":43,"Vajra":26,"Eternal Feather":14,"The Courier":45,"Paper Crane":40,"MawBank":9,"Cursed Key":34,"Mercury Hourglass":24,"Peace Pipe":39,"CaptainsWheel":7,"Matryoshka":11,"Toolbox":25,"Philosopher\u0027s Stone":17,"Molten Egg 2":43,"Art of War":30,"Kunai":26,"Ring of the Snake":0},{"Lantern":28,"Tiny House":0,"Happy Flower":9,"CeramicFish":24,"Vajra":14,"Eternal Feather":9,"The Courier":26,"Paper Crane":23,"MawBank":6,"Cursed Key":18,"Mercury Hourglass":14,"Peace Pipe":22,"CaptainsWheel":5,"Matryoshka":7,"Toolbox":14,"Philosopher\u0027s Stone":10,"Molten Egg 2":24,"Art of War":17,"Kunai":14,"Ring of the Snake":0},{"Lantern":153,"Tiny House":0,"Happy Flower":42,"CeramicFish":125,"Vajra":73,"Eternal Feather":42,"The Courier":137,"Paper Crane":120,"MawBank":26,"Cursed Key":98,"Mercury Hourglass":73,"Peace Pipe":114,"CaptainsWheel":23,"Matryoshka":33,"Toolbox":73,"Philosopher\u0027s Stone":53,"Molten Egg 2":125,"Art of War":87,"Kunai":73,"Ring of the Snake":0}],"Mercury Hourglass":[321]},"card_choices":[{"not_picked":["Slice","Flying Knee"],"picked":"Finisher","floor":0.0},{"not_picked":["Flying Knee","Slice"],"picked":"Dagger Spray","floor":1.0},{"not_picked":["Concentrate","Poisoned Stab"],"picked":"Wraith Form v2","floor":2.0},{"not_picked":["Slice","Quick Slash"],"picked":"Flying Knee","floor":3.0},{"not_picked":["Outmaneuver","Blade Dance","Slice"],"picked":"SKIP","floor":4.0},{"not_picked":["Underhanded Strike","PiercingWail"],"picked":"Footwork","floor":7},{"not_picked":["Flechettes","Blade Dance"],"picked":"Noxious Fumes","floor":8},{"not_picked":["Dodge and Roll","Flying Knee"],"picked":"Die Die Die","floor":11},{"not_picked":["Choke","Quick Slash"],"picked":"Deadly Poison","floor":12},{"not_picked":["Deflect","Concentrate"],"picked":"Well Laid Plans","floor":13},{"not_picked":["Glass Knife","Burst"],"picked":"Die Die Die","floor":16},{"not_picked":["Flying Knee","Choke"],"picked":"Deadly Poison+1","floor":18},{"not_picked":["Reflex","Slice"],"picked":"PiercingWail","floor":20},{"not_picked":["Riddle With Holes","Finisher"],"picked":"Backflip+1","floor":22},{"not_picked":["Quick Slash","Dagger Spray","Outmaneuver"],"picked":"SKIP","floor":24},{"not_picked":["Cloak And Dagger","Tactician"],"picked":"Dodge and Roll","floor":27},{"not_picked":["Underhanded Strike","Riddle With Holes","Dagger Spray"],"picked":"SKIP","floor":28},{"not_picked":["Wraith Form v2","Blur"],"picked":"Backflip","floor":30},{"not_picked":["Die Die Die","Grand Finale"],"picked":"Adrenaline","floor":33},{"not_picked":["Underhanded Strike","Bane"],"picked":"Dodge and Roll+1","floor":35},{"not_picked":["Bane+1","Acrobatics+1"],"picked":"Caltrops+1","floor":36},{"not_picked":["Riddle With Holes","Dodge and Roll+1"],"picked":"Crippling Poison","floor":38},{"not_picked":["Deadly Poison","Dagger Spray"],"picked":"Catalyst","floor":39},{"not_picked":["Choke","Calculated Gamble"],"picked":"Backflip","floor":40},{"not_picked":["Deadly Poison","Deflect+1"],"picked":"Dodge and Roll+1","floor":42},{"not_picked":["Bane+1","Flechettes+1","Underhanded Strike+1"],"picked":"SKIP","floor":44},{"not_picked":["Tactician","Distraction","Sucker Punch+1"],"picked":"SKIP","floor":45},{"not_picked":["Bane+1","Wraith Form v2"],"picked":"Poisoned Stab+1","floor":47},{"not_picked":["Blade Dance","Riddle With Holes+1"],"picked":"Acrobatics+1","floor":48}],"player_experience":293394,"relics_obtained":[{"floor":7,"key":"CaptainsWheel"},{"floor":9,"key":"MawBank"},{"floor":11,"key":"Matryoshka"},{"floor":13,"key":"Happy Flower"},{"floor":24,"key":"Mercury Hourglass"},{"floor":26,"key":"Vajra"},{"floor":26,"key":"Kunai"},{"floor":30,"key":"Art of War"},{"floor":39,"key":"Peace Pipe"},{"floor":40,"key":"Paper Crane"},{"floor":43,"key":"Molten Egg 2"},{"floor":43,"key":"CeramicFish"},{"floor":45,"key":"The Courier"},{"floor":48,"key":"Lantern"}],"event_choices":[{"damage_healed":0.0,"max_hp_gain":0.0,"max_hp_loss":0.0,"gold_gain":0.0,"event_name":"Living Wall","player_choice":"Grow","floor":5.0,"gold_loss":0.0,"damage_taken":0.0,"cards_upgraded":["Wraith Form v2"]},{"damage_healed":0,"gold_gain":0,"player_choice":"Simplicity","damage_taken":0,"max_hp_gain":0,"max_hp_loss":0,"event_name":"Back to Basics","floor":19,"gold_loss":0,"cards_upgraded":["Strike_G","Strike_G","Strike_G","Strike_G","Strike_G","Defend_G","Defend_G","Defend_G","Defend_G","Defend_G"]},{"damage_healed":0,"gold_gain":0,"player_choice":"Copied","damage_taken":0,"max_hp_gain":0,"max_hp_loss":0,"event_name":"Duplicator","floor":21,"gold_loss":0,"cards_obtained":["Noxious Fumes"]},{"damage_healed":0,"gold_gain":0,"player_choice":"Became a vampire","damage_taken":0,"max_hp_gain":0,"max_hp_loss":24,"event_name":"Vampires","floor":31,"gold_loss":0,"cards_obtained":["Bite","Bite","Bite","Bite","Bite"]},{"damage_healed":0,"gold_gain":0,"player_choice":"Fight","damage_taken":0,"max_hp_gain":0,"max_hp_loss":0,"event_name":"MindBloom","floor":39,"gold_loss":0}],"is_beta":false,"boss_relics":[{"not_picked":["Velvet Choker","Busted Crown"],"picked":"Philosopher\u0027s Stone"},{"not_picked":["Runic Pyramid","Fusion Hammer"],"picked":"Cursed Key"}],"items_purged_floors":[],"is_endless":false,"potions_floor_spawned":[1,2,11,13,20,28,30,38,39,42,45,47],"ascension_level":5}}