{"host":"aj6dldabq8s02zuz","time":1610736107,"event":{"mods":["AchievementEnabler","BaseMod","Better Note","Better Third Choice","Block Reminder","Colored Map","Custom Start","Downfall","Hermit","Highlight Path","Hubris","Mimic Mod","Minty Spire (QoL Compilation)","Permanent Neow","Quick Restart","Relic Sorter","Replay The Spire","StSLib","The Blue Laboratory","The Jungle","TheArtist","Wandering Minibosses"],"gold_per_floor":[199,217,58,68,68,53,83,83,95,95,95,125,50,35,47,47,47,47],"floor_reached":16,"language":"ENG","playtime":1148,"items_purged":[],"score":88,"play_id":"1759ef7a-80e4-4e05-bf4d-7475a3494195","local_time":"20210115124147","is_ascension_mode":false,"campfire_choices":[{"floor":1,"key":"RECALL"},{"floor":13,"key":"REST"}],"circlet_count":0,"master_deck":["hexamod:Strike","hexamod:Strike","hexamod:Strike","hexamod:Strike","hexamod:Defend","hexamod:Defend","hexamod:Defend","hexamod:Defend","hexamod:Sear","hexamod:Float","hexamod:FastForward+1","hexamod:FirstSeal","hexamod:InspiringFlames","hexamod:HauntingEcho","hexamod:AdvancingGuard","hexamod:BurningTouch","hexamod:HexaLevel","hexamod:SwordOfDarkness"],"relics":["hexamod:SpiritBrand","ReplayFunnel","Incense Burner","Frozen Eye","Bronze Scales","downfall:HeartBlessingBlue"],"acts_visited":["Exordium"],"potions_floor_usage":[],"damage_taken":[{"damage":0,"enemies":"Small Slimes","floor":2,"turns":3},{"damage":0,"enemies":"downfall:FleeingMerchant","floor":3,"turns":4},{"damage":4,"enemies":"Cultist","floor":4,"turns":6},{"damage":1,"enemies":"downfall:FleeingMerchant","floor":6,"turns":4},{"damage":0,"enemies":"Jaw Worm","floor":7,"turns":12},{"damage":1,"enemies":"Jaw Worm","floor":9,"turns":4},{"damage":2,"enemies":"Red Slaver","floor":12,"turns":8},{"damage":4,"enemies":"downfall:FleeingMerchant","floor":14,"turns":4},{"damage":18,"enemies":"Red Slaver","floor":15,"turns":6},{"damage":0,"enemies":"downfall:Ironclad","floor":16,"turns":1}],"seed_played":"-5035241987604282077","potions_obtained":[{"floor":4,"key":"blueLaboratory:FruitPreserves"},{"floor":9,"key":"blueLaboratory:BottleOfRum"}],"is_trial":false,"path_per_floor":["R","M","$","M","?","$","MIM","?","M","?","$","MIM","R","$","M","B"],"character_chosen":"THE_SPIRIT","items_purchased":["ReplayFunnel","Incense Burner","Frozen Eye"],"campfire_rested":1,"item_purchase_floors":[3,11,11],"current_hp_per_floor":[70,70,70,66,66,65,70,70,70,70,40,45,79,80,69,69,69,69],"gold":47,"neow_bonus":"HUNDRED_GOLD","is_daily":false,"chose_seed":false,"campfire_upgraded":0,"win_rate":0.0,"timestamp":1610736107,"path_taken":["R","M","$","M","?","$","MIM","?","?","?","?","?","R","?","M","BOSS"],"items_purchased_type":["Relic","Relic","Relic"],"build_version":"2020-12-22","purchased_purges":0,"victory":false,"max_hp_per_floor":[70,70,70,70,70,70,70,70,70,70,70,70,80,80,80,80,80,80],"card_choices":[{"not_picked":["hexamod:NightmareGuise","hexamod:ThermalTransfer","hexamod:GhostShield"],"picked":"SKIP","floor":2},{"not_picked":["hexamod:NightmareGuise","hexamod:SwordOfDarkness"],"picked":"hexamod:FastForward","floor":3},{"not_picked":["hexamod:GhostOfSpirePast","hexamod:GhostflameBarrier"],"picked":"hexamod:FirstSeal","floor":4},{"not_picked":["hexamod:HeatShield","hexamod:SwordOfDarkness"],"picked":"hexamod:InspiringFlames","floor":6},{"not_picked":["hexamod:RadiantFlame","hexamod:NightmareGuise"],"picked":"hexamod:HauntingEcho","floor":7},{"not_picked":["hexamod:ChargedBarrage","hexamod:HauntingEcho"],"picked":"hexamod:AdvancingGuard","floor":9},{"not_picked":["hexamod:BacktrackSmack","hexamod:RetreatToShadows"],"picked":"hexamod:BurningTouch","floor":12},{"not_picked":["hexamod:NightmareGuise","hexamod:SwordOfDarkness"],"picked":"hexamod:HexaLevel","floor":14},{"not_picked":["hexamod:ThermalTransfer","hexamod:RainOfEmbers"],"picked":"hexamod:SwordOfDarkness","floor":15}],"player_experience":39468,"relics_obtained":[{"floor":12,"key":"Bronze Scales"}],"event_choices":[{"damage_healed":0,"gold_gain":0,"player_choice":"Ignored","damage_taken":0,"max_hp_gain":0,"max_hp_loss":0,"event_name":"Transmorgrifier","floor":5,"gold_loss":0},{"damage_healed":0,"gold_gain":0,"player_choice":"Ignored","damage_taken":0,"max_hp_gain":0,"max_hp_loss":0,"event_name":"Purifier","floor":8,"gold_loss":0}],"is_beta":false,"boss_relics":[],"items_purged_floors":[],"is_endless":false,"potions_floor_spawned":[4,9,15],"killed_by":"downfall:Ironclad","ascension_level":0}}