{"host":"i0avyit1s6jb1siw","time":1610743761,"event":{"mods":["BaseMod","DeckTracker","Dota2Spire","Highlight Path","Minty Spire (QoL Compilation)","Quick Restart","StSLib","SuperFastMode"],"gold_per_floor":[110,6,21,21,37,66,66,66,90,109,109,125,153,165,165,242,242,257,270,284,284,284,318,218,268,291,291,307,307,307],"floor_reached":29,"language":"ENG","playtime":511,"items_purged":["Defend_P","Strike_P+1"],"score":660,"play_id":"ba7655d6-85d5-438b-afc3-987eec52b1f9","local_time":"20210115214921","is_ascension_mode":true,"campfire_choices":[{"floor":7,"key":"REST"},{"floor":15,"key":"RECALL"},{"floor":27,"key":"REST"}],"circlet_count":0,"master_deck":["AscendersBane","Strike_P+1","Strike_P+1","Strike_P+1","Defend_P+1","Defend_P+1","Eruption+1","Vigilance","LessonLearned+1","Protect+1","BowlingBash","Wallop+1","TalkToTheHand+1","CrushJoints+1","Indignation+1","FearNoEvil","Prostrate+1","Adaptation","Prostrate"],"relics":["Fusion Hammer","Dota2Spire:BattleFury","Oddly Smooth Stone","Dota2Spire:ArcaneBoots","Orichalcum","Dota2Spire:Bloodstone","Dota2Spire:PowerTreads"],"acts_visited":["TheCity"],"potions_floor_usage":[6],"damage_taken":[{"damage":1,"enemies":"Small Slimes","floor":1,"turns":3},{"damage":7,"enemies":"Jaw Worm","floor":3,"turns":3},{"damage":0,"enemies":"2 Louse","floor":5,"turns":4},{"damage":47,"enemies":"Gremlin Nob","floor":6,"turns":4},{"damage":6,"enemies":"Gremlin Gang","floor":10,"turns":3},{"damage":0,"enemies":"2 Fungi Beasts","floor":12,"turns":1},{"damage":0,"enemies":"Lagavulin","floor":13,"turns":3},{"damage":0,"enemies":"Looter","floor":14,"turns":3},{"damage":0,"enemies":"Slime Boss","floor":16,"turns":7},{"damage":0,"enemies":"Chosen","floor":18,"turns":4},{"damage":0,"enemies":"3 Byrds","floor":19,"turns":4},{"damage":0,"enemies":"Snecko","floor":20,"turns":4},{"damage":45,"enemies":"Book of Stabbing","floor":23,"turns":6},{"damage":24,"enemies":"Snake Plant","floor":28,"turns":4},{"damage":22,"enemies":"Gremlin Leader","floor":29,"turns":5}],"seed_played":"-6332290015906290869","potions_obtained":[{"floor":3,"key":"Fire Potion"},{"floor":5,"key":"DuplicationPotion"},{"floor":16,"key":"Dota2Spire:Clarity"},{"floor":20,"key":"Strength Potion"}],"is_trial":false,"path_per_floor":["M","$","M","?","M","E","R","T","T","M","?","M","E","M","R","B",null,"M","M","M","?","?","E","$","?","T","R","M","E"],"character_chosen":"WATCHER","items_purchased":["BowlingBash"],"campfire_rested":2,"item_purchase_floors":[2],"current_hp_per_floor":[60,60,53,53,53,6,26,26,26,20,20,20,20,20,20,20,56,56,56,56,56,56,11,11,11,11,31,7,0,0],"gold":307,"neow_bonus":"BOSS_RELIC","is_daily":false,"chose_seed":false,"campfire_upgraded":0,"win_rate":0.0,"timestamp":1610743761,"path_taken":["M","$","M","?","M","E","R","?","T","M","?","M","E","?","R","BOSS","M","M","M","?","?","E","$","?","T","R","M","E"],"items_purchased_type":["Card"],"build_version":"2020-12-22","purchased_purges":2,"victory":false,"max_hp_per_floor":[68,68,68,68,68,68,68,68,68,68,68,68,68,68,68,68,68,68,68,68,68,68,68,68,68,68,68,68,68,68],"card_choices":[{"not_picked":["SashWhip","Conclude"],"picked":"Protect","floor":1},{"not_picked":["Crescendo","Protect"],"picked":"Wallop","floor":3},{"not_picked":["BowlingBash","ThirdEye"],"picked":"TalkToTheHand","floor":5},{"not_picked":["Vengeance","SandsOfTime","Omniscience"],"picked":"SKIP","floor":6},{"not_picked":["SignatureMove","EmptyMind"],"picked":"CrushJoints","floor":10},{"not_picked":["Crescendo","Study","Evaluate"],"picked":"SKIP","floor":12},{"not_picked":["WheelKick","Crescendo"],"picked":"FearNoEvil","floor":13},{"not_picked":["FlurryOfBlows","Crescendo","Vengeance"],"picked":"SKIP","floor":14},{"not_picked":["BowlingBash","CutThroughFate+1"],"picked":"Prostrate+1","floor":18},{"not_picked":["WindmillStrike","SashWhip","ClearTheMind"],"picked":"SKIP","floor":19},{"not_picked":["EmptyBody","FlyingSleeves"],"picked":"Adaptation","floor":20},{"not_picked":["Judgement","Halt","Evaluate"],"picked":"SKIP","floor":23},{"not_picked":["BowlingBash","ThirdEye"],"picked":"Prostrate","floor":28}],"player_experience":2254472,"relics_obtained":[{"floor":6,"key":"Dota2Spire:BattleFury"},{"floor":8,"key":"Oddly Smooth Stone"},{"floor":9,"key":"Dota2Spire:ArcaneBoots"},{"floor":13,"key":"Orichalcum"},{"floor":23,"key":"Dota2Spire:PowerTreads"}],"event_choices":[{"damage_healed":0,"gold_gain":0,"player_choice":"Grow","damage_taken":0,"max_hp_gain":0,"max_hp_loss":0,"event_name":"Living Wall","floor":4,"gold_loss":0,"cards_upgraded":["Eruption"]},{"damage_healed":0,"gold_gain":0,"cards_transformed":["Defend_P"],"player_choice":"Transformed","damage_taken":0,"max_hp_gain":0,"max_hp_loss":0,"event_name":"Transmorgrifier","floor":11,"gold_loss":0,"cards_obtained":["Indignation"]},{"damage_healed":0,"gold_gain":0,"player_choice":"Ignored","damage_taken":0,"max_hp_gain":0,"max_hp_loss":0,"event_name":"Ghosts","floor":21,"gold_loss":0},{"damage_healed":0,"gold_gain":0,"player_choice":"Simplicity","damage_taken":0,"max_hp_gain":0,"max_hp_loss":0,"event_name":"Back to Basics","floor":22,"gold_loss":0,"cards_upgraded":["Strike_P","Defend_P"]},{"damage_healed":0,"gold_gain":50,"player_choice":"Stole From Cult","damage_taken":0,"max_hp_gain":0,"max_hp_loss":0,"event_name":"Nest","floor":25,"gold_loss":0}],"is_beta":false,"boss_relics":[{"not_picked":["Cursed Key","Black Star"],"picked":"Dota2Spire:Bloodstone"}],"items_purged_floors":[2,24],"is_endless":false,"potions_floor_spawned":[3,5,16,19,20,23],"killed_by":"Gremlin Leader","ascension_level":20}}