{"host":"nyoujqdnxu3hxf6v","time":1610707208,"event":{"mods":["BaseMod","MarisaÅiñ∂âJÅ@ñÇóùçπÅj","Minty Spire (QoL Compilation)","StSLib","The Servant 0.9.4"],"gold_per_floor":[117,117,117,130,130,163,177,177,177,177,205,37,57,71,71,170,170,187,199,199,218,233,266,266,294,294,294,294,313,313,324,324,419,419,434,484,484,501,576,605,617,115,164,175,208,158,158,172,172,172],"floor_reached":51,"language":"ENG","playtime":3697,"items_purged":["Strike_S","Strike_S","Regret"],"score":832,"play_id":"d292a04d-cf17-48ed-84d4-a657cd4b7370","local_time":"20210115054008","is_ascension_mode":false,"campfire_choices":[{"data":"KidneyShot","floor":8,"key":"SMITH"},{"data":"Exchange","floor":10,"key":"SMITH"},{"data":"TimeWarp","floor":15,"key":"SMITH"},{"floor":24,"key":"REST"},{"floor":28,"key":"REST"},{"floor":32,"key":"REST"},{"data":"1","floor":49,"key":"LIFT"}],"circlet_count":0,"master_deck":["Strike_S","Strike_S","Defend_S","Defend_S","Defend_S","KidneyShot+1","Exchange+1","SurpressingFire+1","TimeWarp+1","Initiator+1","Snipe+1","Starlight+1","Potential+1","ShiftingGears+1","Moonlight+1","Starlight+1","Dilation+1","Ricochet+1","Contraction+1","Potential+1","GearUp+1","Foresight","Advance+1","Decay","Potential+1","Replace+1","Deny+1","ShiftingGears+1","Rearm+1","BottledTime+1","TimeWarp+1","Alleviate+1","Advance+1","BottledTime+1","Wraith"],"relics":["SplendidAttire","NeowsBlessing","Molten Egg 2","White Beast Statue","Toxic Egg 2","CaptainsWheel","Unceasing Top","Bronze Scales","Toy Ornithopter","InkBottle","Smiling Mask","Girya","Pantograph","Blood Vial","Oddly Smooth Stone","Vajra","DollysMirror","Strawberry","Nunchaku"],"acts_visited":["Exordium","TheCity","TheBeyond"],"potions_floor_usage":[11,16,16,16,23,25,33,33,33,45],"damage_taken":[{"damage":0,"enemies":"Jaw Worm","floor":1,"turns":1},{"damage":0,"enemies":"Small Slimes","floor":4,"turns":1},{"damage":0,"enemies":"Gremlin Nob","floor":6,"turns":1},{"damage":0,"enemies":"Cultist","floor":7,"turns":4},{"damage":14,"enemies":"Lagavulin","floor":11,"turns":5},{"damage":5,"enemies":"Looter","floor":13,"turns":2},{"damage":0,"enemies":"Exordium Wildlife","floor":14,"turns":2},{"damage":37,"enemies":"The Guardian","floor":16,"turns":10},{"damage":5,"enemies":"Shell Parasite","floor":18,"turns":3},{"damage":14,"enemies":"2 Thieves","floor":19,"turns":4},{"damage":12,"enemies":"3 Cultists","floor":21,"turns":5},{"damage":12,"enemies":"Snecko","floor":22,"turns":5},{"damage":19,"enemies":"Gremlin Leader","floor":23,"turns":7},{"damage":25,"enemies":"Slavers","floor":25,"turns":4},{"damage":0,"enemies":"Centurion and Healer","floor":29,"turns":5},{"damage":0,"enemies":"3 Cultists","floor":31,"turns":4},{"damage":1,"enemies":"Collector","floor":33,"turns":7},{"damage":5,"enemies":"3 Darklings","floor":35,"turns":7},{"damage":8,"enemies":"Mind Bloom Boss Battle","floor":36,"turns":6},{"damage":9,"enemies":"Orb Walker","floor":38,"turns":2},{"damage":9,"enemies":"Nemesis","floor":40,"turns":5},{"damage":9,"enemies":"Spire Growth","floor":41,"turns":3},{"damage":0,"enemies":"3 Darklings","floor":44,"turns":4},{"damage":0,"enemies":"Reptomancer","floor":45,"turns":4},{"damage":0,"enemies":"4 Shapes","floor":48,"turns":4},{"damage":0,"enemies":"Donu and Deca","floor":50,"turns":8}],"seed_played":"-6069189933483293869","potions_obtained":[{"floor":1,"key":"SpeedPotion"},{"floor":7,"key":"Fruit Juice"},{"floor":11,"key":"BlessingOfTheForge"},{"floor":13,"key":"Swift Potion"},{"floor":16,"key":"Energy Potion"},{"floor":18,"key":"PowerPotion"},{"floor":19,"key":"DuplicationPotion"},{"floor":21,"key":"Weak Potion"},{"floor":23,"key":"Explosive Potion"},{"floor":25,"key":"Dexterity Potion"},{"floor":29,"key":"CultistPotion"},{"floor":33,"key":"GamblersBrew"},{"floor":35,"key":"Energy Potion"},{"floor":36,"key":"Swift Potion"},{"floor":40,"key":"DistilledChaos"},{"floor":45,"key":"Weak Potion"}],"is_trial":false,"path_per_floor":["M","?","?","M","?","E","M","R","T","R","E","$","M","M","R","B",null,"M","M","?","M","M","E","R","E","T","?","R","M","T","M","R","B",null,"M","?","?","M","T","E","M","$","T","M","E","$","?","M","R","B",null],"character_chosen":"THE_SERVANT","items_purchased":["Potential+1","ShiftingGears+1","Oddly Smooth Stone","Vajra","DollysMirror"],"campfire_rested":3,"item_purchase_floors":[12,12,42,42,42],"current_hp_per_floor":[65,65,65,65,65,65,65,65,65,65,56,56,51,51,51,14,70,65,51,51,39,27,8,29,4,4,4,25,25,25,25,46,60,70,65,57,57,48,48,39,32,32,39,41,48,48,48,50,50,77],"gold":172,"neow_bonus":"THREE_ENEMY_KILL","is_daily":false,"chose_seed":false,"campfire_upgraded":3,"win_rate":0.0,"timestamp":1610707208,"path_taken":["M","?","?","?","?","E","M","R","T","R","E","?","M","M","R","BOSS","M","M","?","?","M","E","R","E","T","?","R","M","?","M","R","BOSS","M","?","?","M","?","E","M","$","T","M","E","$","?","M","R","BOSS"],"items_purchased_type":["Card","Card","Relic","Relic","Relic"],"build_version":"2020-12-22","purchased_purges":3,"victory":true,"max_hp_per_floor":[65,65,65,65,65,65,65,65,65,65,70,70,70,70,70,70,70,70,70,70,70,70,70,70,70,70,70,70,70,70,70,70,70,70,70,70,70,70,70,70,70,70,77,77,77,77,77,77,77,77],"card_choices":[{"not_picked":["ShatteredReality","Spin"],"picked":"SurpressingFire","floor":1},{"not_picked":["Unruled","StarChef"],"picked":"TimeWarp","floor":4},{"not_picked":["Contraction","RealityMarble"],"picked":"Initiator+1","floor":6},{"not_picked":["Spin+1","Unruled+1"],"picked":"Snipe+1","floor":7},{"not_picked":["Potential+1","Replace+1"],"picked":"Starlight+1","floor":11},{"not_picked":["TimeWarp+1","Foresight"],"picked":"Moonlight+1","floor":13},{"not_picked":["Hightail+1","MoonPhase"],"picked":"Starlight+1","floor":14},{"not_picked":["Duplication+1","Sunlight+1"],"picked":"Dilation+1","floor":16},{"not_picked":["Unruled+1","DualDimension+1"],"picked":"Ricochet+1","floor":18},{"not_picked":["MoonPhase+1","Hightail+1"],"picked":"Contraction+1","floor":19},{"not_picked":["Spin+1","Read+1"],"picked":"Potential+1","floor":21},{"not_picked":["BottledTime+1","Snipe+1"],"picked":"GearUp+1","floor":22},{"not_picked":["Misdirection+1","Snipe+1"],"picked":"Foresight","floor":23},{"not_picked":["FanOfKnives+1","TimeWarp+1"],"picked":"Advance+1","floor":25},{"not_picked":["DoubleEdge+1","Rearm+1"],"picked":"Potential+1","floor":29},{"not_picked":["PendulumOfEternity+1","Ricochet+1"],"picked":"Replace+1","floor":31},{"not_picked":["Solidify+1","FloweringNight"],"picked":"Deny+1","floor":33},{"not_picked":["Rewind+1","Misdirection+1"],"picked":"ShiftingGears+1","floor":35},{"not_picked":["Desolation+1","Ricochet+1"],"picked":"Rearm+1","floor":36},{"not_picked":["Unruled+1","Starlight+1"],"picked":"BottledTime+1","floor":38},{"not_picked":["DoubleEdge+1","Initiator+1"],"picked":"TimeWarp+1","floor":40},{"not_picked":["Starlight+1","Unruled+1"],"picked":"Alleviate+1","floor":41},{"not_picked":["Spin+1","Hightail+1","Comet+1"],"picked":"SKIP","floor":44},{"not_picked":["Luminosity","Moonlight+1"],"picked":"BottledTime+1","floor":45},{"not_picked":["Contraction+1","ReturningBlade+1","Unruled+1"],"picked":"SKIP","floor":48}],"player_experience":29446,"relics_obtained":[{"floor":6,"key":"White Beast Statue"},{"floor":9,"key":"Toxic Egg 2"},{"floor":11,"key":"CaptainsWheel"},{"floor":23,"key":"Bronze Scales"},{"floor":25,"key":"Toy Ornithopter"},{"floor":26,"key":"InkBottle"},{"floor":30,"key":"Smiling Mask"},{"floor":36,"key":"Girya"},{"floor":39,"key":"Pantograph"},{"floor":40,"key":"Blood Vial"},{"floor":43,"key":"Strawberry"},{"floor":45,"key":"Nunchaku"}],"event_choices":[{"damage_healed":0,"gold_gain":0,"player_choice":"Grow","damage_taken":0,"max_hp_gain":0,"max_hp_loss":0,"event_name":"Living Wall","floor":2,"gold_loss":0,"cards_upgraded":["SurpressingFire"]},{"cards_removed":["Defend_S"],"damage_healed":0,"gold_gain":0,"player_choice":"Card Removal","damage_taken":0,"max_hp_gain":0,"max_hp_loss":0,"event_name":"Wheel of Change","floor":3,"gold_loss":0},{"damage_healed":0,"gold_gain":0,"player_choice":"Box","damage_taken":0,"relics_obtained":["Molten Egg 2"],"max_hp_gain":0,"max_hp_loss":0,"event_name":"Big Fish","floor":5,"gold_loss":0,"cards_obtained":["Regret"]},{"damage_healed":0,"gold_gain":0,"player_choice":"Gave Potion","damage_taken":0,"relics_obtained":["Unceasing Top"],"max_hp_gain":0,"max_hp_loss":0,"event_name":"WeMeetAgain","floor":20,"gold_loss":0},{"damage_healed":0,"gold_gain":0,"player_choice":"Smashed Altar","damage_taken":0,"max_hp_gain":0,"max_hp_loss":0,"event_name":"Forgotten Altar","floor":27,"gold_loss":0,"cards_obtained":["Decay"]},{"damage_healed":0,"gold_gain":0,"player_choice":"Fight","damage_taken":0,"max_hp_gain":0,"max_hp_loss":0,"event_name":"MindBloom","floor":36,"gold_loss":0},{"damage_healed":0,"gold_gain":0,"player_choice":"Ignored","damage_taken":0,"max_hp_gain":0,"max_hp_loss":0,"event_name":"Tomb of Lord Red Mask","floor":37,"gold_loss":0},{"damage_healed":0,"gold_gain":0,"player_choice":"Ignored","damage_taken":0,"max_hp_gain":0,"max_hp_loss":0,"event_name":"OrinTheCat","floor":47,"gold_loss":0}],"is_beta":false,"boss_relics":[{"not_picked":["SacredBark","StoneMask"],"picked":"SplendidAttire"},{"not_picked":["Runic Pyramid","Cursed Key","Velvet Choker"]}],"items_purged_floors":[12,42,46],"is_endless":false,"potions_floor_spawned":[1,7,11,13,14,16,18,19,21,22,23,25,29,31,33,35,36,38,40,41,44,45,48],"ascension_level":0}}