{"host":"foq4mrde4mssg7vt","time":1610723244,"event":{"mods":["AchievementEnabler","BaseMod","Colored Map","Colored Powertips","Highlight Path","Minty Spire (QoL Compilation)","Relic Stats","everything is the same but u backflip on backflip"],"gold_per_floor":[112,126,143,163,183,214,214,234,234,48,80,80,105,16,16,16,16],"floor_reached":16,"language":"ENG","playtime":609,"items_purged":[],"score":222,"play_id":"5c928ccf-130d-4097-b162-d508ed9d7bd2","local_time":"20210115230724","is_ascension_mode":true,"campfire_choices":[{"data":"True Grit","floor":7,"key":"SMITH"},{"floor":12,"key":"REST"},{"data":"Shockwave","floor":15,"key":"SMITH"}],"circlet_count":0,"master_deck":["AscendersBane","Strike_R","Strike_R","Strike_R","Strike_R","Strike_R","Defend_R","Defend_R","Defend_R","Defend_R","Bash","True Grit+1","Shrug It Off","Anger","Sword Boomerang","Disarm","Cleave","HandOfGreed","Shockwave+1"],"relics":["Burning Blood","Juzu Bracelet","PreservedInsect","Girya","Ornamental Fan"],"acts_visited":["Exordium"],"potions_floor_usage":[5,11,13],"damage_taken":[{"damage":1.0,"enemies":"Cultist","floor":1.0,"turns":3.0},{"damage":12.0,"enemies":"Small Slimes","floor":2.0,"turns":4.0},{"damage":3.0,"enemies":"2 Louse","floor":3.0,"turns":4.0},{"damage":2.0,"enemies":"2 Fungi Beasts","floor":4.0,"turns":5.0},{"damage":0,"enemies":"Gremlin Gang","floor":5,"turns":4},{"damage":50,"enemies":"3 Sentries","floor":6,"turns":12},{"damage":28,"enemies":"Exordium Thugs","floor":8,"turns":7},{"damage":10,"enemies":"2 Fungi Beasts","floor":11,"turns":4},{"damage":14,"enemies":"Lagavulin","floor":13,"turns":6},{"damage":35,"enemies":"Hexaghost","floor":16,"turns":12}],"seed_played":"-2871467630486405339","potions_obtained":[{"floor":3.0,"key":"Explosive Potion"},{"floor":5,"key":"CultistPotion"},{"floor":8,"key":"BloodPotion"},{"floor":11,"key":"FearPotion"}],"is_trial":false,"path_per_floor":["M","M","M","M","M","E","R","M","T","$","M","R","E","$","R","B"],"character_chosen":"IRONCLAD","items_purchased":["HandOfGreed","Shockwave"],"campfire_rested":1,"item_purchase_floors":[10,14],"current_hp_per_floor":[73,67,70,74,75,31,31,9,9,9,20,42,34,34,34,0,0],"gold":16,"neow_bonus":"RANDOM_COMMON_RELIC","is_daily":false,"chose_seed":false,"campfire_upgraded":2,"win_rate":0.0,"timestamp":1610723244,"path_taken":["M","M","M","M","M","E","R","M","T","$","M","R","E","?","R","BOSS"],"items_purchased_type":["Card","Card"],"build_version":"2020-12-22","purchased_purges":0,"victory":false,"max_hp_per_floor":[75,75,75,75,75,75,75,75,75,75,75,75,75,75,75,75,75],"relic_stats":{"counters":[10,61],"Ornamental Fan":[16],"PreservedInsect":29,"Juzu Bracelet":0,"obtain_stats":[{"Girya":9,"Ornamental Fan":13,"PreservedInsect":6,"Juzu Bracelet":0,"Burning Blood":0},{"Girya":7,"Ornamental Fan":9,"PreservedInsect":6,"Juzu Bracelet":0,"Burning Blood":0},{"Girya":39,"Ornamental Fan":49,"PreservedInsect":32,"Juzu Bracelet":0,"Burning Blood":0}],"Burning Blood":49},"card_choices":[{"not_picked":["Havoc","Metallicize"],"picked":"True Grit","floor":1.0},{"not_picked":["Sever Soul","Power Through"],"picked":"Shrug It Off","floor":2.0},{"not_picked":["Armaments","Twin Strike"],"picked":"Anger","floor":3.0},{"not_picked":["Body Slam","Fire Breathing"],"picked":"Sword Boomerang","floor":4.0},{"not_picked":["Pommel Strike","Clothesline","Heavy Blade"],"picked":"SKIP","floor":5},{"not_picked":["Infernal Blade","Shrug It Off"],"picked":"Disarm","floor":6},{"not_picked":["Sword Boomerang","Evolve"],"picked":"Cleave","floor":8},{"not_picked":["Flex","Body Slam","Twin Strike"],"picked":"SKIP","floor":11},{"not_picked":["Double Tap","Wild Strike","Clash"],"picked":"SKIP","floor":13}],"player_experience":473910,"relics_obtained":[{"floor":6,"key":"PreservedInsect"},{"floor":9,"key":"Girya"},{"floor":13,"key":"Ornamental Fan"}],"event_choices":[],"is_beta":false,"boss_relics":[],"items_purged_floors":[],"is_endless":false,"potions_floor_spawned":[3,5,8,11],"killed_by":"Hexaghost","ascension_level":19}}