{"host":"i0dcpa89fcfo7o2v","time":1610722495,"event":{"mods":["2.2 Compatiblity","AchievementEnabler","AlwaysNeverKeys","BaseMod","BetterRewards","Block Reminder","Colored Map","Colored Powertips","Conspire","Displayed Cursed Tome","Downfall","Energized Spire","Gold Saver","Halation","Highlight Path","Hubris","Infinite Spire","Minty Spire (QoL Compilation)","Quick Restart","Relic Stats","Replay The Spire","Shop Mod","Spicy Shops","StSLib","Synergy Search","The Factory","The Jungle","Transform Curses","Uncapped","Wandering Minibosses","vexMod"],"gold_per_floor":[278,278,278,1,1,1,31,31,31,50,76,76,95,113,113,191,191,204,204,204,219,219,219,44,44,44,75,101,101,12,26,26],"floor_reached":31,"language":"ENG","playtime":1243,"items_purged":["Writhe","Strike_R","Strike_R"],"score":839,"play_id":"918f098b-9084-4d5d-a9bf-824623784545","local_time":"20210115155455","is_ascension_mode":true,"campfire_choices":[{"data":"Uppercut","floor":6,"key":"SMITH"},{"data":"Neutralize","floor":8,"key":"SMITH"},{"floor":25,"key":"DIG"}],"circlet_count":0,"master_deck":["AscendersBane","Strike_R","Strike_R","Defend_R","Defend_R","Defend_R","Defend_R","Uppercut+1","Survivor","Neutralize+1","Thunderclap","Twin Strike+1","hubris:ReadiedAction","Pommel Strike","Immolate","Sword Boomerang","ReplayTheSpireMod:Limb From Limb","Heavy Blade+1","expansioncontent:AwakenDeath+1"],"relics":["Burning Blood","vexMod:Cooldron","Turnip","Frozen Egg 2","ReplayTheSpireMod:Ring of Exchange","ReplayFunnel","vexMod:ScavengeHelm","wanderingMiniBosses:ThiefScarf","ReplayTheSpireMod:Lightbulb","vexMod:BigBerry","Shovel","SacredBark","Potion Belt","Ring of Chaos","Happy Flower","theJungle:WildStrawberry","Tiny Chest","Ancient Tea Set","hubris:Icosahedron","Iron Hammer","infinitespire:Midas Blood"],"acts_visited":["Exordium","Exordium"],"potions_floor_usage":[1,7,7,13,14,16,21,21,27,27,31],"damage_taken":[{"damage":0,"enemies":"Small Slimes","floor":1,"turns":3},{"damage":23,"enemies":"Gremlin Nob","floor":7,"turns":4},{"damage":0,"enemies":"Cultist","floor":10,"turns":4},{"damage":48,"enemies":"Replay:BlueRogue","floor":11,"turns":10},{"damage":0,"enemies":"2 Louse","floor":13,"turns":2},{"damage":8,"enemies":"Large Slime","floor":14,"turns":6},{"damage":27,"enemies":"The Guardian","floor":16,"turns":14},{"damage":12,"enemies":"theJungle:MUSHROOMGANG","floor":18,"turns":5},{"damage":29,"enemies":"theJungle:GiantWrat","floor":21,"turns":5},{"damage":38,"enemies":"theJungle:Cassacara","floor":27,"turns":6},{"damage":59,"enemies":"theJungle:SlimyTreeVines","floor":31,"turns":8}],"seed_played":"2318925871893390280","potions_obtained":[{"floor":1,"key":"EntropicBrew"},{"floor":13,"key":"EntropicBrew"},{"floor":16,"key":"EntropicBrew"},{"floor":21,"key":"EntropicBrew"}],"is_trial":false,"path_per_floor":["M","?","?","$","?","R","E","R","T","M","E","?","M","M","R_BF","B",null,"M","?","AVR","M","PTL","PTL","$","R","?","E","T","?","$","M"],"character_chosen":"IRONCLAD","items_purchased":["vexMod:Cooldron","Turnip","Frozen Egg 2","Ring of Chaos","expansioncontent:AwakenDeath+1"],"campfire_rested":0,"item_purchase_floors":[0,0,4,24,30],"current_hp_per_floor":[74,74,74,74,74,74,57,57,57,63,21,21,27,34,56,35,95,89,89,89,66,66,66,66,66,59,27,27,27,27,0,0],"gold":26,"neow_bonus":"","is_daily":false,"chose_seed":false,"campfire_upgraded":2,"win_rate":0.0,"timestamp":1610722495,"path_taken":["M","?","?","$","?","R","E","R","T","M","E","?","M","M","R_BF","BOSS","M","?","AVR","M","PTL","PTL","$","R","?","E","T","?","?","M"],"items_purchased_type":["Relic","Relic","Relic","Relic","Card"],"build_version":"2020-12-22","purchased_purges":3,"victory":false,"max_hp_per_floor":[75,75,75,75,75,75,75,75,75,75,75,75,75,75,75,75,105,105,105,105,105,105,105,105,105,112,112,112,112,112,112,112],"relic_stats":{"Shovel":1,"Happy Flower":[4],"counters":[22,110],"Tiny Chest":0,"Turnip":[6],"obtain_stats":[{"ReplayFunnel":7,"Ice Cream":27,"ReplayTheSpireMod:Ring of Exchange":5,"Golden Egg":21,"SacredBark":20,"theJungle:WildPear":20,"Ancient Tea Set":28,"Burning Blood":0,"theJungle:SneckoAutograph":22,"conspire:GlowingRock":18,"hubris:Icosahedron":19,"Shovel":19,"Tiny Chest":27,"hubris:IronBody":11,"Iron Hammer":31,"Replay:Bottled Eggs":23,"Potion Belt":20,"NeowsBlessing":0,"wanderingMiniBosses:ThiefScarf":14,"Happy Flower":25,"vexMod:ScavengeHelm":9,"Counterbalance":21,"Ring of Chaos":24,"vexMod:FocusSash":8,"Frozen Egg 2":4,"halation:SelfBoilingWater":9,"vexMod:Cooldron":0,"halation:SwordOfLegend":16,"Busted Crown":17,"hubris:PeanutButter":18,"Turnip":0,"Art of War":6,"infinitespire:EmpoweringShard":16,"hubris:ToyBattleship":27,"theJungle:WildStrawberry":26,"ReplayTheSpireMod:Lightbulb":11,"vexMod:BigBerry":17,"infinitespire:Midas Blood":31},{"ReplayFunnel":13,"Ice Cream":20,"ReplayTheSpireMod:Ring of Exchange":12,"Golden Egg":19,"SacredBark":19,"theJungle:WildPear":8,"Ancient Tea Set":21,"Burning Blood":0,"theJungle:SneckoAutograph":8,"conspire:GlowingRock":18,"hubris:Icosahedron":8,"Shovel":19,"Tiny Chest":21,"hubris:IronBody":5,"Iron Hammer":21,"Replay:Bottled Eggs":9,"Potion Belt":19,"NeowsBlessing":0,"wanderingMiniBosses:ThiefScarf":17,"Happy Flower":20,"vexMod:ScavengeHelm":13,"Counterbalance":19,"Ring of Chaos":20,"vexMod:FocusSash":3,"Frozen Egg 2":12,"halation:SelfBoilingWater":3,"vexMod:Cooldron":11,"halation:SwordOfLegend":17,"Busted Crown":7,"hubris:PeanutButter":18,"Turnip":11,"Art of War":3,"infinitespire:EmpoweringShard":17,"hubris:ToyBattleship":20,"theJungle:WildStrawberry":20,"ReplayTheSpireMod:Lightbulb":15,"vexMod:BigBerry":18,"infinitespire:Midas Blood":21},{"ReplayFunnel":50,"Ice Cream":96,"ReplayTheSpireMod:Ring of Exchange":46,"Golden Egg":91,"SacredBark":91,"theJungle:WildPear":26,"Ancient Tea Set":102,"Burning Blood":0,"theJungle:SneckoAutograph":26,"conspire:GlowingRock":86,"hubris:Icosahedron":26,"Shovel":91,"Tiny Chest":102,"hubris:IronBody":14,"Iron Hammer":102,"Replay:Bottled Eggs":34,"Potion Belt":91,"NeowsBlessing":0,"wanderingMiniBosses:ThiefScarf":72,"Happy Flower":96,"vexMod:ScavengeHelm":50,"Counterbalance":91,"Ring of Chaos":96,"vexMod:FocusSash":4,"Frozen Egg 2":46,"halation:SelfBoilingWater":4,"vexMod:Cooldron":43,"halation:SwordOfLegend":72,"Busted Crown":23,"hubris:PeanutButter":86,"Turnip":43,"Art of War":4,"infinitespire:EmpoweringShard":72,"hubris:ToyBattleship":96,"theJungle:WildStrawberry":96,"ReplayTheSpireMod:Lightbulb":64,"vexMod:BigBerry":86,"infinitespire:Midas Blood":102}],"Burning Blood":108},"card_choices":[{"not_picked":["Iron Wave","conspire:ExplosiveBarrier"],"picked":"Uppercut","floor":1},{"not_picked":["Combust+1","Headbutt"],"picked":"Thunderclap","floor":7},{"not_picked":["Dark Embrace+1","Havoc"],"picked":"Twin Strike","floor":10},{"not_picked":["Thunderclap","Warcry"],"picked":"hubris:ReadiedAction","floor":11},{"not_picked":["Corruption+1","Anger","Evolve+1"],"picked":"SKIP","floor":13},{"not_picked":["conspire:Charge","Flex"],"picked":"Pommel Strike","floor":14},{"not_picked":["Reaper","Double Tap"],"picked":"Immolate","floor":16},{"not_picked":["Wild Strike","Headbutt"],"picked":"Sword Boomerang","floor":18},{"not_picked":["Flame Barrier","Flex"],"picked":"ReplayTheSpireMod:Limb From Limb","floor":21},{"not_picked":["conspire:HitWhereItHurts","conspire:Charge"],"picked":"Heavy Blade+1","floor":27}],"player_experience":197138,"relics_obtained":[{"floor":5,"key":"ReplayTheSpireMod:Ring of Exchange"},{"floor":7,"key":"ReplayFunnel"},{"floor":9,"key":"vexMod:ScavengeHelm"},{"floor":11,"key":"ReplayTheSpireMod:Lightbulb"},{"floor":14,"key":"wanderingMiniBosses:ThiefScarf"},{"floor":14,"key":"ReplayTheSpireMod:Lightbulb"},{"floor":25,"key":"Happy Flower"},{"floor":27,"key":"Tiny Chest"},{"floor":28,"key":"Ancient Tea Set"}],"event_choices":[{"cards_removed":["Strike_R"],"damage_healed":0,"gold_gain":0,"player_choice":"Forget","damage_taken":0,"max_hp_gain":0,"max_hp_loss":0,"event_name":"Living Wall","floor":3,"gold_loss":0},{"cards_removed":["Sickly"],"damage_healed":0,"gold_gain":0,"player_choice":"Purged","damage_taken":0,"max_hp_gain":0,"max_hp_loss":0,"event_name":"Purifier","floor":12,"gold_loss":0}],"is_beta":false,"boss_relics":[{"not_picked":["Black Blood","Tiny House"],"picked":"vexMod:BigBerry"}],"items_purged_floors":[20,24,24],"is_endless":false,"potions_floor_spawned":[1,13,16,21],"killed_by":"theJungle:SlimyTreeVines","ascension_level":20}}