{"host":"6h0diz2ap0m56grs","time":1610743872,"event":{"mods":["2.2 Compatiblity","BaseMod","Colored Map","Marisa????????","Minty Spire (QoL Compilation)","Quick Restart","Replay The Spire","Shop Mod","StSLib","The Servant 0.9.4"],"gold_per_floor":[114,130,150,4,4,333,366,400,446,446,446,472,91,119,119,221,321,337,337,347,446,361,387,419,451,475,501,501,533,533,564,564,564,564],"floor_reached":33,"language":"ENG","playtime":1041,"items_purged":[],"score":700,"play_id":"eacc24ac-12bc-496d-a8fa-c7bc3d406093","local_time":"20210115145112","daily_mods":["SealedDeck","Heirloom","Time Dilation","Flight"],"is_ascension_mode":true,"campfire_choices":[{"data":"SprinkleStarSeal","floor":11,"key":"SMITH"},{"data":"GalacticHalo","floor":15,"key":"SMITH"},{"data":"OortCloud","floor":28,"key":"SMITH"},{"data":"UltimateShortwave","floor":32,"key":"SMITH"}],"circlet_count":0,"master_deck":["SporeBomb","AsteroidBelt","GalacticHalo+1","AsteroidBelt","GalacticHalo","ShootingEcho+1","WitchLeyline","WitchLeyline","WitchLeyline","WitchLeyline+1","GasGiant","SprinkleStarSeal+1","OneTimeOff","MeteoricShower+1","EnergyFlow+1","OortCloud+1","OneTimeOff","UltimateShortwave+1"],"relics":["MiniHakkero","replay:Trail_Library","Molten Egg 2","Boot","Anchor","Smiling Mask","OrangePellets","MerchantsRug","Replay:Baseball","Lantern","Replay:Wanted Poster","Snack Pack","Akabeko","Turnip","Pear","Blue Doll","Tiny Chest","Nunchaku","ReplayTheSpireMod:Lightbulb"],"acts_visited":["Exordium","TheCity"],"potions_floor_usage":[23],"damage_taken":[{"damage":0,"enemies":"Cultist","floor":1,"turns":2},{"damage":0,"enemies":"Small Slimes","floor":2,"turns":2},{"damage":0,"enemies":"Jaw Worm","floor":3,"turns":1},{"damage":2,"enemies":"Lagavulin","floor":6,"turns":5},{"damage":0,"enemies":"Gremlin Nob","floor":7,"turns":2},{"damage":1,"enemies":"Lagavulin","floor":8,"turns":4},{"damage":1,"enemies":"Gremlin Nob","floor":12,"turns":3},{"damage":0,"enemies":"Lagavulin","floor":14,"turns":3},{"damage":9,"enemies":"Hexaghost","floor":16,"turns":6},{"damage":0,"enemies":"Chosen","floor":18,"turns":3},{"damage":0,"enemies":"Shell Parasite","floor":20,"turns":4},{"damage":6,"enemies":"Slavers","floor":23,"turns":5},{"damage":0,"enemies":"Book of Stabbing","floor":24,"turns":6},{"damage":0,"enemies":"Gremlin Leader","floor":25,"turns":4},{"damage":0,"enemies":"Slavers","floor":27,"turns":5},{"damage":0,"enemies":"Gremlin Leader","floor":29,"turns":4},{"damage":0,"enemies":"Slavers","floor":31,"turns":3},{"damage":0,"enemies":"Champ","floor":33,"turns":6}],"seed_played":"-3741861517215199875","potions_obtained":[{"floor":2,"key":"EssenceOfSteel"},{"floor":3,"key":"SkillPotion"},{"floor":8,"key":"Explosive Potion"},{"floor":12,"key":"CultistPotion"},{"floor":24,"key":"Languid Potion"},{"floor":27,"key":"CultistPotion"}],"is_trial":true,"path_per_floor":["M","M","M","$","?","E","E","E","T","?","R","E","$","E","R","B",null,"M","?","M","?","?","E","E","E","T","E","R","E","?","E","R","B"],"character_chosen":"MARISA","items_purchased":["Whetstone","OrangePellets","MerchantsRug","Replay:Baseball","OortCloud"],"campfire_rested":0,"item_purchase_floors":[4,13,13,13,13],"current_hp_per_floor":[75,75,75,75,80,78,78,77,77,77,77,76,76,76,76,67,80,80,80,80,80,80,78,80,90,90,90,90,90,90,90,90,90,90],"gold":564,"neow_bonus":"","is_daily":false,"chose_seed":false,"campfire_upgraded":4,"win_rate":0.0,"timestamp":1610743872,"path_taken":["M","M","?","$","?","E","E","E","T","?","R","E","$","E","R","BOSS","M","?","?","?","?","E","E","E","T","E","R","E","?","E","R","BOSS"],"items_purchased_type":["Relic","Relic","Relic","Relic","Card"],"build_version":"2020-12-22","purchased_purges":0,"victory":false,"max_hp_per_floor":[75,75,75,75,80,80,80,80,80,80,80,80,80,80,80,80,80,80,80,80,80,80,80,80,90,90,90,90,90,90,90,90,90,90],"card_choices":[{"not_picked":["DC","MilkyWay","NonDirectionalLaser"],"picked":"SKIP","floor":1},{"not_picked":["6A","PowerUp","GalacticHalo"],"picked":"SKIP","floor":2},{"not_picked":["PowerUp","GravityBeat"],"picked":"WitchLeyline","floor":3},{"not_picked":["DarkMatter","RefractionSpark"],"picked":"GasGiant","floor":6},{"not_picked":["Singularity","EnergyFlow"],"picked":"SprinkleStarSeal","floor":7},{"not_picked":["Acceleration","FairyDestructionRay+1"],"picked":"OneTimeOff","floor":8},{"not_picked":["MysteriousBeam+1","Acceleration","LuminesStrike+1"],"picked":"SKIP","floor":12},{"not_picked":["6A+1","MaximisePower","AsteroidBelt"],"picked":"SKIP","floor":14},{"not_picked":["MachineGunSpark+1","IllusionStar","WitchLeyline+1"],"picked":"SKIP","floor":18},{"not_picked":["6A+1","AsteroidBelt","ShootingEcho+1"],"picked":"SKIP","floor":20},{"not_picked":["MilkyWay","StarlightTyphoon","BlazeAway+1"],"picked":"SKIP","floor":23},{"not_picked":["WitchOfGreed","EnergyRecoil","MysteriousBeam+1"],"picked":"SKIP","floor":24},{"not_picked":["OpenUniverse","ChargingUp","GalacticHalo"],"picked":"SKIP","floor":25},{"not_picked":["NonDirectionalLaser+1","MagicAbsorber","PropBag+1"],"picked":"SKIP","floor":27},{"not_picked":["MilkyWay","PowerUp","FairyDestructionRay+1"],"picked":"SKIP","floor":29},{"not_picked":["MysteriousBeam+1","EarthLightRay"],"picked":"UltimateShortwave","floor":31}],"player_experience":182795,"relics_obtained":[{"floor":6,"key":"Old Coin"},{"floor":7,"key":"Molten Egg 2"},{"floor":8,"key":"Boot"},{"floor":9,"key":"Anchor"},{"floor":12,"key":"Smiling Mask"},{"floor":14,"key":"Lantern"},{"floor":23,"key":"Akabeko"},{"floor":24,"key":"Turnip"},{"floor":25,"key":"Pear"},{"floor":26,"key":"Blue Doll"},{"floor":27,"key":"Tiny Chest"},{"floor":29,"key":"Nunchaku"},{"floor":31,"key":"ReplayTheSpireMod:Lightbulb"}],"event_choices":[{"damage_healed":0,"gold_gain":0,"player_choice":"Donut","damage_taken":0,"max_hp_gain":5,"max_hp_loss":0,"event_name":"Big Fish","floor":5,"gold_loss":0},{"damage_healed":0,"gold_gain":0,"player_choice":"Got Potions","damage_taken":0,"max_hp_gain":0,"max_hp_loss":0,"event_name":"Lab","floor":19,"gold_loss":0},{"damage_healed":0,"gold_gain":99,"player_choice":"Stole From Cult","damage_taken":0,"max_hp_gain":0,"max_hp_loss":0,"event_name":"Nest","floor":21,"gold_loss":0},{"damage_healed":0,"gold_gain":0,"player_choice":"Obtained Relic","damage_taken":0,"relics_obtained":["Snack Pack"],"max_hp_gain":0,"max_hp_loss":0,"event_name":"Addict","floor":22,"gold_loss":85}],"is_beta":false,"boss_relics":[{"not_picked":["Velvet Choker","SlaversCollar"],"picked":"Replay:Wanted Poster"}],"items_purged_floors":[],"is_endless":false,"potions_floor_spawned":[2,3,8,12,14,20,24,27,31],"killed_by":"Champ","ascension_level":1}}