{"host":"5ffrjkuvgrxgllwx","time":1610681282,"event":{"mods":["AchievementEnabler","BaseMod","Colored Map","Colored Powertips","Conspire","Hubris","Minty Spire (QoL Compilation)","Quick Restart","Rare Cards Sparkle","Replay The Spire","StSLib","everything is the same but u backflip on backflip"],"gold_per_floor":[10,22,22,41,41,71,81,81,81],"floor_reached":8,"language":"ENG","playtime":449,"items_purged":[],"score":107,"play_id":"ecc8efe3-9c1a-43c8-99a6-029275969ead","local_time":"20210114222802","is_ascension_mode":true,"campfire_choices":[],"circlet_count":0,"master_deck":["AscendersBane","Strike_R","Strike_R","Strike_R","Strike_R","Defend_R","Defend_R","Defend_R","Defend_R","Bash","ReplayTheSpireMod:Brewmster","Pommel Strike","Clothesline","Massacre","conspire:ExplosiveBarrier","Thunderclap"],"relics":["Burning Blood","hubris:Towel","conspire:DeflatedDodgeball"],"acts_visited":["Exordium"],"potions_floor_usage":[1,1,2,2,4,4,4,4,6,6,6,6,6,6,7,7,8,8],"damage_taken":[{"damage":16,"enemies":"Jaw Worm","floor":1,"turns":5},{"damage":20,"enemies":"2 Louse","floor":2,"turns":4},{"damage":0,"enemies":"conspire:RoseBush","floor":4,"turns":6},{"damage":35,"enemies":"Gremlin Nob","floor":6,"turns":6},{"damage":8,"enemies":"Looter","floor":7,"turns":4},{"damage":26,"enemies":"Replay:BlueRogue","floor":8,"turns":5}],"seed_played":"3173853324449561142","potions_obtained":[{"floor":7,"key":"Languid Potion"}],"is_trial":false,"path_per_floor":["M","M","?","M","?","E","M","E"],"character_chosen":"IRONCLAD","items_purchased":[],"campfire_rested":0,"item_purchase_floors":[],"current_hp_per_floor":[58,49,49,55,55,26,24,0,0],"gold":81,"neow_bonus":"RANDOM_COLORLESS_2","is_daily":false,"chose_seed":false,"campfire_upgraded":0,"win_rate":0.0,"timestamp":1610681282,"path_taken":["M","M","?","M","?","E","M","E"],"items_purchased_type":[],"build_version":"2020-12-22","purchased_purges":0,"victory":false,"max_hp_per_floor":[75,75,75,75,75,75,75,75,75],"card_choices":[{"not_picked":["ReplayUltimateDefense","Violence"],"picked":"ReplayTheSpireMod:Brewmster","floor":0},{"not_picked":["ReplayTheSpireMod:Strike From Hell","Clash"],"picked":"Pommel Strike","floor":1},{"not_picked":["Pommel Strike","Second Wind","Reckless Charge"],"picked":"SKIP","floor":2},{"not_picked":["Flex","Sentinel"],"picked":"Clothesline","floor":4},{"not_picked":["Thunderclap","Body Slam"],"picked":"conspire:ExplosiveBarrier","floor":6},{"not_picked":["hubris:CleavingFinish","Sword Boomerang"],"picked":"Thunderclap","floor":7}],"player_experience":1390192,"relics_obtained":[{"floor":6,"key":"conspire:DeflatedDodgeball"}],"event_choices":[{"damage_healed":0,"gold_gain":0,"cards_transformed":["Strike_R"],"player_choice":"Change","damage_taken":0,"max_hp_gain":0,"max_hp_loss":0,"event_name":"Living Wall","floor":5,"gold_loss":0,"cards_obtained":["Massacre"]}],"is_beta":false,"boss_relics":[],"items_purged_floors":[],"is_endless":false,"potions_floor_spawned":[6,7],"killed_by":"Replay:BlueRogue","ascension_level":17}}