{"host":"flm17o2q7bfjyna6","time":1610738800,"event":{"mods":["2.2 Compatiblity","Act Like it!","BaseMod","Better Altar","Better Match","Better Note","Better Sensory Stone","Better Skull","Better Third Choice","Better Vampires","Colored Map","Colored Powertips","DeckTracker","Fox Events","Hermit","Minty Spire (QoL Compilation)","Quick Restart","Replay The Spire","Reworked Bosses","Spicy Shops","StSLib","Wandering Minibosses"],"gold_per_floor":[114,129,108,108,172,202,202,232,232,262,277,292,322,337,337,437,437,452,467,482,482,7,7,7,37,62,392,407,437,452,482,482,582,582,597,22,37,37,37,67,67,97,122,161,176,224,278,302,302,302],"floor_reached":51,"language":"ENG","playtime":2994,"items_purged":["Grand Finale","Demonic Infusion","Voices"],"score":1148,"play_id":"db24af6f-ce06-439e-a215-481a23b6880b","local_time":"20210115142640","daily_mods":["Shiny","Green Cards","Elite Swarm"],"is_ascension_mode":false,"campfire_choices":[{"data":"After Image","floor":7,"key":"SMITH"},{"data":"Adrenaline","floor":15,"key":"SMITH"},{"data":"Adrenaline","floor":23,"key":"SMITH"},{"data":"Offering","floor":32,"key":"SMITH"},{"data":"Replay:Bag of Tricks","floor":41,"key":"SMITH"},{"data":"Demon Form","floor":49,"key":"SMITH"}],"circlet_count":0,"master_deck":["ReplayTheSpireMod:Necrosis","Corpse Explosion","Die Die Die","Atom Bomb","ReplayTheSpireMod:From All Sides","Adrenaline+1","Envenom","Doppelganger","Burst","Wraith Form v2","Tools of the Trade","After Image+1","Poison Darts","A Thousand Cuts+1","Venomology","Replay:Bag of Tricks+1","Malaise","Phantasmal Killer","Night Terror","Unload","Bullet Time","Storm of Steel","Glass Knife","Double Tap","Demon Form+1","Fiend Fire","Eclipse","Berserk","Impervious","Juggernaut","Brutality","Exhume","Offering","Bludgeon","Feed","Replay:Many Hands","Limit Break","Corruption","Barricade","Hemogenesis","Reaper","Immolate","Backstab","Rage","Adrenaline+1","Offering+1","Phantasmal Killer","Eclipse","After Image","Draining Mist","Shrug It Off+1","CommonCold","Offering","Pot Of Greed","Pot Of Greed","Pot Of Greed","Pot Of Greed","Pot Of Greed","Impervious","Thunderclap","After Image","ReplayTheSpireMod:From All Sides","Doppelganger","Pot Of Greed","CurseOfTheBell","Acrobatics+1","Trip","Armaments","Sickly","Madness","Madness","Hemogenesis","Feed","Hallucinations","Juggernaut","ReplayTheSpireMod:From All Sides+1","Pot Of Greed","Shrug It Off+1","Flame Barrier+1"],"relics":["Burning Blood","betterThird:SlimedRelic","Bronze Scales","Meat on the Bone","Replay:Bottled Steam","Pet Ghost","Gremlin Horn","Cursed Key","Regal Pillow","ClockworkSouvenir","Pantograph","PreservedInsect","Grinning Jar","Old Coin","ReplayTheSpireMod:Spearhead","Replay:Towering Pillar of Hats","Calling Bell","Boot","Chameleon Ring","Girya","BargainBundle","Kunai","ReplayTheSpireMod:Ring of Exchange","Dream Catcher","Centennial Puzzle","CeramicFish","Molten Egg 2","Mercury Hourglass","Peace Pipe"],"acts_visited":["Exordium","TheCity","TheBeyond"],"potions_floor_usage":[13,16,25,27,28,28,30,33,46,47,50,50],"damage_taken":[{"damage":0,"enemies":"Cultist","floor":1,"turns":2},{"damage":6,"enemies":"Jaw Worm","floor":2,"turns":1},{"damage":29,"enemies":"Replay:BlueRogue","floor":6,"turns":4},{"damage":23,"enemies":"3 Sentries","floor":8,"turns":4},{"damage":6,"enemies":"Gremlin Nob","floor":10,"turns":2},{"damage":0,"enemies":"Small Slimes","floor":11,"turns":3},{"damage":9,"enemies":"Exordium Wildlife","floor":12,"turns":3},{"damage":18,"enemies":"Lagavulin","floor":13,"turns":6},{"damage":0,"enemies":"Lots of Slimes","floor":14,"turns":1},{"damage":23,"enemies":"Fading Forest","floor":16,"turns":10},{"damage":0,"enemies":"3 Byrds","floor":18,"turns":3},{"damage":16,"enemies":"2 Thieves","floor":19,"turns":4},{"damage":13,"enemies":"Chosen and Byrds","floor":20,"turns":4},{"damage":16,"enemies":"Replay:Snechameleon","floor":25,"turns":5},{"damage":20,"enemies":"Slavers","floor":27,"turns":4},{"damage":4,"enemies":"Cultist and Chosen","floor":28,"turns":4},{"damage":15,"enemies":"Replay:Snechameleon","floor":29,"turns":4},{"damage":16,"enemies":"Shelled Parasite and Fungi","floor":30,"turns":4},{"damage":12,"enemies":"Gremlin Leader","floor":31,"turns":2},{"damage":49,"enemies":"Pondfish","floor":33,"turns":4},{"damage":6,"enemies":"3 Shapes","floor":35,"turns":2},{"damage":8,"enemies":"3 Darklings","floor":37,"turns":3},{"damage":5,"enemies":"Giant Head","floor":40,"turns":5},{"damage":6,"enemies":"Reptomancer","floor":42,"turns":5},{"damage":23,"enemies":"Nemesis","floor":44,"turns":4},{"damage":18,"enemies":"Maw","floor":45,"turns":6},{"damage":15,"enemies":"Reptomancer","floor":46,"turns":3},{"damage":38,"enemies":"2 Orb Walkers","floor":47,"turns":4},{"damage":6,"enemies":"Jaw Worm Horde","floor":48,"turns":2},{"damage":25,"enemies":"bossMod:newAwakened","floor":50,"turns":7}],"seed_played":"5830580211590973081","potions_obtained":[{"floor":6,"key":"Fire Potion"},{"floor":8,"key":"SmokeBomb"},{"floor":11,"key":"PowerPotion"},{"floor":28,"key":"BloodPotion"},{"floor":35,"key":"Energy Potion"},{"floor":47,"key":"Adrenaline Potion"}],"is_trial":false,"path_per_floor":["M","M","?","?","?","E","R","E","T","E","M","M","E","M","R","B",null,"M","M","M","T","$","R","?","E","T","E","M","E","M","E","R","B",null,"M","$","M","?","?","E","R","E","T","E","M","E","?","M","R","B",null],"character_chosen":"IRONCLAD","items_purchased":["ClockworkSouvenir","Pantograph","BargainBundle","Kunai","Trip","CultistPotion","Adrenaline Potion"],"campfire_rested":0,"item_purchase_floors":[22,22,36,36,36,36,36],"current_hp_per_floor":[80,80,69,69,69,46,46,53,53,57,67,67,69,75,75,76,83,83,76,72,72,72,72,72,69,69,60,62,57,54,58,58,54,92,92,92,92,92,80,81,81,92,92,75,83,74,61,64,64,95],"gold":302,"neow_bonus":"","is_daily":true,"chose_seed":false,"campfire_upgraded":6,"win_rate":0.0,"timestamp":1610738800,"path_taken":["M","M","?","?","?","E","R","E","T","E","M","?","E","M","R","BOSS","M","M","?","?","$","R","?","E","T","E","M","E","M","E","R","BOSS","M","$","M","?","?","E","R","E","T","E","M","E","?","M","R","BOSS"],"items_purchased_type":["Relic","Relic","Relic","Relic","Card","Potion","Potion"],"build_version":"2020-12-22","purchased_purges":3,"victory":true,"max_hp_per_floor":[80,80,80,80,80,80,80,80,80,80,80,83,83,83,83,83,83,83,86,89,89,89,89,89,89,89,89,89,89,89,92,92,92,92,92,92,92,92,92,92,92,92,92,92,92,92,92,95,95,95],"card_choices":[{"not_picked":["Quick Slash","Leg Sweep"],"picked":"Backstab","floor":1},{"not_picked":["Prepared","Skewer"],"picked":"Rage","floor":2},{"not_picked":["Demonic Infusion","Grand Finale"],"picked":"Adrenaline","floor":6},{"not_picked":["Grand Finale","Doppelganger"],"picked":"Offering","floor":8},{"not_picked":["Tools of the Trade","Replay:Many Hands"],"picked":"Phantasmal Killer","floor":10},{"not_picked":["Flex","ReplayTheSpireMod:Speed Training","Body Slam"],"picked":"SKIP","floor":11},{"not_picked":["Hidden Blade","Flying Knee","Warcry"],"picked":"SKIP","floor":12},{"not_picked":["Replay:Many Hands","Juggernaut"],"picked":"Eclipse","floor":13},{"not_picked":["Perfected Strike","Pommel Strike","Outmaneuver"],"picked":"SKIP","floor":14},{"not_picked":["Barricade","Juggernaut"],"picked":"After Image","floor":16},{"not_picked":["ReplayTheSpireMod:Tripwire","ReplayTheSpireMod:Muscle Training"],"picked":"Draining Mist","floor":18},{"not_picked":["Defy Death","ReplayTheSpireMod:Strike From Hell"],"picked":"Shrug It Off+1","floor":19},{"not_picked":["Heavy Blade","Twin Strike","Cloak And Dagger"],"picked":"SKIP","floor":20},{"not_picked":["Doppelganger","Fiend Fire"],"picked":"Offering","floor":25},{"not_picked":["Exhume","Envenom"],"picked":"Impervious","floor":27},{"not_picked":["Massacre+1","Sword Boomerang"],"picked":"Thunderclap","floor":28},{"not_picked":["Fiend Fire","Limit Break"],"picked":"After Image","floor":29},{"not_picked":["Flex","Endless Agony","Iron Wave"],"picked":"SKIP","floor":30},{"not_picked":["Demon Form","Poison Darts"],"picked":"ReplayTheSpireMod:From All Sides","floor":31},{"not_picked":["After Image","Tools of the Trade"],"picked":"Doppelganger","floor":33},{"not_picked":["Slice+1","Cloak And Dagger"],"picked":"Acrobatics+1","floor":35},{"not_picked":["Underhanded Strike","Skewer+1"],"picked":"Armaments","floor":37},{"not_picked":["Bullet Time","Bludgeon"],"picked":"Hemogenesis","floor":40},{"not_picked":["Atom Bomb","Demonic Infusion"],"picked":"Feed","floor":42},{"not_picked":["Storm of Steel","Tools of the Trade"],"picked":"Juggernaut","floor":44},{"not_picked":["Warcry+1","Flex","True Grit"],"picked":"SKIP","floor":45},{"not_picked":["Immolate+1","Atom Bomb+1"],"picked":"ReplayTheSpireMod:From All Sides+1","floor":46},{"not_picked":["Flying Knee+1","Tactician"],"picked":"Shrug It Off+1","floor":47},{"not_picked":["Accuracy","Bouncing Flask"],"picked":"Flame Barrier+1","floor":48}],"player_experience":1662122,"relics_obtained":[{"floor":6,"key":"Bronze Scales"},{"floor":8,"key":"Meat on the Bone"},{"floor":9,"key":"Replay:Bottled Steam"},{"floor":10,"key":"Pet Ghost"},{"floor":13,"key":"Gremlin Horn"},{"floor":21,"key":"Regal Pillow"},{"floor":25,"key":"PreservedInsect"},{"floor":26,"key":"Grinning Jar"},{"floor":27,"key":"Old Coin"},{"floor":29,"key":"ReplayTheSpireMod:Spearhead"},{"floor":31,"key":"Replay:Towering Pillar of Hats"},{"floor":34,"key":"Boot"},{"floor":34,"key":"Chameleon Ring"},{"floor":34,"key":"Girya"},{"floor":38,"key":"ReplayTheSpireMod:Ring of Exchange"},{"floor":40,"key":"Dream Catcher"},{"floor":42,"key":"Centennial Puzzle"},{"floor":43,"key":"CeramicFish"},{"floor":44,"key":"Molten Egg 2"},{"floor":46,"key":"Mercury Hourglass"},{"floor":47,"key":"Peace Pipe"}],"event_choices":[{"damage_healed":0,"gold_gain":0,"player_choice":"Slimed","damage_taken":11,"max_hp_gain":0,"max_hp_loss":0,"event_name":"betterThird:BetterGoop","floor":3,"gold_loss":21},{"damage_healed":0,"gold_gain":64,"player_choice":"Gained Gold","damage_taken":0,"max_hp_gain":0,"max_hp_loss":0,"event_name":"Golden Wing","floor":5,"gold_loss":0},{"damage_healed":0,"gold_gain":0,"player_choice":"Ignored","damage_taken":0,"max_hp_gain":0,"max_hp_loss":0,"event_name":"Ghosts","floor":24,"gold_loss":0},{"damage_healed":0,"gold_gain":0,"player_choice":"Embrace Madness","damage_taken":12,"max_hp_gain":0,"max_hp_loss":0,"event_name":"Winding Halls","floor":39,"gold_loss":0,"cards_obtained":["Madness","Madness"]},{"damage_healed":0,"gold_gain":0,"player_choice":"Fight","damage_taken":0,"max_hp_gain":0,"max_hp_loss":0,"event_name":"Mysterious Sphere","floor":47,"gold_loss":0}],"is_beta":false,"boss_relics":[{"not_picked":["Replay:Drink Me","Fusion Hammer"],"picked":"Cursed Key"},{"not_picked":["ReplayTheSpireMod:DimensionalGlitch","Runic Pyramid"],"picked":"Calling Bell"}],"items_purged_floors":[22,36,36],"is_endless":false,"potions_floor_spawned":[6,8,11,12,20,25,28,31,35,45,47,48],"ascension_level":0}}