{"host":"vfg9szunmpjwj08o","time":1610728878,"event":{"mods":["Act Like it!","BaseMod","Challenge The Spire","Colored Map","Colored Powertips","Conspire","Dark Map","Fox Events","Minty Spire (QoL Compilation)","Relic Stats","StSLib","Waifu the Spire"],"gold_per_floor":[114,18,64,64,75,104,104,136,161,161,161,178,178,198,198,198,198],"floor_reached":16,"language":"ENG","playtime":219,"items_purged":[],"score":259,"play_id":"c81f6e6f-ce78-47de-af5f-e0cd80f1bc9f","local_time":"20210115174118","is_ascension_mode":true,"campfire_choices":[{"data":"Zap","floor":7,"key":"SMITH"},{"data":"Dualcast","floor":10,"key":"SMITH"},{"floor":15,"key":"REST"}],"circlet_count":0,"master_deck":["AscendersBane","Strike_B","Strike_B","Strike_B","Defend_B","Defend_B","Defend_B","Defend_B","Zap+1","Dualcast+1","Lockon","Storm","Ball Lightning","Go for the Eyes","Storm","Coolheaded","Hyperbeam","conspire:Rain","Defragment"],"relics":["Cracked Core","NeowsBlessing","conspire:Flyswatter","Girya","Tiny Chest","Smiling Mask"],"acts_visited":["Exordium"],"potions_floor_usage":[8],"damage_taken":[{"damage":0,"enemies":"Cultist","floor":1,"turns":1},{"damage":0,"enemies":"2 Louse","floor":5,"turns":1},{"damage":0,"enemies":"Lagavulin","floor":6,"turns":1},{"damage":25,"enemies":"3 Sentries","floor":8,"turns":4},{"damage":3,"enemies":"Small Slimes","floor":12,"turns":2},{"damage":34,"enemies":"Gremlin Gang","floor":14,"turns":3},{"damage":38,"enemies":"Slime Boss","floor":16,"turns":3}],"seed_played":"1673374219982252204","potions_obtained":[{"floor":1,"key":"Dexterity Potion"},{"floor":5,"key":"PowerPotion"},{"floor":8,"key":"PotionOfCapacity"}],"is_trial":false,"path_per_floor":["M","$","T","?","M","E","R","E","T","R","?","M","?","M","R","B"],"character_chosen":"DEFECT","items_purchased":["Storm","Ball Lightning"],"campfire_rested":1,"item_purchase_floors":[2,2],"current_hp_per_floor":[64,64,64,69,69,69,69,44,44,44,44,41,41,7,29,0,0],"gold":198,"neow_bonus":"THREE_ENEMY_KILL","is_daily":false,"chose_seed":false,"campfire_upgraded":2,"win_rate":0.0,"timestamp":1610728878,"path_taken":["M","$","?","?","M","E","R","E","T","R","?","?","?","M","R","BOSS"],"items_purchased_type":["Card","Card"],"build_version":"2020-12-22","purchased_purges":0,"victory":false,"max_hp_per_floor":[71,71,71,76,76,76,76,76,76,76,76,76,76,76,76,76,76],"relic_stats":{"counters":[7,15],"Tiny Chest":0,"Smiling Mask":0,"obtain_stats":[{"Girya":8,"NeowsBlessing":0,"Tiny Chest":9,"Cracked Core":0,"Smiling Mask":13,"conspire:Flyswatter":6},{"Girya":4,"NeowsBlessing":0,"Tiny Chest":4,"Cracked Core":0,"Smiling Mask":5,"conspire:Flyswatter":3},{"Girya":7,"NeowsBlessing":0,"Tiny Chest":7,"Cracked Core":0,"Smiling Mask":9,"conspire:Flyswatter":3}]},"card_choices":[{"not_picked":["Heatsinks","Sweeping Beam"],"picked":"Lockon","floor":1},{"not_picked":["Redo","Turbo"],"picked":"Go for the Eyes","floor":5},{"not_picked":["Go for the Eyes","Thunder Strike"],"picked":"Storm","floor":6},{"not_picked":["Melter","Barrage"],"picked":"Coolheaded","floor":8},{"not_picked":["Coolheaded","Ball Lightning"],"picked":"conspire:Rain","floor":12},{"not_picked":["Cold Snap","Rebound"],"picked":"Defragment","floor":14}],"player_experience":1068312,"relics_obtained":[{"floor":6,"key":"conspire:Flyswatter"},{"floor":8,"key":"Girya"},{"floor":9,"key":"Tiny Chest"}],"event_choices":[{"damage_healed":0,"gold_gain":0,"player_choice":"Donut","damage_taken":0,"max_hp_gain":5,"max_hp_loss":0,"event_name":"Big Fish","floor":4,"gold_loss":0},{"damage_healed":0,"gold_gain":0,"cards_transformed":["Strike_B"],"player_choice":"Transformed","damage_taken":0,"max_hp_gain":0,"max_hp_loss":0,"event_name":"Transmorgrifier","floor":11,"gold_loss":0,"cards_obtained":["Hyperbeam"]},{"damage_healed":0,"gold_gain":0,"player_choice":"Searched \u00271\u0027 times","damage_taken":0,"relics_obtained":["Smiling Mask"],"max_hp_gain":0,"max_hp_loss":0,"event_name":"Dead Adventurer","floor":13,"gold_loss":0}],"is_beta":false,"boss_relics":[],"items_purged_floors":[],"is_endless":false,"potions_floor_spawned":[1,5,8],"killed_by":"Slime Boss","ascension_level":19}}