{"host":"i1h39d0gfh5c6uxl","time":1610681035,"event":{"mods":["AchievementEnabler","BaseMod","Colored Map","Colored Powertips","Highlight Path","Minty Spire (QoL Compilation)"],"gold_per_floor":[119,119,136,54,70,100,1,1,28,28,59,59,90,90,90,185,185,203,216,176,76,87,114,114,24,24,40,40,73,73,73],"floor_reached":30,"language":"ENG","playtime":862,"items_purged":["Strike_P","Strike_P"],"score":309,"play_id":"3f4543e5-4d9c-4409-b839-4ec2b946d907","local_time":"20210115112355","is_ascension_mode":false,"campfire_choices":[{"floor":10,"key":"REST"},{"data":"Fasting2","floor":15,"key":"SMITH"},{"floor":24,"key":"REST"}],"circlet_count":0,"master_deck":["Strike_P","Defend_P","Defend_P","Defend_P","Defend_P","Eruption","Vigilance","CrushJoints","Fasting2+1","ReachHeaven","CarveReality","SashWhip","Wish","FollowUp","FlurryOfBlows","ConjureBlade","Conclude","EmptyBody","DevaForm"],"relics":["Runic Dome"],"acts_visited":["Exordium","TheCity"],"potions_floor_usage":[6,11,13,20,22,22,23],"damage_taken":[{"damage":20,"enemies":"Small Slimes","floor":1,"turns":2},{"damage":0,"enemies":"Cultist","floor":3,"turns":2},{"damage":0,"enemies":"2 Louse","floor":5,"turns":2},{"damage":16,"enemies":"3 Sentries","floor":6,"turns":7},{"damage":20,"enemies":"Lagavulin","floor":11,"turns":3},{"damage":0,"enemies":"Gremlin Nob","floor":13,"turns":2},{"damage":32,"enemies":"Slime Boss","floor":16,"turns":5},{"damage":22,"enemies":"2 Thieves","floor":18,"turns":3},{"damage":21,"enemies":"3 Byrds","floor":19,"turns":7},{"damage":1,"enemies":"Cultist and Chosen","floor":22,"turns":4},{"damage":18,"enemies":"Book of Stabbing","floor":23,"turns":3},{"damage":15,"enemies":"Snake Plant","floor":27,"turns":4},{"damage":35,"enemies":"Slavers","floor":29,"turns":6},{"damage":21,"enemies":"Sentry and Sphere","floor":30,"turns":3}],"seed_played":"3418983764930045175","potions_obtained":[{"floor":1,"key":"SteroidPotion"},{"floor":3,"key":"Explosive Potion"},{"floor":11,"key":"Swift Potion"},{"floor":20,"key":"DistilledChaos"},{"floor":20,"key":"PowerPotion"},{"floor":20,"key":"Fruit Juice"},{"floor":22,"key":"DistilledChaos"},{"floor":27,"key":"SteroidPotion"}],"is_trial":false,"path_per_floor":["M","?","M","$","M","E","$","?","T","R","E","$","E","?","R","B",null,"M","M","?","$","M","E","R","$","T","M","?","E","M"],"character_chosen":"WATCHER","items_purchased":["ReachHeaven","SashWhip","Conclude","EmptyBody"],"campfire_rested":2,"item_purchase_floors":[4,7,25,25],"current_hp_per_floor":[52,52,52,52,52,36,36,36,36,57,37,37,37,37,37,5,72,50,29,34,34,33,15,38,38,38,23,48,13,0,0],"gold":73,"neow_bonus":"BOSS_RELIC","is_daily":false,"chose_seed":false,"campfire_upgraded":1,"win_rate":0.0,"timestamp":1610681035,"path_taken":["M","?","?","$","M","E","$","?","T","R","E","?","E","?","R","BOSS","M","?","?","$","?","E","R","?","T","M","?","E","M"],"items_purchased_type":["Card","Card","Card","Card"],"build_version":"2020-12-22","purchased_purges":2,"victory":false,"max_hp_per_floor":[72,72,72,72,72,72,72,72,72,72,72,72,72,72,72,72,72,72,72,77,77,77,77,77,77,77,77,77,77,77,77],"card_choices":[{"not_picked":["Prostrate","DeceiveReality"],"picked":"CrushJoints","floor":1},{"not_picked":["Worship","Pray"],"picked":"Fasting2","floor":3},{"not_picked":["FlyingSleeves","LikeWater","PathToVictory"],"picked":"SKIP","floor":5},{"not_picked":["PathToVictory","SignatureMove"],"picked":"CarveReality","floor":6},{"not_picked":["Indignation","Nirvana","Halt"],"picked":"SKIP","floor":11},{"not_picked":["CutThroughFate","CarveReality","Adaptation"],"picked":"SKIP","floor":13},{"not_picked":["ConjureBlade","Establishment"],"picked":"Wish","floor":16},{"not_picked":["CrushJoints","Crescendo","SandsOfTime"],"picked":"SKIP","floor":18},{"not_picked":["ReachHeaven","SashWhip"],"picked":"FollowUp","floor":19},{"not_picked":["FollowUp","ReachHeaven"],"picked":"FlurryOfBlows","floor":22},{"not_picked":["Adaptation","Wireheading+1"],"picked":"ConjureBlade","floor":23},{"not_picked":["Protect","CrushJoints","Collect"],"picked":"SKIP","floor":27},{"not_picked":["Halt","EmptyBody"],"picked":"DevaForm","floor":29}],"player_experience":1370324,"relics_obtained":[],"event_choices":[{"cards_removed":["Strike_P"],"damage_healed":0,"gold_gain":0,"player_choice":"Purged","damage_taken":0,"max_hp_gain":0,"max_hp_loss":0,"event_name":"Purifier","floor":2,"gold_loss":0},{"damage_healed":0,"gold_gain":0,"player_choice":"Ignored","damage_taken":0,"max_hp_gain":0,"max_hp_loss":0,"event_name":"WeMeetAgain","floor":8,"gold_loss":0},{"damage_healed":0,"gold_gain":0,"player_choice":"Ignored","damage_taken":0,"max_hp_gain":0,"max_hp_loss":0,"event_name":"NoteForYourself","floor":14,"gold_loss":0},{"damage_healed":0,"gold_gain":0,"player_choice":"Bought 3 Potions","damage_taken":0,"max_hp_gain":0,"max_hp_loss":0,"event_name":"The Woman in Blue","floor":20,"gold_loss":0},{"damage_healed":25,"gold_gain":0,"player_choice":"Heal","damage_taken":0,"max_hp_gain":0,"max_hp_loss":0,"event_name":"The Library","floor":28,"gold_loss":0}],"is_beta":false,"boss_relics":[{"not_picked":["SlaversCollar","Velvet Choker","Philosopher\u0027s Stone"]}],"items_purged_floors":[7,21],"is_endless":false,"potions_floor_spawned":[1,3,11,22,27],"killed_by":"Sentry and Sphere","ascension_level":0}}