{"host":"y89x8uui45kcjy42","time":1610684459,"event":{"mods":["2.2 Compatiblity","BaseMod","CapriCore","Colored Map","Colored Powertips","Custom Start","Friendly Minions","Keyboard Shortcuts","Minty Spire (QoL Compilation)","Relic Stats","Slay the Relics Exporter","StSLib","SuperFastMode","Uncapped"],"gold_per_floor":[117,267,21,21,34,34,47,47,47,47,47,98,130,130,130,201,201,211,211,228,228,246,246,246],"floor_reached":23,"language":"KOR","playtime":433,"items_purged":["Doubt"],"score":374,"play_id":"9d83ebc8-21c8-4770-9b53-e9883553d92d","local_time":"20210115132059","is_ascension_mode":true,"campfire_choices":[{"data":"Dark Embrace","floor":6,"key":"SMITH"},{"data":"Wild Strike","floor":8,"key":"SMITH"},{"data":"Cleave","floor":11,"key":"SMITH"},{"data":"Bash","floor":15,"key":"SMITH"}],"circlet_count":0,"master_deck":["Strike_R","Strike_R","Strike_R","Defend_R","Defend_R+1","Defend_R+1","Bash+1","Reprogram+1","Wild Strike+1","Cleave+1","Dark Embrace+1","Reaper","Shrug It Off"],"relics":["Burning Blood","TheAbacus","Sundial","Shuriken","War Paint","Coffee Dripper"],"acts_visited":["Exordium","TheCity"],"potions_floor_usage":[7,16],"damage_taken":[{"damage":4,"enemies":"2 Louse","floor":1,"turns":4},{"damage":0,"enemies":"Small Slimes","floor":5,"turns":2},{"damage":7,"enemies":"Jaw Worm","floor":7,"turns":2},{"damage":25,"enemies":"Lagavulin","floor":13,"turns":6},{"damage":13,"enemies":"Slime Boss","floor":16,"turns":8},{"damage":20,"enemies":"Spheric Guardian","floor":18,"turns":4},{"damage":16,"enemies":"Shell Parasite","floor":20,"turns":4},{"damage":21,"enemies":"Centurion and Healer","floor":22,"turns":6},{"damage":69,"enemies":"Gremlin Leader","floor":23,"turns":6}],"seed_played":"-3845702574060468008","potions_obtained":[{"floor":5,"key":"FearPotion"},{"floor":13,"key":"ColorlessPotion"},{"floor":14,"key":"DuplicationPotion"},{"floor":14,"key":"SteroidPotion"},{"floor":18,"key":"HeartOfIron"}],"is_trial":false,"path_per_floor":["M","?","$","?","M","R","M","R","T","$","R","T","E","?","R","B",null,"M","?","M","?","M","E"],"character_chosen":"IRONCLAD","items_purchased":["TheAbacus"],"campfire_rested":0,"item_purchase_floors":[3],"current_hp_per_floor":[70,70,70,65,71,71,70,70,70,70,70,70,51,51,51,44,67,59,59,53,53,47,0,0],"gold":246,"neow_bonus":"THREE_CARDS","is_daily":false,"chose_seed":false,"campfire_upgraded":4,"win_rate":0.0,"timestamp":1610684459,"path_taken":["M","?","$","?","M","R","M","R","T","$","R","?","E","?","R","BOSS","M","?","M","?","M","E"],"items_purchased_type":["Relic"],"build_version":"2020-12-22","purchased_purges":1,"victory":false,"max_hp_per_floor":[75,75,75,75,75,75,75,75,75,75,75,75,75,75,75,75,75,75,75,75,75,75,75,75],"relic_stats":{"TheAbacus":[66],"counters":[9,42],"Sundial":[6],"Shuriken":[8],"War Paint":["Defend_R","Defend_R"],"obtain_stats":[{"TheAbacus":3,"Sundial":4,"Shuriken":9,"Coffee Dripper":17,"War Paint":13,"Burning Blood":0},{"TheAbacus":1,"Sundial":1,"Shuriken":3,"Coffee Dripper":5,"War Paint":4,"Burning Blood":0},{"TheAbacus":4,"Sundial":4,"Shuriken":8,"Coffee Dripper":22,"War Paint":14,"Burning Blood":0}],"Burning Blood":48},"card_choices":[{"not_picked":["True Grit","Cleave"],"picked":"Wild Strike","floor":0},{"not_picked":["Iron Wave","Blood for Blood"],"picked":"Cleave","floor":1},{"not_picked":["Flame Barrier","Dropkick"],"picked":"Dark Embrace","floor":5},{"not_picked":["Wild Strike","Heavy Blade","Iron Wave"],"picked":"SKIP","floor":7},{"not_picked":["Inflame","Juggernaut","Perfected Strike"],"picked":"SKIP","floor":13},{"not_picked":["Exhume","Impervious"],"picked":"Reaper","floor":16},{"not_picked":["Reckless Charge","Twin Strike","Uppercut"],"picked":"SKIP","floor":18},{"not_picked":["Headbutt","Sword Boomerang","Clash"],"picked":"SKIP","floor":20},{"not_picked":["Flame Barrier","Blood for Blood"],"picked":"Shrug It Off","floor":22}],"player_experience":610549,"relics_obtained":[{"floor":9,"key":"Shuriken"},{"floor":13,"key":"War Paint"}],"event_choices":[{"damage_healed":0,"gold_gain":150,"player_choice":"AGREE","damage_taken":0,"max_hp_gain":0,"max_hp_loss":0,"event_name":"Liars Game","floor":2,"gold_loss":0,"cards_obtained":["Doubt"]},{"damage_healed":0,"gold_gain":0,"player_choice":"Success","damage_taken":5,"relics_obtained":["Sundial"],"max_hp_gain":0,"max_hp_loss":0,"event_name":"Scrap Ooze","floor":4,"gold_loss":0},{"damage_healed":0,"gold_gain":0,"player_choice":"Got Potions","damage_taken":0,"max_hp_gain":0,"max_hp_loss":0,"event_name":"Lab","floor":14,"gold_loss":0},{"damage_healed":0,"gold_gain":0,"player_choice":"Ignored","damage_taken":0,"max_hp_gain":0,"max_hp_loss":0,"event_name":"Ghosts","floor":19,"gold_loss":0},{"damage_healed":0,"gold_gain":0,"player_choice":"Ignored","damage_taken":0,"max_hp_gain":0,"max_hp_loss":0,"event_name":"Vampires","floor":21,"gold_loss":0}],"is_beta":false,"boss_relics":[{"not_picked":["Runic Cube","SlaversCollar","Black Star"]}],"items_purged_floors":[3],"is_endless":false,"potions_floor_spawned":[5,13,18],"killed_by":"Gremlin Leader","ascension_level":20}}