{"host":"37dk0reb6x0du8wx","time":1610693193,"event":{"mods":["BaseMod","Colored Map","DeckTracker","Minty Spire (QoL Compilation)","Quick Restart","StSLib"],"gold_per_floor":[112,112,42,42,62,89,89,121,121,149,5,19,94,94,94,94,94],"floor_reached":16,"language":"KOR","playtime":357,"items_purged":[],"score":169,"play_id":"767f25a6-fcb2-4711-8751-a21ac44f2366","local_time":"20210115154633","is_ascension_mode":true,"campfire_choices":[{"data":"Doom and Gloom","floor":7,"key":"SMITH"},{"floor":15,"key":"REST"}],"circlet_count":0,"master_deck":["Strike_B","Strike_B","Strike_B","Strike_B","Defend_B","Defend_B","Defend_B","Defend_B","Zap","Dualcast+1","Doom and Gloom+1","Reinforced Body","Conserve Battery+1","Electrodynamics"],"relics":["Cracked Core","NeowsBlessing","Bird Faced Urn","Toxic Egg 2","Bottled Lightning","Tiny Chest","Membership Card"],"acts_visited":["Exordium"],"potions_floor_usage":[16],"damage_taken":[{"damage":0,"enemies":"2 Louse","floor":1,"turns":1},{"damage":0,"enemies":"Cultist","floor":5,"turns":1},{"damage":0,"enemies":"Gremlin Nob","floor":6,"turns":1},{"damage":22,"enemies":"Lagavulin","floor":8,"turns":6},{"damage":26,"enemies":"Gremlin Nob","floor":10,"turns":5},{"damage":0,"enemies":"Jaw Worm","floor":12,"turns":4},{"damage":41,"enemies":"Hexaghost","floor":16,"turns":10}],"seed_played":"-8035288473706036312","potions_obtained":[{"floor":5,"key":"LiquidMemories"}],"is_trial":false,"path_per_floor":["M","?","$","$","M","E","R","E","T","E","$","M","?","?","R","B"],"character_chosen":"DEFECT","items_purchased":["Doom and Gloom","Membership Card"],"campfire_rested":1,"item_purchase_floors":[3,11],"current_hp_per_floor":[75,75,75,75,75,75,75,53,53,27,27,27,16,16,38,0,0],"gold":94,"neow_bonus":"THREE_ENEMY_KILL","is_daily":false,"chose_seed":false,"campfire_upgraded":1,"win_rate":0.0,"timestamp":1610693193,"path_taken":["M","?","?","$","M","E","R","E","T","E","?","M","?","?","R","BOSS"],"items_purchased_type":["Card","Relic"],"build_version":"2020-12-22","purchased_purges":0,"victory":false,"max_hp_per_floor":[75,75,75,75,75,75,75,75,75,75,75,75,75,75,75,75,75],"card_choices":[{"not_picked":["Gash","Steam Power","Cold Snap"],"picked":"SKIP","floor":1},{"not_picked":["Static Discharge","Cold Snap","Beam Cell"],"picked":"SKIP","floor":5},{"not_picked":["Double Energy","Reprogram"],"picked":"Reinforced Body","floor":6},{"not_picked":["Turbo+1","Static Discharge"],"picked":"Conserve Battery+1","floor":8},{"not_picked":["Steam+1","Stack+1","Go for the Eyes"],"picked":"SKIP","floor":10},{"not_picked":["Barrage","Blizzard"],"picked":"Electrodynamics","floor":12}],"player_experience":164871,"relics_obtained":[{"floor":6,"key":"Bird Faced Urn"},{"floor":8,"key":"Toxic Egg 2"},{"floor":9,"key":"Bottled Lightning"},{"floor":10,"key":"Tiny Chest"}],"event_choices":[{"damage_healed":0,"gold_gain":0,"player_choice":"0 cards matched","damage_taken":0,"max_hp_gain":0,"max_hp_loss":0,"event_name":"Match and Keep!","floor":2,"gold_loss":0,"cards_obtained":[]},{"damage_healed":0,"gold_gain":75,"player_choice":"Gather Gold","damage_taken":11,"max_hp_gain":0,"max_hp_loss":0,"event_name":"World of Goop","floor":13,"gold_loss":0},{"damage_healed":0,"gold_gain":0,"player_choice":"Upgraded","damage_taken":0,"max_hp_gain":0,"max_hp_loss":0,"event_name":"Upgrade Shrine","floor":14,"gold_loss":0,"cards_upgraded":["Dualcast"]}],"is_beta":false,"boss_relics":[],"items_purged_floors":[],"is_endless":false,"potions_floor_spawned":[5],"killed_by":"Hexaghost","ascension_level":4}}