{"host":"s6mlqkqtr3ey2mm2","time":1610687374,"event":{"mods":["100% Spire Juice","2.2 Compatiblity","AchievementEnabler","Aspiration","BaseMod","Beaked The Cultist","Better Note","Better Vampires","BetterRewards","Challenge The Spire","Colored Map","Colored Powertips","Conspire","Curses Come First","Downfall","Emptier Cage","Energized Spire","GifTheSpireLib","GungeonMod","Halation","Hermit","Hubris","Infinite Spire","Ironclad Rager","Magitek Elite","Marked Mod","Minty Spire (QoL Compilation)","Poor People Problems","Quick Restart","RatMod","Replay The Spire","Retaliation","Robot Space Explorer","Shade Mod","Somnambulant","Spicy Shops","StSLib","Stuff the Spire","The Blue Laboratory","The Construct","The Druid","The Hierophant","The IronCluck","The Necromancer","The Poker Player","The Runesmith","The Servant 0.9.4","The Valiant","vexMod"],"gold_per_floor":[99,119,138,138,138,238,238,256,181,191,191,206,206,256,271,367,367,367,380,398,414,414,414,414,449,449,459,459,479,514,514,568,672,672,672,683,693,709,709,709,709,709,709,177,177,210,210,210,210],"floor_reached":48,"language":"ENG","playtime":4548,"items_purged":["beaked:Strike_Y","beaked:Strike_Y"],"score":565,"play_id":"aa40d42b-d01d-458c-a56a-81323da09e5b","local_time":"20210115000934","is_ascension_mode":false,"campfire_choices":[{"floor":1,"key":"RECALL"},{"data":"beaked:VigorBurst","floor":9,"key":"SMITH"},{"data":"beaked:Hexing","floor":11,"key":"SMITH"},{"data":"beaked:Ceremony","floor":18,"key":"SMITH"},{"data":"beaked:Insight","floor":26,"key":"SMITH"},{"data":"beaked:AwakenedForm","floor":28,"key":"SMITH"},{"data":"beaked:DesperateSwing","floor":35,"key":"SMITH"},{"data":"beaked:Foresight","floor":43,"key":"SMITH"},{"data":"beaked:Sacrifice","floor":45,"key":"SMITH"},{"data":"beaked:AwakenedForm","floor":47,"key":"SMITH"}],"circlet_count":0,"master_deck":["beaked:Strike_Y","beaked:Strike_Y","beaked:Strike_Y","beaked:Strike_Y","beaked:Defend_Y","beaked:Defend_Y","beaked:Defend_Y","beaked:Defend_Y","beaked:Ceremony+1","beaked:Ceremony+1","beaked:Ceremony+1","beaked:VigorBurst+1","beaked:Hexing+1","beaked:Daydream","beaked:WildInstinct+1","beaked:AwakenedForm+1","beaked:DesperateSwing+1","beaked:Insight+1","beaked:BloodRitual+1","beaked:HuntressEssence+1","beaked:Foresight+1","beaked:DesperateSwing+1","beaked:AwakenedForm+1","beaked:HuntressSpirit+1","beaked:HuntressEssence+1","beaked:WarriorEssence+1","beaked:Sacrifice+1","beaked:AwakenedForm+1"],"relics":["beaked:MendingPlumage","hubris:CrystalStatue","downfall:HeartBlessingRed","Vajra","Coffee Dripper","StuffTheSpire:CocoNut","Replay:Mystery Machine","Prayer Beads","downfall:KnowingSkull","vexMod:ImprovementManual","StuffTheSpire:SapphireSignet","StuffTheSpire:Barrel","Gem_Box","Mirror","hubris:Towel","ReplayTheSpireMod:TigerMarble","Bronze Scales","vexMod:RetaliationKit"],"acts_visited":["Exordium","TheCity","TheBeyond"],"potions_floor_usage":[8,16,30,33,33],"damage_taken":[{"damage":37,"enemies":"infinitespire:Voidling","floor":2,"turns":5},{"damage":10,"enemies":"Jaw Worm","floor":3,"turns":5},{"damage":6,"enemies":"Small Slimes","floor":8,"turns":4},{"damage":20,"enemies":"3 Louse","floor":10,"turns":4},{"damage":23,"enemies":"conspire:2 RoseBushes","floor":12,"turns":6},{"damage":28,"enemies":"Blue Slaver","floor":15,"turns":5},{"damage":20,"enemies":"downfall:Silent","floor":16,"turns":9},{"damage":16,"enemies":"Chosen","floor":19,"turns":6},{"damage":40,"enemies":"Snecko","floor":20,"turns":6},{"damage":36,"enemies":"Snake Plant","floor":21,"turns":5},{"damage":41,"enemies":"Nightmare","floor":25,"turns":8},{"damage":38,"enemies":"Centurion and Healer","floor":27,"turns":6},{"damage":38,"enemies":"Snecko","floor":29,"turns":5},{"damage":51,"enemies":"conspire:SneckoGhost","floor":30,"turns":7},{"damage":41,"enemies":"conspire:HollyBat","floor":32,"turns":6},{"damage":24,"enemies":"downfall:Ironclad","floor":33,"turns":7},{"damage":52,"enemies":"3 Shapes","floor":36,"turns":5},{"damage":57,"enemies":"3 Darklings","floor":37,"turns":7},{"damage":30,"enemies":"Transient","floor":38,"turns":5},{"damage":32,"enemies":"downfall:FleeingMerchant","floor":44,"turns":4},{"damage":14,"enemies":"Reptomancer","floor":46,"turns":4},{"damage":97,"enemies":"Nightmare","floor":48,"turns":4}],"seed_played":"2404897881359211207","potions_obtained":[{"floor":2,"key":"Weak Potion"},{"floor":8,"key":"blueLaboratory:Moonshine"},{"floor":10,"key":"DemoMod:LeadSkinPotion"},{"floor":19,"key":"blueLaboratory:LouseDecoction"},{"floor":20,"key":"blueLaboratory:PhilterOfMotion"},{"floor":33,"key":"Ancient Potion"},{"floor":46,"key":"Weak Potion"}],"is_trial":false,"path_per_floor":["R","M","M","?","?","?","T","M","R","M","R","M","?","T","M","B",null,"R","M","M","M","?","?","T","NM","R","M","R","M","E","?","M","B",null,"R","M","M","M","?","AVR","T","?","R","$","R","E","R","NM"],"character_chosen":"BEAKED_THE_CULTIST","items_purchased":["ReplayTheSpireMod:TigerMarble","Bronze Scales","beaked:Sacrifice"],"campfire_rested":0,"item_purchase_floors":[44,44,44],"current_hp_per_floor":[55,27,33,33,53,53,53,60,60,52,52,52,52,52,45,60,60,60,54,45,29,29,29,36,58,58,50,50,31,32,27,14,57,67,67,56,67,67,67,67,67,67,67,67,67,67,67,0,0],"gold":210,"neow_bonus":"TEN_PERCENT_HP_BONUS","is_daily":false,"chose_seed":false,"campfire_upgraded":9,"win_rate":0.0,"timestamp":1610687374,"path_taken":["R","M","?","?","?","?","T","M","R","?","R","M","?","?","M","BOSS","R","M","?","M","?","?","T","NM","R","M","R","M","E","?","M","BOSS","R","M","?","M","?","AVR","T","?","R","?","R","E","R","NM"],"items_purchased_type":["Relic","Relic","Card"],"build_version":"2020-12-22","purchased_purges":2,"victory":false,"max_hp_per_floor":[55,55,60,60,60,60,60,60,60,60,60,60,60,60,60,60,60,60,60,60,60,60,60,67,67,67,67,67,67,67,67,67,67,67,67,67,67,67,67,67,67,67,67,67,67,67,67,67,67],"card_choices":[{"not_picked":["beaked:CursingBlood","beaked:DigDeeper","beaked:RuinSticks"],"picked":"SKIP","floor":2},{"not_picked":["beaked:Foresight","beaked:SacrificialDive"],"picked":"beaked:VigorBurst","floor":3},{"not_picked":["beaked:MimicWarrior","beaked:Tradeoff"],"picked":"beaked:Hexing","floor":8},{"not_picked":["beaked:BarbedWire","beaked:Poke"],"picked":"beaked:Daydream","floor":10},{"not_picked":["beaked:Replenish","beaked:BraceForImpact"],"picked":"beaked:WildInstinct","floor":12},{"not_picked":["beaked:TuckingFeathers","beaked:Redirect","beaked:Poke"],"picked":"SKIP","floor":15},{"not_picked":["beaked:Caw","beaked:VolatileMisfortune"],"picked":"beaked:AwakenedForm","floor":16},{"not_picked":["beaked:Pecker+1","beaked:Redirect"],"picked":"beaked:DesperateSwing","floor":19},{"not_picked":["beaked:Poke+1","beaked:StunningBlow","beaked:BarbedWire"],"picked":"SKIP","floor":20},{"not_picked":["beaked:TuckingFeathers","beaked:Devastation"],"picked":"beaked:Insight","floor":21},{"not_picked":["beaked:Tradeoff+1","ReplayTheSpireMod:Owlgaze"],"picked":"beaked:BloodRitual+1","floor":25},{"not_picked":["beaked:Daydream","beaked:Tradeoff+1"],"picked":"beaked:HuntressEssence","floor":27},{"not_picked":["beaked:VolatileMisfortune","beaked:Devastation","beaked:FeelMyPain+1"],"picked":"SKIP","floor":29},{"not_picked":["beaked:FeelMyPain","beaked:Brace"],"picked":"beaked:Foresight","floor":30},{"not_picked":["beaked:Resilience","beaked:Daydream+1"],"picked":"beaked:DesperateSwing","floor":32},{"not_picked":["beaked:Caw","beaked:WildInstinct"],"picked":"beaked:AwakenedForm","floor":33},{"not_picked":["beaked:CursingBlood","beaked:Daydream"],"picked":"beaked:HuntressSpirit+1","floor":36},{"not_picked":["beaked:Brace+1","beaked:Insight+1"],"picked":"beaked:HuntressEssence+1","floor":37},{"not_picked":["beaked:Cower","beaked:Insight"],"picked":"beaked:WarriorEssence+1","floor":38},{"not_picked":["ReplayTheSpireMod:Prepare the Ceremony","beaked:HuntressSpirit","beaked:SacrificialDive"],"picked":"SKIP","floor":44},{"not_picked":["beaked:Poke+1","beaked:SurvivalInstinct"],"picked":"beaked:AwakenedForm","floor":46}],"player_experience":104272,"relics_obtained":[{"floor":7,"key":"hubris:CrystalStatue"},{"floor":14,"key":"Vajra"},{"floor":24,"key":"StuffTheSpire:CocoNut"},{"floor":25,"key":"Replay:Mystery Machine"},{"floor":30,"key":"Prayer Beads"},{"floor":39,"key":"StuffTheSpire:SapphireSignet"},{"floor":41,"key":"Mirror"},{"floor":46,"key":"vexMod:RetaliationKit"}],"event_choices":[{"damage_healed":20,"gold_gain":0,"player_choice":"Banana","damage_taken":0,"max_hp_gain":0,"max_hp_loss":0,"event_name":"Big Fish","floor":5,"gold_loss":0},{"damage_healed":0,"gold_gain":0,"player_choice":"Grow","damage_taken":0,"max_hp_gain":0,"max_hp_loss":0,"event_name":"Living Wall","floor":13,"gold_loss":0,"cards_upgraded":["beaked:Ceremony"]},{"cards_removed":["beaked:VigorBurst"],"damage_healed":0,"gold_gain":0,"player_choice":"Give","damage_taken":0,"max_hp_gain":0,"max_hp_loss":0,"event_name":"betterNote:BetterNote","floor":22,"gold_loss":0,"cards_obtained":["None"]},{"damage_healed":0,"gold_gain":0,"player_choice":"Ignored","damage_taken":0,"max_hp_gain":0,"max_hp_loss":0,"event_name":"Ghosts","floor":23,"gold_loss":0}],"is_beta":false,"boss_relics":[{"not_picked":["SlaversCollar","conspire:SlowCooker"],"picked":"Coffee Dripper"},{"not_picked":["Replay:Grab Bag","energizedSpire:NeverEndingSparkler"],"picked":"vexMod:ImprovementManual"}],"items_purged_floors":[40,44],"is_endless":true,"potions_floor_spawned":[2,8,10,19,20,29,33,46],"killed_by":"Nightmare","ascension_level":0}}