{"host":"Rich","time":1610685074,"event":{"mods":["AchievementEnabler","BaseMod","Highlight Path","Minty Spire (QoL Compilation)","Relic Stats"],"gold_per_floor":[115,115,115,115,138,174,174,209,234,234,67,67,105,124,124,218,218,237,237,237,251,166,166,166,166],"floor_reached":24,"language":"ENG","playtime":652,"items_purged":[],"score":495,"play_id":"febb75f5-a1e2-497a-a5ba-858b88d29cbf","local_time":"20210114233114","is_ascension_mode":true,"campfire_choices":[{"floor":7,"key":"REST"},{"data":"After Image","floor":10,"key":"SMITH"},{"data":"Bouncing Flask","floor":15,"key":"SMITH"},{"data":"Burst","floor":23,"key":"SMITH"}],"circlet_count":0,"master_deck":["AscendersBane","Strike_G","Strike_G","Defend_G","Defend_G","Defend_G","Defend_G+1","Defend_G","Survivor","Neutralize+1","Deadly Poison","Bane+1","Deadly Poison+1","Bouncing Flask+1","After Image+1","Calculated Gamble","Bane","Burst+1","CurseOfTheBell","Poisoned Stab+1","Backflip"],"relics":["Ring of the Snake","NeowsBlessing","Bloody Idol","Strawberry","Question Card","Lantern","ClockworkSouvenir","Whetstone","Calling Bell","Juzu Bracelet","Molten Egg 2","Mango","War Paint"],"acts_visited":["Exordium","TheCity"],"potions_floor_usage":[8,13,21,24],"damage_taken":[{"damage":0,"enemies":"Small Slimes","floor":1,"turns":2},{"damage":0,"enemies":"Jaw Worm","floor":5,"turns":1},{"damage":0,"enemies":"Gremlin Nob","floor":6,"turns":1},{"damage":11,"enemies":"Lagavulin","floor":8,"turns":6},{"damage":19,"enemies":"3 Sentries","floor":13,"turns":13},{"damage":0,"enemies":"2 Louse","floor":14,"turns":3},{"damage":24,"enemies":"Hexaghost","floor":16,"turns":8},{"damage":23,"enemies":"2 Thieves","floor":18,"turns":4},{"damage":4,"enemies":"Shell Parasite","floor":21,"turns":4},{"damage":48,"enemies":"Gremlin Leader","floor":24,"turns":5}],"seed_played":"-1085203727816918654","potions_obtained":[{"floor":5,"key":"Block Potion"},{"floor":6,"key":"Dexterity Potion"},{"floor":8,"key":"SteroidPotion"},{"floor":16,"key":"FearPotion"},{"floor":18,"key":"Explosive Potion"}],"is_trial":false,"path_per_floor":["M","?","?","?","M","E","R","E","T","R","$","?","E","M","R","B",null,"M","?","?","M","?","R","E"],"character_chosen":"THE_SILENT","items_purchased":["ClockworkSouvenir"],"campfire_rested":1,"item_purchase_floors":[11],"current_hp_per_floor":[59,59,36,29,29,36,57,46,46,46,46,46,27,27,27,3,70,47,47,47,48,48,48,0,0],"gold":166,"neow_bonus":"THREE_ENEMY_KILL","is_daily":false,"chose_seed":false,"campfire_upgraded":3,"win_rate":0.0,"timestamp":1610685074,"path_taken":["M","?","?","?","M","E","R","E","T","R","$","?","E","?","R","BOSS","M","?","?","M","?","R","E"],"items_purchased_type":["Relic"],"build_version":"2020-12-18","purchased_purges":0,"victory":false,"max_hp_per_floor":[66,66,66,66,66,73,73,73,73,73,73,73,73,73,73,73,87,87,87,87,87,87,87,87,87],"relic_stats":{"counters":[10,47],"Bloody Idol":5,"Juzu Bracelet":1,"Whetstone":["Bane","Neutralize"],"War Paint":["Deadly Poison","Defend_G"],"Question Card":6,"obtain_stats":[{"Lantern":9,"NeowsBlessing":0,"Golden Idol":3,"Mango":17,"Juzu Bracelet":17,"Whetstone":13,"War Paint":22,"Question Card":8,"ClockworkSouvenir":11,"Calling Bell":17,"Strawberry":6,"Bloody Idol":20,"Molten Egg 2":17,"Ring of the Snake":0},{"Lantern":4,"NeowsBlessing":0,"Golden Idol":1,"Mango":7,"Juzu Bracelet":7,"Whetstone":5,"War Paint":9,"Question Card":4,"ClockworkSouvenir":4,"Calling Bell":7,"Strawberry":3,"Bloody Idol":8,"Molten Egg 2":7,"Ring of the Snake":0},{"Lantern":10,"NeowsBlessing":0,"Golden Idol":2,"Mango":34,"Juzu Bracelet":34,"Whetstone":23,"War Paint":42,"Question Card":10,"ClockworkSouvenir":10,"Calling Bell":34,"Strawberry":4,"Bloody Idol":38,"Molten Egg 2":34,"Ring of the Snake":0}],"Ring of the Snake":[20]},"card_choices":[{"not_picked":["Tactician","Eviscerate"],"picked":"Deadly Poison","floor":1},{"not_picked":["Dodge and Roll","Dagger Throw"],"picked":"Deadly Poison","floor":5},{"not_picked":["Leg Sweep","Sucker Punch"],"picked":"Bouncing Flask","floor":6},{"not_picked":["Backflip","Tactician"],"picked":"After Image","floor":8},{"not_picked":["Dagger Spray","Setup","Cloak And Dagger"],"picked":"Calculated Gamble","floor":13},{"not_picked":["Deflect","Dagger Throw","Reflex"],"picked":"Bane","floor":14},{"not_picked":["Storm of Steel","Venomology","After Image"],"picked":"Burst","floor":16},{"not_picked":["Sucker Punch+1","Predator+1","Expertise"],"picked":"Poisoned Stab+1","floor":18},{"not_picked":["Accuracy","Sucker Punch+1","Dagger Spray+1"],"picked":"Backflip","floor":21}],"player_experience":1992397,"relics_obtained":[{"floor":6,"key":"Strawberry"},{"floor":8,"key":"Question Card"},{"floor":9,"key":"Lantern"},{"floor":13,"key":"Whetstone"},{"floor":17,"key":"Juzu Bracelet"},{"floor":17,"key":"Molten Egg 2"},{"floor":17,"key":"Mango"}],"event_choices":[{"damage_healed":0,"gold_gain":0,"cards_transformed":["Strike_G"],"player_choice":"Change","damage_taken":0,"max_hp_gain":0,"max_hp_loss":0,"event_name":"Living Wall","floor":2,"gold_loss":0,"cards_obtained":["Bane"]},{"damage_healed":0,"gold_gain":0,"player_choice":"Take Damage","damage_taken":23,"relics_obtained":["Golden Idol"],"max_hp_gain":0,"max_hp_loss":0,"event_name":"Golden Idol","floor":3,"gold_loss":0},{"cards_removed":["Strike_G"],"damage_healed":0,"gold_gain":0,"player_choice":"Card Removal","damage_taken":7,"max_hp_gain":0,"max_hp_loss":0,"event_name":"Golden Wing","floor":4,"gold_loss":0},{"cards_removed":["Strike_G"],"damage_healed":0,"gold_gain":0,"player_choice":"Purged","damage_taken":0,"max_hp_gain":0,"max_hp_loss":0,"event_name":"Purifier","floor":12,"gold_loss":0},{"damage_healed":0,"gold_gain":0,"player_choice":"Ignored","damage_taken":0,"max_hp_gain":0,"max_hp_loss":0,"event_name":"The Mausoleum","floor":19,"gold_loss":0},{"damage_healed":0,"gold_gain":0,"player_choice":"Gave Idol","damage_taken":0,"relics_obtained":["Bloody Idol"],"max_hp_gain":0,"max_hp_loss":0,"event_name":"Forgotten Altar","floor":20,"relics_lost":["Golden Idol"],"gold_loss":0},{"damage_healed":0,"gold_gain":0,"player_choice":"Obtained Relic","damage_taken":0,"relics_obtained":["War Paint"],"max_hp_gain":0,"max_hp_loss":0,"event_name":"Addict","floor":22,"gold_loss":85}],"is_beta":true,"boss_relics":[{"not_picked":["SacredBark","SlaversCollar"],"picked":"Calling Bell"}],"items_purged_floors":[],"is_endless":false,"potions_floor_spawned":[5,6,8,16,18],"killed_by":"Gremlin Leader","ascension_level":20}}