{"host":"nc9kxycvldgbp2kx","time":1610752142,"event":{"mods":["2.2 Compatiblity","AchievementEnabler","BaseMod","Better Altar","Better Match","Better Note","Better Sensory Stone","Better Skull","Better Third Choice","Better Vampires","Block Reminder","Colored Powertips","Curses Come First","GifTheSpireLib","Highlight Path","Minty Spire (QoL Compilation)","Permanent Neow","Quick Restart","Random Character Button","Rare Cards Sparkle","Relic Sorter","Relic Stats","Spicy Shops","StSLib","Transform Curses"],"gold_per_floor":[112,125,75,150,150,182,182,207,207,234,249,265,280,309,309,309,309],"floor_reached":16,"language":"ENG","playtime":1881,"items_purged":[],"score":215,"play_id":"e2d4700e-d151-434f-8bc5-f66e1d4cd99b","local_time":"20210116000902","is_ascension_mode":true,"campfire_choices":[{"floor":15,"key":"DIG"}],"circlet_count":0,"master_deck":["Strike_P","Strike_P","Strike_P","Defend_P","Defend_P","Defend_P","Defend_P","Eruption","Vigilance","ClearTheMind","FlurryOfBlows","Finesse","Adaptation","EmptyBody","FlurryOfBlows","EmptyFist","Indignation"],"relics":["PureWater","NeowsBlessing","Calipers","Shovel","FossilizedHelix","The Courier","Bag of Preparation","Bottled Flame"],"acts_visited":["Exordium"],"potions_floor_usage":[],"damage_taken":[{"damage":0.0,"enemies":"Jaw Worm","floor":1.0,"turns":1.0},{"damage":0.0,"enemies":"2 Louse","floor":2.0,"turns":1.0},{"damage":0.0,"enemies":"Lagavulin","floor":6.0,"turns":1.0},{"damage":12.0,"enemies":"Gremlin Nob","floor":8.0,"turns":3.0},{"damage":0.0,"enemies":"Lagavulin","floor":10.0,"turns":5.0},{"damage":0.0,"enemies":"Small Slimes","floor":11.0,"turns":2.0},{"damage":0.0,"enemies":"2 Fungi Beasts","floor":12.0,"turns":2.0},{"damage":0.0,"enemies":"Looter","floor":13.0,"turns":2.0},{"damage":0,"enemies":"Gremlin Nob","floor":14,"turns":3},{"damage":49,"enemies":"The Guardian","floor":16,"turns":6}],"seed_played":"139500350222949381","potions_obtained":[{"floor":1.0,"key":"SkillPotion"},{"floor":12.0,"key":"Regen Potion"},{"floor":13.0,"key":"Swift Potion"}],"is_trial":false,"path_per_floor":["M","M","?","?","?","E","T","E","T","E","M","M","M","E","R","B"],"character_chosen":"WATCHER","items_purchased":[],"campfire_rested":0,"item_purchase_floors":[],"current_hp_per_floor":[72,72,72,61,61,61,61,49,49,49,49,49,49,49,49,0,0],"gold":309,"neow_bonus":"THREE_ENEMY_KILL","is_daily":false,"chose_seed":false,"campfire_upgraded":0,"win_rate":0.0,"timestamp":1610752142,"path_taken":["M","M","?","?","?","E","?","E","T","E","M","M","?","E","R","BOSS"],"items_purchased_type":[],"build_version":"2020-12-22","purchased_purges":0,"victory":false,"max_hp_per_floor":[72,72,72,72,72,72,72,72,72,72,72,72,72,72,72,72,72],"relic_stats":{"Shovel":1,"counters":[10,26],"Bag of Preparation":[2],"obtain_stats":[{"Bottled Flame":15,"Calipers":6,"Shovel":8,"NeowsBlessing":0,"The Courier":10,"Bag of Preparation":14,"PureWater":0,"FossilizedHelix":9},{"Bottled Flame":9,"Calipers":3,"Shovel":4,"NeowsBlessing":0,"The Courier":5,"Bag of Preparation":9,"PureWater":0,"FossilizedHelix":4},{"Bottled Flame":20,"Calipers":3,"Shovel":6,"NeowsBlessing":0,"The Courier":11,"Bag of Preparation":20,"PureWater":0,"FossilizedHelix":6}]},"card_choices":[{"not_picked":["DeceiveReality","FlyingSleeves"],"picked":"ClearTheMind","floor":1.0},{"not_picked":["EmptyMind","CrushJoints"],"picked":"FlurryOfBlows","floor":2.0},{"not_picked":["Mind Blast","Madness"],"picked":"Finesse","floor":5.0},{"not_picked":["Vault","EmptyFist"],"picked":"Adaptation","floor":6.0},{"not_picked":["Conclude","WreathOfFlame","ForeignInfluence"],"picked":"SKIP","floor":8.0},{"not_picked":["ForeignInfluence","SpiritShield"],"picked":"EmptyBody","floor":10.0},{"not_picked":["FlyingSleeves","EmptyBody"],"picked":"FlurryOfBlows","floor":11.0},{"not_picked":["Evaluate","WindmillStrike"],"picked":"EmptyFist","floor":12.0},{"not_picked":["SandsOfTime","Meditate"],"picked":"Indignation","floor":13.0},{"not_picked":["Prostrate","Consecrate","Protect"],"picked":"SKIP","floor":14}],"player_experience":322036,"relics_obtained":[{"floor":6.0,"key":"Calipers"},{"floor":8.0,"key":"Shovel"},{"floor":9.0,"key":"FossilizedHelix"},{"floor":10.0,"key":"The Courier"},{"floor":14,"key":"Bag of Preparation"},{"floor":15,"key":"Bottled Flame"}],"event_choices":[{"cards_removed":["Strike_P"],"damage_healed":0.0,"max_hp_gain":0.0,"max_hp_loss":0.0,"gold_gain":0.0,"event_name":"The Cleric","player_choice":"Card Removal","floor":3.0,"gold_loss":50.0,"damage_taken":0.0},{"damage_healed":0.0,"max_hp_gain":0.0,"max_hp_loss":0.0,"gold_gain":75.0,"event_name":"betterThird:BetterGoop","player_choice":"Gold","floor":4.0,"gold_loss":0.0,"damage_taken":11.0},{"damage_healed":0.0,"max_hp_gain":0.0,"max_hp_loss":0.0,"gold_gain":1.0,"event_name":"betterStone:BetterStone","player_choice":"1","floor":5.0,"gold_loss":0.0,"damage_taken":0.0}],"is_beta":false,"boss_relics":[],"items_purged_floors":[],"is_endless":false,"potions_floor_spawned":[1,12,13],"killed_by":"The Guardian","ascension_level":1}}