{"host":"vh33hu3wddwn6yt6","time":1610746798,"event":{"mods":["AchievementEnabler","Act Like it!","Aspiration","BaseMod","Better Altar","Better Match","Better Note","Better Sensory Stone","Better Skull","Better Third Choice","BetterRewards","Downfall","Hermit","Hubris","Infinite Spire","Minty Spire (QoL Compilation)","Permanent Neow","Replay The Spire","Shade Mod","Shop Mod","Spicy Shops","StSLib","SuperFastMode","The Blackbeard","The Necromancer","The Runesmith","The Servant 0.9.4","TheBandit","Wandering Minibosses"],"gold_per_floor":[216,137,137,156,166,197,197,223,223,223,223,223],"floor_reached":11,"language":"DEU","playtime":373,"items_purged":[],"score":85,"play_id":"43b47a45-b7d1-4041-b240-314db357d8d4","local_time":"20210115223958","is_ascension_mode":true,"campfire_choices":[{"data":"Negative_Energy_Mist","floor":7,"key":"SMITH"},{"floor":10,"key":"REST"}],"circlet_count":0,"master_deck":["Strike_W","Strike_W","Strike_W","Strike_W","Defend_W","Defend_W","Defend_W","Defend_W","Negative_Energy_Arrows+1","Bone_Wall","Negative_Energy_Mist+1","Negative_Energy_Mist","Negative_Energy_Mist+1"],"relics":["Vampire_Amulet","Replay:Wax Seal","Gremlin Food","Replay:Accelerometer","Replay:Bottled Steam"],"acts_visited":["Exordium"],"potions_floor_usage":[8],"damage_taken":[{"damage":1,"enemies":"2 Louse","floor":1,"turns":3},{"damage":0,"enemies":"Cultist","floor":4,"turns":4},{"damage":1,"enemies":"Jaw Worm","floor":5,"turns":4},{"damage":34,"enemies":"3 Sentries","floor":6,"turns":14},{"damage":39,"enemies":"Gremlin Nob","floor":8,"turns":6},{"damage":36,"enemies":"Lagavulin","floor":11,"turns":26}],"seed_played":"1867440485515225676","potions_obtained":[{"floor":4,"key":"Guardian:BlockOnCardUsePotion"}],"is_trial":false,"path_per_floor":["M","$","?","M","M","E","R","E","T","R","E"],"character_chosen":"NECROMANCER","items_purchased":["Replay:Wax Seal"],"campfire_rested":1,"item_purchase_floors":[2],"current_hp_per_floor":[75,75,75,75,75,47,47,10,10,32,0,0],"gold":223,"neow_bonus":"HUNDRED_GOLD","is_daily":false,"chose_seed":false,"campfire_upgraded":1,"win_rate":0.0,"timestamp":1610746798,"path_taken":["M","$","?","M","?","E","R","E","T","R","E"],"items_purchased_type":["Relic"],"build_version":"2020-12-22","purchased_purges":0,"victory":false,"max_hp_per_floor":[75,75,75,75,75,75,75,75,75,75,75,75],"card_choices":[{"not_picked":["Bone_Armor","Toxic_Smoke_Screen"],"picked":"Negative_Energy_Mist","floor":1},{"not_picked":["Bone_Spikes","Violent_Necrosis"],"picked":"Negative_Energy_Mist","floor":4},{"not_picked":["Deaths_Shadow","Chill_Blood","Death_March_Dance"],"picked":"SKIP","floor":5},{"not_picked":["Blood_Curse","Cloudkill"],"picked":"Negative_Energy_Mist","floor":6},{"not_picked":["Death_Knell","Death_March_Dance","Shackles_Of_Pain"],"picked":"SKIP","floor":8}],"player_experience":633083,"relics_obtained":[{"floor":6,"key":"Gremlin Food"},{"floor":8,"key":"Replay:Accelerometer"},{"floor":9,"key":"Replay:Bottled Steam"}],"event_choices":[{"damage_healed":0,"gold_gain":0,"player_choice":"Forge","damage_taken":0,"max_hp_gain":0,"max_hp_loss":0,"event_name":"Accursed Blacksmith","floor":3,"gold_loss":0,"cards_upgraded":["Negative_Energy_Arrows"]}],"is_beta":false,"boss_relics":[],"items_purged_floors":[],"is_endless":false,"potions_floor_spawned":[4],"killed_by":"Lagavulin","ascension_level":1}}