{"host":"9j9ju8r45kuhshxi","time":1610698778,"event":{"mods":["BaseMod","Colored Map","Colored Powertips","Highlight Path","Marisa（F雨　魔理沙）","Minty Spire (QoL Compilation)","Replay The Spire","Ryuuou龙王","StSLib","[功能]功能增强和修复MOD"],"gold_per_floor":[115,115,132,112,124,156,166,181,181,214,224,224,257,257,257,388,388,411,411,541,541,541,541,541,580,595,631,654,674,674,705,705,728,728,852,852,777,872,857,878,878,921,921,960,960,960,979,1015,1036,1076,1076,1076,1076,1076,1021,1059,1059],"floor_reached":58,"language":"ZHS","playtime":3891,"items_purged":["Strike_MRS","Strike_MRS","Defend_MRS","Defend_MRS","Defend_MRS","Defend_MRS","Injury","PowerUp","Injury","Shame","Orbital","MasterSpark","UpSweep","BinaryStars","DoubleSpark","DoubleSpark+1","MysteriousBeam","NonDirectionalLaser","EscapeVelocity","DeepEcoloBomb","Orbital","MillisecondPulsars"],"score":2124,"play_id":"66b0d6dd-ad7b-432b-b2b9-4a027eb39161","local_time":"20210115161938","is_ascension_mode":true,"campfire_choices":[{"floor":12.0,"key":"RECALL"},{"data":"OpenUniverse","floor":15.0,"key":"SMITH"},{"data":"StarlightTyphoon","floor":30,"key":"SMITH"},{"data":"TreasureHunter","floor":32,"key":"SMITH"},{"data":"EnergyFlow","floor":34,"key":"SMITH"},{"data":"EventHorizon","floor":46,"key":"SMITH"},{"data":"ReplayUltimateDefense","floor":51,"key":"SMITH"},{"data":"CasketOfStar","floor":54,"key":"SMITH"}],"circlet_count":0,"master_deck":["Strike_MRS","Strike_MRS","LuminesStrike+1","MagicChant+1","OpenUniverse+1","PowerUp+1","TreasureHunter+1","CurseOfTheBell","WitchLeyline+1","Singularity+1","Magnetism","EnergyFlow+1","PowerUp+1","GalacticHalo+1","GasGiant+1","ChargeUpSpray+1","CasketOfStar+1","AlicesGift+1","BlazeAway+1","DoubleSpark+1","WitchLeyline+1","DoubleSpark+1","ReplayUltimateDefense+1","Acceleration+1","ShootingEcho+1","MagicChant+1","EventHorizon+1","MilkyWay+1","Acceleration+1","ShootingEcho+1","ManaRampage+1","Acceleration+1","Specialist","Panache","ChargingUp+1"],"relics":["MiniHakkero","NeowsBlessing","Frozen Eye","Toy Ornithopter","Juzu Bracelet","Smiling Mask","White Beast Statue","Art of War","Golden Idol","Calling Bell","Pondfish Scales","Replay:Baseball","Replay:Bottled Steam","Matryoshka","Simple Rune","ReplayTheSpireMod:CursedCoin","Membership Card","MealTicket","ReplayTheSpireMod:Shallot","Pantograph","Regal Pillow","ReplayTheSpireMod:Lightbulb","Toxic Egg 2","Pet Ghost","Molten Egg 2","Thread and Needle","Replay:Ancient Bell","War Paint","Chameleon Ring","Replay:Kaleidoscope","Vajra","Replay:Wax Seal","CaptainsWheel","Pear","BargainBundle","Bronze Scales","Replay:Bottled Flurry","Gremlin Horn","ReplayTheSpireMod:TigerMarble","Nunchaku","AmplifyWand","Akabeko","ReplayTheSpireMod:ShopPack","Onion Ring","Replay:PocketPolymizer","Snack Pack","Replay:WaspNest"],"acts_visited":["Exordium","TheCity","TheBeyond","TheEnding"],"potions_floor_usage":[25,25,25,26,26,27,27,27,29,31,31,31,33,33,33,35,37,44,48,48,49,56,57,57],"damage_taken":[{"damage":0.0,"enemies":"Jaw Worm","floor":1.0,"turns":1.0},{"damage":0.0,"enemies":"Cultist","floor":3.0,"turns":1.0},{"damage":0.0,"enemies":"Small Slimes","floor":5.0,"turns":1.0},{"damage":0.0,"enemies":"Gremlin Nob","floor":6.0,"turns":1.0},{"damage":0.0,"enemies":"2 Fungi Beasts","floor":7.0,"turns":2.0},{"damage":0.0,"enemies":"Looter","floor":8.0,"turns":1.0},{"damage":0.0,"enemies":"Lagavulin","floor":10.0,"turns":1.0},{"damage":0.0,"enemies":"Gremlin Gang","floor":11.0,"turns":1.0},{"damage":0.0,"enemies":"Gremlin Nob","floor":13.0,"turns":1.0},{"damage":0.0,"enemies":"Hexaghost","floor":16.0,"turns":1.0},{"damage":0.0,"enemies":"Chosen","floor":18.0,"turns":2.0},{"damage":18,"enemies":"Replay:Snechameleon","floor":25,"turns":4},{"damage":0,"enemies":"2 Thieves","floor":26,"turns":2},{"damage":8,"enemies":"Slavers","floor":27,"turns":3},{"damage":0,"enemies":"Sentry and Sphere","floor":29,"turns":1},{"damage":18,"enemies":"Book of Stabbing","floor":31,"turns":2},{"damage":0,"enemies":"Centurion and Healer","floor":33,"turns":2},{"damage":0,"enemies":"Pondfish","floor":35,"turns":2},{"damage":7,"enemies":"Orb Walker","floor":37,"turns":2},{"damage":0,"enemies":"3 Darklings","floor":40,"turns":1},{"damage":0,"enemies":"Nemesis","floor":42,"turns":1},{"damage":0,"enemies":"Reptomancer","floor":44,"turns":1},{"damage":0,"enemies":"Spire Growth","floor":47,"turns":1},{"damage":0,"enemies":"Giant Head","floor":48,"turns":3},{"damage":0,"enemies":"Sphere and 2 Shapes","floor":49,"turns":1},{"damage":0,"enemies":"Reptomancer","floor":50,"turns":1},{"damage":0,"enemies":"Replay:Hell Engine","floor":52,"turns":1},{"damage":0,"enemies":"Shield and Spear","floor":56,"turns":1},{"damage":6,"enemies":"The Heart","floor":57,"turns":3}],"seed_played":"-7221578881612907820","potions_obtained":[{"floor":1.0,"key":"Venom Potion"},{"floor":3.0,"key":"Milkshake"},{"floor":5.0,"key":"BottledSpark"},{"floor":6.0,"key":"FearPotion"},{"floor":6.0,"key":"AttackPotion"},{"floor":7.0,"key":"Toxic Potion"},{"floor":10.0,"key":"Fire Potion"},{"floor":11.0,"key":"Regen Potion"},{"floor":11.0,"key":"SmokeBomb"},{"floor":11.0,"key":"Swift Potion"},{"floor":13.0,"key":"SneckoOil"},{"floor":13.0,"key":"Adrenaline Potion"},{"floor":16.0,"key":"BlessingOfTheForge"},{"floor":18.0,"key":"LiquidMemories"},{"floor":18.0,"key":"Energy Potion"},{"floor":18.0,"key":"SpeedPotion"},{"floor":25,"key":"BottledSpark"},{"floor":25,"key":"Elixir"},{"floor":25,"key":"Ancient Potion"},{"floor":25,"key":"BottledSpark"},{"floor":26,"key":"Elixir"},{"floor":26,"key":"Flashbang"},{"floor":27,"key":"PowerPotion"},{"floor":27,"key":"Explosive Potion"},{"floor":27,"key":"Languid Potion"},{"floor":29,"key":"Swift Potion"},{"floor":31,"key":"Languid Potion"},{"floor":31,"key":"SteroidPotion"},{"floor":31,"key":"SteroidPotion"},{"floor":33,"key":"Adrenaline Potion"},{"floor":33,"key":"Cursed Concoction"},{"floor":35,"key":"Strength Potion"},{"floor":35,"key":"Venom Potion"},{"floor":37,"key":"AttackPotion"},{"floor":38,"key":"Swift Potion"},{"floor":44,"key":"Fire Potion"},{"floor":48,"key":"Fire Potion"},{"floor":48,"key":"Swift Potion"},{"floor":48,"key":"BlessingOfTheForge"},{"floor":49,"key":"Swift Potion"},{"floor":56,"key":"PowerPotion"}],"is_trial":false,"path_per_floor":["M","?","M","$","M","E","M","M","T","E","M","R","E","?","R","B",null,"M","?","$","?","PTL","PTL","$","E","M","E","T","M","R","E","R","M","R","B",null,"M","?","$","M","$","E","?","E","T","R","M","E","M","E","R","B",null,"R","$","E","B",null],"character_chosen":"MARISA","items_purchased":["Frozen Eye","Toy Ornithopter","Juzu Bracelet","BinaryStars","NonDirectionalLaser","Matryoshka","Simple Rune","ReplayTheSpireMod:CursedCoin","Singularity+1","Magnetism","DeepEcoloBomb","Membership Card","MealTicket","ReplayTheSpireMod:Shallot","EnergyFlow","MysteriousBeam","CaptainsWheel","Pear","WitchLeyline+1","BargainBundle","Bronze Scales","ReplayUltimateDefense","Acceleration+1","Replay:Bottled Flurry","ShootingEcho+1","ReplayTheSpireMod:ShopPack","Onion Ring","Replay:PocketPolymizer","ManaRampage+1","Acceleration+1"],"campfire_rested":0,"item_purchase_floors":[4,4,4,4,4,20,20,20,20,20,20,24,24,24,24,24,39,39,39,41,41,41,41,41,41,55,55,55,55,55],"current_hp_per_floor":[75,75,75,75,75,75,75,75,75,75,75,75,75,57,57,57,75,75,75,75,75,75,75,75,57,67,68,68,73,73,57,57,72,72,75,75,68,50,75,75,85,85,85,85,85,85,85,85,85,85,85,85,85,85,85,85,82],"gold":1059,"neow_bonus":"THREE_ENEMY_KILL","is_daily":false,"chose_seed":false,"campfire_upgraded":7,"win_rate":0.0,"timestamp":1610698778,"path_taken":["M","?","?","$","M","E","M","M","T","E","M","R","E","?","R","BOSS","M","?","$","?","PTL","PTL","$","E","M","E","T","M","R","E","R","M","R","BOSS","M","?","$","M","$","E","?","E","T","R","M","E","M","E","R","BOSS","R","$","E","BOSS"],"items_purchased_type":["Relic","Relic","Relic","Card","Card","Relic","Relic","Relic","Card","Card","Card","Relic","Relic","Relic","Card","Card","Relic","Relic","Card","Relic","Relic","Card","Card","Relic","Card","Relic","Relic","Relic","Card","Card"],"build_version":"2020-12-22","purchased_purges":22,"victory":true,"max_hp_per_floor":[75,75,75,75,75,75,75,75,75,75,75,75,75,75,75,75,75,75,75,75,75,75,75,75,75,75,75,75,75,75,75,75,75,75,75,75,75,75,85,85,85,85,85,85,85,85,85,85,85,85,85,85,85,85,85,85,85],"card_choices":[{"not_picked":["MachineGunSpark","UnstableBomb"],"picked":"LuminesStrike","floor":1.0},{"not_picked":["MagicAbsorber","ShootingEcho"],"picked":"StarlightTyphoon","floor":3.0},{"not_picked":["AsteroidBelt","LuminesStrike"],"picked":"MagicChant","floor":5.0},{"not_picked":["DarkSpark","GalacticHalo"],"picked":"OpenUniverse","floor":6.0},{"not_picked":["LuminesStrike","EnergyFlow"],"picked":"PowerUp","floor":7.0},{"not_picked":["MeteoricShower","ShootingEcho"],"picked":"DoubleSpark","floor":8.0},{"not_picked":["EnergyRecoil","ChargeUpSpray"],"picked":"Orbital","floor":10.0},{"not_picked":["AlicesGift","WitchLeyline"],"picked":"PowerUp","floor":11.0},{"not_picked":["MillisecondPulsars","NonDirectionalLaser"],"picked":"EscapeVelocity","floor":13.0},{"not_picked":["BinaryStars","JA"],"picked":"TreasureHunter","floor":16.0},{"not_picked":["WitchOfGreed","DC"],"picked":"WitchLeyline+1","floor":18.0},{"not_picked":["ChargingUp+1","RefractionSpark"],"picked":"MillisecondPulsars","floor":25},{"not_picked":["WitchLeyline","StarlightTyphoon"],"picked":"Orbital","floor":26},{"not_picked":["ShootingEcho","DC"],"picked":"PowerUp+1","floor":27},{"not_picked":["WitchLeyline","WitchOfGreed"],"picked":"GalacticHalo+1","floor":29},{"not_picked":["DC+1","GalacticHalo+1"],"picked":"GasGiant+1","floor":31},{"not_picked":["SporeBomb+1","LuminesStrike+1"],"picked":"ChargeUpSpray+1","floor":33},{"not_picked":["TreasureHunter+1","MillisecondPulsars"],"picked":"CasketOfStar","floor":35},{"not_picked":["ReplayTheSpireMod:Restless Dread","Doubt"],"picked":"ReplayTheSpireMod:IOU","floor":36},{"not_picked":["Normality","Decay"],"picked":"Shame","floor":36},{"not_picked":["Looming Evil","Pain"],"picked":"Injury","floor":36},{"not_picked":["SporeBomb+1","GrandCross+1"],"picked":"AlicesGift+1","floor":37},{"not_picked":["StarBarrage+1","GrandCross+1"],"picked":"BlazeAway+1","floor":38},{"not_picked":["SporeBomb+1","Occultation+1"],"picked":"DoubleSpark+1","floor":38},{"not_picked":["Robbery+1","6A+1"],"picked":"DoubleSpark+1","floor":40},{"not_picked":["SatelliteIllusion","StarBarrage+1"],"picked":"MagicChant+1","floor":42},{"not_picked":["EnergyFlow","WitchOfGreed"],"picked":"EventHorizon","floor":44},{"not_picked":["IllusionStar+1","GrandCross+1"],"picked":"MilkyWay+1","floor":47},{"not_picked":["RefractionSpark+1","UnstableBomb+1"],"picked":"Acceleration+1","floor":48},{"not_picked":["DC+1","LuminesStrike+1"],"picked":"ShootingEcho+1","floor":49},{"not_picked":["DragonMeteor+1","MeteoricShower+1"],"picked":"DoubleSpark+1","floor":50},{"not_picked":["Trip","Replay:Sssssssssstrike"],"picked":"Specialist","floor":55},{"not_picked":["The Bomb","Midas Touch"],"picked":"Panache","floor":55},{"not_picked":["MachineGunSpark+1","GalacticHalo+1"],"picked":"ChargingUp+1","floor":56}],"player_experience":122301,"relics_obtained":[{"floor":6.0,"key":"Smiling Mask"},{"floor":10.0,"key":"White Beast Statue"},{"floor":13.0,"key":"Art of War"},{"floor":17.0,"key":"Pondfish Scales"},{"floor":17.0,"key":"Replay:Baseball"},{"floor":17.0,"key":"Replay:Bottled Steam"},{"floor":25,"key":"Pantograph"},{"floor":27,"key":"Regal Pillow"},{"floor":27,"key":"ReplayTheSpireMod:Lightbulb"},{"floor":28,"key":"Toxic Egg 2"},{"floor":28,"key":"Pet Ghost"},{"floor":31,"key":"Molten Egg 2"},{"floor":35,"key":"Thread and Needle"},{"floor":38,"key":"Vajra"},{"floor":38,"key":"Replay:Wax Seal"},{"floor":42,"key":"Gremlin Horn"},{"floor":44,"key":"ReplayTheSpireMod:TigerMarble"},{"floor":45,"key":"Nunchaku"},{"floor":48,"key":"AmplifyWand"},{"floor":50,"key":"Akabeko"},{"floor":56,"key":"Snack Pack"},{"floor":56,"key":"Replay:WaspNest"}],"event_choices":[{"damage_healed":0.0,"max_hp_gain":0.0,"max_hp_loss":0.0,"gold_gain":0.0,"event_name":"Upgrade Shrine","player_choice":"Upgraded","floor":2.0,"gold_loss":0.0,"damage_taken":0.0,"cards_upgraded":["LuminesStrike"]},{"damage_healed":0.0,"max_hp_gain":0.0,"max_hp_loss":0.0,"gold_gain":0.0,"event_name":"Golden Idol","player_choice":"Take Damage","floor":14.0,"gold_loss":0.0,"damage_taken":18.0,"relics_obtained":["Golden Idol"]},{"damage_healed":0.0,"max_hp_gain":0.0,"max_hp_loss":0.0,"gold_gain":0.0,"event_name":"Vampires","player_choice":"Ignored","floor":19.0,"gold_loss":0.0,"damage_taken":0.0},{"damage_healed":0,"gold_gain":0,"player_choice":"Simplicity","damage_taken":0,"max_hp_gain":0,"max_hp_loss":0,"event_name":"Back to Basics","floor":21,"gold_loss":0,"cards_upgraded":["Strike_MRS","Strike_MRS"]},{"cards_removed":["StarlightTyphoon"],"damage_healed":0,"gold_gain":0,"player_choice":"Removed Skill","damage_taken":0,"max_hp_gain":0,"max_hp_loss":0,"event_name":"Falling","floor":43,"gold_loss":0}],"is_beta":false,"boss_relics":[{"not_picked":["Painkiller Herb","Snecko Eye"],"picked":"Calling Bell"},{"not_picked":["ReplayTheSpireMod:DimensionalGlitch","Replay:Bronze Core"],"picked":"Replay:Ancient Bell"},{"not_picked":["Pen Nib","Boot"],"picked":"War Paint"},{"not_picked":["Eternal Feather","Kunai"],"picked":"Chameleon Ring"},{"not_picked":["Peace Pipe","Lizard Tail"],"picked":"Replay:Kaleidoscope"}],"items_purged_floors":[4,4,4,4,20,20,20,20,39,39,39,55,55,55,55,55,55,55,55,55,55,55],"is_endless":false,"potions_floor_spawned":[1,3,5,6,6,7,8,8,10,11,11,11,13,13,13,16,16,16,18,18,18,25,25,25,25,26,26,26,27,27,27,27,29,29,29,31,31,31,33,33,35,35,37,37,37,40,40,40,42,42,42,42,44,44,44,44,47,47,48,48,48,48,49,49,49,50,50,50,56,56,56],"ascension_level":4}}