{"host":"yii5it3292r9xs7s","time":1610713919,"event":{"mods":["ATMod(阿瑾Mod)","Act Like it!","BaseMod","Colored Powertips","Luminous","Minty Spire (QoL Compilation)","Pale of the Ancients","RumiaBox-露米娅的神秘盒子","Spicy Shops","StSLib","The Servant 0.9.4","Waifu the Spire","noobMod","vexMod","【功能Mod】混沌之环修复补丁","【遗物卡牌】REMEMod","篝火指南"],"gold_per_floor":[115,215,235,251,251,238,258,258,282,330,341,373,373,404,404,501,501,513,530,550,550,569,596,596,608,608,116,135,135,155,100,100,201,201,221,221,221,245,297,328,140,140,140,140,0,14,28,39,39,39,74,93,93,93,93,106,106,132,132,132],"floor_reached":61,"language":"ZHS","playtime":5917,"items_purged":["Doubt","Regret"],"score":1497,"play_id":"917de7ce-70ec-46a2-adc5-71412ba025bd","local_time":"20210115203159","is_ascension_mode":false,"campfire_choices":[{"floor":8,"key":"RECALL"},{"data":"REME_FirmDetermination","floor":13,"key":"SMITH"},{"data":"AT_FamilyPortrait","floor":15,"key":"SMITH"},{"data":"FlawlessForm","floor":24,"key":"SMITH"},{"floor":32,"key":"REST"},{"floor":42,"key":"REST"},{"floor":44,"key":"REST"},{"data":"SilverBlades","floor":49,"key":"SMITH"},{"floor":55,"key":"REST"},{"floor":57,"key":"REST"}],"circlet_count":0,"master_deck":["Strike_S","Strike_S","Strike_S","Strike_S","Defend_S","Defend_S","Defend_S","Defend_S","KidneyShot","Exchange","AT_FamilyPortrait+1","REME_FirmDetermination+1","Replace","Potential","Ricochet","Moonlight","Luminosity","Ricochet","Snipe","ShiftingGears","MurderousAura","StarChef","SurpressingFire+1","Ricochet","Starlight","FlawlessForm+1","Gouge+1","Rewind+1","SilverBlades+1","Ricochet","TheWorld","Sabotage+1","Master of Strategy","Ricochet+1","InstantArmor+1","REME_EyeOfCthun","KidneyShot","KillingDoll","Ricochet+1","SurpressingFire","Rearm","SilverBlades"],"relics":["Uniform","AT_ATBox","REME_ComplimentaryCards","ice","NeowsBlessing","AddBug","SecretRecord","SecretRecord","SecretRecord","SecretRecord","Baka2","SecretRecord","SecretRecord","SecretRecord","SecretRecord","SecretRecord","SecretRecord"],"acts_visited":["Exordium","TheCity","TheBeyond","paleoftheancients:PaleOfTheAncients"],"potions_floor_usage":[6,16,23,51],"damage_taken":[{"damage":0,"enemies":"Small Slimes","floor":1,"turns":1},{"damage":0,"enemies":"Cultist","floor":3,"turns":1},{"damage":0,"enemies":"Jaw Worm","floor":4,"turns":1},{"damage":3,"enemies":"3 Sentries","floor":6,"turns":3},{"damage":0,"enemies":"Exordium Wildlife","floor":7,"turns":2},{"damage":0,"enemies":"2 Fungi Beasts","floor":11,"turns":2},{"damage":0,"enemies":"Gremlin Nob","floor":12,"turns":2},{"damage":1,"enemies":"Lagavulin","floor":14,"turns":2},{"damage":46,"enemies":"Hexaghost","floor":16,"turns":6},{"damage":16,"enemies":"2 Thieves","floor":18,"turns":3},{"damage":18,"enemies":"3 Byrds","floor":19,"turns":4},{"damage":9,"enemies":"Sentry and Sphere","floor":20,"turns":4},{"damage":13,"enemies":"Centurion and Healer","floor":22,"turns":4},{"damage":69,"enemies":"REME_1_Revenger","floor":23,"turns":5},{"damage":0,"enemies":"Snecko","floor":25,"turns":2},{"damage":4,"enemies":"3 Cultists","floor":28,"turns":2},{"damage":0,"enemies":"Centurion and Healer","floor":30,"turns":2},{"damage":0,"enemies":"Snake Plant","floor":31,"turns":3},{"damage":1,"enemies":"Automaton","floor":33,"turns":2},{"damage":11,"enemies":"Orb Walker","floor":35,"turns":2},{"damage":0,"enemies":"3 Darklings","floor":38,"turns":1},{"damage":10,"enemies":"2 Orb Walkers","floor":39,"turns":2},{"damage":51,"enemies":"Nemesis","floor":40,"turns":7},{"damage":0,"enemies":"Maw","floor":46,"turns":4},{"damage":7,"enemies":"Transient","floor":47,"turns":5},{"damage":23,"enemies":"Spire Growth","floor":48,"turns":4},{"damage":0,"enemies":"Donu and Deca","floor":50,"turns":2},{"damage":53,"enemies":"Donu and Deca","floor":51,"turns":3},{"damage":21,"enemies":"Donu and Deca","floor":52,"turns":3},{"damage":27,"enemies":"Donu and Deca","floor":56,"turns":6},{"damage":48,"enemies":"paleoftheancients:N","floor":60,"turns":5}],"seed_played":"-2836510771696284240","potions_obtained":[{"floor":1,"key":"LiquidBronze"},{"floor":6,"key":"REME_GoldPotion"},{"floor":11,"key":"SteroidPotion"},{"floor":16,"key":"REME_GoldPotion"},{"floor":18,"key":"Ancient Potion"},{"floor":22,"key":"Regen Potion"},{"floor":28,"key":"SpeedPotion"},{"floor":35,"key":"Swift Potion"},{"floor":51,"key":"Energy Potion"}],"is_trial":false,"path_per_floor":["M","?","M","M","?","E","M","R","T","T","M","E","R","E","R","B",null,"M","M","M","?","M","E","R","M","T","$","M","?","M","M","R","B",null,"M","?","T","M","?","E","$","R","T","R","?","M","M","M","R","B","M","M","?","T","R","M","R","T","?","B",null],"character_chosen":"THE_SERVANT","items_purchased":["AT_SilvercatRing","Anchor","REME_EyeOfCthun"],"campfire_rested":5,"item_purchase_floors":[27,27,41],"current_hp_per_floor":[65,65,65,65,65,62,62,62,62,62,62,62,62,61,61,15,65,49,31,31,52,39,39,39,39,39,39,44,44,35,35,58,57,87,76,76,76,76,66,15,15,43,43,71,71,97,90,83,83,118,68,47,62,62,107,80,125,125,125,77],"gold":132,"neow_bonus":"THREE_ENEMY_KILL","is_daily":false,"chose_seed":false,"campfire_upgraded":4,"win_rate":0.0,"timestamp":1610713919,"path_taken":["M","?","M","?","?","E","M","R","T","?","M","E","R","E","R","BOSS","M","M","M","?","M","E","R","M","T","$","M","?","M","M","R","BOSS","M","?","?","M","?","E","$","R","T","R","?","M","?","M","R","BOSS","M","M","?","T","R","M","R","T","?","BOSS"],"items_purchased_type":["Relic","Relic","Card"],"build_version":"2020-12-22","purchased_purges":2,"victory":true,"max_hp_per_floor":[65,65,65,65,65,65,65,65,65,65,65,65,65,65,65,65,65,65,65,65,65,65,67,67,67,67,67,67,67,76,79,79,87,87,88,88,88,88,89,96,96,96,96,96,96,97,102,103,103,118,120,150,150,150,150,153,153,153,153,164],"card_choices":[{"not_picked":["BottledTime","TimeWarp"],"picked":"Replace","floor":1},{"not_picked":["Barrier","DoubleEdge"],"picked":"Potential","floor":3},{"not_picked":["Contraction","BottledTime"],"picked":"Ricochet","floor":4},{"not_picked":["Gouge","Shuttle"],"picked":"Moonlight","floor":6},{"not_picked":["Sabotage","Defy"],"picked":"Luminosity","floor":7},{"not_picked":["TimeWarp","Comet"],"picked":"Ricochet","floor":11},{"not_picked":["TimeWarp","TheWorld"],"picked":"Snipe","floor":12},{"not_picked":["Advance","Rewind"],"picked":"ShiftingGears","floor":14},{"not_picked":["FloweringNight","Initiator"],"picked":"MurderousAura","floor":16},{"not_picked":["Replace","ReturningBlade"],"picked":"StarChef","floor":18},{"not_picked":["Hightail","Rearm"],"picked":"SurpressingFire+1","floor":19},{"not_picked":["TimeWarp+1","DoubleEdge"],"picked":"Ricochet","floor":20},{"not_picked":["Potential+1","Spin"],"picked":"Starlight","floor":22},{"not_picked":["Moonlight","Rearm"],"picked":"FlawlessForm","floor":23},{"not_picked":["Foresight","Snipe"],"picked":"Gouge+1","floor":25},{"not_picked":["Revamp","Unruled"],"picked":"Rewind+1","floor":28},{"not_picked":["Foresight","Spin+1"],"picked":"SilverBlades","floor":30},{"not_picked":["ShatteredReality+1","Unruled"],"picked":"Ricochet","floor":31},{"not_picked":["ForgedInTime","PendulumOfEternity"],"picked":"TheWorld","floor":33},{"not_picked":["Revamp","ShatteredReality+1"],"picked":"Sabotage+1","floor":35},{"not_picked":["Jack Of All Trades","Dramatic Entrance"],"picked":"Master of Strategy","floor":36},{"not_picked":["Foresight","Collapse+1"],"picked":"Ricochet+1","floor":38},{"not_picked":["Unruled+1","Reset"],"picked":"InstantArmor+1","floor":40},{"not_picked":["Defy+1","InstantArmor+1"],"picked":"KillingDoll","floor":46},{"not_picked":["InstantArmor","FastForward+1"],"picked":"Ricochet+1","floor":47},{"not_picked":["BottledTime+1","Desolation+1"],"picked":"SurpressingFire","floor":48},{"not_picked":["Reset+1","Shuttle","ShatteredReality+1"],"picked":"SKIP","floor":51},{"not_picked":["DoubleEdge+1","SurpressingFire"],"picked":"Rearm","floor":52},{"not_picked":["Spin","Replace"],"picked":"SilverBlades","floor":56}],"player_experience":10488,"relics_obtained":[{"floor":1,"key":"Baka"},{"floor":1,"key":"AddBug"},{"floor":3,"key":"Pocketwatch"},{"floor":6,"key":"SecretRecord"},{"floor":6,"key":"Bag of Marbles"},{"floor":7,"key":"Mango"},{"floor":10,"key":"Pen Nib"},{"floor":11,"key":"SecretRecord"},{"floor":12,"key":"Centennial Puzzle"},{"floor":14,"key":"AT_ImmortalShieldbow"},{"floor":18,"key":"SecretRecord"},{"floor":22,"key":"Pear"},{"floor":22,"key":"Baka2"},{"floor":22,"key":"SecretRecord"},{"floor":23,"key":"Potion Belt"},{"floor":25,"key":"SecretRecord"},{"floor":26,"key":"PreservedInsect"},{"floor":31,"key":"SecretRecord"},{"floor":31,"key":"Pear"},{"floor":31,"key":"AT_ArchangelStaff"},{"floor":37,"key":"Toxic Egg 2"},{"floor":38,"key":"SecretRecord"},{"floor":39,"key":"Lizard Tail"},{"floor":40,"key":"Kunai"},{"floor":43,"key":"Bottled Flame"},{"floor":48,"key":"SecretRecord"},{"floor":51,"key":"paleoftheancients:SoulOfTheGuardian"},{"floor":52,"key":"SecretRecord"},{"floor":52,"key":"paleoftheancients:SoulOfTheIroncluck"},{"floor":54,"key":"REME_ArchaeologicalTools"},{"floor":56,"key":"paleoftheancients:SoulOfTheShrineMaiden"},{"floor":58,"key":"Oddly Smooth Stone"}],"event_choices":[{"damage_healed":0,"gold_gain":100,"player_choice":"Gold","damage_taken":0,"max_hp_gain":0,"max_hp_loss":0,"event_name":"Wheel of Change","floor":2,"gold_loss":0},{"damage_healed":0,"gold_gain":0,"player_choice":"Box","damage_taken":0,"relics_obtained":["Dream Catcher"],"max_hp_gain":0,"max_hp_loss":0,"event_name":"Big Fish","floor":5,"gold_loss":0,"cards_obtained":["Regret"]},{"damage_healed":21,"gold_gain":0,"player_choice":"Heal","damage_taken":0,"max_hp_gain":0,"max_hp_loss":0,"event_name":"The Library","floor":21,"gold_loss":0},{"damage_healed":0,"gold_gain":0,"player_choice":"Inject Mutagens","damage_taken":0,"relics_obtained":["MutagenicStrength"],"max_hp_gain":0,"max_hp_loss":0,"event_name":"Drug Dealer","floor":29,"gold_loss":0},{"damage_healed":0,"gold_gain":0,"player_choice":"Memory 1","damage_taken":0,"max_hp_gain":0,"max_hp_loss":0,"event_name":"SensoryStone","floor":36,"gold_loss":0},{"damage_healed":0,"gold_gain":0,"player_choice":"Fight","damage_taken":0,"max_hp_gain":0,"max_hp_loss":0,"event_name":"Mysterious Sphere","floor":39,"gold_loss":0},{"damage_healed":0,"gold_gain":0,"player_choice":"Paid","damage_taken":0,"relics_obtained":["Red Mask"],"max_hp_gain":0,"max_hp_loss":0,"event_name":"Tomb of Lord Red Mask","floor":45,"gold_loss":140}],"is_beta":false,"boss_relics":[{"not_picked":["Snecko Eye","vexMod:EndlessSickness"],"picked":"Ectoplasm"},{"not_picked":["Sozu","vexMod:DeviousBotling"],"picked":"AT_MortalBlade"}],"items_purged_floors":[27,27],"is_endless":false,"potions_floor_spawned":[1,6,11,16,18,22,28,31,35,47,51],"ascension_level":0}}