{"host":"i0avyit1s6jb1siw","time":1610739376,"event":{"mods":["BaseMod","DeckTracker","Dota2Spire","Highlight Path","Minty Spire (QoL Compilation)","Quick Restart","StSLib","SuperFastMode"],"gold_per_floor":[115,115,115,179,224,224,293,293,293,9,9,54,73,38,38,159,159,209,209],"floor_reached":18,"language":"ENG","playtime":290,"items_purged":["Defend_P"],"score":320,"play_id":"6d526a47-e354-42a8-8fa7-19cac4749be7","local_time":"20210115203616","is_ascension_mode":true,"campfire_choices":[{"data":"HandOfGreed","floor":6,"key":"SMITH"},{"data":"Vigilance","floor":8,"key":"SMITH"},{"data":"Strike_P","floor":11,"key":"SMITH"},{"data":"TalkToTheHand","floor":15,"key":"SMITH"}],"circlet_count":0,"master_deck":["AscendersBane","Strike_P","Strike_P","Strike_P","Strike_P+1","Defend_P","Defend_P","Defend_P","Eruption+1","Vigilance+1","HandOfGreed+1","CrushJoints","TalkToTheHand+1","Vault"],"relics":["PureWater","Golden Idol","White Beast Statue","Potion Belt","Membership Card","Omamori","Calling Bell","Dota2Spire:MaskOfMadness","Molten Egg 2","Dota2Spire:DivineRapier"],"acts_visited":["Exordium","TheCity"],"potions_floor_usage":[16,16],"damage_taken":[{"damage":0,"enemies":"Cultist","floor":1,"turns":4},{"damage":1,"enemies":"2 Louse","floor":4,"turns":4},{"damage":4,"enemies":"Jaw Worm","floor":5,"turns":3},{"damage":3,"enemies":"Gremlin Nob","floor":7,"turns":3},{"damage":0,"enemies":"Exordium Wildlife","floor":12,"turns":3},{"damage":4,"enemies":"Red Slaver","floor":13,"turns":2},{"damage":26,"enemies":"The Guardian","floor":16,"turns":11},{"damage":53,"enemies":"3 Byrds","floor":18,"turns":5}],"seed_played":"-6333219588352046816","potions_obtained":[{"floor":4,"key":"BottledMiracle"},{"floor":5,"key":"LiquidBronze"},{"floor":7,"key":"Fire Potion"},{"floor":12,"key":"Ancient Potion"},{"floor":13,"key":"Dota2Spire:Clarity"},{"floor":16,"key":"Block Potion"}],"is_trial":false,"path_per_floor":["M","?","?","M","M","R","E","R","T","$","R","M","M","?","R","B",null,"M"],"character_chosen":"WATCHER","items_purchased":["Membership Card","Omamori"],"campfire_rested":0,"item_purchase_floors":[10,10],"current_hp_per_floor":[43,43,43,42,38,38,35,35,35,35,35,35,31,46,46,20,52,0,0],"gold":209,"neow_bonus":"RANDOM_COLORLESS_2","is_daily":false,"chose_seed":false,"campfire_upgraded":4,"win_rate":0.0,"timestamp":1610739376,"path_taken":["M","?","?","M","?","R","E","R","T","$","R","M","M","?","R","BOSS","M"],"items_purchased_type":["Relic","Relic"],"build_version":"2020-12-22","purchased_purges":1,"victory":false,"max_hp_per_floor":[68,62,62,62,62,62,62,62,62,62,62,62,62,62,62,62,62,62,62],"card_choices":[{"not_picked":["Mayhem","The Bomb"],"picked":"HandOfGreed","floor":0},{"not_picked":["BowlingBash","Consecrate","Prostrate"],"picked":"SKIP","floor":1},{"not_picked":["JustLucky","ThirdEye","Halt"],"picked":"SKIP","floor":4},{"not_picked":["LikeWater","BowlingBash","Perseverance"],"picked":"SKIP","floor":5},{"not_picked":["Protect","SignatureMove","Crescendo"],"picked":"SKIP","floor":7},{"not_picked":["Halt","FlyingSleeves"],"picked":"CrushJoints","floor":12},{"not_picked":["ClearTheMind","Brilliance"],"picked":"TalkToTheHand","floor":13},{"not_picked":["LessonLearned","Establishment"],"picked":"Vault","floor":16}],"player_experience":2254182,"relics_obtained":[{"floor":7,"key":"White Beast Statue"},{"floor":9,"key":"Potion Belt"},{"floor":17,"key":"Dota2Spire:MaskOfMadness"},{"floor":17,"key":"Molten Egg 2"},{"floor":17,"key":"Dota2Spire:DivineRapier"}],"event_choices":[{"damage_healed":0,"gold_gain":0,"player_choice":"Lose Max HP","damage_taken":0,"relics_obtained":["Golden Idol"],"max_hp_gain":0,"max_hp_loss":6,"event_name":"Golden Idol","floor":2,"gold_loss":0},{"damage_healed":0,"gold_gain":0,"player_choice":"Upgraded","damage_taken":0,"max_hp_gain":0,"max_hp_loss":0,"event_name":"Upgrade Shrine","floor":3,"gold_loss":0,"cards_upgraded":["Eruption"]},{"damage_healed":15,"gold_gain":0,"player_choice":"Healed","damage_taken":0,"max_hp_gain":0,"max_hp_loss":0,"event_name":"The Cleric","floor":14,"gold_loss":35}],"is_beta":false,"boss_relics":[{"not_picked":["Coffee Dripper","VioletLotus"],"picked":"Calling Bell"}],"items_purged_floors":[10],"is_endless":false,"potions_floor_spawned":[4,5,7,12,13,16],"killed_by":"3 Byrds","ascension_level":20}}