{"host":"kw4o7b3ro2ktmmbe","time":1610688774,"event":{"mods":["BaseMod","Evolution","Minty Spire (QoL Compilation)","Robot Space Explorer","StSLib"],"gold_per_floor":[111,127,144,144,162,162,179,192,265,265,289,323,338,338,338,433,433,444,543,543,562,261,288,300,315,615,647,659,370,370,399,399,495,495,515,533,234,234,234,267,285,285,311,331,331,71,71,104,104,104],"floor_reached":51,"language":"ENG","playtime":9172,"items_purged":[],"score":1029,"play_id":"a5b7bc0c-0c2a-4895-9a3b-af9c575a5996","local_time":"20210115183254","is_ascension_mode":true,"campfire_choices":[{"data":"RobotSpaceExplorer:Calculate","floor":6.0,"key":"SMITH"},{"data":"RobotSpaceExplorer:ShockMissile","floor":10,"key":"SMITH"},{"floor":15,"key":"REST"},{"data":"RobotSpaceExplorer:Multitool","floor":30,"key":"SMITH"},{"data":"RobotSpaceExplorer:MiniBoosters","floor":32,"key":"SMITH"},{"data":"RobotSpaceExplorer:MiniBoosters","floor":42,"key":"SMITH"},{"data":"RobotSpaceExplorer:ExhaustFan","floor":45,"key":"SMITH"},{"data":"RobotSpaceExplorer:ExhaustFan","floor":47,"key":"SMITH"},{"data":"Sadistic Nature","floor":49,"key":"SMITH"}],"circlet_count":0,"master_deck":["RobotSpaceExplorer:Strike","RobotSpaceExplorer:Strike","RobotSpaceExplorer:Strike","RobotSpaceExplorer:Strike","RobotSpaceExplorer:Defend","RobotSpaceExplorer:Defend","RobotSpaceExplorer:Defend+1","RobotSpaceExplorer:Scan","RobotSpaceExplorer:MiniLasers","RobotSpaceExplorer:StarLightning","RobotSpaceExplorer:ExhaustFan+1","RobotSpaceExplorer:Calculate+1","RobotSpaceExplorer:ShockMissile+1","RobotSpaceExplorer:TurboDodge","RobotSpaceExplorer:MiniBoosters+1","RobotSpaceExplorer:LuckyStrike","RobotSpaceExplorer:Comet","RobotSpaceExplorer:Blitz","RobotSpaceExplorer:MiniBoosters+1","RobotSpaceExplorer:GlueSpray+1","RobotSpaceExplorer:ExhaustFan+1","RobotSpaceExplorer:Discharger+1","RobotSpaceExplorer:Multitool+1","RobotSpaceExplorer:Accelerator","Madness+1","Madness","Dark Shackles","Metamorphosis","Sadistic Nature+1","RobotSpaceExplorer:DoubleBlock+1"],"relics":["EVO:Axolotl","Sozu","Art of War","Eternal Feather","Odd Mushroom","Calipers","Coffee Dripper","OrangePellets","Oddly Smooth Stone","Anchor","Old Coin","Regal Pillow","RobotSpaceExplorer:ClockworkSextant","Sundial","InkBottle","RobotSpaceExplorer:SearchSpecs","Akabeko","Nunchaku","Blue Candle","War Paint","Gremlin Horn","Ornamental Fan"],"acts_visited":["Exordium","TheCity","TheBeyond"],"potions_floor_usage":[],"damage_taken":[{"damage":0.0,"enemies":"Jaw Worm","floor":1.0,"turns":4.0},{"damage":0.0,"enemies":"2 Louse","floor":2.0,"turns":3.0},{"damage":0.0,"enemies":"Small Slimes","floor":3.0,"turns":3.0},{"damage":0.0,"enemies":"Red Slaver","floor":5.0,"turns":4.0},{"damage":13.0,"enemies":"Lots of Slimes","floor":7.0,"turns":5.0},{"damage":1,"enemies":"Exordium Wildlife","floor":8,"turns":5},{"damage":8,"enemies":"The Mushroom Lair","floor":11,"turns":4},{"damage":23,"enemies":"Lagavulin","floor":12,"turns":6},{"damage":11,"enemies":"Large Slime","floor":13,"turns":6},{"damage":21,"enemies":"The Guardian","floor":16,"turns":13},{"damage":0,"enemies":"3 Byrds","floor":18,"turns":4},{"damage":3,"enemies":"Spheric Guardian","floor":21,"turns":4},{"damage":19,"enemies":"Gremlin Leader","floor":23,"turns":7},{"damage":6,"enemies":"Snake Plant","floor":24,"turns":6},{"damage":0,"enemies":"Centurion and Healer","floor":25,"turns":8},{"damage":10,"enemies":"Book of Stabbing","floor":27,"turns":7},{"damage":0,"enemies":"Chosen and Byrds","floor":28,"turns":7},{"damage":27,"enemies":"Slavers","floor":31,"turns":5},{"damage":8,"enemies":"Champ","floor":33,"turns":14},{"damage":0,"enemies":"Orb Walker","floor":35,"turns":5},{"damage":0,"enemies":"3 Shapes","floor":36,"turns":4},{"damage":10,"enemies":"Giant Head","floor":40,"turns":8},{"damage":9,"enemies":"Spire Growth","floor":41,"turns":6},{"damage":19,"enemies":"Jaw Worm Horde","floor":44,"turns":5},{"damage":3,"enemies":"Nemesis","floor":48,"turns":10},{"damage":12,"enemies":"Time Eater","floor":50,"turns":12}],"seed_played":"-6465896536968779619","potions_obtained":[],"is_trial":false,"path_per_floor":["M","M","M","?","M","R","M","M","T","R","?","E","M","?","R","B",null,"M","?","?","M","$","E","M","M","T","E","M","$","R","E","R","B",null,"M","M","$","?","?","E","M","R","T","M","R","$","R","E","R","B",null],"character_chosen":"RobotSpaceExplorer","items_purchased":["OrangePellets","Oddly Smooth Stone","RobotSpaceExplorer:ClockworkSextant","RobotSpaceExplorer:Multitool","Akabeko","Nunchaku","Gremlin Horn"],"campfire_rested":1,"item_purchase_floors":[22,22,29,29,37,37,46],"current_hp_per_floor":[68,68,68,65,65,65,52,51,51,57,49,26,15,15,46,25,63,63,63,63,60,60,41,35,35,35,25,25,25,37,10,22,14,60,60,60,60,51,41,31,22,37,37,18,33,33,48,45,63,51],"gold":104,"neow_bonus":"BOSS_RELIC","is_daily":false,"chose_seed":false,"campfire_upgraded":8,"win_rate":0.0,"timestamp":1610688774,"path_taken":["M","M","M","?","M","R","M","M","T","R","?","E","M","?","R","BOSS","M","?","?","?","$","E","M","M","T","E","M","?","R","E","R","BOSS","M","?","$","?","?","E","M","R","T","M","R","$","R","E","R","BOSS"],"items_purchased_type":["Relic","Relic","Relic","Card","Relic","Relic","Relic"],"build_version":"2020-12-22","purchased_purges":0,"victory":true,"max_hp_per_floor":[75,75,75,75,75,75,75,75,75,75,75,75,75,75,75,75,75,75,75,75,75,75,75,75,75,75,75,75,75,75,75,75,75,75,75,75,75,75,75,75,75,75,75,75,75,75,75,75,75,75],"card_choices":[{"not_picked":["RobotSpaceExplorer:IronShell","RobotSpaceExplorer:FranticSearch"],"picked":"RobotSpaceExplorer:StarLightning","floor":1.0},{"not_picked":["RobotSpaceExplorer:FranticSearch","RobotSpaceExplorer:SwiftStep"],"picked":"RobotSpaceExplorer:ExhaustFan","floor":2.0},{"not_picked":["RobotSpaceExplorer:FranticSearch","RobotSpaceExplorer:ScrapMissile","RobotSpaceExplorer:IronShell"],"picked":"SKIP","floor":3.0},{"not_picked":["RobotSpaceExplorer:ImprovisedAttack","RobotSpaceExplorer:GlueShot"],"picked":"RobotSpaceExplorer:Calculate","floor":5.0},{"not_picked":["RobotSpaceExplorer:MiniDrones","RobotSpaceExplorer:ToxicBomb","RobotSpaceExplorer:ShockKick"],"picked":"SKIP","floor":7.0},{"not_picked":["RobotSpaceExplorer:Ammunition","RobotSpaceExplorer:SwiftStep"],"picked":"RobotSpaceExplorer:ShockMissile","floor":8},{"not_picked":["RobotSpaceExplorer:Ammunition","RobotSpaceExplorer:ShovelStrike"],"picked":"RobotSpaceExplorer:TurboDodge","floor":12},{"not_picked":["RobotSpaceExplorer:PowerGlove","RobotSpaceExplorer:FranticSearch"],"picked":"RobotSpaceExplorer:MiniBoosters","floor":13},{"not_picked":["RobotSpaceExplorer:Multitool","RobotSpaceExplorer:Scanner"],"picked":"RobotSpaceExplorer:Comet","floor":16},{"not_picked":["RobotSpaceExplorer:FrostMissile","RobotSpaceExplorer:StunGrenade+1"],"picked":"RobotSpaceExplorer:Blitz","floor":18},{"not_picked":["RobotSpaceExplorer:ShockKick","RobotSpaceExplorer:SwiftStep+1","RobotSpaceExplorer:MiniDrones"],"picked":"SKIP","floor":21},{"not_picked":["RobotSpaceExplorer:Reload","RobotSpaceExplorer:StunGrenade"],"picked":"RobotSpaceExplorer:MiniBoosters","floor":23},{"not_picked":["RobotSpaceExplorer:MetalStrike+1","RobotSpaceExplorer:JunkDive","RobotSpaceExplorer:SurgingStrike"],"picked":"SKIP","floor":24},{"not_picked":["RobotSpaceExplorer:MetalStrike","RobotSpaceExplorer:ImprovisedAttack"],"picked":"RobotSpaceExplorer:GlueSpray+1","floor":25},{"not_picked":["RobotSpaceExplorer:ScrapMissile","RobotSpaceExplorer:MiniDrones"],"picked":"RobotSpaceExplorer:ExhaustFan","floor":27},{"not_picked":["RobotSpaceExplorer:StarLightning","RobotSpaceExplorer:PlasmaMissile"],"picked":"RobotSpaceExplorer:Discharger+1","floor":28},{"not_picked":["RobotSpaceExplorer:FrostMissile","RobotSpaceExplorer:MetalStrike"],"picked":"RobotSpaceExplorer:Exploration","floor":31},{"not_picked":["RobotSpaceExplorer:ChargingLaser","RobotSpaceExplorer:Comet"],"picked":"RobotSpaceExplorer:Accelerator","floor":33},{"not_picked":["RobotSpaceExplorer:SlimeMissile+1","RobotSpaceExplorer:MetalStrike","RobotSpaceExplorer:MakeshiftVolley"],"picked":"SKIP","floor":35},{"not_picked":["RobotSpaceExplorer:SurgingStrike+1","RobotSpaceExplorer:ToxicBomb","RobotSpaceExplorer:ImprovisedAttack+1"],"picked":"SKIP","floor":36},{"not_picked":["Forethought","Mind Blast"],"picked":"Dark Shackles","floor":39},{"not_picked":["PanicButton","Deep Breath"],"picked":"Metamorphosis","floor":39},{"not_picked":["Bandage Up","Enlightenment"],"picked":"Sadistic Nature","floor":39},{"not_picked":["RobotSpaceExplorer:SurgingShield","RobotSpaceExplorer:MiniDrones","RobotSpaceExplorer:FranticSearch+1"],"picked":"SKIP","floor":40},{"not_picked":["RobotSpaceExplorer:SwiftStep","RobotSpaceExplorer:MakeshiftVolley+1","RobotSpaceExplorer:BigMissile"],"picked":"SKIP","floor":41},{"not_picked":["RobotSpaceExplorer:Probe","RobotSpaceExplorer:GlueShot+1","RobotSpaceExplorer:Jetpack"],"picked":"SKIP","floor":44},{"not_picked":["RobotSpaceExplorer:SurgingStrike","RobotSpaceExplorer:LaserBurst"],"picked":"RobotSpaceExplorer:DoubleBlock+1","floor":48}],"player_experience":1870815,"relics_obtained":[{"floor":9,"key":"Eternal Feather"},{"floor":11,"key":"Odd Mushroom"},{"floor":12,"key":"Calipers"},{"floor":23,"key":"Anchor"},{"floor":26,"key":"Old Coin"},{"floor":27,"key":"Regal Pillow"},{"floor":31,"key":"Sundial"},{"floor":33,"key":"InkBottle"},{"floor":40,"key":"Blue Candle"},{"floor":43,"key":"War Paint"},{"floor":48,"key":"Ornamental Fan"}],"event_choices":[{"damage_healed":0.0,"max_hp_gain":0.0,"max_hp_loss":0.0,"gold_gain":0.0,"event_name":"Scrap Ooze","player_choice":"Success","floor":4.0,"gold_loss":0.0,"damage_taken":3.0,"relics_obtained":["Art of War"]},{"damage_healed":0,"gold_gain":0,"player_choice":"Fought Mushrooms","damage_taken":0,"max_hp_gain":0,"max_hp_loss":0,"event_name":"Mushrooms","floor":11,"gold_loss":0},{"damage_healed":0,"gold_gain":0,"cards_transformed":["RobotSpaceExplorer:Defend"],"player_choice":"Change","damage_taken":0,"max_hp_gain":0,"max_hp_loss":0,"event_name":"Living Wall","floor":14,"gold_loss":0,"cards_obtained":["RobotSpaceExplorer:LuckyStrike"]},{"damage_healed":0,"gold_gain":99,"player_choice":"Stole From Cult","damage_taken":0,"max_hp_gain":0,"max_hp_loss":0,"event_name":"Nest","floor":19,"gold_loss":0},{"damage_healed":0,"gold_gain":0,"player_choice":"Ignored","damage_taken":0,"max_hp_gain":0,"max_hp_loss":0,"event_name":"N\u0027loth","floor":20,"gold_loss":0},{"damage_healed":0,"gold_gain":0,"player_choice":"Embrace Madness","damage_taken":9,"max_hp_gain":0,"max_hp_loss":0,"event_name":"Winding Halls","floor":38,"gold_loss":0,"cards_obtained":["Madness","Madness"]},{"damage_healed":0,"gold_gain":0,"player_choice":"Memory 3","damage_taken":10,"max_hp_gain":0,"max_hp_loss":0,"event_name":"SensoryStone","floor":39,"gold_loss":0}],"is_beta":false,"boss_relics":[{"not_picked":["Astrolabe","Cursed Key"],"picked":"Coffee Dripper"},{"not_picked":["Empty Cage","Pandora\u0027s Box"],"picked":"RobotSpaceExplorer:SearchSpecs"}],"items_purged_floors":[],"is_endless":false,"potions_floor_spawned":[3,5,7,12,16,21,24,28,31,40,44],"ascension_level":8}}