{"host":"mfnyjbfkyfsz33u9","time":1610707318,"event":{"mods":["2.2 Compatiblity","BaseMod","Colored Powertips","Downfall","Marisa£¨Ùöéë¡¡Øª×âÞÞ£©","Minty Spire (QoL Compilation)","Rare Cards Sparkle","Replay The Spire","StSLib","SuperFastMode","The Cursed"],"gold_per_floor":[111,111,111,15,15,15,40,40,86,86,102,102,14,25,25,124,124,144,84,84,99,110,110,110,142,168,168,168,168,185,185,185,280,280,292,310,26,326,326,326],"floor_reached":39,"language":"ENG","playtime":1124,"items_purged":["TheCursedMod:Dregs"],"score":476,"play_id":"1f812e87-e34a-4c24-9ad8-41fc874edc12","local_time":"20210115194158","is_ascension_mode":true,"campfire_choices":[{"data":"Metallicize","floor":6,"key":"SMITH"},{"data":"expansioncontent:CaCaw","floor":12,"key":"SMITH"},{"data":"Havoc","floor":15,"key":"SMITH"},{"data":"Body Slam","floor":23,"key":"SMITH"},{"data":"Limit Break","floor":27,"key":"SMITH"},{"data":"Heavy Blade","floor":29,"key":"SMITH"},{"floor":32,"key":"DIG"}],"circlet_count":0,"master_deck":["Defend_R+1","Defend_R+1","Bash","Voices","Metallicize+1","Impervious+1","Spot Weakness","expansioncontent:CaCaw+1","Havoc+1","Limit Break+1","Hallucinations","Pummel+1","Feel No Pain","Bite","Bite","Bite","Bite","Body Slam+1","Heavy Blade+1","ReplayTheSpireMod:Stacked+1","Brutality","Replay:Many Hands"],"relics":["Burning Blood","Replay:Wax Seal","TheAbacus","Juzu Bracelet","Bronze Scales","Kintsugi","Lantern","Omamori","Simple Rune","Busted Crown"],"acts_visited":["Exordium","TheCity","TheBeyond"],"potions_floor_usage":[16,18,19,22,25,30,35,35,39],"damage_taken":[{"damage":5,"enemies":"Cultist","floor":1,"turns":4},{"damage":3,"enemies":"2 Louse","floor":11,"turns":3},{"damage":0,"enemies":"Jaw Worm","floor":13,"turns":4},{"damage":7,"enemies":"Blue Slaver","floor":14,"turns":5},{"damage":6,"enemies":"Hexaghost","floor":16,"turns":7},{"damage":20,"enemies":"Spheric Guardian","floor":18,"turns":7},{"damage":13,"enemies":"2 Thieves","floor":19,"turns":4},{"damage":11,"enemies":"Chosen and Byrds","floor":21,"turns":5},{"damage":34,"enemies":"Centurion and Healer","floor":22,"turns":6},{"damage":35,"enemies":"Gremlin Leader","floor":25,"turns":8},{"damage":17,"enemies":"Snake Plant","floor":30,"turns":3},{"damage":33,"enemies":"Collector","floor":33,"turns":11},{"damage":59,"enemies":"3 Darklings","floor":35,"turns":8},{"damage":12,"enemies":"3 Shapes","floor":36,"turns":4},{"damage":19,"enemies":"Transient","floor":39,"turns":2}],"seed_played":"6982899240252858860","potions_obtained":[{"floor":1,"key":"Strength Potion"},{"floor":8,"key":"Regen Potion"},{"floor":8,"key":"DuplicationPotion"},{"floor":16,"key":"Swift Potion"},{"floor":18,"key":"Flashbang"},{"floor":21,"key":"PowerPotion"},{"floor":22,"key":"SkillPotion"},{"floor":25,"key":"SpeedPotion"}],"is_trial":false,"path_per_floor":["M","?","?","$","$","R","T","?","T","?","M","R","M","M","R","B",null,"M","M","?","M","M","R","?","E","T","R","?","R","M","?","R","B",null,"M","M","$","?","M"],"character_chosen":"IRONCLAD","items_purchased":["Replay:Wax Seal","TheAbacus","Replay:Many Hands","Block Potion"],"campfire_rested":0,"item_purchase_floors":[4,4,37,37],"current_hp_per_floor":[80,73,73,73,73,73,73,73,73,73,76,76,80,79,79,79,80,66,59,56,56,36,36,36,19,19,19,19,19,19,56,56,47,56,17,19,19,19,0,0],"gold":326,"neow_bonus":"TRANSFORM_TWO_CARDS","is_daily":false,"chose_seed":false,"campfire_upgraded":6,"win_rate":0.0,"timestamp":1610707318,"path_taken":["M","?","?","?","$","R","?","?","T","?","M","R","M","M","R","BOSS","M","M","?","M","M","R","?","E","T","R","?","R","M","?","R","BOSS","M","M","$","?","M"],"items_purchased_type":["Relic","Relic","Card","Potion"],"build_version":"2020-12-22","purchased_purges":1,"victory":false,"max_hp_per_floor":[80,80,80,80,80,80,80,80,80,80,80,80,80,80,80,80,80,80,80,56,56,56,56,56,56,56,56,56,56,56,56,56,56,56,56,56,56,56,56,56],"card_choices":[{"not_picked":["Power Through","Cleave"],"picked":"Spot Weakness","floor":1},{"not_picked":["Clothesline","Clash"],"picked":"Havoc","floor":11},{"not_picked":["Headbutt","Sever Soul"],"picked":"Replay:Undeath\u0027s Touch","floor":13},{"not_picked":["Anger","Perfected Strike"],"picked":"Warcry","floor":14},{"not_picked":["Demonic Infusion","Demon Form"],"picked":"Limit Break","floor":16},{"not_picked":["Infernal Blade+1","Intimidate"],"picked":"Pummel+1","floor":18},{"not_picked":["Twin Strike","Perfected Strike+1"],"picked":"Feel No Pain","floor":19},{"not_picked":["Ghostly Armor","Replay:Undeath\u0027s Touch"],"picked":"Body Slam","floor":21},{"not_picked":["Dropkick","Shockwave"],"picked":"Rampage","floor":22},{"not_picked":["Replay:Undeath\u0027s Touch","Body Slam"],"picked":"ReplayTheSpireMod:Stacked+1","floor":25},{"not_picked":["Wild Strike","Twin Strike","Perfected Strike+1"],"picked":"SKIP","floor":30},{"not_picked":["Bludgeon","Limit Break"],"picked":"Brutality","floor":33},{"not_picked":["Iron Wave+1"],"picked":"SKIP","floor":35},{"not_picked":["Thunderclap"],"picked":"SKIP","floor":36}],"player_experience":47079,"relics_obtained":[{"floor":7,"key":"Juzu Bracelet"},{"floor":9,"key":"Bronze Scales"},{"floor":25,"key":"Lantern"},{"floor":26,"key":"Omamori"},{"floor":32,"key":"Simple Rune"}],"event_choices":[{"cards_removed":["Defend_R"],"damage_healed":0,"gold_gain":0,"player_choice":"Card Removal","damage_taken":7,"max_hp_gain":0,"max_hp_loss":0,"event_name":"Golden Wing","floor":2,"gold_loss":0},{"damage_healed":0,"gold_gain":0,"player_choice":"Got Potions","damage_taken":0,"max_hp_gain":0,"max_hp_loss":0,"event_name":"Lab","floor":8,"gold_loss":0},{"damage_healed":0,"gold_gain":0,"player_choice":"1 cards matched","damage_taken":0,"max_hp_gain":0,"max_hp_loss":0,"event_name":"Match and Keep!","floor":10,"gold_loss":0,"cards_obtained":["expansioncontent:CaCaw"]},{"damage_healed":0,"gold_gain":0,"player_choice":"Became a vampire","damage_taken":0,"max_hp_gain":0,"max_hp_loss":24,"event_name":"Vampires","floor":20,"gold_loss":0,"cards_obtained":["Bite","Bite","Bite","Bite","Bite"]},{"damage_healed":0,"gold_gain":0,"player_choice":"Read","damage_taken":0,"max_hp_gain":0,"max_hp_loss":0,"event_name":"The Library","floor":24,"gold_loss":0,"cards_obtained":["Heavy Blade"]},{"cards_removed":["Bite"],"damage_healed":0,"gold_gain":0,"player_choice":"Purged","damage_taken":0,"max_hp_gain":0,"max_hp_loss":0,"event_name":"Purifier","floor":28,"gold_loss":0},{"cards_removed":["Rampage"],"damage_healed":37,"gold_gain":0,"player_choice":"Offered Uncommon","damage_taken":0,"max_hp_gain":0,"max_hp_loss":0,"event_name":"Bonfire Elementals","floor":31,"gold_loss":0},{"damage_healed":0,"gold_gain":300,"player_choice":"Gold","damage_taken":0,"max_hp_gain":0,"max_hp_loss":0,"event_name":"Wheel of Change","floor":38,"gold_loss":0}],"is_beta":false,"boss_relics":[{"not_picked":["Sozu","Runic Dome"],"picked":"Kintsugi"},{"not_picked":["SacredBark","Black Star"],"picked":"Busted Crown"}],"items_purged_floors":[37],"is_endless":false,"potions_floor_spawned":[1,13,16,18,21,22,25],"killed_by":"Transient","ascension_level":2}}