{"host":"j7tjb4cvlhh9ur1i","time":1610731907,"event":{"mods":["BaseMod","Hermit","Marisa????????","Minty Spire (QoL Compilation)","StSLib","The Animator","The Cursed","The Dragon Tamer","The Marked","The Servant 0.9.4"],"gold_per_floor":[117,117,128,147,147,147,173,184,208,219,219,250,260,280,280,376,376,391,48,48,48,60,60,60,60,60,60,60,60,90,106,106,106,106],"floor_reached":33,"language":"ENG","playtime":1883,"items_purged":[],"score":275,"play_id":"6aaacf1f-7da6-4573-9f79-c47486c3f64d","local_time":"20210115183147","is_ascension_mode":false,"campfire_choices":[{"floor":6,"key":"RECALL"},{"floor":11,"key":"REST"},{"floor":15,"key":"REST"},{"floor":23,"key":"REST"},{"floor":25,"key":"REST"},{"floor":29,"key":"REST"},{"floor":32,"key":"REST"}],"circlet_count":0,"master_deck":["TheCursedMod:Strike_TheCursed+1","TheCursedMod:Strike_TheCursed+1","TheCursedMod:Strike_TheCursed+1","TheCursedMod:Strike_TheCursed+1","TheCursedMod:Defend_TheCursed+1","TheCursedMod:Defend_TheCursed+1","TheCursedMod:Defend_TheCursed+1","TheCursedMod:Defend_TheCursed+1","TheCursedMod:CursedWand","TheCursedMod:CleanUpWorkshop","TheCursedMod:Dregs","TheCursedMod:WearCloak","TheCursedMod:SpreadPlague","TheCursedMod:ShockAndAwe+1","TheCursedMod:CursedStaff","TheCursedMod:Grudge","TheCursedMod:Stretching","TheCursedMod:ReleasedStrength","TheCursedMod:Torture","TheCursedMod:StunningStrike","TheCursedMod:CursedRelics+1","TheCursedMod:StingEye+1","TheCursedMod:ReleasedKnowledge","TheCursedMod:CursedBlade","Shame","TheCursedMod:SaltUponWound","TheCursedMod:Grudge"],"relics":["TheCursedMod:BlackMagic101","NeowsBlessing","Ancient Tea Set","Regal Pillow","TheCursedMod:BloodyHarpoon","TheCursedMod:FourLeafCloverCharm","Frozen Eye","Whetstone","MutagenicStrength","TheCursedMod:CrystalBall","Kunai","Pantograph"],"acts_visited":["Exordium","TheCity"],"potions_floor_usage":[7,12,13,14,31,33],"damage_taken":[{"damage":0,"enemies":"Cultist","floor":1,"turns":1},{"damage":0,"enemies":"Jaw Worm","floor":3,"turns":1},{"damage":6,"enemies":"Small Slimes","floor":4,"turns":1},{"damage":24,"enemies":"3 Sentries","floor":7,"turns":6},{"damage":12,"enemies":"2 Fungi Beasts","floor":8,"turns":4},{"damage":12,"enemies":"Exordium Wildlife","floor":10,"turns":3},{"damage":18,"enemies":"Gremlin Nob","floor":12,"turns":4},{"damage":0,"enemies":"3 Louse","floor":13,"turns":5},{"damage":16,"enemies":"Gremlin Gang","floor":14,"turns":3},{"damage":57,"enemies":"Slime Boss","floor":16,"turns":12},{"damage":27,"enemies":"Spheric Guardian","floor":18,"turns":5},{"damage":36,"enemies":"3 Byrds","floor":22,"turns":10},{"damage":32,"enemies":"Slavers","floor":30,"turns":4},{"damage":0,"enemies":"Snecko","floor":31,"turns":3},{"damage":98,"enemies":"Collector","floor":33,"turns":6}],"seed_played":"4362951780432422780","potions_obtained":[{"floor":3,"key":"ColorlessPotion"},{"floor":7,"key":"GamblersBrew"},{"floor":10,"key":"LiquidMemories"},{"floor":13,"key":"ColorlessPotion"},{"floor":16,"key":"SteroidPotion"},{"floor":30,"key":"DuplicationPotion"}],"is_trial":false,"path_per_floor":["M","?","M","M","?","R","E","M","T","M","R","E","M","M","R","B",null,"M","$","?","$","M","R","?","R","T","?","?","R","E","M","R","B"],"character_chosen":"THE_CURSED","items_purchased":["Frozen Eye","Whetstone","TheCursedMod:ReleasedKnowledge"],"campfire_rested":6,"item_purchase_floors":[19,19,19],"current_hp_per_floor":[75,72,72,66,71,71,47,35,35,23,62,44,44,28,67,10,80,53,53,53,53,17,56,56,80,80,65,65,85,53,53,85,0,0],"gold":106,"neow_bonus":"THREE_ENEMY_KILL","is_daily":false,"chose_seed":false,"campfire_upgraded":0,"win_rate":0.0,"timestamp":1610731907,"path_taken":["M","?","M","M","?","R","E","M","T","M","R","E","M","M","R","BOSS","M","$","?","$","M","R","?","R","T","?","?","R","E","M","R","BOSS"],"items_purchased_type":["Relic","Relic","Card"],"build_version":"2020-12-22","purchased_purges":0,"victory":false,"max_hp_per_floor":[75,75,75,75,80,80,80,80,80,80,80,80,80,80,80,80,80,80,80,80,80,80,80,80,80,80,85,85,85,85,85,85,85,85],"card_choices":[{"not_picked":["TheCursedMod:CursedMace","TheCursedMod:Wield"],"picked":"TheCursedMod:WearCloak","floor":1},{"not_picked":["TheCursedMod:Torture","TheCursedMod:WearCloak"],"picked":"TheCursedMod:SpreadPlague","floor":3},{"not_picked":["TheCursedMod:VitalStrike","TheCursedMod:SpitefulStrike"],"picked":"TheCursedMod:ShockAndAwe","floor":4},{"not_picked":["TheCursedMod:VitalStrike","TheCursedMod:Mangle"],"picked":"TheCursedMod:CursedStaff","floor":7},{"not_picked":["TheCursedMod:CircleOfAmplification","TheCursedMod:CircleOfBlood"],"picked":"TheCursedMod:Grudge","floor":8},{"not_picked":["TheCursedMod:TacticalStrike","TheCursedMod:CursedShiv"],"picked":"TheCursedMod:Stretching","floor":10},{"not_picked":["TheCursedMod:CursedMace","TheCursedMod:WearCloak"],"picked":"TheCursedMod:ReleasedStrength","floor":12},{"not_picked":["TheCursedMod:CursedMace","TheCursedMod:FleshFromBone"],"picked":"TheCursedMod:Torture","floor":13},{"not_picked":["TheCursedMod:CursedBlade","TheCursedMod:Stigma"],"picked":"TheCursedMod:StunningStrike","floor":14},{"not_picked":["TheCursedMod:DemonicPact","TheCursedMod:UltimatePain"],"picked":"TheCursedMod:CursedRelics","floor":16},{"not_picked":["TheCursedMod:Wield","TheCursedMod:SaltUponWound+1"],"picked":"TheCursedMod:StingEye+1","floor":18},{"not_picked":["TheCursedMod:SurpriseAttack+1","TheCursedMod:Stigma"],"picked":"TheCursedMod:CursedBlade","floor":22},{"not_picked":["TheCursedMod:Evocation","TheCursedMod:CursedMace"],"picked":"TheCursedMod:SaltUponWound","floor":30},{"not_picked":["TheCursedMod:CursedAmulet+1","TheCursedMod:AshesToAshes"],"picked":"TheCursedMod:Grudge","floor":31}],"player_experience":50116,"relics_obtained":[{"floor":7,"key":"Regal Pillow"},{"floor":12,"key":"TheCursedMod:BloodyHarpoon"},{"floor":26,"key":"TheCursedMod:CrystalBall"},{"floor":30,"key":"Pantograph"}],"event_choices":[{"damage_healed":0,"gold_gain":0,"player_choice":"Success","damage_taken":3,"relics_obtained":["Ancient Tea Set"],"max_hp_gain":0,"max_hp_loss":0,"event_name":"Scrap Ooze","floor":2,"gold_loss":0},{"damage_healed":0,"gold_gain":0,"player_choice":"Donut","damage_taken":0,"max_hp_gain":5,"max_hp_loss":0,"event_name":"Big Fish","floor":5,"gold_loss":0},{"damage_healed":0,"gold_gain":0,"player_choice":"Simplicity","damage_taken":0,"max_hp_gain":0,"max_hp_loss":0,"event_name":"Back to Basics","floor":20,"gold_loss":0,"cards_upgraded":["TheCursedMod:Strike_TheCursed","TheCursedMod:Strike_TheCursed","TheCursedMod:Strike_TheCursed","TheCursedMod:Strike_TheCursed","TheCursedMod:Defend_TheCursed","TheCursedMod:Defend_TheCursed","TheCursedMod:Defend_TheCursed","TheCursedMod:Defend_TheCursed"]},{"damage_healed":0,"gold_gain":0,"player_choice":"Inject Mutagens","damage_taken":0,"relics_obtained":["MutagenicStrength"],"max_hp_gain":0,"max_hp_loss":0,"event_name":"Drug Dealer","floor":24,"gold_loss":0},{"damage_healed":0,"gold_gain":0,"player_choice":"Shed Blood","damage_taken":20,"max_hp_gain":5,"max_hp_loss":0,"event_name":"Forgotten Altar","floor":27,"gold_loss":0},{"damage_healed":0,"gold_gain":0,"player_choice":"Stole Relic","damage_taken":0,"relics_obtained":["Kunai"],"max_hp_gain":0,"max_hp_loss":0,"event_name":"Addict","floor":28,"gold_loss":0,"cards_obtained":["Shame"]}],"is_beta":false,"boss_relics":[{"not_picked":["Philosopher\u0027s Stone","Ectoplasm"],"picked":"TheCursedMod:FourLeafCloverCharm"}],"items_purged_floors":[],"is_endless":false,"potions_floor_spawned":[3,7,10,13,16,30],"killed_by":"Collector","ascension_level":0}}