{"host":"6he3f0ic6yesrium","time":1610682726,"event":{"mods":["BaseMod","Better Altar","Better Match","Better Note","Better Sensory Stone","Better Skull","Better Third Choice","Colored Map","Conspire","Hubris","Marisa????????","Minty Spire (QoL Compilation)","Replay The Spire","Shade Mod","StSLib","The Alterego","The Mystic","The Necromancer","The Runesmith"],"gold_per_floor":[110,110,131,154,177,177,177,202,228,228,263,263,312,17,17,138,138,159,159,159,177,201,201,241,241,267,267,567,587,603,621,621,621,621],"floor_reached":33,"language":"ENG","playtime":1569,"items_purged":["Runesmith:Strike_RS"],"score":292,"play_id":"a038501c-d1ef-47e5-b935-56b3894c7274","local_time":"20210114225206","is_ascension_mode":false,"campfire_choices":[{"data":"Runesmith:CraftFirestone","floor":6,"key":"SMITH"},{"floor":10,"key":"REST"},{"floor":12,"key":"REST"},{"data":"Runesmith:Firewall","floor":15,"key":"SMITH"},{"data":"Runesmith:BackupBattery","floor":23,"key":"SMITH"},{"data":"Runesmith:BackupBattery+1","floor":27,"key":"SMITH"}],"circlet_count":0,"master_deck":["Runesmith:Strike_RS","Runesmith:Strike_RS","Runesmith:Strike_RS","Runesmith:Defend_RS","Runesmith:Defend_RS","Runesmith:Defend_RS","Runesmith:Defend_RS","Runesmith:CraftFirestone+1","Runesmith:Fortify","Runesmith:BackupBattery+2","Runesmith:RuneHurl","Runesmith:Discharge","Runesmith:HeatExchange","ReplayTheSpireMod:From All Sides","Runesmith:Firewall+1","Runesmith:RuneHurl","Runesmith:Superposition+1","Runesmith:UnlimitedPower+1","mysticmod:Defend_Mystic","Runesmith:CraftObretio+1","Runesmith:CraftMagma+1"],"relics":["Runesmith:BrokenRuby","Golden Idol","Strawberry","Frozen Egg 2","Omamori","Potion Belt","MealTicket","Lee\u0027s Waffle","ChewingGum","hubris:CuriousFeather","White Beast Statue","ReplayFunnel","Old Coin"],"acts_visited":["Exordium","TheCity"],"potions_floor_usage":[11,11,11,16,24,30,30,31,33,33,33],"damage_taken":[{"damage":8,"enemies":"Small Slimes","floor":1,"turns":3},{"damage":9,"enemies":"Jaw Worm","floor":3,"turns":4},{"damage":0,"enemies":"conspire:RoseBush","floor":4,"turns":2},{"damage":11,"enemies":"Large Slime","floor":5,"turns":5},{"damage":0,"enemies":"2 Fungi Beasts","floor":8,"turns":3},{"damage":6,"enemies":"Gremlin Nob","floor":11,"turns":3},{"damage":23,"enemies":"conspire:MimicChest","floor":13,"turns":8},{"damage":32,"enemies":"Hexaghost","floor":16,"turns":12},{"damage":3,"enemies":"Shell Parasite","floor":18,"turns":5},{"damage":25,"enemies":"conspire:FuzzyDice","floor":21,"turns":6},{"damage":0,"enemies":"Chosen and Byrds","floor":22,"turns":5},{"damage":0,"enemies":"Replay:Snechameleon","floor":24,"turns":7},{"damage":15,"enemies":"Snake Plant","floor":29,"turns":3},{"damage":21,"enemies":"Centurion and Healer","floor":30,"turns":5},{"damage":0,"enemies":"Chosen and Byrds","floor":31,"turns":4},{"damage":41,"enemies":"hubris:MusketHawk","floor":33,"turns":6}],"seed_played":"-6199772260576046236","potions_obtained":[{"floor":3,"key":"FearPotion"},{"floor":5,"key":"Adrenaline Potion"},{"floor":8,"key":"AttackPotion"},{"floor":13,"key":"SpeedPotion"},{"floor":16,"key":"FearPotion"},{"floor":22,"key":"BlessingOfTheForge"},{"floor":24,"key":"Weak Potion"},{"floor":29,"key":"SpeedPotion"},{"floor":30,"key":"Fire Potion"},{"floor":31,"key":"conspire:TimeTravelPotion"},{"floor":32,"key":"Explosive Potion"},{"floor":32,"key":"Explosive Potion"}],"is_trial":false,"path_per_floor":["M","?","M","M","M","R","?","M","T","R","E","R","?","$","R","B",null,"M","?","?","M","M","R","E","?","T","R","T","M","M","M","R_BF","B"],"character_chosen":"RUNESMITH_CLASS","items_purchased":["Lee\u0027s Waffle","Runesmith:Superposition"],"campfire_rested":2,"item_purchase_floors":[14,14],"current_hp_per_floor":[62,45,36,36,25,25,12,12,12,35,29,52,29,84,84,52,84,81,81,81,56,56,56,56,56,56,56,56,41,20,20,20,0,0],"gold":621,"neow_bonus":"THREE_CARDS","is_daily":false,"chose_seed":false,"campfire_upgraded":4,"win_rate":0.0,"timestamp":1610682726,"path_taken":["M","?","M","M","M","R","?","M","T","R","E","R","?","$","R","BOSS","M","?","?","M","M","R","E","?","T","R","?","M","?","M","R_BF","BOSS"],"items_purchased_type":["Relic","Card"],"build_version":"2020-12-22","purchased_purges":1,"victory":false,"max_hp_per_floor":[70,70,70,70,70,70,77,77,77,77,77,77,77,84,84,84,84,84,84,84,84,84,84,84,84,84,84,84,84,84,84,84,84,84],"card_choices":[{"not_picked":["Runesmith:EarthShield","Runesmith:StaticCage"],"picked":"Runesmith:BackupBattery","floor":0},{"not_picked":["Runesmith:Empowerment","Runesmith:HeatExchange"],"picked":"Runesmith:RuneHurl","floor":1},{"not_picked":["Runesmith:ShiftingStrike","Runesmith:FieryHammer"],"picked":"Runesmith:Discharge","floor":3},{"not_picked":["Runesmith:ChaoticBlast","Runesmith:Empowerment"],"picked":"Runesmith:HeatExchange","floor":4},{"not_picked":["Runesmith:MakeshiftArmor","Runesmith:Terraform","Runesmith:LithiumIon"],"picked":"SKIP","floor":5},{"not_picked":["Runesmith:HammerThrow","Runesmith:ChargedHammer","Runesmith:ShiftingStrike"],"picked":"SKIP","floor":8},{"not_picked":["Runesmith:StaticCage","Runesmith:Discharge"],"picked":"Runesmith:Firewall","floor":11},{"not_picked":["Runesmith:OneForEveryone","Runesmith:StaticCage"],"picked":"Runesmith:RuneHurl","floor":13},{"not_picked":["Runesmith:GenerateForcefield","Runesmith:LightningRod"],"picked":"Runesmith:UnlimitedPower+1","floor":16},{"not_picked":["Runesmith:HammerThrow","Runesmith:HeatedChisel","Runesmith:EnergizedChisel"],"picked":"SKIP","floor":18},{"not_picked":["Runesmith:MakeshiftArmor","Runesmith:Grindstone","Runesmith:HeatExchange"],"picked":"SKIP","floor":21},{"not_picked":["Runesmith:WhiteBalance","Runesmith:EnergizedChisel"],"picked":"Runesmith:CraftObretio+1","floor":22},{"not_picked":["Runesmith:EarthShield+1","Runesmith:CraftMedicinae","Runesmith:WhiteBalance"],"picked":"SKIP","floor":24},{"not_picked":["Runesmith:Repurpose","Runesmith:HammerThrow+1","Runesmith:EnergizedChisel+1"],"picked":"SKIP","floor":29},{"not_picked":["Runesmith:HammerThrow","Runesmith:EnergizedChisel+1"],"picked":"Runesmith:CraftMagma+1","floor":30},{"not_picked":["Runesmith:MakeshiftArmor","Runesmith:EarthShield","Runesmith:CraftReservo"],"picked":"SKIP","floor":31}],"player_experience":310954,"relics_obtained":[{"floor":9,"key":"Omamori"},{"floor":11,"key":"Potion Belt"},{"floor":13,"key":"MealTicket"},{"floor":19,"key":"hubris:CuriousFeather"},{"floor":24,"key":"White Beast Statue"},{"floor":26,"key":"ReplayFunnel"},{"floor":28,"key":"Old Coin"}],"event_choices":[{"damage_healed":0,"gold_gain":0,"player_choice":"Take Damage","damage_taken":17,"relics_obtained":["Golden Idol"],"max_hp_gain":0,"max_hp_loss":0,"event_name":"Golden Idol","floor":2,"gold_loss":0},{"damage_healed":0,"gold_gain":1,"player_choice":"Card Relic Relic ","damage_taken":20,"max_hp_gain":0,"max_hp_loss":0,"event_name":"betterThird:BetterScrap","floor":7,"gold_loss":0,"cards_obtained":["ReplayTheSpireMod:From All Sides","Rainbow"]},{"damage_healed":0,"gold_gain":0,"player_choice":"Relic","damage_taken":0,"max_hp_gain":0,"max_hp_loss":0,"event_name":"Wheel of Change","floor":19,"gold_loss":0},{"damage_healed":0,"gold_gain":0,"player_choice":"Take","damage_taken":0,"max_hp_gain":0,"max_hp_loss":0,"event_name":"betterNote:BetterNote","floor":20,"gold_loss":0,"cards_obtained":["mysticmod:Defend_Mystic"]}],"is_beta":false,"boss_relics":[{"not_picked":["Replay:Ancient Bell","Runic Pyramid"],"picked":"ChewingGum"}],"items_purged_floors":[14],"is_endless":false,"potions_floor_spawned":[3,5,8,13,16,22,24,29,30,31],"killed_by":"hubris:MusketHawk","ascension_level":0}}