{"host":"3qkmyeoym75lj4wn","time":1610731413,"event":{"mods":["2.2 Compatiblity","BaseMod","Block Reminder","Colored Powertips","Highlight Path","Minty Spire (QoL Compilation)","Permanent Neow","Potion Indicator Mod","Rare Cards Sparkle","Relic Stats","StSLib","Unceasing Turn Reminder"],"gold_per_floor":[109,30,45,45,45,77,97,110,180,180,180,180],"floor_reached":11,"language":"ENG","playtime":339,"items_purged":[],"score":146,"play_id":"449f0572-1662-4a89-bfaa-35d56332386e","local_time":"20210115172333","is_ascension_mode":true,"campfire_choices":[{"floor":10,"key":"REST"}],"circlet_count":0,"master_deck":["AscendersBane","Strike_B","Strike_B","Strike_B","Strike_B","Defend_B","Defend_B","Defend_B","Defend_B","Zap+1","Dualcast","Go for the Eyes","Gash","Capacitor","Loop","Cold Snap","Coolheaded"],"relics":["Cracked Core","Mango","Question Card"],"acts_visited":["Exordium"],"potions_floor_usage":[6],"damage_taken":[{"damage":6,"enemies":"Jaw Worm","floor":1,"turns":4},{"damage":9,"enemies":"2 Louse","floor":3,"turns":3},{"damage":35,"enemies":"3 Sentries","floor":6,"turns":8},{"damage":6,"enemies":"Small Slimes","floor":7,"turns":4},{"damage":14,"enemies":"Exordium Wildlife","floor":8,"turns":5},{"damage":44,"enemies":"Gremlin Nob","floor":11,"turns":4}],"seed_played":"1043582220871003543","potions_obtained":[{"floor":3,"key":"Swift Potion"},{"floor":6,"key":"Dexterity Potion"},{"floor":8,"key":"Dexterity Potion"}],"is_trial":false,"path_per_floor":["M","$","M","?","?","E","M","M","T","R","E"],"character_chosen":"DEFECT","items_purchased":["Capacitor"],"campfire_rested":1,"item_purchase_floors":[2],"current_hp_per_floor":[58,58,49,49,49,28,22,8,8,33,0,0],"gold":180,"neow_bonus":"THREE_CARDS","is_daily":false,"chose_seed":false,"campfire_upgraded":0,"win_rate":0.0,"timestamp":1610731413,"path_taken":["M","$","M","?","?","E","M","M","T","R","E"],"items_purchased_type":["Card"],"build_version":"2020-12-22","purchased_purges":0,"victory":false,"max_hp_per_floor":[71,71,71,71,71,85,85,85,85,85,85,85],"relic_stats":{"counters":[6,28],"Question Card":0,"obtain_stats":[{"Mango":6,"Cracked Core":0,"Question Card":9},{"Mango":3,"Cracked Core":0,"Question Card":5},{"Mango":15,"Cracked Core":0,"Question Card":24}]},"card_choices":[{"not_picked":["Doom and Gloom","Scrape"],"picked":"Go for the Eyes","floor":0},{"not_picked":["Coolheaded","Scrape"],"picked":"Gash","floor":1},{"not_picked":["Rebound","Steam Power"],"picked":"Loop","floor":3},{"not_picked":["Tempest","Stack"],"picked":"Cold Snap","floor":6},{"not_picked":["Darkness","FTL"],"picked":"Coolheaded","floor":7},{"not_picked":["Redo","Rebound","Barrage"],"picked":"SKIP","floor":8}],"player_experience":1678977,"relics_obtained":[{"floor":6,"key":"Mango"},{"floor":9,"key":"Question Card"}],"event_choices":[{"damage_healed":0,"gold_gain":0,"player_choice":"Grow","damage_taken":0,"max_hp_gain":0,"max_hp_loss":0,"event_name":"Living Wall","floor":4,"gold_loss":0,"cards_upgraded":["Zap"]},{"damage_healed":0,"gold_gain":0,"player_choice":"Ignored","damage_taken":0,"max_hp_gain":0,"max_hp_loss":0,"event_name":"Liars Game","floor":5,"gold_loss":0}],"is_beta":false,"boss_relics":[],"items_purged_floors":[],"is_endless":false,"potions_floor_spawned":[3,6,8],"killed_by":"Gremlin Nob","ascension_level":20}}