{"host":"8i4doyxqctgl5qb0","time":1610680407,"event":{"mods":["AchievementEnabler","BaseMod","Block Reminder","Colored Powertips","Downfall","Minty Spire (QoL Compilation)","Permanent Neow","Potion Indicator Mod","Rare Cards Sparkle","StSLib","SuperFastMode","The Jungle"],"gold_per_floor":[10,29,29,52,72,72,106,122,122,135,135,135,155,174,174,298,298,322,337,357,357,357,357,392,392,392,392,146,165,24,24,24,148,148,163,33,33,54,68,68,0,0,23,23,23,41,57,7,7,7],"floor_reached":51,"language":"ZHS","playtime":1186,"items_purged":["Injury","Strike_R"],"score":1051,"play_id":"48b2c10b-94fd-4645-8b5c-1b3d805fbcbc","local_time":"20210115111327","is_ascension_mode":true,"campfire_choices":[{"data":"Flex","floor":6.0,"key":"SMITH"},{"floor":11.0,"key":"REST"},{"data":"Heavy Blade","floor":15.0,"key":"SMITH"},{"floor":23.0,"key":"REST"},{"floor":25.0,"key":"REST"},{"data":"Flex","floor":27.0,"key":"SMITH"},{"data":"Whirlwind","floor":32.0,"key":"SMITH"},{"floor":40,"key":"REST"},{"data":"Apotheosis","floor":42,"key":"SMITH"},{"data":"Brutality","floor":44,"key":"SMITH"},{"data":"Armaments","floor":49,"key":"SMITH"}],"circlet_count":0,"master_deck":["AscendersBane","Strike_R","Strike_R","Strike_R","Strike_R","Defend_R","Defend_R","Defend_R","Defend_R","Bash","Flex+1","Flex+1","Cleave","Pummel","Infernal Blade","Shrug It Off","Heavy Blade+1","Brutality+1","CurseOfTheBell","Sword Boomerang+1","Spot Weakness+1","Whirlwind+1","Shrug It Off+1","Pummel","Armaments+1","Metallicize+1","Flex","Necronomicurse","Immolate+1","Flex","Apotheosis+1","Rupture+1","Violence","Panacea","Metamorphosis","Heavy Blade+1","Sword Boomerang+1"],"relics":["Burning Blood","Golden Idol","Anchor","Oddly Smooth Stone","Regal Pillow","Calling Bell","Happy Flower","Frozen Egg 2","Charon\u0027s Ashes","Dead Branch","Strawberry","Singing Bowl","Membership Card","Toy Ornithopter","Necronomicon","Black Star","Red Mask","Bronze Scales"],"acts_visited":["Exordium","TheCity","TheBeyond"],"potions_floor_usage":[50],"damage_taken":[{"damage":0.0,"enemies":"Small Slimes","floor":1.0,"turns":3.0},{"damage":2.0,"enemies":"Jaw Worm","floor":2.0,"turns":3.0},{"damage":10.0,"enemies":"Cultist","floor":5.0,"turns":4.0},{"damage":35.0,"enemies":"3 Sentries","floor":7.0,"turns":7.0},{"damage":14.0,"enemies":"Gremlin Gang","floor":8.0,"turns":4.0},{"damage":8.0,"enemies":"Blue Slaver","floor":10.0,"turns":3.0},{"damage":0.0,"enemies":"Looter","floor":13.0,"turns":2.0},{"damage":0.0,"enemies":"3 Louse","floor":14.0,"turns":3.0},{"damage":36.0,"enemies":"Slime Boss","floor":16.0,"turns":11.0},{"damage":34.0,"enemies":"3 Byrds","floor":18.0,"turns":6.0},{"damage":18.0,"enemies":"Spheric Guardian","floor":19.0,"turns":4.0},{"damage":10.0,"enemies":"Snecko","floor":20.0,"turns":3.0},{"damage":34.0,"enemies":"Book of Stabbing","floor":24.0,"turns":5.0},{"damage":20.0,"enemies":"Centurion and Healer","floor":29.0,"turns":6.0},{"damage":78.0,"enemies":"Collector","floor":33.0,"turns":8.0},{"damage":6.0,"enemies":"3 Shapes","floor":35.0,"turns":2.0},{"damage":3,"enemies":"Orb Walker","floor":38,"turns":3},{"damage":40,"enemies":"Maw","floor":39,"turns":5},{"damage":30,"enemies":"Spire Growth","floor":46,"turns":3},{"damage":0,"enemies":"4 Shapes","floor":47,"turns":5},{"damage":83,"enemies":"Time Eater","floor":50,"turns":6}],"seed_played":"-1362477893454732298","potions_obtained":[{"floor":5.0,"key":"AttackPotion"},{"floor":7.0,"key":"SkillPotion"},{"floor":8.0,"key":"Regen Potion"},{"floor":10.0,"key":"HeartOfIron"},{"floor":14.0,"key":"AttackPotion"},{"floor":18.0,"key":"Swift Potion"},{"floor":29.0,"key":"EssenceOfSteel"},{"floor":35.0,"key":"BlessingOfTheForge"},{"floor":47,"key":"Explosive Potion"}],"is_trial":false,"path_per_floor":["M","M","?","T","M","R","E","M","T","M","R","?","M","M","R","B",null,"M","M","M","?","?","R","E","R","T","R","$","M","$","?","R","B",null,"M","$","?","M","M","R","?","R","T","R","?","M","M","$","R","B",null],"character_chosen":"IRONCLAD","items_purchased":["Membership Card","Pummel","Armaments","Flex","Toy Ornithopter","CultistPotion","Apotheosis","Rupture+1"],"campfire_rested":4,"item_purchase_floors":[28,28,28,30,30,30,36,36],"current_hp_per_floor":[94,96,96,96,92,92,63,55,55,53,96,96,96,96,96,66,89,61,49,45,45,45,88,67,103,103,103,103,89,89,73,73,11,80,80,80,70,73,41,87,87,87,87,87,87,65,71,71,71,14],"gold":7,"neow_bonus":"TWENTY_PERCENT_HP_BONUS","is_daily":false,"chose_seed":false,"campfire_upgraded":7,"win_rate":0.0,"timestamp":1610680407,"path_taken":["M","M","?","?","M","R","E","M","T","M","R","?","?","M","R","BOSS","M","?","M","?","?","R","E","R","T","R","$","M","$","?","R","BOSS","M","$","?","M","M","R","?","R","T","R","?","M","?","?","R","BOSS"],"items_purchased_type":["Relic","Card","Card","Card","Relic","Potion","Card","Card"],"build_version":"2020-12-22","purchased_purges":2,"victory":true,"max_hp_per_floor":[96,96,96,96,96,96,96,96,96,96,96,96,96,96,96,96,96,96,96,96,96,96,96,103,103,103,103,103,103,103,103,103,103,103,103,103,103,103,105,105,105,105,105,105,105,107,107,107,107,107],"card_choices":[{"not_picked":["Heavy Blade","Battle Trance"],"picked":"Flex","floor":1.0},{"not_picked":["Havoc","True Grit"],"picked":"Flex","floor":2.0},{"not_picked":["Iron Wave","Rupture"],"picked":"Cleave","floor":5.0},{"not_picked":["Rupture","Disarm"],"picked":"Pummel","floor":7.0},{"not_picked":["Rupture","Power Through"],"picked":"Infernal Blade","floor":8.0},{"not_picked":["Pommel Strike","Clash","Power Through"],"picked":"SKIP","floor":10.0},{"not_picked":["Anger","Rage"],"picked":"Shrug It Off","floor":13.0},{"not_picked":["Headbutt","Iron Wave"],"picked":"Heavy Blade","floor":14.0},{"not_picked":["Exhume","Fiend Fire"],"picked":"Brutality","floor":16.0},{"not_picked":["Body Slam+1","Iron Wave"],"picked":"Sword Boomerang+1","floor":18.0},{"not_picked":["Havoc+1","Bloodletting+1"],"picked":"Spot Weakness+1","floor":19.0},{"not_picked":["Sentinel","Perfected Strike"],"picked":"Whirlwind","floor":20.0},{"not_picked":["Dual Wield","Wild Strike"],"picked":"Shrug It Off+1","floor":24.0},{"not_picked":["Iron Wave","Perfected Strike"],"picked":"Metallicize+1","floor":29.0},{"not_picked":["Offering","Impervious"],"picked":"Immolate","floor":33.0},{"not_picked":["Warcry","Evolve+1"],"picked":"Flex","floor":35.0},{"not_picked":["PanicButton","Swift Strike"],"picked":"Violence","floor":37},{"not_picked":["Flash of Steel","Purity"],"picked":"Panacea","floor":37},{"not_picked":["Sadistic Nature+1","Secret Technique"],"picked":"Metamorphosis","floor":37},{"not_picked":["Burning Pact+1","Clothesline+1"],"picked":"Heavy Blade+1","floor":38},{"not_picked":["Twin Strike+1","Thunderclap","Intimidate+1"],"picked":"Singing Bowl","floor":39},{"not_picked":["Uppercut+1","Iron Wave+1","Pommel Strike"],"picked":"Singing Bowl","floor":46},{"not_picked":["Flex","Impervious"],"picked":"Sword Boomerang+1","floor":47}],"player_experience":187320,"relics_obtained":[{"floor":4.0,"key":"Anchor"},{"floor":7.0,"key":"Oddly Smooth Stone"},{"floor":9.0,"key":"Regal Pillow"},{"floor":17.0,"key":"Happy Flower"},{"floor":17.0,"key":"Frozen Egg 2"},{"floor":17.0,"key":"Charon\u0027s Ashes"},{"floor":24.0,"key":"Strawberry"},{"floor":26.0,"key":"Singing Bowl"},{"floor":31.0,"key":"Necronomicon"},{"floor":43,"key":"Bronze Scales"}],"event_choices":[{"damage_healed":0.0,"max_hp_gain":0.0,"max_hp_loss":0.0,"gold_gain":0.0,"event_name":"Golden Idol","player_choice":"Take Wound","floor":3.0,"gold_loss":0.0,"damage_taken":0.0,"relics_obtained":["Golden Idol"],"cards_obtained":["Injury"]},{"damage_healed":0.0,"max_hp_gain":0.0,"max_hp_loss":0.0,"gold_gain":0.0,"event_name":"The Woman in Blue","player_choice":"Bought 0 Potions","floor":12.0,"gold_loss":0.0,"damage_taken":0.0},{"damage_healed":0.0,"max_hp_gain":0.0,"max_hp_loss":0.0,"gold_gain":0.0,"event_name":"Ghosts","player_choice":"Ignored","floor":21.0,"gold_loss":0.0,"damage_taken":0.0},{"damage_healed":0.0,"max_hp_gain":0.0,"max_hp_loss":0.0,"gold_gain":0.0,"event_name":"The Mausoleum","player_choice":"Opened","floor":22.0,"gold_loss":0.0,"damage_taken":0.0,"relics_obtained":["Dead Branch"]},{"damage_healed":0.0,"max_hp_gain":0.0,"max_hp_loss":0.0,"gold_gain":0.0,"event_name":"Cursed Tome","player_choice":"Obtained Book","floor":31.0,"gold_loss":0.0,"damage_taken":16.0},{"damage_healed":0,"gold_gain":0,"player_choice":"Memory 3","damage_taken":10,"max_hp_gain":0,"max_hp_loss":0,"event_name":"SensoryStone","floor":37,"gold_loss":0},{"damage_healed":0,"gold_gain":0,"player_choice":"Paid","damage_taken":0,"relics_obtained":["Red Mask"],"max_hp_gain":0,"max_hp_loss":0,"event_name":"Tomb of Lord Red Mask","floor":41,"gold_loss":68},{"damage_healed":0,"gold_gain":0,"player_choice":"Upgraded","damage_taken":0,"max_hp_gain":0,"max_hp_loss":0,"event_name":"Upgrade Shrine","floor":45,"gold_loss":0,"cards_upgraded":["Immolate"]}],"is_beta":false,"boss_relics":[{"not_picked":["Ectoplasm","Pandora\u0027s Box"],"picked":"Calling Bell"},{"not_picked":["Fusion Hammer","Velvet Choker"],"picked":"Black Star"}],"items_purged_floors":[28,48],"is_endless":false,"potions_floor_spawned":[5,7,8,10,14,18,19,29,35,47],"ascension_level":10}}