{"host":"3zhcrllo23fhqv4x","time":1610721314,"event":{"mods":["AchievementEnabler","BaseMod","Downfall","Hermit","Jorbs\u0027s Wanderer Trilogy","Marisa????????","Minty Spire (QoL Compilation)","Remilia??????","StSLib","The Cursed","The Disciple","The Hierophant","The Runesmith","The Servant 0.9.4"],"gold_per_floor":[99,109,119,131,131,144,144,144,69,31,42,71,19,34,46,46,46,46],"floor_reached":16,"language":"ENG","playtime":663,"items_purged":[],"score":104,"play_id":"13c646c2-cc12-4fed-80a2-09805dc5ad1f","local_time":"20210115093514","is_ascension_mode":false,"campfire_choices":[{"floor":1.0,"key":"RECALL"},{"floor":9.0,"key":"REST"}],"circlet_count":0,"master_deck":["Slimebound:Strike_Slimebound","Slimebound:Strike_Slimebound","Slimebound:Strike_Slimebound","Slimebound:Tackle","Slimebound:Defend_Slimebound","Slimebound:Defend_Slimebound","Slimebound:Defend_Slimebound","Slimebound:Defend_Slimebound","Slimebound:Split","Slimebound:CorrosiveSpit","Slimebound:SplitBruiser","Slimebound:SplitMire","Slimebound:RainOfGoop","Pain","Slimebound:SplitMire","Slimebound:GoopSpray","Slimebound:SamplingLick","Slimebound:RejuvenatingLick","Slimebound:ItLooksTasty","Slimebound:ViciousTackle","Slimebound:AcidTongue","Slimebound:Repurpose","Slimebound:Replication"],"relics":["Slimebound:AbsorbEndCombat","WarpedTongs","downfall:HeartBlessingRed","Bag of Preparation"],"acts_visited":["Exordium"],"potions_floor_usage":[15,16,16],"damage_taken":[{"damage":9.0,"enemies":"2 Louse","floor":2.0,"turns":4.0},{"damage":8.0,"enemies":"Cultist","floor":3.0,"turns":3.0},{"damage":15.0,"enemies":"Jaw Worm","floor":4.0,"turns":3.0},{"damage":34.0,"enemies":"Exordium Thugs","floor":6.0,"turns":3.0},{"damage":20.0,"enemies":"downfall:FleeingMerchant","floor":10.0,"turns":4.0},{"damage":21,"enemies":"Large Slime","floor":11,"turns":5},{"damage":51,"enemies":"Lagavulin","floor":12,"turns":4},{"damage":26,"enemies":"downfall:FleeingMerchant","floor":13,"turns":4},{"damage":15,"enemies":"3 Louse","floor":14,"turns":4},{"damage":1,"enemies":"Lots of Slimes","floor":15,"turns":2},{"damage":35,"enemies":"downfall:Silent","floor":16,"turns":3}],"seed_played":"-8494117108742394800","potions_obtained":[{"floor":4.0,"key":"champ:CounterPotion"},{"floor":6.0,"key":"SmokeBomb"},{"floor":8.0,"key":"Block Potion"},{"floor":8.0,"key":"Energy Potion"},{"floor":11,"key":"Explosive Potion"},{"floor":14,"key":"Slimebound:SpawnSlimePotion"}],"is_trial":false,"path_per_floor":["R","M","M","M","?","M","T","?","R","$","M","E","$","M","M","B"],"character_chosen":"SLIMEBOUND","items_purchased":["Slimebound:SamplingLick","Slimebound:AcidTongue"],"campfire_rested":1,"item_purchase_floors":[10,13],"current_hp_per_floor":[66,61,63,62,62,44,44,44,63,59,60,31,27,24,29,0,0,0],"gold":46,"neow_bonus":"TEN_PERCENT_HP_BONUS","is_daily":false,"chose_seed":false,"campfire_upgraded":0,"win_rate":0.0,"timestamp":1610721314,"path_taken":["R","M","M","M","?","?","T","?","R","$","M","E","?","?","M","BOSS"],"items_purchased_type":["Card","Card"],"build_version":"2020-12-22","purchased_purges":0,"victory":false,"max_hp_per_floor":[66,66,66,66,66,66,66,66,66,66,66,66,66,66,66,66,66,66],"card_choices":[{"not_picked":["Slimebound:LeechingTouch","Slimebound:SlimeSpikes"],"picked":"Slimebound:SplitBruiser","floor":2.0},{"not_picked":["Slimebound:DivideAndConquer","Slimebound:SlimeBrawl"],"picked":"Slimebound:SplitMire","floor":3.0},{"not_picked":["Slimebound:Schlurp","Slimebound:ComboTackle"],"picked":"Slimebound:RainOfGoop","floor":4.0},{"not_picked":["Slimebound:Prepare","Slimebound:DivideAndConquer"],"picked":"Slimebound:SplitMire","floor":6.0},{"not_picked":["Slimebound:ComboTackle","Slimebound:ServeAndProtect"],"picked":"Slimebound:GoopSpray","floor":10.0},{"not_picked":["Slimebound:ServeAndProtect","Slimebound:SplitBruiser"],"picked":"Slimebound:RejuvenatingLick","floor":11},{"not_picked":["Slimebound:SplitAcid","Slimebound:RollThrough"],"picked":"Slimebound:ItLooksTasty","floor":12},{"not_picked":["Slimebound:AcidTongue","Slimebound:MinionMaster"],"picked":"Slimebound:ViciousTackle","floor":13},{"not_picked":["Slimebound:ServeAndProtect","Slimebound:Schlurp"],"picked":"Slimebound:Repurpose","floor":14},{"not_picked":["Slimebound:GoopTackle","Slimebound:FinishingTackle"],"picked":"Slimebound:Replication","floor":15}],"player_experience":295179,"relics_obtained":[{"floor":12,"key":"Bag of Preparation"}],"event_choices":[{"damage_healed":0.0,"max_hp_gain":0.0,"max_hp_loss":0.0,"gold_gain":0.0,"event_name":"Accursed Blacksmith","player_choice":"Rummage","floor":5.0,"gold_loss":0.0,"damage_taken":0.0,"relics_obtained":["WarpedTongs"],"cards_obtained":["Pain"]},{"damage_healed":0.0,"max_hp_gain":0.0,"max_hp_loss":0.0,"gold_gain":0.0,"event_name":"Lab","player_choice":"Got Potions","floor":8.0,"gold_loss":0.0,"damage_taken":0.0}],"is_beta":false,"boss_relics":[],"items_purged_floors":[],"is_endless":false,"potions_floor_spawned":[4,6,11,14],"killed_by":"downfall:Silent","ascension_level":0}}