{"host":"5e0jz0sn42a2vhx9","time":1610684900,"event":{"mods":["ATMod(°¢èªMod)","Act Like it!","BaseMod","Downfall","Hallownest","Lobotomy","Minty Spire (QoL Compilation)","Replay The Spire","StSLib","The Bug Knight","The Cursed","The Hierophant"],"gold_per_floor":[10010,10024,10024,10024,9147,9147,9177,8419,8490,8512,8529,8557,8557,8485,8485,8589,8589,8609,8628,8658,8684,8712,8066,8084,8359,8429,8468,8525,8525,7893,7893,7893,8022,8022,8059,7383,7413,7449,7449,7497,7545,7557,7593,7648,7707,7774,7786,6961,6961,6983,6983,6983,6080,6128,6158],"floor_reached":56,"language":"ZHS","playtime":4111,"items_purged":["TheCursedMod:Strike_TheCursed"],"score":1564,"play_id":"5ba087c9-0bcf-4031-9bc8-49c2ec1b9be2","local_time":"20210115122820","is_ascension_mode":false,"campfire_choices":[{"data":"Apotheosis","floor":6.0,"key":"SMITH"},{"floor":13.0,"key":"RECALL"},{"data":"AT_FamilyPortrait","floor":15.0,"key":"SMITH"},{"data":"TheCursedMod:NeowsMight","floor":29,"key":"SMITH"},{"data":"TheCursedMod:ForbiddenAlchemy","floor":42,"key":"SMITH"},{"floor":47,"key":"REST"},{"data":"Master of Strategy","floor":52,"key":"SMITH"}],"circlet_count":0,"master_deck":["TheCursedMod:Defend_TheCursed","TheCursedMod:Defend_TheCursed","TheCursedMod:Defend_TheCursed","TheCursedMod:Defend_TheCursed","TheCursedMod:CursedWand+1","TheCursedMod:CleanUpWorkshop","TheCursedMod:Dregs","AT_FamilyPortrait+1","TheCursedMod:Mangle+1","TheCursedMod:ReleasedKnowledge","Iron Wave","Apotheosis+1","TheCursedMod:VoidForm+1","TheCursedMod:AshesToAshes","TheCursedMod:CircleOfCorruption","TheCursedMod:NeowsMight+1","TheCursedMod:HellsGateOpen","Master of Strategy+1","TheCursedMod:CursedAmulet","TheCursedMod:Torture","TheCursedMod:CursedStaff","TheCursedMod:VoidForm","TheCursedMod:CircleOfAbyss","TheCursedMod:SoulReap","TheCursedMod:CursedSpellbook","TheCursedMod:SpitefulPlan+1","TheCursedMod:LuckyCharm+1","TheCursedMod:CursedBoomerang","TheCursedMod:CircleOfAbyss","Regret","TheCursedMod:Wield+1","TheCursedMod:TroublousMinions+1","Panache","Bite+1","Bite+1","Bite+1","Bite+1","Bite+1","TheCursedMod:StunningStrike+1","TheCursedMod:CursedArmor+1","TheCursedMod:ForbiddenAlchemy+1","TheCursedMod:CursedArmor+1","TheCursedMod:HellsGateOpen+1","TheCursedMod:AshesToAshes+1","TheCursedMod:AbyssShockwave+1","TheCursedMod:Neurasthenia","TheCursedMod:AntiAging","TheCursedMod:Evocation","TheCursedMod:NeowsMight","Master of Strategy","Sickly","TheCursedMod:OutForBlood","expansioncontent:DashGenerateEvil+1"],"relics":["TheCursedMod:BlackMagic101","AT_ATBox","Mummified Hand","BargainBundle","AT_TimeSand","HollowMod:PaleOreRelic","Bronze Scales","Replay:Bandana","Cauldron","Juzu Bracelet","TheCursedMod:OminousMark","Replay:Accelerometer","Darkstone Periapt","Toolbox","Molten Egg 2","Prayer Wheel","Prayer Wheel","Replay:Bottled Steam","AT_ForceNature","ReplayTheSpireMod:ShopPack","ChewingGum","White Beast Statue","Gremlin Food","Strange Spoon","Hallownest:KingsIdolRelic","MawBank","MealTicket","AT_RedNoBalance","HollowMod:LifeEnderRelic","Eternal Feather","Gremlin Horn","ClockworkSouvenir","AT_RedTearstoneRing","Quantum Egg","Frozen Eye","AT_Kusabimaru"],"acts_visited":["Exordium","TheCity","TheCity","TheEnding"],"potions_floor_usage":[24,28,44,44,45,45,45,45,50,50,50,54,54,54,54,54,54,54,55,55,55,55],"damage_taken":[{"damage":5.0,"enemies":"Small Slimes","floor":1.0,"turns":4.0},{"damage":0.0,"enemies":"Cultist","floor":2.0,"turns":5.0},{"damage":13.0,"enemies":"HollowMod:MossKnight","floor":7.0,"turns":7.0},{"damage":2.0,"enemies":"Jaw Worm","floor":10.0,"turns":3.0},{"damage":6.0,"enemies":"Exordium Thugs","floor":11.0,"turns":4.0},{"damage":2.0,"enemies":"Looter","floor":12.0,"turns":2.0},{"damage":0.0,"enemies":"Lagavulin","floor":14.0,"turns":5.0},{"damage":0.0,"enemies":"Slime Boss","floor":16.0,"turns":5.0},{"damage":0,"enemies":"Spheric Guardian","floor":18,"turns":3},{"damage":4,"enemies":"Shell Parasite","floor":19,"turns":4},{"damage":0,"enemies":"Snake Plant","floor":20,"turns":3},{"damage":0,"enemies":"Snecko","floor":21,"turns":4},{"damage":6,"enemies":"Shelled Parasite and Fungi","floor":22,"turns":3},{"damage":10,"enemies":"Centurion and Healer","floor":24,"turns":5},{"damage":0,"enemies":"Snake Plant","floor":27,"turns":2},{"damage":6,"enemies":"Gremlin Leader","floor":28,"turns":5},{"damage":5,"enemies":"Automaton","floor":33,"turns":5},{"damage":0,"enemies":"Hallownest:3_Siblings","floor":35,"turns":4},{"damage":10,"enemies":"Hallownest:Shield_Heavy","floor":37,"turns":4},{"damage":10,"enemies":"Hallownest:2_Great","floor":38,"turns":3},{"damage":0,"enemies":"Hallownest:eliteCollector","floor":40,"turns":7},{"damage":3,"enemies":"Hallownest:Xero_Hu_Marmu","floor":41,"turns":3},{"damage":0,"enemies":"Hallownest:eliteHiveKnight","floor":44,"turns":5},{"damage":10,"enemies":"Hallownest:2_Wandering_and_1_Horned","floor":45,"turns":4},{"damage":0,"enemies":"Hallownest:BossGreyPrinceZote","floor":50,"turns":3},{"damage":9,"enemies":"Shield and Spear","floor":54,"turns":3},{"damage":9,"enemies":"The Heart","floor":55,"turns":8}],"seed_played":"-5094715990618690245","potions_obtained":[{"floor":1.0,"key":"Energy Potion"},{"floor":7.0,"key":"Guardian:BlockOnCardUsePotion"},{"floor":8.0,"key":"Flashbang"},{"floor":8.0,"key":"Block Potion"},{"floor":12.0,"key":"Elixir"},{"floor":14.0,"key":"SpeedPotion"},{"floor":22,"key":"BlessingOfTheForge"},{"floor":27,"key":"Block Potion"},{"floor":32,"key":"Dexterity Potion"},{"floor":54,"key":"Strength Potion"}],"is_trial":false,"path_per_floor":["M","M","?","?","$","R","E","$","T","M","M","M","R","E","R","B",null,"M","M","M","M","M","$","M","?","T","M","E","R","$","?","R","B",null,"M","$","M","M","?","E","M","R","T","E","M","?","R","$","R","B",null,"R","$","E","B",null],"character_chosen":"THE_CURSED","items_purchased":["Apotheosis","Mummified Hand","BargainBundle","AT_TimeSand","TheCursedMod:VoidForm+1","TheCursedMod:AshesToAshes","TheCursedMod:CircleOfCorruption","Elixir","FearPotion","Bronze Scales","Replay:Bandana","Cauldron","TheCursedMod:HellsGateOpen","Master of Strategy","TheCursedMod:CursedAmulet","Replay:Accelerometer","Darkstone Periapt","Toolbox","Replay:Bottled Steam","AT_ForceNature","ReplayTheSpireMod:ShopPack","White Beast Statue","Gremlin Food","Strange Spoon","TheCursedMod:ForbiddenAlchemy","Eternal Feather","Gremlin Horn","ClockworkSouvenir","Master of Strategy","TheCursedMod:OutForBlood","expansioncontent:DashGenerateEvil+1","AT_RedTearstoneRing","Quantum Egg","Frozen Eye"],"campfire_rested":1,"item_purchase_floors":[5,5,5,5,5,5,5,5,5,8,8,8,8,8,8,23,23,23,30,30,30,36,36,36,36,48,48,48,48,53,53,53,53,53],"current_hp_per_floor":[70,70,55,55,55,55,42,42,42,40,34,32,32,32,32,32,75,75,71,71,71,69,69,66,72,72,72,71,71,71,71,71,81,81,81,81,71,61,61,67,73,73,73,81,36,42,68,83,93,60,93,93,93,90,92],"gold":6158,"neow_bonus":"TWO_FIFTY_GOLD","is_daily":false,"chose_seed":false,"campfire_upgraded":5,"win_rate":0.0,"timestamp":1610684900,"path_taken":["M","M","?","?","$","R","E","$","T","?","M","M","R","E","R","BOSS","M","M","M","M","M","$","M","?","T","M","E","R","?","?","R","BOSS","M","$","M","M","?","E","M","R","T","E","M","?","R","$","R","BOSS","R","$","E","BOSS"],"items_purchased_type":["Card","Relic","Relic","Relic","Card","Card","Card","Potion","Potion","Relic","Relic","Relic","Card","Card","Card","Relic","Relic","Relic","Relic","Relic","Relic","Relic","Relic","Relic","Card","Relic","Relic","Relic","Card","Card","Card","Relic","Relic","Relic"],"build_version":"2020-12-22","purchased_purges":1,"victory":true,"max_hp_per_floor":[75,75,75,75,75,75,75,75,75,75,75,75,75,75,75,75,75,75,75,75,75,75,75,75,81,81,81,81,81,81,81,81,81,81,81,81,81,81,81,81,81,81,81,81,81,87,87,87,93,93,93,93,93,96,98],"card_choices":[{"not_picked":["TheCursedMod:Obscuration","TheCursedMod:VitalStrike"],"picked":"TheCursedMod:Mangle","floor":1.0},{"not_picked":["TheCursedMod:SmokeScreen","TheCursedMod:RapidMovement"],"picked":"TheCursedMod:ReleasedKnowledge","floor":2.0},{"not_picked":["TheCursedMod:SurpriseAttack","TheCursedMod:SmokeScreen"],"picked":"TheCursedMod:NeowsMight","floor":7.0},{"not_picked":["TheCursedMod:Obscuration","TheCursedMod:VitalStrike"],"picked":"TheCursedMod:Torture","floor":10.0},{"not_picked":["TheCursedMod:CursedMace","TheCursedMod:SpitefulStrike","TheCursedMod:CircleOfFlame"],"picked":"SKIP","floor":11.0},{"not_picked":["TheCursedMod:SmokeScreen","TheCursedMod:CircleOfCorruption"],"picked":"TheCursedMod:CursedStaff","floor":12.0},{"not_picked":["TheCursedMod:CursedMace","TheCursedMod:CursedArmor"],"picked":"TheCursedMod:VoidForm","floor":14.0},{"not_picked":["TheCursedMod:AntiAging","TheCursedMod:ShockAndAwe"],"picked":"TheCursedMod:CircleOfAbyss","floor":16.0},{"not_picked":["TheCursedMod:Stigma","TheCursedMod:SpitefulStrike"],"picked":"TheCursedMod:SoulReap","floor":18},{"not_picked":["TheCursedMod:CircleOfBlood","TheCursedMod:Obscuration+1"],"picked":"TheCursedMod:CursedSpellbook","floor":19},{"not_picked":["TheCursedMod:SurpriseAttack+1","TheCursedMod:DoubleShield+1"],"picked":"TheCursedMod:SpitefulPlan+1","floor":20},{"not_picked":["TheCursedMod:CursedMace","TheCursedMod:CircleOfWindfury"],"picked":"TheCursedMod:LuckyCharm+1","floor":21},{"not_picked":["TheCursedMod:Obscuration","TheCursedMod:SpitefulPlan"],"picked":"TheCursedMod:CursedBoomerang","floor":22},{"not_picked":["TheCursedMod:RapidMovement","TheCursedMod:CircleOfCorruption"],"picked":"TheCursedMod:CircleOfAbyss","floor":24},{"not_picked":["TheCursedMod:VitalStrike+1","TheCursedMod:SpitefulStrike+1"],"picked":"TheCursedMod:Wield+1","floor":27},{"not_picked":["TheCursedMod:RavingStaff+1","TheCursedMod:Wield+1"],"picked":"TheCursedMod:TroublousMinions+1","floor":28},{"not_picked":["Violence","expansioncontent:Corrupt"],"picked":"Panache","floor":30},{"not_picked":["TheCursedMod:UltimatePain","TheCursedMod:DemonicPact"],"picked":"TheCursedMod:StunningStrike+1","floor":33},{"not_picked":["TheCursedMod:Stretching","TheCursedMod:SaltUponWound"],"picked":"TheCursedMod:CursedArmor+1","floor":35},{"not_picked":["TheCursedMod:VitalStrike+1","TheCursedMod:Stretching+1","TheCursedMod:CircleOfFocus+1"],"picked":"SKIP","floor":35},{"not_picked":["TheCursedMod:Obscuration+1","TheCursedMod:Wield+1","TheCursedMod:CircleOfFlame+1"],"picked":"SKIP","floor":35},{"not_picked":["TheCursedMod:FuryStrike+1","TheCursedMod:Stigma+1"],"picked":"TheCursedMod:CursedArmor+1","floor":37},{"not_picked":["TheCursedMod:CursedMace+1","TheCursedMod:CircleOfBlood+1"],"picked":"TheCursedMod:HellsGateOpen+1","floor":37},{"not_picked":["TheCursedMod:FleshFromBone","TheCursedMod:CircleOfAmplification+1","TheCursedMod:RapidMovement"],"picked":"SKIP","floor":37},{"not_picked":["TheCursedMod:CursedMace+1","TheCursedMod:SpitefulPlan+1"],"picked":"TheCursedMod:AshesToAshes+1","floor":38},{"not_picked":["TheCursedMod:SurpriseAttack+1","TheCursedMod:Stretching+1","TheCursedMod:Grudge"],"picked":"SKIP","floor":38},{"not_picked":["TheCursedMod:CircleOfBlood","TheCursedMod:CircleOfFlame","TheCursedMod:AbyssShockwave+1"],"picked":"SKIP","floor":38},{"not_picked":["TheCursedMod:SpitefulStrike+1","TheCursedMod:CircleOfFlame+1"],"picked":"TheCursedMod:AbyssShockwave+1","floor":40},{"not_picked":["TheCursedMod:ReleasedStrength","TheCursedMod:LuckyCharm"],"picked":"TheCursedMod:Neurasthenia","floor":41},{"not_picked":["TheCursedMod:VitalStrike+1","TheCursedMod:CursedArmor","TheCursedMod:CircleOfFlame+1"],"picked":"SKIP","floor":41},{"not_picked":["TheCursedMod:Wield+1","TheCursedMod:Obscuration","TheCursedMod:SurpriseAttack+1"],"picked":"SKIP","floor":41},{"not_picked":["TheCursedMod:SurpriseAttack+1","TheCursedMod:RapidMovement+1"],"picked":"TheCursedMod:AntiAging","floor":44},{"not_picked":["TheCursedMod:Grudge+1","TheCursedMod:TacticalStrike+1"],"picked":"TheCursedMod:Evocation","floor":45},{"not_picked":["TheCursedMod:CircleOfFlame","TheCursedMod:ManaBullet+1","TheCursedMod:VitalStrike+1"],"picked":"SKIP","floor":45},{"not_picked":["TheCursedMod:EmpowerCircles","TheCursedMod:CursedAmulet","TheCursedMod:CursedStaff+1"],"picked":"SKIP","floor":45},{"not_picked":["TheCursedMod:PrepareRite+1","TheCursedMod:CircleOfAmplification"],"picked":"TheCursedMod:NeowsMight","floor":46},{"not_picked":["TheCursedMod:CursedMace+1","TheCursedMod:CircleOfCorruption","TheCursedMod:TacticalStrike+1"],"picked":"SKIP","floor":54}],"player_experience":380565,"relics_obtained":[{"floor":7.0,"key":"HollowMod:PaleOreRelic"},{"floor":14.0,"key":"Juzu Bracelet"},{"floor":26,"key":"Molten Egg 2"},{"floor":28,"key":"Blood Vial"},{"floor":40,"key":"MawBank"},{"floor":43,"key":"MealTicket"},{"floor":44,"key":"AT_SilverBalance"},{"floor":46,"key":"HollowMod:LifeEnderRelic"},{"floor":54,"key":"AT_Kusabimaru"}],"event_choices":[{"damage_healed":0.0,"max_hp_gain":0.0,"max_hp_loss":0.0,"gold_gain":0.0,"event_name":"Shining Light","player_choice":"Entered Light","floor":3.0,"gold_loss":0.0,"damage_taken":15.0,"cards_upgraded":["TheCursedMod:CursedWand","TheCursedMod:Strike_TheCursed"]},{"cards_removed":["Delirium"],"damage_healed":0.0,"max_hp_gain":0.0,"max_hp_loss":0.0,"gold_gain":0.0,"event_name":"NoteForYourself","player_choice":"Took Card","floor":4.0,"gold_loss":0.0,"damage_taken":0.0,"cards_obtained":["Iron Wave"]},{"damage_healed":0,"gold_gain":275,"player_choice":"Desecrate","damage_taken":0,"max_hp_gain":0,"max_hp_loss":0,"event_name":"Golden Shrine","floor":25,"gold_loss":0,"cards_obtained":["Regret"]},{"damage_healed":0,"gold_gain":0,"player_choice":"Became a vampire (Vial)","damage_taken":0,"max_hp_gain":0,"max_hp_loss":0,"event_name":"Vampires","floor":31,"relics_lost":["Blood Vial"],"gold_loss":0,"cards_obtained":["Bite","Bite","Bite","Bite","Bite"]}],"is_beta":false,"boss_relics":[{"not_picked":["SacredBark","Astrolabe"],"picked":"TheCursedMod:OminousMark"},{"not_picked":["Coffee Dripper","Empty Cage"],"picked":"ChewingGum"}],"items_purged_floors":[5],"is_endless":false,"potions_floor_spawned":[1,7,10,12,14,18,20,22,27,37,38,40,41,44,45,54],"ascension_level":0}}