{"host":"8o45mh5p3pp1o2mi","time":1610671897,"event":{"mods":["BaseMod","Better Match","Better Third Choice","BetterRewards","Downfall","Minty Spire (QoL Compilation)","Rare Cards Sparkle","Relic Stats","Replay The Spire","Shop Mod","StSLib","everything is the same but u backflip on backflip"],"gold_per_floor":[116,9,20,20,84,84,128,128,128,141,184,211,211,234,234,348,357,373,392,177,102,12,46,63,63,63,104,19,67,95,107,107,220,220,239,268,122,151,151,151,186,186,256,293,310,22,33,33,33,33,33,33,33,72,72],"floor_reached":56,"language":"ENG","playtime":4122,"items_purged":["Strike_B","Strike_B"],"score":1563,"play_id":"f502b9b0-e4d7-4d89-94c6-694a60d4dafb","local_time":"20210115005137","is_ascension_mode":true,"campfire_choices":[{"floor":6,"key":"REST"},{"floor":8,"key":"REST"},{"data":"FIFO Queue","floor":13,"key":"SMITH"},{"data":"Zap","floor":13,"key":"SMITH"},{"data":"Static Discharge","floor":15,"key":"SMITH"},{"data":"Coolheaded","floor":15,"key":"SMITH"},{"data":"Creative AI","floor":32,"key":"SMITH"},{"data":"Storm","floor":32,"key":"SMITH"},{"data":"Echo Form","floor":40,"key":"SMITH"},{"data":"expansioncontent:TimeRipple","floor":40,"key":"SMITH"},{"data":"Loop","floor":42,"key":"SMITH"},{"data":"Dualcast","floor":42,"key":"SMITH"},{"floor":49,"key":"RECALL"},{"data":"Replay:Parry","floor":52,"key":"SMITH"},{"data":"Buffer","floor":52,"key":"SMITH"}],"circlet_count":0,"master_deck":["Defend_B+2","Defend_B+1","Zap+1","Dualcast+1","FIFO Queue+1","Coolheaded+1","Glacier+1","Redo+1","Redo+1","Chill+1","Time Bomb+1","DeusExMachina+1","Sweeping Beam","Genetic Algorithm+1","Panic Button+1","Rainbow+1","Static Discharge+1","Creative AI+1","AbeCurse","BasicCrystalCard+1","Storm+1","Rebound+1","expansioncontent:TimeRipple+1","Hologram+1","Mirror Shield+1","Force Field+1","Echo Form+1","ReplayTheSpireMod:System Scan+1","Loop+1","Compile Driver+1","Replay:Parry+1","Buffer+1","Conserve Battery+1"],"relics":["Cracked Core","Garlic","Toxic Egg 2","Replay:Arrowhead","Replay:Ringing Soul","Lantern","CeramicFish","Pen Nib","Toy Ornithopter","Abe\u0027s Treasure","BargainBundle","Replay:Accelerometer","Tiny Chest","MealTicket","Bag of Marbles","Mummified Hand","Simple Rune","Replay:Drink Me","ReplayTheSpireMod:TigerMarble","Smiling Mask","Replay:Mystery Machine","Bottled Lightning","Replay:Baseball","ClockworkSouvenir","Whetstone"],"acts_visited":["Exordium","TheCity","TheBeyond","TheEnding"],"potions_floor_usage":[7,16,23,31,41,50,55,55,55],"damage_taken":[{"damage":1,"enemies":"Small Slimes","floor":1,"turns":3},{"damage":0,"enemies":"2 Louse","floor":3,"turns":4},{"damage":37,"enemies":"Gremlin Nob","floor":7,"turns":6},{"damage":1,"enemies":"Jaw Worm","floor":10,"turns":3},{"damage":0,"enemies":"Lagavulin","floor":11,"turns":7},{"damage":2,"enemies":"Blue Slaver","floor":14,"turns":3},{"damage":0,"enemies":"Hexaghost","floor":16,"turns":8},{"damage":0,"enemies":"Shell Parasite","floor":18,"turns":4},{"damage":2,"enemies":"Spheric Guardian","floor":19,"turns":4},{"damage":10,"enemies":"Book of Stabbing","floor":23,"turns":5},{"damage":0,"enemies":"Centurion and Healer","floor":24,"turns":5},{"damage":10,"enemies":"Replay:Snechameleon","floor":27,"turns":8},{"damage":13,"enemies":"Snake Plant","floor":30,"turns":2},{"damage":6,"enemies":"3 Cultists","floor":31,"turns":5},{"damage":10,"enemies":"Collector","floor":33,"turns":6},{"damage":0,"enemies":"3 Darklings","floor":35,"turns":3},{"damage":4,"enemies":"3 Shapes","floor":36,"turns":3},{"damage":0,"enemies":"3 Darklings","floor":38,"turns":3},{"damage":0,"enemies":"Giant Head","floor":41,"turns":6},{"damage":11,"enemies":"R_Hoarder","floor":44,"turns":4},{"damage":0,"enemies":"Sphere and 2 Shapes","floor":45,"turns":3},{"damage":0,"enemies":"Maw","floor":47,"turns":5},{"damage":0,"enemies":"Donu and Deca","floor":50,"turns":6},{"damage":0,"enemies":"Shield and Spear","floor":54,"turns":6},{"damage":56,"enemies":"The Heart","floor":55,"turns":10}],"seed_played":"460969377298828962","potions_obtained":[{"floor":3,"key":"BlessingOfTheForge"},{"floor":5,"key":"Swift Potion"},{"floor":7,"key":"Strength Potion"},{"floor":10,"key":"LiquidBronze"},{"floor":14,"key":"DuplicationPotion"},{"floor":24,"key":"AttackPotion"},{"floor":27,"key":"SkillPotion"},{"floor":31,"key":"PowerPotion"},{"floor":41,"key":"Death Potion"},{"floor":54,"key":"Block Potion"}],"is_trial":false,"path_per_floor":["M","$","M","?","?","R","E","R","T","M","E","T","R","M","R","B",null,"M","M","$","?","?","E","M","?","T","E","?","T","M","M","R","B",null,"M","M","$","M","T","R","E","R","T","E","M","$","M","?","R","B",null,"R","$","E","B",null],"character_chosen":"DEFECT","items_purchased":["FIFO Queue","Garlic","Coolheaded","Leap","Redo+1","Chill+1","BasicCrystalCard+1","BargainBundle","Storm","Replay:Accelerometer","Rebound","expansioncontent:TimeRipple","ReplayTheSpireMod:TigerMarble","Replay:Parry","Buffer","ClockworkSouvenir"],"campfire_rested":2,"item_purchase_floors":[0,0,0,0,2,2,20,20,20,20,20,20,37,46,46,46],"current_hp_per_floor":[74,74,74,62,35,58,24,48,48,47,50,50,50,51,51,59,93,93,91,94,94,94,89,89,89,89,82,82,82,72,71,71,64,81,81,80,84,87,87,87,87,87,87,79,79,93,93,88,88,88,88,88,88,91,49],"gold":72,"neow_bonus":"","is_daily":false,"chose_seed":false,"campfire_upgraded":12,"win_rate":0.0,"timestamp":1610671897,"path_taken":["M","$","M","?","?","R","E","R","T","M","E","?","R","M","R","BOSS","M","M","?","?","?","E","?","?","T","E","?","?","?","M","R","BOSS","M","M","$","M","?","R","E","R","T","E","M","$","M","?","R","BOSS","R","$","E","BOSS"],"items_purchased_type":["Card","Relic","Card","Card","Card","Card","Card","Relic","Card","Relic","Card","Card","Relic","Card","Card","Relic"],"build_version":"2020-12-22","purchased_purges":2,"victory":true,"max_hp_per_floor":[75,75,75,75,78,78,81,81,81,81,84,84,84,87,87,90,93,93,93,96,96,96,99,99,99,99,102,102,102,105,105,105,108,81,81,84,84,87,87,87,87,87,87,90,90,93,93,88,88,88,88,88,88,91,91],"relic_stats":{"counters":[34,163],"Mummified Hand":[160],"CeramicFish":171,"Tiny Chest":1,"MealTicket":15,"Pen Nib":[8],"Whetstone":["Compile Driver","Rebound"],"Smiling Mask":0,"obtain_stats":[{"Replay:Accelerometer":20,"Lantern":5,"Replay:PocketPolymizer":6,"CeramicFish":7,"Ginger":13,"Whetstone":54,"Replay:Mystery Machine":41,"Smiling Mask":39,"ClockworkSouvenir":46,"Replay:Ringing Soul":4,"Mummified Hand":28,"Tiny Chest":23,"MealTicket":26,"Toxic Egg 2":0,"Cracked Core":0,"Replay:Drink Me":34,"BargainBundle":20,"The Courier":9,"Pen Nib":11,"Omamori":3,"Question Card":8,"Replay:Arrowhead":0,"SlaversCollar":17,"Replay:Baseball":44,"Simple Rune":29,"Garlic":0,"Bag of Marbles":27,"ReplayTheSpireMod:TigerMarble":37,"Bottled Lightning":43,"Toy Ornithopter":12,"Abe\u0027s Treasure":17},{"Replay:Accelerometer":18,"Lantern":11,"Replay:PocketPolymizer":3,"CeramicFish":12,"Ginger":6,"Whetstone":33,"Replay:Mystery Machine":28,"Smiling Mask":27,"ClockworkSouvenir":30,"Replay:Ringing Soul":11,"Mummified Hand":21,"Tiny Chest":19,"MealTicket":20,"Toxic Egg 2":9,"Cracked Core":0,"Replay:Drink Me":24,"BargainBundle":18,"The Courier":4,"Pen Nib":14,"Omamori":1,"Question Card":4,"Replay:Arrowhead":9,"SlaversCollar":7,"Replay:Baseball":29,"Simple Rune":21,"Garlic":9,"Bag of Marbles":21,"ReplayTheSpireMod:TigerMarble":26,"Bottled Lightning":28,"Toy Ornithopter":14,"Abe\u0027s Treasure":16},{"Replay:Accelerometer":83,"Lantern":48,"Replay:PocketPolymizer":11,"CeramicFish":54,"Ginger":26,"Whetstone":153,"Replay:Mystery Machine":129,"Smiling Mask":123,"ClockworkSouvenir":136,"Replay:Ringing Soul":48,"Mummified Hand":101,"Tiny Chest":88,"MealTicket":93,"Toxic Egg 2":41,"Cracked Core":0,"Replay:Drink Me":114,"BargainBundle":83,"The Courier":18,"Pen Nib":64,"Omamori":3,"Question Card":18,"Replay:Arrowhead":41,"SlaversCollar":34,"Replay:Baseball":133,"Simple Rune":101,"Garlic":41,"Bag of Marbles":101,"ReplayTheSpireMod:TigerMarble":120,"Bottled Lightning":129,"Toy Ornithopter":64,"Abe\u0027s Treasure":75}],"Toy Ornithopter":26},"card_choices":[{"not_picked":["Coolheaded+1","Turbo+1"],"picked":"Glacier+1","floor":1},{"not_picked":["Doom and Gloom","Barrage"],"picked":"Time Bomb+1","floor":3},{"not_picked":["ReplayTheSpireMod:Reroute Power+1","FIFO Queue"],"picked":"Sweeping Beam","floor":5},{"not_picked":["Beam Cell","Cold Snap"],"picked":"Genetic Algorithm+1","floor":5},{"not_picked":["Force Field+1","FIFO Queue"],"picked":"Panic Button+1","floor":7},{"not_picked":["FIFO Queue","Beam Cell","Sweeping Beam"],"picked":"SKIP","floor":10},{"not_picked":["Compile Driver","ReplayTheSpireMod:Reroute Power+1"],"picked":"Rainbow+1","floor":11},{"not_picked":["Redo+1","Hologram+1"],"picked":"Static Discharge","floor":14},{"not_picked":["Buffer","Thunder Strike"],"picked":"Creative AI","floor":16},{"not_picked":["Steam+1","Sweeping Beam","Scrape+1"],"picked":"SKIP","floor":18},{"not_picked":["ReplayTheSpireMod:Reroute Power+1","Reprogram+1","Steam+1"],"picked":"SKIP","floor":19},{"not_picked":["Turbo+1","Beam Cell"],"picked":"Hologram+1","floor":23},{"not_picked":["Undo+1","Steam+1","Ball Lightning"],"picked":"SKIP","floor":24},{"not_picked":["Self Repair","Leap+1"],"picked":"Mirror Shield+1","floor":27},{"not_picked":["Reprogram+1","Steam+1"],"picked":"Force Field+1","floor":30},{"not_picked":["Genetic Algorithm+1","Cold Snap","Conserve Battery+1"],"picked":"SKIP","floor":31},{"not_picked":["All For One","Mirror Shield+1"],"picked":"Echo Form","floor":33},{"not_picked":["Rebound","BasicCrystalCard+1","Turbo+1"],"picked":"SKIP","floor":35},{"not_picked":["Conserve Battery+1","Static Discharge"],"picked":"ReplayTheSpireMod:System Scan+1","floor":36},{"not_picked":["FIFO Queue","Beam Cell+1"],"picked":"Loop","floor":38},{"not_picked":["Gash+1","Chill+1","Coolheaded+1"],"picked":"SKIP","floor":41},{"not_picked":["Gash","Fusion+1"],"picked":"Compile Driver","floor":44},{"not_picked":["Hologram+1","Coolheaded+1","Streamline"],"picked":"SKIP","floor":45},{"not_picked":["Hologram+1","Double Energy+1","Auto Shields+1"],"picked":"SKIP","floor":47},{"not_picked":["Sunder+1","Ball Lightning"],"picked":"Conserve Battery+1","floor":54}],"player_experience":108527,"relics_obtained":[{"floor":5,"key":"Lantern"},{"floor":7,"key":"CeramicFish"},{"floor":11,"key":"Pen Nib"},{"floor":12,"key":"Toy Ornithopter"},{"floor":23,"key":"Tiny Chest"},{"floor":26,"key":"MealTicket"},{"floor":27,"key":"Bag of Marbles"},{"floor":29,"key":"Simple Rune"},{"floor":39,"key":"Smiling Mask"},{"floor":41,"key":"Replay:Mystery Machine"},{"floor":43,"key":"Bottled Lightning"},{"floor":44,"key":"Replay:Baseball"},{"floor":54,"key":"Whetstone"}],"event_choices":[{"damage_healed":0,"gold_gain":1,"player_choice":"Card Relic ","damage_taken":12,"max_hp_gain":0,"max_hp_loss":0,"event_name":"betterThird:BetterScrap","floor":4,"gold_loss":0,"cards_obtained":["DeusExMachina","Night Terror"]},{"cards_removed":["Defend_B"],"damage_healed":0,"gold_gain":0,"player_choice":"Gave Gold","damage_taken":0,"max_hp_gain":0,"max_hp_loss":0,"event_name":"Beggar","floor":21,"gold_loss":75},{"cards_removed":["Strike_B"],"damage_healed":0,"gold_gain":0,"player_choice":"Upgrade and Remove","damage_taken":0,"max_hp_gain":0,"max_hp_loss":0,"event_name":"Designer","floor":22,"gold_loss":90,"cards_upgraded":["Defend_B"]},{"damage_healed":0,"gold_gain":0,"player_choice":"Ignored","damage_taken":0,"max_hp_gain":0,"max_hp_loss":0,"event_name":"Vampires","floor":25,"gold_loss":0},{"damage_healed":0,"gold_gain":0,"player_choice":"Obtained Relic","damage_taken":0,"relics_obtained":["Mummified Hand"],"max_hp_gain":0,"max_hp_loss":0,"event_name":"Addict","floor":28,"gold_loss":85},{"damage_healed":0,"gold_gain":0,"player_choice":"Max HP","damage_taken":0,"max_hp_gain":0,"max_hp_loss":5,"event_name":"Winding Halls","floor":48,"gold_loss":0}],"is_beta":false,"boss_relics":[{"not_picked":["Replay:Ancient Bell","Black Star"],"picked":"Abe\u0027s Treasure"},{"not_picked":["Fusion Hammer","Coffee Dripper"],"picked":"Replay:Drink Me"}],"items_purged_floors":[0,20],"is_endless":false,"potions_floor_spawned":[3,7,10,14,24,27,31,33,36,41,44,47,54],"ascension_level":2}}