{"host":"ci7cmvrwpmzqnw7e","time":1610681444,"event":{"mods":["BaseMod","BetterRewards","Colored Map","Downfall","GungeonMod","Highlight Path","Hubris","Infinite Spire","Minty Spire (QoL Compilation)","Random Character Button","Rare Cards Sparkle","Replay The Spire","Shop Mod","StSLib"],"gold_per_floor":[99,99,109,46,46,46,46,61,61,96,112,112,112,124,124,195,195,207,207,220,135,135,135,135,135,135,146,196,214,226,226,246,66,66,144,144,144],"floor_reached":36,"language":"ENG","playtime":677,"items_purged":[],"score":795,"play_id":"33f5ed8f-a802-4b07-a19f-b08d2ebfc87a","local_time":"20210114203044","daily_mods":["Specialized","Red Cards","downfall:WorldOfGoo"],"is_ascension_mode":true,"campfire_choices":[{"data":"sneckomod:MasterEye","floor":6,"key":"SMITH"},{"floor":15,"key":"REST"},{"floor":23,"key":"REST"},{"floor":31,"key":"REST"},{"floor":34,"key":"REST"}],"circlet_count":0,"master_deck":["Demon Form","Wraith Form v2","Echo Form","DevaForm","Guardian:ConstructionForm","hexamod:ParanormalForm","Slimebound:DuplicatedForm","sneckomod:SerpentMind","DemoMod:GunslingerForm","AscendersBane","hubris:Hubris","Strike_G","Strike_G","Strike_G","Strike_G","Strike_G","Defend_G","Defend_G","Defend_G","Defend_G","Defend_G","Sentinel","Sentinel","Sentinel","Sentinel","Sentinel","Leap","Beam Cell","sneckomod:RainOfDice","sneckomod:MasterEye","sneckomod:MasterEye+1","Guardian:Gem_Red","Run Through","sneckomod:UnknownCommonAttack","Armaments","Blade Dance","Predator","DemoMod:Ejector","Hemogenesis","Heavy Blade","DemoMod:Unmoved+1","Slimebound:SplitLeeching","sneckomod:SoulRoll","DemoMod:FastSwitch","Quick Slash","Guardian:PiercingHide","DemoMod:Casey","champ:TornadoPunch","ReplayTheSpireMod:Muscle Training","Replay:Dark Deal","Slimebound:SplitLeeching","sneckomod:SerpentMind"],"relics":["Snecko Eye","Unceasing Top","Busted Crown","Velvet Choker","downfall:NeowBlessing_Player","Ring of Chaos","replay:Trail_Library","NeowsBlessing","DemoMod:MonsterBlood","Dream Catcher","Replay:Accelerometer","NeowsBlessing","Velvet Choker","Kunai","NeowsBlessing","Pet Ghost","DemoMod:GlassGuonStoneRelic","WristBlade"],"acts_visited":["Exordium","TheCity","TheBeyond"],"potions_floor_usage":[],"damage_taken":[{"damage":1,"enemies":"Jaw Worm","floor":3,"turns":1},{"damage":29,"enemies":"Small Slimes","floor":8,"turns":2},{"damage":0,"enemies":"Lagavulin","floor":10,"turns":1},{"damage":29,"enemies":"Cultist","floor":11,"turns":4},{"damage":0,"enemies":"Blue Slaver","floor":14,"turns":1},{"damage":0,"enemies":"Slime Boss","floor":16,"turns":1},{"damage":13,"enemies":"3 Byrds","floor":18,"turns":3},{"damage":92,"enemies":"Chosen","floor":20,"turns":8},{"damage":0,"enemies":"3 Cultists","floor":27,"turns":2},{"damage":0,"enemies":"Snake Plant","floor":29,"turns":1},{"damage":0,"enemies":"Centurion and Healer","floor":30,"turns":1},{"damage":79,"enemies":"Snecko","floor":32,"turns":7},{"damage":91,"enemies":"Automaton","floor":35,"turns":8}],"seed_played":"6263128623879188775","potions_obtained":[{"floor":3,"key":"DemoMod:LeadSkinPotion"},{"floor":11,"key":"LiquidBronze"},{"floor":14,"key":"AttackPotion"},{"floor":27,"key":"Adrenaline Potion"},{"floor":29,"key":"ColorlessPotion"},{"floor":32,"key":"Fire Potion"}],"is_trial":true,"path_per_floor":["?","WH","M","$","T","R","$","M","T","E","M","WH","WH","M","R","B",null,"M","WH","M","?","?","R","WH","PTL","PTL","M","T","M","M","R","M","$","R","B",null],"character_chosen":"THE_SILENT","items_purchased":["sneckomod:MasterEye","Replay:Dark Deal"],"campfire_rested":4,"item_purchase_floors":[4,33],"current_hp_per_floor":[101,101,101,101,108,108,108,94,94,94,80,80,90,90,118,118,218,206,227,135,135,135,206,206,206,206,206,206,206,206,239,175,175,239,163,320,320],"gold":144,"neow_bonus":"THREE_ENEMY_KILL","is_daily":false,"chose_seed":false,"campfire_upgraded":1,"win_rate":0.0,"timestamp":1610681444,"path_taken":["?","WH","M","$","?","R","$","M","T","E","M","WH","WH","M","R","BOSS","M","WH","M","?","?","R","WH","PTL","PTL","M","T","M","M","R","M","?","R","BOSS"],"items_purchased_type":["Card","Card"],"build_version":"2020-12-22","purchased_purges":0,"victory":false,"max_hp_per_floor":[101,101,101,101,108,108,108,108,108,108,108,108,118,118,118,118,218,218,239,239,239,239,239,239,239,239,239,239,239,239,239,239,239,239,239,339,339],"card_choices":[{"not_picked":[],"picked":"sneckomod:RainOfDice","floor":3},{"not_picked":[],"picked":"Run Through","floor":8},{"not_picked":[],"picked":"sneckomod:UnknownCommonAttack","floor":10},{"not_picked":[],"picked":"Armaments","floor":11},{"not_picked":[],"picked":"Predator","floor":14},{"not_picked":[],"picked":"DemoMod:Ejector","floor":15},{"not_picked":[],"picked":"Hemogenesis","floor":16},{"not_picked":[],"picked":"Heavy Blade","floor":18},{"not_picked":[],"picked":"DemoMod:Unmoved+1","floor":20},{"not_picked":[],"picked":"sneckomod:SoulRoll","floor":23},{"not_picked":[],"picked":"DemoMod:FastSwitch","floor":27},{"not_picked":[],"picked":"Quick Slash","floor":29},{"not_picked":[],"picked":"Guardian:PiercingHide","floor":30},{"not_picked":[],"picked":"champ:TornadoPunch","floor":31},{"not_picked":[],"picked":"ReplayTheSpireMod:Muscle Training","floor":32},{"not_picked":[],"picked":"Slimebound:SplitLeeching","floor":34},{"not_picked":[],"picked":"sneckomod:SerpentMind","floor":35}],"player_experience":77660,"relics_obtained":[{"floor":5,"key":"DemoMod:MonsterBlood"},{"floor":9,"key":"Dream Catcher"},{"floor":10,"key":"Replay:Accelerometer"},{"floor":28,"key":"Pet Ghost"}],"event_choices":[{"damage_healed":0,"gold_gain":0,"player_choice":"Obtained Relic","damage_taken":0,"relics_obtained":["Kunai"],"max_hp_gain":0,"max_hp_loss":0,"event_name":"Addict","floor":21,"gold_loss":85}],"is_beta":false,"boss_relics":[{"not_picked":["DemoMod:RiddleOfLead","Replay:Ancient Bell"],"picked":"Velvet Choker"},{"not_picked":["Ring of Chaos","Replay:Bronze Core"],"picked":"WristBlade"}],"items_purged_floors":[],"is_endless":false,"potions_floor_spawned":[3,11,14,27,29,32],"ascension_level":20}}