{"host":"bcxgpd1eu8czocm9","time":1610727218,"event":{"mods":["BaseMod","Downfall","Minty Spire (QoL Compilation)","Quick Restart","Replay The Spire","Spicy Shops","StSLib","¡¾ÒÅÎï¿¨ÅÆ¡¿REMEMod"],"gold_per_floor":[115,127,145,15,15,15,15,42,56,72,107,145,145,180,180,222,222,222],"floor_reached":16,"language":"ZHS","playtime":664,"items_purged":["Slimebound:Strike_Slimebound"],"score":114,"play_id":"3afc4b5e-836f-4aff-97f2-88a504edfb62","local_time":"20210116001338","is_ascension_mode":false,"campfire_choices":[{"data":"Slimebound:PrepareCrush","floor":13,"key":"SMITH"},{"data":"Slimebound:FlameTackle","floor":15,"key":"SMITH"}],"circlet_count":0,"master_deck":["Slimebound:Strike_Slimebound+1","Slimebound:Strike_Slimebound","Slimebound:Tackle+1","Slimebound:Defend_Slimebound+1","Slimebound:Defend_Slimebound+1","Slimebound:Defend_Slimebound+1","Slimebound:Defend_Slimebound+1","Slimebound:Split+1","Slimebound:CorrosiveSpit","Replay:SS_hec_1","Slimebound:FlameTackle+1","Slimebound:ComboTackle","Slimebound:GoopTackle","Regret","Slimebound:Split","Slimebound:SelfFormingGoo","Slimebound:ComboTackle","Slimebound:LevelUp","Slimebound:PrepareCrush+1","Slimebound:ProtectTheBoss"],"relics":["Slimebound:AbsorbEndCombat","REME_ComplimentaryCards","Replay:Bottled Eggs","ReplayTheSpireMod:Shallot","REME_ArchaeologicalTools"],"acts_visited":["Exordium"],"potions_floor_usage":[16],"damage_taken":[{"damage":12.0,"enemies":"Small Slimes","floor":1.0,"turns":3.0},{"damage":6.0,"enemies":"Cultist","floor":2.0,"turns":3.0},{"damage":13.0,"enemies":"Jaw Worm","floor":3.0,"turns":3.0},{"damage":0.0,"enemies":"downfall:FleeingMerchant","floor":4.0,"turns":4.0},{"damage":12.0,"enemies":"Gremlin Nob","floor":8.0,"turns":2.0},{"damage":26.0,"enemies":"Blue Slaver","floor":9.0,"turns":3.0},{"damage":7.0,"enemies":"3 Louse","floor":10.0,"turns":3.0},{"damage":18.0,"enemies":"Lagavulin","floor":11.0,"turns":5.0},{"damage":9,"enemies":"Red Slaver","floor":12,"turns":2},{"damage":1,"enemies":"Large Slime","floor":14,"turns":4},{"damage":54,"enemies":"downfall:Silent","floor":16,"turns":4}],"seed_played":"-6494577672344619423","potions_obtained":[{"floor":1.0,"key":"Death Potion"},{"floor":9.0,"key":"DuplicationPotion"},{"floor":10.0,"key":"SneckoOil"},{"floor":11.0,"key":"Fire Potion"}],"is_trial":false,"path_per_floor":["M","M","M","$","?","?","T","E","M","M","E","M","R","M","R","B"],"character_chosen":"SLIMEBOUND","items_purchased":["Slimebound:GoopTackle"],"campfire_rested":0,"item_purchase_floors":[4],"current_hp_per_floor":[56,54,49,49,49,49,49,37,19,20,18,21,21,36,36,0,0,0],"gold":222,"neow_bonus":"RANDOM_COLORLESS","is_daily":false,"chose_seed":false,"campfire_upgraded":2,"win_rate":0.0,"timestamp":1610727218,"path_taken":["M","M","M","$","?","?","T","E","M","?","E","M","R","M","R","BOSS"],"items_purchased_type":["Card"],"build_version":"2020-12-22","purchased_purges":1,"victory":false,"max_hp_per_floor":[60,60,60,60,60,60,60,60,60,60,60,60,60,60,60,60,60,60],"card_choices":[{"not_picked":["Replay:Parry","Good Instincts"],"picked":"Replay:SS_hec_1","floor":0.0},{"not_picked":["Slimebound:LevelUp","Slimebound:GoopSpray"],"picked":"Slimebound:FlameTackle","floor":1.0},{"not_picked":["Slimebound:Gluttony","Slimebound:SplitLeeching"],"picked":"Slimebound:ComboTackle","floor":2.0},{"not_picked":["Slimebound:SplitLeeching","Slimebound:ViciousTackle","Slimebound:HauntingLick"],"picked":"SKIP","floor":3.0},{"not_picked":["Slimebound:SplitAcid","Slimebound:Schlurp","Slimebound:Prepare"],"picked":"SKIP","floor":4.0},{"not_picked":["Slimebound:Equalize","Slimebound:DivideAndConquer","Slimebound:SlimeSpikes"],"picked":"SKIP","floor":8.0},{"not_picked":["Slimebound:Dissolve","Slimebound:SplitLeeching"],"picked":"Slimebound:ComboTackle","floor":9.0},{"not_picked":["Slimebound:DouseInSlime","Slimebound:GrowthPunch"],"picked":"Slimebound:LevelUp","floor":10.0},{"not_picked":["Slimebound:GoopSpray","Slimebound:FirmFortitude"],"picked":"Slimebound:PrepareCrush","floor":11.0},{"not_picked":["Slimebound:ForwardTackle","Slimebound:Equalize"],"picked":"Slimebound:ProtectTheBoss","floor":12},{"not_picked":["Slimebound:SpikyOuterGoop","Slimebound:ForwardTackle","Slimebound:SamplingLick"],"picked":"SKIP","floor":14}],"player_experience":424729,"relics_obtained":[{"floor":7.0,"key":"Replay:Bottled Eggs"},{"floor":8.0,"key":"ReplayTheSpireMod:Shallot"},{"floor":11.0,"key":"REME_ArchaeologicalTools"}],"event_choices":[],"is_beta":false,"boss_relics":[],"items_purged_floors":[4],"is_endless":false,"potions_floor_spawned":[1,9,10,11],"killed_by":"downfall:Silent","ascension_level":0}}