{"host":"ngetrkxyfzueafxy","time":1610676977,"event":{"mods":["AchievementEnabler","BaseMod","CapriCore","Halation","Hubris","Koishi","Marisa????????","Minty Spire (QoL Compilation)","Replay The Spire","StSLib","The Animator","The Bug Knight","The Immortal","The IronCluck","The Wild Card","Trackpad","egg","slay the spire mod where everything is the same but ironclad has a cowboy hat","vexMod"],"gold_per_floor":[114,114,13,13,26,60,73,92,92,92,122,157,157,181,181,293,293,330,105,133,8,39,39,39,39,64,64,98,134,134,102,102,213,213,245,245,245,95,70,70,105,105,129,129,129,172,249,297,297,307,307],"floor_reached":50,"language":"ENG","playtime":4495,"items_purged":["HollowMod:FocusHealStart","Regret","HollowMod:NailStrikeStart","HollowMod:MonarchWings"],"score":760,"play_id":"3b0c9e8a-d30b-4405-b039-41f52756907f","local_time":"20210115021617","is_ascension_mode":false,"campfire_choices":[{"data":"HollowMod:SoulEater","floor":10,"key":"SMITH"},{"data":"HollowMod:SiblingsSouls","floor":10,"key":"SMITH"},{"floor":15,"key":"REST"},{"data":"HollowMod:DashSlash","floor":23,"key":"SMITH"},{"data":"HollowMod:DashSlash","floor":23,"key":"SMITH"},{"data":"HollowMod:LifebloodCore","floor":27,"key":"SMITH"},{"data":"HollowMod:SoulSplash","floor":27,"key":"SMITH"},{"floor":30,"key":"REST"},{"floor":32,"key":"REST"},{"data":"HollowMod:LifebloodCore","floor":40,"key":"SMITH"},{"data":"HollowMod:DesolateDive","floor":40,"key":"SMITH"},{"floor":44,"key":"REST"},{"floor":49,"key":"REST"}],"circlet_count":0,"master_deck":["HollowMod:NailStrikeStart","HollowMod:NailStrikeStart","HollowMod:NailStrikeStart","HollowMod:QuickDashStart","HollowMod:QuickDashStart","HollowMod:QuickDashStart","HollowMod:QuickDashStart","HollowMod:PogoStrike","HollowMod:DashSlash+1","HollowMod:DashSlash+1","HollowMod:SiblingsSouls+1","HollowMod:SoulEater+1","HollowMod:MantisMark+1","HollowMod:DoubleDash","HollowMod:DesolateDive+1","HollowMod:SoulSplash+1","HollowMod:CycloneSlash","HollowMod:LifebloodCore+1","HollowMod:InfectedAttack","HollowMod:MonarchWings","HollowMod:BaldurShell","HollowMod:ChannelNail+1","HollowMod:GoodIntentions","HollowMod:SoulShaman+1","HollowMod:CornifersMapStart","HollowMod:LifebloodCore+1","HollowMod:VengefulSpirit+1","HollowMod:BrokenVessel"],"relics":["HollowMod:VesselMask","NeowsBlessing","hubris:Icosahedron","Replay:Arrowhead","Garlic","Replay:Bandana","Regal Pillow","vexMod:BarristanHead","vexMod:BigBerry","halation:PinkSoulGem","hubris:TenFootPole","HollowMod:LumaflyLanternRelic","ReplayFunnel"],"acts_visited":["Exordium","TheCity","TheBeyond"],"potions_floor_usage":[11,16,16,22,29,31,33,33,39,47,48,48,48,50],"damage_taken":[{"damage":0.0,"enemies":"Small Slimes","floor":1.0,"turns":1.0},{"damage":0.0,"enemies":"2 Louse","floor":5.0,"turns":1.0},{"damage":0.0,"enemies":"Replay:BlueRogue","floor":6.0,"turns":1.0},{"damage":0.0,"enemies":"Cultist","floor":7.0,"turns":3.0},{"damage":18.0,"enemies":"Lots of Slimes","floor":8.0,"turns":6.0},{"damage":9,"enemies":"Gremlin Nob","floor":11,"turns":5},{"damage":4,"enemies":"2 Fungi Beasts","floor":12,"turns":3},{"damage":16,"enemies":"Large Slime","floor":14,"turns":5},{"damage":14,"enemies":"Hexaghost","floor":16,"turns":8},{"damage":13,"enemies":"3 Byrds","floor":18,"turns":6},{"damage":10,"enemies":"Shell Parasite","floor":20,"turns":5},{"damage":7,"enemies":"Chosen and Byrds","floor":22,"turns":6},{"damage":18,"enemies":"Snake Plant","floor":28,"turns":6},{"damage":4,"enemies":"Centurion and Healer","floor":29,"turns":5},{"damage":25,"enemies":"Snecko","floor":31,"turns":5},{"damage":10,"enemies":"Pondfish","floor":33,"turns":14},{"damage":16,"enemies":"3 Shapes","floor":35,"turns":6},{"damage":19,"enemies":"Orb Walker","floor":39,"turns":6},{"damage":13,"enemies":"4 Shapes","floor":41,"turns":6},{"damage":53,"enemies":"Nemesis","floor":46,"turns":11},{"damage":29,"enemies":"HollowMod:StalkingDevout","floor":48,"turns":5},{"damage":64,"enemies":"Donu and Deca","floor":50,"turns":6}],"seed_played":"-2347775851097301731","potions_obtained":[{"floor":5.0,"key":"LiquidMemories"},{"floor":11,"key":"PowerPotion"},{"floor":12,"key":"Venom Potion"},{"floor":14,"key":"FearPotion"},{"floor":20,"key":"PowerPotion"},{"floor":29,"key":"Languid Potion"},{"floor":31,"key":"Energy Potion"},{"floor":46,"key":"Weak Potion"},{"floor":47,"key":"Fruit Juice"},{"floor":47,"key":"FearPotion"},{"floor":47,"key":"SkillPotion"},{"floor":48,"key":"Adrenaline Potion"}],"is_trial":false,"path_per_floor":["M","?","$","?","M","E","M","M","T","R","E","M","?","M","R","B",null,"M","$","M","$","M","R","?","?","T","R","M","M","R","M","R","B",null,"M","?","?","$","M","R","M","$","T","R","?","E","?","E","R","B"],"character_chosen":"THE_BUGKNIGHT","items_purchased":["HollowMod:DashSlash","HollowMod:MonarchWings","HollowMod:BaldurShell"],"campfire_rested":5,"item_purchase_floors":[3,19,19],"current_hp_per_floor":[75,75,75,75,75,75,75,57,57,57,48,44,44,28,50,36,75,62,62,52,52,45,45,45,45,45,45,27,23,60,35,72,62,105,89,89,89,89,70,70,57,57,57,103,103,50,34,5,53,0,0],"gold":307,"neow_bonus":"THREE_ENEMY_KILL","is_daily":false,"chose_seed":false,"campfire_upgraded":8,"win_rate":0.0,"timestamp":1610676977,"path_taken":["M","?","$","?","M","E","M","M","T","R","E","M","?","M","R","BOSS","M","$","M","?","M","R","?","?","T","R","?","M","R","M","R","BOSS","M","?","?","$","M","R","M","$","T","R","?","E","?","E","R","BOSS"],"items_purchased_type":["Card","Card","Card"],"build_version":"2020-12-22","purchased_purges":4,"victory":false,"max_hp_per_floor":[75,75,75,75,75,75,75,75,75,75,75,75,75,75,75,75,75,75,75,75,75,75,75,75,75,75,75,75,75,75,75,75,75,105,105,105,105,105,105,105,105,105,105,105,105,105,110,110,110,110,110],"card_choices":[{"not_picked":["HollowMod:FallenFury","HollowMod:DoubleDash"],"picked":"HollowMod:DashSlash","floor":1.0},{"not_picked":["HollowMod:SiblingsShadow","HollowMod:BlackTendrils"],"picked":"HollowMod:SiblingsSouls","floor":5.0},{"not_picked":["HollowMod:MonomonsArchive","HollowMod:ChannelNail"],"picked":"HollowMod:SoulEater","floor":6.0},{"not_picked":["HollowMod:HowlingWraiths","HollowMod:LifebloodCocoon"],"picked":"HollowMod:MantisMark","floor":7.0},{"not_picked":["HollowMod:SoulSplash","HollowMod:CloakDash"],"picked":"HollowMod:DoubleDash","floor":8.0},{"not_picked":["HollowMod:ChannelNail","HollowMod:GreatSlash"],"picked":"HollowMod:DesolateDive","floor":11},{"not_picked":["HollowMod:VoidDash","HollowMod:DashSlash"],"picked":"HollowMod:SoulSplash","floor":12},{"not_picked":["HollowMod:CornifersMapStart","HollowMod:RecoilStrike"],"picked":"HollowMod:CycloneSlash","floor":14},{"not_picked":["HollowMod:NewInfectedGuardian","HollowMod:PureVessel"],"picked":"HollowMod:LifebloodCore","floor":16},{"not_picked":["HollowMod:MantisMark+1","HollowMod:VengefulVoid"],"picked":"HollowMod:InfectedAttack","floor":18},{"not_picked":["HollowMod:SoulStrike","HollowMod:CloakDash","HollowMod:PerfectDash"],"picked":"SKIP","floor":20},{"not_picked":["HollowMod:HuntersJournal","HollowMod:DreamGate"],"picked":"HollowMod:ChannelNail+1","floor":22},{"not_picked":["HollowMod:DesolateDive","HollowMod:HowlingWraiths"],"picked":"HollowMod:GoodIntentions","floor":28},{"not_picked":["HollowMod:CrystalDash","HollowMod:LuriensSpire"],"picked":"HollowMod:SoulShaman","floor":29},{"not_picked":["HollowMod:ShadowDash","HollowMod:GoodIntentions"],"picked":"HollowMod:CornifersMapStart","floor":31},{"not_picked":["HollowMod:VoidDash","HollowMod:NewInfectedGuardian"],"picked":"HollowMod:LifebloodCore","floor":33},{"not_picked":["HollowMod:InfectedAttack+1","HollowMod:HeavyBlow+1","HollowMod:DescendingDark"],"picked":"SKIP","floor":35},{"not_picked":["HollowMod:SharpenedNail+1","HollowMod:AbyssShriek+1","HollowMod:TaintedHusks"],"picked":"SKIP","floor":39},{"not_picked":["HollowMod:TaintedHusks+1","HollowMod:GreatSlash"],"picked":"HollowMod:VengefulSpirit+1","floor":41},{"not_picked":["HollowMod:QuirrelsAssistance","HollowMod:NewJinnsSoul+1"],"picked":"HollowMod:BrokenVessel","floor":46},{"not_picked":["HollowMod:HerrahsAnger","HollowMod:BaldurShell+1","HollowMod:HowlingWraiths+1"],"picked":"SKIP","floor":48}],"player_experience":471151,"relics_obtained":[{"floor":6.0,"key":"Garlic"},{"floor":11,"key":"Replay:Bandana"},{"floor":25,"key":"Regal Pillow"},{"floor":26,"key":"vexMod:BarristanHead"},{"floor":43,"key":"hubris:TenFootPole"},{"floor":46,"key":"HollowMod:LumaflyLanternRelic"},{"floor":48,"key":"ReplayFunnel"}],"event_choices":[{"damage_healed":0.0,"max_hp_gain":0.0,"max_hp_loss":0.0,"gold_gain":0.0,"event_name":"Big Fish","player_choice":"Box","floor":4.0,"gold_loss":0.0,"damage_taken":0.0,"relics_obtained":["Replay:Arrowhead"],"cards_obtained":["Regret"]},{"damage_healed":0,"gold_gain":0,"player_choice":"Forge","damage_taken":0,"max_hp_gain":0,"max_hp_loss":0,"event_name":"Accursed Blacksmith","floor":13,"gold_loss":0,"cards_upgraded":["HollowMod:MantisMark"]},{"damage_healed":0,"gold_gain":0,"player_choice":"Relic","damage_taken":0,"max_hp_gain":0,"max_hp_loss":0,"event_name":"Wheel of Change","floor":25,"gold_loss":0}],"is_beta":false,"boss_relics":[{"not_picked":["vexMod:FluxCapacitor","Ectoplasm","halation:Yufonium"]},{"not_picked":["Cursed Key","vexMod:MysteryBossChallenge"],"picked":"vexMod:BigBerry"}],"items_purged_floors":[3,19,21,38],"is_endless":false,"potions_floor_spawned":[5,11,12,14,20,29,31,46,48],"killed_by":"Donu and Deca","ascension_level":0}}