{"host":"59efrpl3ft1ymrg4","time":1610717820,"event":{"mods":["AchievementEnabler","BaseMod","Infinite Spire","Minty Spire (QoL Compilation)","Replay The Spire","StSLib"],"gold_per_floor":[119,119,136,86,48,48,77,94,143,171,171,181,36,36,36,50,50,155,155,167,167,183,108,126,139,139,139,139,139,39,39,49,66,66,170,170,184,196,196,196,196,196,229,104,104,115,115,125,125,144,144,144],"floor_reached":53,"language":"ENG","playtime":3233,"items_purged":["Strike_G","Strike_G","All Out Attack","ReplayTheSpireMod:Exploit Weakness"],"score":704,"play_id":"a6d816d2-22dd-4416-9812-7aff27fd2ec2","local_time":"20210115133700","daily_mods":["Heirloom"],"is_ascension_mode":true,"campfire_choices":[{"data":"Terror","floor":6.0,"key":"SMITH"},{"data":"Accuracy","floor":17.0,"key":"SMITH"},{"floor":29.0,"key":"REST"},{"data":"Calculated Gamble","floor":31.0,"key":"SMITH"},{"floor":34.0,"key":"REST"},{"data":"Accuracy","floor":42.0,"key":"SMITH"},{"data":"Neutralize","floor":47.0,"key":"SMITH"},{"floor":49.0,"key":"REST"},{"data":"Blade Dance","floor":51.0,"key":"SMITH"}],"circlet_count":0,"master_deck":["Defend_G","Defend_G","Defend_G","Survivor","Neutralize+1","Deadly Poison","Calculated Gamble+1","Blade Dance","Terror+1","Accuracy+1","Infinite Blades","Cloak And Dagger","Blade Dance+1","infinitespire:Neurotoxin+1","Accuracy+1","Finisher+1","Prepared"],"relics":["Ring of the Serpent","Pondfish Scales","Boot","Bag of Preparation","Chameleon Ring","Lee\u0027s Waffle","infinitespire:EmpoweringShard","Replay:Bottled Flurry","Letter Opener"],"acts_visited":["Exordium","TheCity","TheBeyond"],"potions_floor_usage":[52,52],"damage_taken":[{"damage":2.0,"enemies":"Small Slimes","floor":1.0,"turns":5.0},{"damage":0.0,"enemies":"Jaw Worm","floor":3.0,"turns":5.0},{"damage":10.0,"enemies":"Lagavulin","floor":7.0,"turns":7.0},{"damage":0.0,"enemies":"infinitespire:Voidling","floor":8.0,"turns":2.0},{"damage":3.0,"enemies":"Gremlin Nob","floor":10.0,"turns":3.0},{"damage":0.0,"enemies":"Looter","floor":12.0,"turns":2.0},{"damage":0.0,"enemies":"Blue Slaver","floor":16.0,"turns":3.0},{"damage":21.0,"enemies":"The Guardian","floor":18.0,"turns":8.0},{"damage":18.0,"enemies":"2 Thieves","floor":20.0,"turns":4.0},{"damage":2.0,"enemies":"Spheric Guardian","floor":22.0,"turns":3.0},{"damage":18.0,"enemies":"Snake Plant","floor":24.0,"turns":3.0},{"damage":17.0,"enemies":"Cultist and Chosen","floor":25.0,"turns":5.0},{"damage":3.0,"enemies":"Chosen and Byrds","floor":32.0,"turns":3.0},{"damage":5.0,"enemies":"Centurion and Healer","floor":33.0,"turns":4.0},{"damage":6.0,"enemies":"Champ","floor":35.0,"turns":6.0},{"damage":13.0,"enemies":"3 Darklings","floor":37.0,"turns":3.0},{"damage":6.0,"enemies":"Orb Walker","floor":38.0,"turns":2.0},{"damage":12.0,"enemies":"Nemesis","floor":43.0,"turns":4.0},{"damage":0.0,"enemies":"Spire Growth","floor":46.0,"turns":3.0},{"damage":10.0,"enemies":"Jaw Worm Horde","floor":48.0,"turns":3.0},{"damage":7.0,"enemies":"Writhing Mass","floor":50.0,"turns":3.0},{"damage":41,"enemies":"Donu and Deca","floor":52,"turns":8}],"seed_played":"4337083304430879452","potions_obtained":[{"floor":3.0,"key":"ColorlessPotion"},{"floor":10.0,"key":"LiquidBronze"},{"floor":16.0,"key":"Elixir"},{"floor":22.0,"key":"Elixir"},{"floor":25.0,"key":"Toxic Potion"},{"floor":32.0,"key":"BlessingOfTheForge"},{"floor":35.0,"key":"BlessingOfTheForge"},{"floor":43.0,"key":"PowerPotion"}],"is_trial":true,"path_per_floor":["M","?","M","?","$","R","E","M","T","E","?","M","$","PTL","PTL","M","R","B",null,"M","AVR","M","$","M","M","?","?","T","R","$","R","M","M","R","B",null,"M","M","?","AVR","?","R","E","$","T","M","R","M","R","M","R","B",null],"character_chosen":"THE_SILENT","items_purchased":["Terror","Lee\u0027s Waffle"],"campfire_rested":3,"item_purchase_floors":[5,13],"current_hp_per_floor":[68,68,68,68,68,68,58,58,58,55,55,55,77,77,77,77,77,56,77,59,59,57,57,39,22,22,22,22,45,45,45,42,37,60,54,77,64,58,58,58,58,58,46,46,46,46,46,36,59,52,52,11],"gold":144,"neow_bonus":"","is_daily":false,"chose_seed":false,"campfire_upgraded":6,"win_rate":0.0,"timestamp":1610717820,"path_taken":["M","?","M","?","$","R","E","M","T","E","?","M","$","PTL","PTL","M","R","BOSS","M","AVR","?","$","M","M","?","?","T","R","?","R","M","?","R","BOSS","M","M","?","AVR","?","R","E","$","T","?","R","M","R","M","R","BOSS"],"items_purchased_type":["Card","Relic"],"build_version":"2020-12-22","purchased_purges":4,"victory":true,"max_hp_per_floor":[70,70,70,70,70,70,70,70,70,70,70,70,77,77,77,77,77,77,77,77,77,77,77,77,77,77,77,77,77,77,77,77,77,77,77,77,77,77,77,77,77,77,77,77,77,77,77,77,77,77,77,77],"card_choices":[{"not_picked":["ReplayTheSpireMod:Tripwire","Cloak And Dagger"],"picked":"Deadly Poison","floor":1.0},{"not_picked":["Dagger Spray","Distraction"],"picked":"Blade Dance","floor":3.0},{"not_picked":["Caltrops","Dodge and Roll"],"picked":"Accuracy","floor":7.0},{"not_picked":["Noxious Fumes","Riddle With Holes"],"picked":"Infinite Blades","floor":8.0},{"not_picked":["Distraction","Hidden Blade"],"picked":"Cloak And Dagger","floor":10.0},{"not_picked":["Poisoned Stab","Caltrops","Toxin Wave"],"picked":"SKIP","floor":12.0},{"not_picked":["Backflip","Slice"],"picked":"Blade Dance","floor":16.0},{"not_picked":["Burst","Unload"],"picked":"infinitespire:Neurotoxin","floor":18.0},{"not_picked":["Caltrops","Prepared"],"picked":"Accuracy","floor":20.0},{"not_picked":["Draining Mist+1","Slice"],"picked":"Finisher+1","floor":22.0},{"not_picked":["Outmaneuver","Reflex","Well Laid Plans"],"picked":"SKIP","floor":24.0},{"not_picked":["Acrobatics","Catalyst","ReplayTheSpireMod:Speed Training"],"picked":"SKIP","floor":25.0},{"not_picked":["Noxious Fumes","Blade Dance+1","Slice+1"],"picked":"SKIP","floor":32.0},{"not_picked":["Tactician+1","PiercingWail","Acrobatics+1"],"picked":"SKIP","floor":33.0},{"not_picked":["Sneak Up+1","Acrobatics","Footwork"],"picked":"SKIP","floor":37.0},{"not_picked":["Dodge and Roll","PiercingWail","Quick Slash"],"picked":"SKIP","floor":38.0},{"not_picked":["Storm of Steel","ReplayTheSpireMod:Tripwire+1","Blade Dance"],"picked":"SKIP","floor":43.0},{"not_picked":["Storm of Steel","ReplayTheSpireMod:Tripwire+1","Blade Dance"],"picked":"SKIP","floor":43.0},{"not_picked":["Masterful Stab+1","Leg Sweep","Flechettes+1"],"picked":"SKIP","floor":46.0},{"not_picked":["PiercingWail+1","Outmaneuver"],"picked":"Prepared","floor":48.0},{"not_picked":["Bane","Accuracy","ReplayTheSpireMod:Shiv Toss"],"picked":"SKIP","floor":50.0}],"player_experience":61139,"relics_obtained":[{"floor":7.0,"key":"Boot"},{"floor":9.0,"key":"Bag of Preparation"},{"floor":10.0,"key":"Chameleon Ring"},{"floor":28.0,"key":"infinitespire:EmpoweringShard"},{"floor":43.0,"key":"Replay:Bottled Flurry"},{"floor":45.0,"key":"Letter Opener"}],"event_choices":[{"damage_healed":0.0,"max_hp_gain":0.0,"max_hp_loss":0.0,"gold_gain":0.0,"cards_transformed":["Strike_G"],"event_name":"Living Wall","player_choice":"Change","floor":2.0,"gold_loss":0.0,"damage_taken":0.0,"cards_obtained":["Calculated Gamble"]},{"cards_removed":["Strike_G"],"damage_healed":0.0,"max_hp_gain":0.0,"max_hp_loss":0.0,"gold_gain":0.0,"event_name":"The Cleric","player_choice":"Card Removal","floor":4.0,"gold_loss":50.0,"damage_taken":0.0},{"cards_removed":["Defend_G"],"damage_healed":0.0,"max_hp_gain":0.0,"max_hp_loss":0.0,"gold_gain":0.0,"event_name":"Bonfire Elementals","player_choice":"Offered Basic","floor":11.0,"gold_loss":0.0,"damage_taken":0.0},{"damage_healed":0.0,"max_hp_gain":0.0,"max_hp_loss":0.0,"gold_gain":0.0,"cards_transformed":["Defend_G","Strike_G"],"event_name":"Drug Dealer","player_choice":"Became Test Subject","floor":26.0,"gold_loss":0.0,"damage_taken":0.0,"cards_obtained":["ReplayTheSpireMod:Exploit Weakness","All Out Attack"]},{"damage_healed":0.0,"max_hp_gain":0.0,"max_hp_loss":0.0,"gold_gain":0.0,"event_name":"Vampires","player_choice":"Ignored","floor":27.0,"gold_loss":0.0,"damage_taken":0.0},{"damage_healed":0.0,"max_hp_gain":0.0,"max_hp_loss":0.0,"gold_gain":0.0,"event_name":"Accursed Blacksmith","player_choice":"Forge","floor":41.0,"gold_loss":0.0,"damage_taken":0.0,"cards_upgraded":["infinitespire:Neurotoxin"]}],"is_beta":false,"boss_relics":[{"not_picked":["Honey Jar","Philosopher\u0027s Stone","Cursed Key"]},{"not_picked":["Fusion Hammer","Astrolabe"],"picked":"Ring of the Serpent"}],"items_purged_floors":[21,23,30,44],"is_endless":false,"potions_floor_spawned":[3,10,16,22,25,32,35,43],"ascension_level":1}}