{"host":"4id8injl4bo2b6ih","time":1610747569,"event":{"mods":["Act Like it!","BaseMod","Better Third Choice","Colored Map","Downfall","Friendly Minions","Hallownest","Hermit","Highlight Path","Ironclad Rager","Minty Spire (QoL Compilation)","Relic Stats","Robot Space Explorer","Shop Mod","Spicy Shops","StSLib","[GremlinLeader]The Maniac"],"gold_per_floor":[99,115,127,144,189,199,247,247,279,11,11,11,21,55,69,166,166,16,36,47,147,162,162,215,215,215,240,253,279,279,36,54,157,157,157,175,84,101,116,116,184,184,184,184,213,229,229,244,258,258],"floor_reached":51,"language":"ENG","playtime":4136,"items_purged":[],"score":1211,"play_id":"84f32f74-3c9a-4e65-a79e-c0f634eed44d","local_time":"20210115225249","is_ascension_mode":true,"campfire_choices":[{"data":"Panacea","floor":1.0,"key":"SMITH"},{"floor":8.0,"key":"RECALL"},{"floor":11.0,"key":"REST"},{"data":"Apotheosis","floor":18.0,"key":"SMITH"},{"floor":23.0,"key":"REST"},{"floor":26.0,"key":"REST"},{"floor":30,"key":"DIG"},{"floor":35,"key":"DIG"},{"floor":40,"key":"DIG"},{"floor":44,"key":"DIG"},{"floor":47,"key":"DIG"}],"circlet_count":0,"master_deck":["sneckomod:Strike","sneckomod:Defend","sneckomod:Defend","sneckomod:Defend","sneckomod:TailWhip","sneckomod:SnekBite","sneckomod:Unknown+1","sneckomod:Unknown","Panacea+1","sneckomod:RainOfDice","sneckomod:SnekBeam","sneckomod:CheapStock","sneckomod:UnknownBlock","sneckomod:UnknownClassSLIMEBOUND","sneckomod:UnknownWeak","Apotheosis+1","sneckomod:UnknownDexterity","sneckomod:MasterEye","sneckomod:UnknownDexterity","sneckomod:MorePower","sneckomod:UnknownUncommonPower+1","sneckomod:QuickMove","sneckomod:Unknown0Cost+1","sneckomod:UnknownDexterity+1","sneckomod:UnknownStrength","sneckomod:Unknown3Cost+1","sneckomod:UnknownRarePower+1","sneckomod:Restock","sneckomod:UnknownClassGUARDIAN","J.A.X.","sneckomod:UnknownClassROBOT_ORANGE_COLOR+1","sneckomod:SoulRoll","sneckomod:UnknownRarePower+1","sneckomod:UnknownUncommonPower+1","sneckomod:UnknownClassSLIMEBOUND","sneckomod:QuickBite+1","sneckomod:UnknownUncommonPower+1","sneckomod:UnknownRareSkill+1","sneckomod:UnknownExhaust+1","sneckomod:ImprovisedAttack+1","sneckomod:SerpentMind","sneckomod:UnknownColorless+1","sneckomod:UnknownClassRED+1","sneckomod:UnknownClassBLUE+1","sneckomod:UnknownUncommonPower+1","sneckomod:UnknownBlock+1","sneckomod:Unknown0Cost+1","expansioncontent:DefensiveMode","expansioncontent:CaCaw","expansioncontent:CaCaw","sneckomod:DiceBlock+1","sneckomod:SerpentIdol","sneckomod:UnknownStrength+1","sneckomod:UnknownUncommonPower+1"],"relics":["sneckomod:SneckoSoul","Nunchaku","Centennial Puzzle","Ice Cream","sneckomod:ConfusingCodex","SlaversCollar","downfall:HeartBlessingRed","downfall:HeartBlessingGreen","MutagenicStrength","Bag of Marbles","Molten Egg 2","Bottled Flame","Shovel","Sundial","sneckomod:LoadedDie","Toolbox","Sozu","Smiling Mask","InkBottle","Bird Faced Urn","StoneCalendar","Mercury Hourglass","War Paint","Mummified Hand","Singing Bowl"],"acts_visited":["Hallownest:Greenpath","TheCity","TheBeyond"],"potions_floor_usage":[29,33,50,50],"damage_taken":[{"damage":16.0,"enemies":"2_ Uuma","floor":2.0,"turns":7.0},{"damage":2.0,"enemies":"Hallownest:monsterHuskGuard","floor":3.0,"turns":3.0},{"damage":0.0,"enemies":"Hallownest:2_Baldur","floor":4.0,"turns":3.0},{"damage":21.0,"enemies":"Hallownest:Wandering_and_Horned","floor":6.0,"turns":6.0},{"damage":14.0,"enemies":"Hallownest:eliteCrystalGuardian","floor":9.0,"turns":7.0},{"damage":8.0,"enemies":"downfall:FleeingMerchant","floor":10.0,"turns":4.0},{"damage":0.0,"enemies":"Hallownest:monsterAspidMother","floor":13.0,"turns":4.0},{"damage":7.0,"enemies":"Hallownest:eliteVengeflyKing","floor":14.0,"turns":5.0},{"damage":16.0,"enemies":"Hallownest:1_Ooma_and_2_Uuma","floor":15.0,"turns":10.0},{"damage":21.0,"enemies":"downfall:Defect","floor":16.0,"turns":6.0},{"damage":9.0,"enemies":"Spheric Guardian","floor":19.0,"turns":5.0},{"damage":0.0,"enemies":"Snecko","floor":20.0,"turns":6.0},{"damage":25.0,"enemies":"downfall:Augmenter","floor":21.0,"turns":6.0},{"damage":2.0,"enemies":"Cultist and Chosen","floor":22.0,"turns":6.0},{"damage":13.0,"enemies":"Book of Stabbing","floor":27.0,"turns":4.0},{"damage":4.0,"enemies":"Sentry and Sphere","floor":28.0,"turns":4.0},{"damage":27,"enemies":"Slavers","floor":29,"turns":4},{"damage":11,"enemies":"downfall:FleeingMerchant","floor":31,"turns":4},{"damage":39,"enemies":"Centurion and Healer","floor":32,"turns":5},{"damage":15,"enemies":"downfall:Watcher","floor":33,"turns":6},{"damage":11,"enemies":"Orb Walker","floor":36,"turns":5},{"damage":8,"enemies":"downfall:FleeingMerchant","floor":37,"turns":3},{"damage":13,"enemies":"3 Shapes","floor":38,"turns":2},{"damage":0,"enemies":"Spire Growth","floor":39,"turns":5},{"damage":20,"enemies":"Nemesis","floor":45,"turns":5},{"damage":0,"enemies":"4 Shapes","floor":46,"turns":4},{"damage":17,"enemies":"Writhing Mass","floor":48,"turns":3},{"damage":0,"enemies":"Jaw Worm Horde","floor":49,"turns":2},{"damage":4,"enemies":"downfall:Ironclad","floor":50,"turns":4}],"seed_played":"6872897474309198401","potions_obtained":[{"floor":3.0,"key":"ColorlessPotion"},{"floor":6.0,"key":"Weak Potion"},{"floor":13.0,"key":"ColorlessPotion"},{"floor":15.0,"key":"LiquidMemories"},{"floor":16.0,"key":"Block Potion"},{"floor":19.0,"key":"Swift Potion"},{"floor":27.0,"key":"CultistPotion"},{"floor":29,"key":"Explosive Potion"},{"floor":33,"key":"Guardian:BlockOnCardUsePotion"}],"is_trial":false,"path_per_floor":["R","M","M","M","?","M","T","R","E","$","R","T","M","E","M","B",null,"R","M","M","?","M","R","T","?","R","E","M","E","R","$","M","B",null,"R","M","$","M","M","R","T","?","?","R","E","M","R","M","M","B",null],"character_chosen":"THE_SNECKO","items_purchased":["Apotheosis","sneckomod:LoadedDie","Toolbox","InkBottle","Bird Faced Urn"],"campfire_rested":3,"item_purchase_floors":[10,31,31,37,37],"current_hp_per_floor":[81,65,63,63,63,43,43,43,30,23,50,50,51,44,29,8,73,73,69,72,65,64,94,94,94,103,99,101,95,95,93,55,41,93,93,84,78,74,96,96,96,86,86,86,82,104,104,108,119,121],"gold":258,"neow_bonus":"RANDOM_COLORLESS","is_daily":false,"chose_seed":false,"campfire_upgraded":2,"win_rate":0.0,"timestamp":1610747569,"path_taken":["R","M","M","M","?","M","T","R","E","$","R","?","M","E","M","BOSS","R","M","M","?","M","R","T","?","R","E","M","E","R","$","M","BOSS","R","M","$","M","M","R","T","?","?","R","E","M","R","M","M","BOSS"],"items_purchased_type":["Card","Relic","Relic","Relic","Relic"],"build_version":"2020-12-22","purchased_purges":0,"victory":true,"max_hp_per_floor":[90,90,90,90,90,91,91,91,92,93,93,93,94,94,95,95,95,95,96,99,102,103,103,103,103,103,104,106,107,107,108,109,110,110,110,112,114,115,115,115,115,115,115,115,115,115,115,118,121,121],"relic_stats":{"Singing Bowl":4,"counters":[29,136],"StoneCalendar":[0],"War Paint":["sneckomod:UnknownClassRED","sneckomod:Unknown"],"Smiling Mask":0,"Mercury Hourglass":[36],"Sozu":4,"Nunchaku":[21],"Centennial Puzzle":[57],"Shovel":5,"Sundial":[2],"Mummified Hand":[48],"Bird Faced Urn":[76],"obtain_stats":[{"Ice Cream":12,"sneckomod:LoadedDie":31,"Singing Bowl":47,"downfall:HeartBlessingGreen":18,"StoneCalendar":40,"sneckomod:SneckoSoul":0,"Smiling Mask":35,"Sozu":34,"Nunchaku":7,"Centennial Puzzle":9,"Shovel":29,"sneckomod:ConfusingCodex":14,"Sundial":30,"Mummified Hand":45,"Toolbox":31,"InkBottle":37,"downfall:HeartBlessingRed":18,"War Paint":44,"Mercury Hourglass":41,"SlaversCollar":17,"Bottled Flame":27,"MutagenicStrength":21,"Bird Faced Urn":37,"Molten Egg 2":25,"Bag of Marbles":24},{"Ice Cream":6,"sneckomod:LoadedDie":18,"Singing Bowl":26,"downfall:HeartBlessingGreen":10,"StoneCalendar":24,"sneckomod:SneckoSoul":0,"Smiling Mask":20,"Sozu":20,"Nunchaku":4,"Centennial Puzzle":5,"Shovel":17,"sneckomod:ConfusingCodex":8,"Sundial":17,"Mummified Hand":25,"Toolbox":18,"InkBottle":22,"downfall:HeartBlessingRed":10,"War Paint":24,"Mercury Hourglass":24,"SlaversCollar":10,"Bottled Flame":15,"MutagenicStrength":13,"Bird Faced Urn":22,"Molten Egg 2":14,"Bag of Marbles":14},{"Ice Cream":30,"sneckomod:LoadedDie":93,"Singing Bowl":127,"downfall:HeartBlessingGreen":55,"StoneCalendar":119,"sneckomod:SneckoSoul":0,"Smiling Mask":104,"Sozu":104,"Nunchaku":19,"Centennial Puzzle":26,"Shovel":89,"sneckomod:ConfusingCodex":39,"Sundial":89,"Mummified Hand":124,"Toolbox":93,"InkBottle":112,"downfall:HeartBlessingRed":55,"War Paint":119,"Mercury Hourglass":119,"SlaversCollar":55,"Bottled Flame":82,"MutagenicStrength":72,"Bird Faced Urn":112,"Molten Egg 2":78,"Bag of Marbles":78}],"InkBottle":[16]},"card_choices":[{"not_picked":["expansioncontent:Sear","Mind Blast"],"picked":"Panacea","floor":0.0},{"not_picked":["sneckomod:SoulDraw","sneckomod:UnknownCommonSkill"],"picked":"sneckomod:RainOfDice","floor":2.0},{"not_picked":["sneckomod:QuickBite","sneckomod:RainOfDice"],"picked":"sneckomod:SnekBeam","floor":3.0},{"not_picked":["sneckomod:DiceBoulder","sneckomod:UnknownCommonAttack"],"picked":"sneckomod:CheapStock","floor":4.0},{"not_picked":["sneckomod:MixItUp","sneckomod:Unknown1Cost"],"picked":"sneckomod:UnknownBlock","floor":6.0},{"not_picked":["sneckomod:Mudshield","sneckomod:UnknownBlock"],"picked":"sneckomod:UnknownClassSLIMEBOUND","floor":9.0},{"not_picked":["sneckomod:DiceBlock","sneckomod:Transmogrify"],"picked":"sneckomod:UnknownWeak","floor":10.0},{"not_picked":["sneckomod:UnknownClassPossessed","sneckomod:PureSnecko"],"picked":"sneckomod:UnknownDexterity","floor":13.0},{"not_picked":["sneckomod:UnknownVulnerable","sneckomod:SoulDraw"],"picked":"sneckomod:MasterEye","floor":14.0},{"not_picked":["sneckomod:DiceBlock","sneckomod:Rotation"],"picked":"sneckomod:UnknownDexterity","floor":15.0},{"not_picked":["sneckomod:Mudshield","sneckomod:UnknownRareSkill"],"picked":"sneckomod:MorePower","floor":16.0},{"not_picked":["sneckomod:UnknownClassBLUE+1","sneckomod:UnknownCommonSkill+1"],"picked":"sneckomod:UnknownUncommonPower+1","floor":19.0},{"not_picked":["sneckomod:UnknownCommonAttack","sneckomod:RainOfDice"],"picked":"sneckomod:QuickMove","floor":19.0},{"not_picked":["sneckomod:UnknownClassPURPLE+1","sneckomod:UnknownWeak+1"],"picked":"sneckomod:Unknown0Cost+1","floor":20.0},{"not_picked":["sneckomod:UnknownClassTHE_CHAMP_GRAY+1","sneckomod:UnknownEthereal+1"],"picked":"sneckomod:UnknownDexterity+1","floor":20.0},{"not_picked":["sneckomod:UnknownBlock","sneckomod:UnknownStrike"],"picked":"sneckomod:UnknownStrength","floor":20.0},{"not_picked":["sneckomod:UnknownClassHEXA_GHOST_PURPLE+1","sneckomod:UnknownClassPURPLE+1"],"picked":"sneckomod:Unknown3Cost+1","floor":21.0},{"not_picked":["sneckomod:UnknownUncommonPower+1","sneckomod:UnknownExhaust+1"],"picked":"sneckomod:UnknownRarePower+1","floor":21.0},{"not_picked":["sneckomod:IronFang","sneckomod:DangerNoodle"],"picked":"sneckomod:Rotation","floor":21.0},{"not_picked":[],"picked":"J.A.X.","floor":21.0},{"not_picked":["sneckomod:UnknownCommonSkill+1","sneckomod:UnknownCommonAttack+1"],"picked":"sneckomod:UnknownClassROBOT_ORANGE_COLOR+1","floor":22.0},{"not_picked":["sneckomod:PureSnecko","sneckomod:WideSting","sneckomod:Rotation"],"picked":"SKIP","floor":22.0},{"not_picked":["sneckomod:Rotation","sneckomod:WideSting+1"],"picked":"sneckomod:SoulRoll","floor":27.0},{"not_picked":["sneckomod:UnknownUncommonSkill+1","sneckomod:UnknownBlock+1"],"picked":"sneckomod:UnknownRarePower+1","floor":27.0},{"not_picked":["sneckomod:UnknownStrike+1","sneckomod:UnknownClassRED+1"],"picked":"sneckomod:UnknownUncommonPower+1","floor":28.0},{"not_picked":["sneckomod:DiceCrush+1","sneckomod:DangerNoodle+1"],"picked":"sneckomod:UnknownClassSLIMEBOUND","floor":28.0},{"not_picked":["sneckomod:DiceBoulder+1","sneckomod:UnknownVulnerable"],"picked":"sneckomod:QuickBite+1","floor":29},{"not_picked":["sneckomod:UnknownClassPossessed+1","sneckomod:UnknownCommonSkill+1"],"picked":"sneckomod:UnknownUncommonPower+1","floor":29},{"not_picked":["sneckomod:Unknown3Cost+1","sneckomod:UnknownDexterity+1"],"picked":"sneckomod:UnknownRareSkill+1","floor":31},{"not_picked":["sneckomod:Unknown1Cost","sneckomod:UnknownVulnerable+1","sneckomod:UnknownCommonAttack+1"],"picked":"SKIP","floor":31},{"not_picked":["sneckomod:Unknown2Cost+1","sneckomod:UnknownUncommonAttack+1"],"picked":"sneckomod:UnknownExhaust+1","floor":32},{"not_picked":["sneckomod:SoulCleanse+1","sneckomod:IronFang+1"],"picked":"sneckomod:ImprovisedAttack+1","floor":32},{"not_picked":["sneckomod:Unknown3Cost","sneckomod:GlitteringGambit"],"picked":"sneckomod:SerpentMind","floor":33},{"not_picked":["sneckomod:UnknownClassMANIAC_BLUE_COLOR+1","sneckomod:UnknownClassPURPLE+1"],"picked":"sneckomod:UnknownColorless+1","floor":33},{"not_picked":["sneckomod:Unknown1Cost+1","sneckomod:SoulDraw+1"],"picked":"sneckomod:UnknownClassRED","floor":36},{"not_picked":["sneckomod:UnknownUncommonAttack+1","sneckomod:UnknownClassDEFAULT_GRAY_COLOR+1"],"picked":"sneckomod:UnknownClassBLUE+1","floor":36},{"not_picked":["sneckomod:UnknownRareAttack+1","sneckomod:UnknownUncommonAttack+1"],"picked":"sneckomod:UnknownUncommonPower+1","floor":37},{"not_picked":["sneckomod:ImprovisedGuard","sneckomod:DiceCrush+1"],"picked":"sneckomod:UnknownBlock+1","floor":37},{"not_picked":["sneckomod:UnknownClassMANIAC_BLUE_COLOR+1","sneckomod:UnknownClassPURPLE+1"],"picked":"sneckomod:Unknown0Cost+1","floor":38},{"not_picked":["sneckomod:UnknownCommonSkill+1","sneckomod:UnknownClassMANIAC_BLUE_COLOR+1","sneckomod:UnknownClassPURPLE+1"],"picked":"SKIP","floor":38},{"not_picked":["sneckomod:WideSting+1","sneckomod:Unknown1Cost","sneckomod:UnknownUncommonSkill"],"picked":"SKIP","floor":38},{"not_picked":["sneckomod:TrashToTreasure","sneckomod:SoulDraw+1","sneckomod:UnknownStrike+1"],"picked":"SKIP","floor":39},{"not_picked":["expansioncontent:SuperHexaguard","expansioncontent:PrepareCrush"],"picked":"expansioncontent:DefensiveMode","floor":42},{"not_picked":["expansioncontent:BronzeBeam+1","expansioncontent:Hexaburn+1"],"picked":"expansioncontent:CaCaw","floor":42},{"not_picked":["expansioncontent:PolyBeam+1","expansioncontent:Hexaburn+1"],"picked":"expansioncontent:CaCaw","floor":42},{"not_picked":["sneckomod:UnknownStrike+1","sneckomod:IronFang+1"],"picked":"sneckomod:DiceBlock+1","floor":45},{"not_picked":["sneckomod:UnknownX+1","sneckomod:MixItUp+1"],"picked":"sneckomod:SerpentIdol","floor":46},{"not_picked":["sneckomod:UnknownExhaust+1","sneckomod:UnknownCommonAttack+1"],"picked":"sneckomod:UnknownStrength+1","floor":48},{"not_picked":["sneckomod:Transmogrify","sneckomod:SlitherStrike+1","sneckomod:UnknownClassBLUE+1"],"picked":"Singing Bowl","floor":48},{"not_picked":["sneckomod:UnknownVulnerable+1","sneckomod:UnknownClassGREEN+1"],"picked":"sneckomod:UnknownUncommonPower+1","floor":49},{"not_picked":["sneckomod:UnknownUncommonAttack+1","sneckomod:QuickBite+1","sneckomod:ImprovisedGuard+1"],"picked":"Singing Bowl","floor":49}],"player_experience":427416,"relics_obtained":[{"floor":7.0,"key":"Nunchaku"},{"floor":9.0,"key":"Centennial Puzzle"},{"floor":12.0,"key":"Ice Cream"},{"floor":14.0,"key":"sneckomod:ConfusingCodex"},{"floor":21.0,"key":"MutagenicStrength"},{"floor":24.0,"key":"Bag of Marbles"},{"floor":27.0,"key":"Bottled Flame"},{"floor":29,"key":"Shovel"},{"floor":30,"key":"Sundial"},{"floor":35,"key":"Smiling Mask"},{"floor":40,"key":"StoneCalendar"},{"floor":41,"key":"Mercury Hourglass"},{"floor":44,"key":"War Paint"},{"floor":45,"key":"Mummified Hand"},{"floor":47,"key":"Singing Bowl"}],"event_choices":[{"cards_removed":["sneckomod:Rotation"],"damage_healed":0,"gold_gain":0,"player_choice":"Removed Skill","damage_taken":0,"max_hp_gain":0,"max_hp_loss":0,"event_name":"Falling","floor":43,"gold_loss":0}],"is_beta":false,"boss_relics":[{"not_picked":["Runic Pyramid","sneckomod:SuperSneckoSoul"],"picked":"SlaversCollar"},{"not_picked":["Black Star","Pandora\u0027s Box"],"picked":"Sozu"}],"items_purged_floors":[],"is_endless":false,"potions_floor_spawned":[3,6,13,15,16,19,27,29,33,36,38,39],"ascension_level":7}}