{"host":"3y2rtlgteqp2nuo3","time":1610715361,"event":{"mods":["2.2 Compatiblity","AchievementEnabler","BaseMod","Colored Map","DeckTracker","Highlight Path","Keyboard Shortcuts","Minty Spire (QoL Compilation)","Permanent Neow","Quick Restart","StSLib","SuperFastMode","everything is the same but u backflip on backflip"],"gold_per_floor":[15,15,36,1,19,19,33,53,53,91,106,126,126,139,139,258,258,274,289,304,304,304],"floor_reached":21,"language":"KOR","playtime":609,"items_purged":[],"score":290,"play_id":"2008f69f-c994-4ddb-8f5c-4a39a8bed14d","local_time":"20210115215601","is_ascension_mode":true,"campfire_choices":[{"data":"Poisoned Stab","floor":6.0,"key":"SMITH"},{"data":"Deadly Poison","floor":13.0,"key":"SMITH"},{"floor":15.0,"key":"REST"}],"circlet_count":0,"master_deck":["AscendersBane","Strike_G","Strike_G+1","Defend_G","Defend_G","Defend_G","Defend_G","Survivor","Neutralize+1","Poisoned Stab+1","Dagger Spray","Calculated Gamble","Noxious Fumes","Tools of the Trade","Deadly Poison+1","Deadly Poison","Burst","Catalyst","Backflip"],"relics":["Ring of the Snake","Golden Idol","Whetstone","Omamori","Empty Cage"],"acts_visited":["Exordium","TheCity"],"potions_floor_usage":[21],"damage_taken":[{"damage":7.0,"enemies":"Jaw Worm","floor":1.0,"turns":5.0},{"damage":0.0,"enemies":"2 Louse","floor":3.0,"turns":3.0},{"damage":0.0,"enemies":"Cultist","floor":5.0,"turns":3.0},{"damage":1.0,"enemies":"Lots of Slimes","floor":7.0,"turns":2.0},{"damage":1.0,"enemies":"Red Slaver","floor":8.0,"turns":3.0},{"damage":25.0,"enemies":"Lagavulin","floor":10.0,"turns":5.0},{"damage":0.0,"enemies":"3 Louse","floor":11.0,"turns":2.0},{"damage":11.0,"enemies":"2 Fungi Beasts","floor":12.0,"turns":3.0},{"damage":0.0,"enemies":"Blue Slaver","floor":14.0,"turns":4.0},{"damage":30.0,"enemies":"The Guardian","floor":16.0,"turns":8.0},{"damage":10.0,"enemies":"Shell Parasite","floor":18.0,"turns":5.0},{"damage":2.0,"enemies":"3 Byrds","floor":19.0,"turns":5.0},{"damage":31.0,"enemies":"Shelled Parasite and Fungi","floor":20.0,"turns":5.0},{"damage":12,"enemies":"Centurion and Healer","floor":21,"turns":2}],"seed_played":"-1335251655660371899","potions_obtained":[{"floor":5.0,"key":"DuplicationPotion"},{"floor":10.0,"key":"DuplicationPotion"},{"floor":12.0,"key":"AttackPotion"},{"floor":14.0,"key":"Swift Potion"},{"floor":19.0,"key":"EssenceOfSteel"}],"is_trial":false,"path_per_floor":["M","?","M","?","M","R","M","M","T","E","M","M","R","M","R","B",null,"M","M","M","M"],"character_chosen":"THE_SILENT","items_purchased":[],"campfire_rested":1,"item_purchase_floors":[],"current_hp_per_floor":[56,39,39,56,56,56,55,54,54,29,29,18,18,18,39,9,55,45,43,12,0,0],"gold":304,"neow_bonus":"REMOVE_TWO","is_daily":false,"chose_seed":false,"campfire_upgraded":2,"win_rate":0.0,"timestamp":1610715361,"path_taken":["M","?","M","?","M","R","M","M","T","E","M","M","R","M","R","BOSS","M","M","M","M"],"items_purchased_type":[],"build_version":"2020-12-22","purchased_purges":0,"victory":false,"max_hp_per_floor":[70,70,70,70,70,70,70,70,70,70,70,70,70,70,70,70,70,70,70,70,70,70],"card_choices":[{"not_picked":["Cloak And Dagger","Leg Sweep"],"picked":"Poisoned Stab","floor":1.0},{"not_picked":["Sucker Punch","Prepared"],"picked":"Dagger Spray","floor":3.0},{"not_picked":["Sucker Punch","Deflect"],"picked":"Calculated Gamble","floor":5.0},{"not_picked":["Prepared","Acrobatics"],"picked":"Noxious Fumes","floor":7.0},{"not_picked":["Bane","Terror","Underhanded Strike"],"picked":"SKIP","floor":8.0},{"not_picked":["Prepared","Calculated Gamble"],"picked":"Tools of the Trade","floor":10.0},{"not_picked":["Quick Slash","Predator","Distraction"],"picked":"SKIP","floor":11.0},{"not_picked":["Finisher","Setup"],"picked":"Deadly Poison","floor":12.0},{"not_picked":["Finisher","Tactician"],"picked":"Deadly Poison","floor":14.0},{"not_picked":["Doppelganger","Bullet Time"],"picked":"Burst","floor":16.0},{"not_picked":["Infinite Blades","Outmaneuver"],"picked":"Catalyst","floor":18.0},{"not_picked":["Skewer","Caltrops+1"],"picked":"Backflip","floor":19.0},{"not_picked":["Blade Dance","Backflip","Quick Slash+1"],"picked":"SKIP","floor":20.0}],"player_experience":693364,"relics_obtained":[{"floor":9.0,"key":"Whetstone"},{"floor":10.0,"key":"Omamori"}],"event_choices":[{"damage_healed":0.0,"max_hp_gain":0.0,"max_hp_loss":0.0,"gold_gain":0.0,"event_name":"Golden Idol","player_choice":"Take Damage","floor":2.0,"gold_loss":0.0,"damage_taken":17.0,"relics_obtained":["Golden Idol"]},{"damage_healed":17.0,"max_hp_gain":0.0,"max_hp_loss":0.0,"gold_gain":0.0,"event_name":"The Cleric","player_choice":"Healed","floor":4.0,"gold_loss":35.0,"damage_taken":0.0}],"is_beta":false,"boss_relics":[{"not_picked":["WristBlade","Black Star"],"picked":"Empty Cage"}],"items_purged_floors":[],"is_endless":false,"potions_floor_spawned":[5,10,12,14,16,19],"killed_by":"Centurion and Healer","ascension_level":11}}