{"host":"kh6fvhxn285ncg0o","time":1610736296,"event":{"mods":["Act Like it!","BaseMod","Colored Map","Friendly Minions","Keyboard Shortcuts","Minty Spire (QoL Compilation)","Quick Restart","Relic Stats","StSLib","SuperFastMode"],"gold_per_floor":[117,117,192,192,208,208,239,239,239,256,287,82,109,122,122,196,196,207,207,225,225,225,225,259,274,274,274,294,294,319,319,319,319,319],"floor_reached":33,"language":"KOR","playtime":660,"items_purged":["Strike_R"],"score":652,"play_id":"c3341218-b50b-4efd-8b17-6716924dfebc","local_time":"20210116034456","is_ascension_mode":true,"campfire_choices":[{"data":"Bash","floor":6,"key":"SMITH"},{"data":"Burning Pact","floor":8,"key":"SMITH"},{"data":"Immolate","floor":15,"key":"SMITH"},{"data":"Corruption","floor":23,"key":"SMITH"},{"data":"Dark Embrace","floor":32,"key":"SMITH"}],"circlet_count":0,"master_deck":["AscendersBane","Strike_R","Defend_R+1","Defend_R+1","Defend_R","Defend_R","Bash+1","Burning Pact+1","Wild Strike","Immolate+1","Dark Embrace+1","Seeing Red","Corruption+1","Power Through","Ghostly","Ghostly","Ghostly","Dropkick","Sentinel","Barricade","Sever Soul","Shame"],"relics":["Burning Blood","NeowsBlessing","Ice Cream","Bag of Marbles","Paper Frog","HornCleat","Mark of Pain","Blue Candle","TungstenRod","Bird Faced Urn"],"acts_visited":["Exordium","TheCity"],"potions_floor_usage":[11,16,30,33,33],"damage_taken":[{"damage":0,"enemies":"2 Louse","floor":1,"turns":1},{"damage":0,"enemies":"Small Slimes","floor":5,"turns":1},{"damage":0,"enemies":"Lagavulin","floor":7,"turns":1},{"damage":4,"enemies":"Jaw Worm","floor":10,"turns":4},{"damage":24,"enemies":"3 Sentries","floor":11,"turns":8},{"damage":7,"enemies":"Lagavulin","floor":13,"turns":4},{"damage":0,"enemies":"Looter","floor":14,"turns":2},{"damage":53,"enemies":"The Guardian","floor":16,"turns":12},{"damage":12,"enemies":"2 Thieves","floor":18,"turns":3},{"damage":27,"enemies":"Spheric Guardian","floor":20,"turns":5},{"damage":5,"enemies":"Gremlin Leader","floor":24,"turns":5},{"damage":0,"enemies":"3 Cultists","floor":25,"turns":3},{"damage":0,"enemies":"Shelled Parasite and Fungi","floor":28,"turns":3},{"damage":6,"enemies":"Book of Stabbing","floor":30,"turns":3},{"damage":54,"enemies":"Automaton","floor":33,"turns":10}],"seed_played":"2514580974485612129","potions_obtained":[{"floor":5,"key":"BlessingOfTheForge"},{"floor":13,"key":"BloodPotion"},{"floor":14,"key":"FearPotion"},{"floor":18,"key":"AttackPotion"},{"floor":30,"key":"EssenceOfSteel"}],"is_trial":false,"path_per_floor":["M","?","?","?","M","R","E","R","T","M","E","$","E","M","R","B",null,"M","?","M","?","?","R","E","M","T","?","M","?","E","?","R","B"],"character_chosen":"IRONCLAD","items_purchased":["Dark Embrace","Seeing Red"],"campfire_rested":0,"item_purchase_floors":[12,12],"current_hp_per_floor":[74,51,40,40,46,46,52,52,52,54,36,36,35,41,41,9,59,53,53,32,32,32,32,33,37,37,29,35,35,35,35,35,0,0],"gold":319,"neow_bonus":"THREE_ENEMY_KILL","is_daily":false,"chose_seed":false,"campfire_upgraded":5,"win_rate":0.0,"timestamp":1610736296,"path_taken":["M","?","?","?","M","R","E","R","T","M","E","$","E","M","R","BOSS","M","?","M","?","?","R","E","M","T","?","?","?","E","?","R","BOSS"],"items_purchased_type":["Card","Card"],"build_version":"2020-12-22","purchased_purges":1,"victory":false,"max_hp_per_floor":[75,75,75,75,75,75,75,75,75,75,75,75,75,75,75,75,75,75,75,75,37,37,37,37,37,37,42,42,42,42,42,42,42,42],"relic_stats":{"counters":[15,65],"Blue Candle":[2],"Bird Faced Urn":[6],"obtain_stats":[{"Ice Cream":7,"HornCleat":13,"NeowsBlessing":0,"Blue Candle":24,"Bird Faced Urn":31,"Mark of Pain":17,"Bag of Marbles":9,"Burning Blood":0,"TungstenRod":30,"Paper Frog":11},{"Ice Cream":3,"HornCleat":6,"NeowsBlessing":0,"Blue Candle":11,"Bird Faced Urn":14,"Mark of Pain":8,"Bag of Marbles":3,"Burning Blood":0,"TungstenRod":14,"Paper Frog":5},{"Ice Cream":3,"HornCleat":19,"NeowsBlessing":0,"Blue Candle":46,"Bird Faced Urn":55,"Mark of Pain":33,"Bag of Marbles":3,"Burning Blood":0,"TungstenRod":55,"Paper Frog":15}],"Burning Blood":82,"TungstenRod":8},"card_choices":[{"not_picked":["Thunderclap","Twin Strike"],"picked":"Burning Pact","floor":7},{"not_picked":["Heavy Blade","Burning Pact"],"picked":"Wild Strike","floor":10},{"not_picked":["Iron Wave","Warcry"],"picked":"Immolate","floor":11},{"not_picked":["Wild Strike","True Grit","Twin Strike"],"picked":"SKIP","floor":13},{"not_picked":["Anger","Hemokinesis","Sever Soul"],"picked":"SKIP","floor":14},{"not_picked":["Juggernaut","Double Tap"],"picked":"Corruption","floor":16},{"not_picked":["Pummel","Thunderclap"],"picked":"Power Through","floor":18},{"not_picked":["Pummel","Perfected Strike","Sever Soul"],"picked":"SKIP","floor":20},{"not_picked":["Pummel+1","Anger","Power Through"],"picked":"SKIP","floor":24},{"not_picked":["Reckless Charge","Blood for Blood"],"picked":"Dropkick","floor":25},{"not_picked":["Sentinel","Wild Strike+1","Rampage"],"picked":"SKIP","floor":28},{"not_picked":["Wild Strike+1","Rampage"],"picked":"Sentinel","floor":28},{"not_picked":["Clothesline","Whirlwind","Havoc"],"picked":"SKIP","floor":30}],"player_experience":3456424,"relics_obtained":[{"floor":7,"key":"Ice Cream"},{"floor":9,"key":"Bag of Marbles"},{"floor":11,"key":"Paper Frog"},{"floor":13,"key":"HornCleat"},{"floor":24,"key":"Blue Candle"},{"floor":30,"key":"TungstenRod"}],"event_choices":[{"damage_healed":0,"gold_gain":0,"player_choice":"Entered Light","damage_taken":23,"max_hp_gain":0,"max_hp_loss":0,"event_name":"Shining Light","floor":2,"gold_loss":0,"cards_upgraded":["Defend_R","Defend_R"]},{"damage_healed":0,"gold_gain":75,"player_choice":"Gather Gold","damage_taken":11,"max_hp_gain":0,"max_hp_loss":0,"event_name":"World of Goop","floor":3,"gold_loss":0},{"cards_removed":["Strike_R"],"damage_healed":0,"gold_gain":0,"player_choice":"Forget","damage_taken":0,"max_hp_gain":0,"max_hp_loss":0,"event_name":"Living Wall","floor":4,"gold_loss":0},{"damage_healed":0,"gold_gain":0,"player_choice":"Ignored","damage_taken":0,"max_hp_gain":0,"max_hp_loss":0,"event_name":"The Mausoleum","floor":19,"gold_loss":0},{"damage_healed":0,"gold_gain":0,"player_choice":"Became a Ghost","damage_taken":0,"max_hp_gain":0,"max_hp_loss":38,"event_name":"Ghosts","floor":21,"gold_loss":0,"cards_obtained":["Ghostly","Ghostly","Ghostly"]},{"damage_healed":0,"gold_gain":0,"player_choice":"Ignored","damage_taken":0,"max_hp_gain":0,"max_hp_loss":0,"event_name":"Vampires","floor":22,"gold_loss":0},{"damage_healed":0,"gold_gain":0,"player_choice":"Shed Blood","damage_taken":13,"max_hp_gain":5,"max_hp_loss":0,"event_name":"Forgotten Altar","floor":27,"gold_loss":0},{"damage_healed":0,"gold_gain":0,"cards_transformed":["Strike_R","Strike_R"],"player_choice":"Became Test Subject","damage_taken":0,"max_hp_gain":0,"max_hp_loss":0,"event_name":"Drug Dealer","floor":29,"gold_loss":0,"cards_obtained":["Barricade","Sever Soul"]},{"damage_healed":0,"gold_gain":0,"player_choice":"Stole Relic","damage_taken":0,"relics_obtained":["Bird Faced Urn"],"max_hp_gain":0,"max_hp_loss":0,"event_name":"Addict","floor":31,"gold_loss":0,"cards_obtained":["Shame"]}],"is_beta":false,"boss_relics":[{"not_picked":["Sozu","SlaversCollar"],"picked":"Mark of Pain"}],"items_purged_floors":[12],"is_endless":false,"potions_floor_spawned":[5,13,14,18,24,30],"killed_by":"Automaton","ascension_level":20}}