{"host":"Kid Ruckus","time":1610674420,"event":{"mods":["BaseMod","Colored Map","Filter the Spire","Minty Spire (QoL Compilation)","Permanent Neow","Quick Restart","StSLib"],"gold_per_floor":[117,117,137,137,148,181,181,206,232,259,280,317,338,33,33,121,121,121,22,22,22,22],"floor_reached":21,"language":"ENG","playtime":938,"items_purged":["Strike_G"],"score":352,"play_id":"8e655b8f-b6b4-48e6-ad99-c09af1462b89","local_time":"20210114203340","is_ascension_mode":true,"campfire_choices":[{"data":"Calculated Gamble","floor":7,"key":"SMITH"},{"data":"Bouncing Flask","floor":15,"key":"SMITH"}],"circlet_count":0,"master_deck":["AscendersBane","Strike_G","Strike_G","Strike_G","Strike_G","Defend_G","Defend_G","Defend_G","Defend_G","Defend_G","Survivor","Neutralize","Predator","Blade Dance","Dagger Throw","After Image","Calculated Gamble+1","Prepared","Dash","Corpse Explosion","Bouncing Flask+1","Bullet Time","Backflip","Blade Dance","Tactician"],"relics":["HoveringKite","Mercury Hourglass","Unceasing Top","CeramicFish","Akabeko","Blood Vial","Art of War","Snake Skull","Ectoplasm"],"acts_visited":["Exordium","TheCity"],"potions_floor_usage":[6,21,21],"damage_taken":[{"damage":7,"enemies":"Jaw Worm","floor":1,"turns":7},{"damage":0,"enemies":"Cultist","floor":3,"turns":4},{"damage":7,"enemies":"Small Slimes","floor":5,"turns":2},{"damage":12,"enemies":"Lagavulin","floor":6,"turns":7},{"damage":13,"enemies":"Gremlin Nob","floor":8,"turns":4},{"damage":0,"enemies":"Exordium Wildlife","floor":10,"turns":3},{"damage":0,"enemies":"2 Fungi Beasts","floor":11,"turns":2},{"damage":3,"enemies":"3 Sentries","floor":12,"turns":6},{"damage":0,"enemies":"Blue Slaver","floor":13,"turns":3},{"damage":11,"enemies":"Hexaghost","floor":16,"turns":8},{"damage":19,"enemies":"Spheric Guardian","floor":18,"turns":4},{"damage":7,"enemies":"3 Byrds","floor":20,"turns":2},{"damage":29,"enemies":"Shelled Parasite and Fungi","floor":21,"turns":5}],"seed_played":"-2782163110458005784","potions_obtained":[{"floor":1,"key":"FearPotion"},{"floor":3,"key":"FairyPotion"},{"floor":6,"key":"FairyPotion"},{"floor":12,"key":"Ancient Potion"},{"floor":13,"key":"SkillPotion"},{"floor":16,"key":"Regen Potion"}],"is_trial":false,"path_per_floor":["M","?","M","T","M","E","R","E","T","M","M","E","M","$","R","B",null,"M","$","M","M"],"character_chosen":"THE_SILENT","items_purchased":["Art of War","Snake Skull","Blade Dance"],"campfire_rested":0,"item_purchase_floors":[14,14,19],"current_hp_per_floor":[52,52,52,52,45,33,33,20,20,20,20,17,19,19,19,10,52,35,35,30,17,17],"gold":22,"neow_bonus":"BOSS_RELIC","is_daily":false,"chose_seed":false,"campfire_upgraded":2,"win_rate":0.0,"timestamp":1610674420,"path_taken":["M","?","?","?","M","E","R","E","T","M","?","E","M","$","R","BOSS","M","$","M","M"],"items_purchased_type":["Relic","Relic","Card"],"build_version":"2020-12-18","purchased_purges":1,"victory":false,"max_hp_per_floor":[66,66,66,66,66,66,66,66,66,66,66,66,66,66,66,66,66,66,66,66,66,66],"card_choices":[{"not_picked":["Backflip","Setup"],"picked":"Predator","floor":1},{"not_picked":["Bane","Blade Dance"],"picked":"Dagger Throw","floor":3},{"not_picked":["Blade Dance","Outmaneuver"],"picked":"After Image","floor":5},{"not_picked":["Doppelganger","Riddle With Holes"],"picked":"Calculated Gamble","floor":6},{"not_picked":["Concentrate","Sucker Punch","Eviscerate"],"picked":"SKIP","floor":8},{"not_picked":["Dodge and Roll","Quick Slash"],"picked":"Prepared","floor":10},{"not_picked":["Finisher","Dodge and Roll"],"picked":"Dash","floor":11},{"not_picked":["Reflex","Concentrate"],"picked":"Corpse Explosion","floor":12},{"not_picked":["Quick Slash","Underhanded Strike"],"picked":"Bouncing Flask","floor":13},{"not_picked":["Grand Finale","A Thousand Cuts"],"picked":"Bullet Time","floor":16},{"not_picked":["Slice","Underhanded Strike"],"picked":"Backflip","floor":18},{"not_picked":["Deflect+1","Quick Slash"],"picked":"Tactician","floor":20}],"player_experience":691290,"relics_obtained":[{"floor":4,"key":"Mercury Hourglass"},{"floor":6,"key":"Unceasing Top"},{"floor":8,"key":"CeramicFish"},{"floor":9,"key":"Akabeko"},{"floor":12,"key":"Blood Vial"}],"event_choices":[{"damage_healed":0,"gold_gain":0,"player_choice":"1 cards matched","damage_taken":0,"max_hp_gain":0,"max_hp_loss":0,"event_name":"Match and Keep!","floor":2,"gold_loss":0,"cards_obtained":["Blade Dance"]}],"is_beta":true,"boss_relics":[{"not_picked":["Coffee Dripper","Tiny House"],"picked":"Ectoplasm"}],"items_purged_floors":[19],"is_endless":false,"potions_floor_spawned":[1,3,6,12,13,16,20],"killed_by":"Shelled Parasite and Fungi","ascension_level":15}}