{"host":"o5or1zybx7au40zl","time":1610734519,"event":{"mods":["Act Like it!","Aspiration","BaseMod","Better Third Choice","Conspire","Dota2Spire","GungeonMod","Halation","Hubris","Minty Spire (QoL Compilation)","Replay The Spire","StSLib","The Jungle","Yuri Mod","vexMod"],"gold_per_floor":[119,119,129,142,142,172,172,201,201,201,201,201,220,232,232,336,336,347,347,381,6,16,48,48,48,97,97,47,80,5,15,15,111,111,129,143,143,11,26,53,71,97,124,140,140,157,167,184,184,184,184],"floor_reached":50,"language":"ENG","playtime":1304,"items_purged":["Regret","hubris:Compulsion"],"score":602,"play_id":"89435e9b-bbd8-4266-9c8a-37ee046f5968","local_time":"20210115191519","is_ascension_mode":false,"campfire_choices":[{"floor":7,"key":"RECALL"},{"data":"hubris:Counter","floor":12,"key":"SMITH"},{"floor":15,"key":"DIG"},{"floor":24,"key":"REST"},{"data":"Riddle With Holes","floor":27,"key":"SMITH"},{"data":"Poisoned Stab","floor":32,"key":"SMITH"},{"floor":45,"key":"REST"},{"floor":49,"key":"REST"}],"circlet_count":0,"master_deck":["Strike_G","Strike_G","Strike_G","Strike_G","Strike_G","Defend_G","Defend_G","Defend_G+1","Defend_G","Defend_G","Survivor","Neutralize","Poisoned Stab+1","hubris:Counter+1","Dagger Throw","Quick Slash","Bane","Poisoned Stab+1","Corpse Explosion","AbeCurse","Flying Knee+1","Riddle With Holes+1","A Thousand Cuts+1","Toxin Wave","Crippling Poison+1","Leg Sweep+1","Glass Knife+1","Poisoned Stab+1","Dagger Spray+1","A Thousand Cuts+1","ReplayTheSpireMod:From All Sides+1","Riddle With Holes+1","Backstab+1","Blade Dance+1","Leg Sweep+1","Parasite","Flying Knee+1"],"relics":["Ring of the Snake","aspiration:Nostalgia","Cracked Core","Dota2Spire:PhaseBoots","hubris:SphereOfDissonance","MealTicket","Dota2Spire:BladeMail","Thread and Needle","vexMod:MysteryBossChallenge","Abe\u0027s Treasure","Kunai","Golden Egg","aspiration:VileToxins","hubris:Icosahedron","Dota2Spire:PowerTreads","hubris:VirtuousBlindfold","ReplayTheSpireMod:CursedCoin","Pocketwatch","halation:QuantumPhysicsTextbook","Nunchaku"],"acts_visited":["Exordium","Exordium","TheBeyond"],"potions_floor_usage":[11,20,23,29,33,41,42],"damage_taken":[{"damage":0,"enemies":"2 Louse","floor":1,"turns":3},{"damage":0,"enemies":"conspire:RoseBush","floor":3,"turns":2},{"damage":0,"enemies":"Cultist","floor":4,"turns":3},{"damage":4,"enemies":"Replay:BlueRogue","floor":6,"turns":5},{"damage":16,"enemies":"Gremlin Nob","floor":8,"turns":3},{"damage":6,"enemies":"Large Slime","floor":13,"turns":3},{"damage":0,"enemies":"2 Fungi Beasts","floor":14,"turns":2},{"damage":37,"enemies":"The Guardian","floor":16,"turns":9},{"damage":3,"enemies":"theJungle:MUSHROOMGANG","floor":18,"turns":4},{"damage":24,"enemies":"conspire:MimicChest","floor":20,"turns":5},{"damage":2,"enemies":"theJungle:Flameango_and_Byrd","floor":22,"turns":4},{"damage":14,"enemies":"theJungle:Cassacara","floor":23,"turns":5},{"damage":1,"enemies":"theJungle:MamaSnecko","floor":29,"turns":3},{"damage":0,"enemies":"theJungle:Lyon","floor":31,"turns":3},{"damage":47,"enemies":"theJungle:TotemBoss","floor":33,"turns":6},{"damage":0,"enemies":"3 Shapes","floor":35,"turns":2},{"damage":0,"enemies":"Orb Walker","floor":36,"turns":2},{"damage":28,"enemies":"Writhing Mass","floor":39,"turns":4},{"damage":14,"enemies":"Nemesis","floor":40,"turns":5},{"damage":6,"enemies":"Jaw Worm Horde","floor":41,"turns":3},{"damage":10,"enemies":"Giant Head","floor":42,"turns":6},{"damage":3,"enemies":"3 Darklings","floor":44,"turns":2},{"damage":4,"enemies":"4 Shapes","floor":46,"turns":2},{"damage":0,"enemies":"Spire Growth","floor":47,"turns":2},{"damage":0,"enemies":"Writhing Mass","floor":48,"turns":4},{"damage":62,"enemies":"conspire:OrnateMirror","floor":50,"turns":6}],"seed_played":"7577896342165510883","potions_obtained":[{"floor":4,"key":"Energy Potion"},{"floor":11,"key":"Fire Potion"},{"floor":11,"key":"Fruit Juice"},{"floor":11,"key":"Flashbang"},{"floor":20,"key":"Energy Potion"},{"floor":22,"key":"Toxic Potion"},{"floor":23,"key":"LiquidBronze"},{"floor":40,"key":"LiquidMemories"},{"floor":41,"key":"Milkshake"},{"floor":42,"key":"FearPotion"},{"floor":44,"key":"Strength Potion"}],"is_trial":false,"path_per_floor":["M","?","M","M","?","E","R","E","T","?","?","R","M","M","R","B",null,"M","?","?","$","M","E","R","?","T","R","?","E","$","M","R","B",null,"M","M","?","$","M","E","M","E","T","M","R","M","M","M","R","B"],"character_chosen":"THE_SILENT","items_purchased":["Golden Egg","A Thousand Cuts","ReplayTheSpireMod:CursedCoin","ReplayTheSpireMod:From All Sides","Riddle With Holes"],"campfire_rested":3,"item_purchase_floors":[21,21,38,38,38],"current_hp_per_floor":[70,70,70,70,70,66,66,50,50,50,55,55,49,49,49,12,75,72,72,48,63,61,47,69,69,69,69,69,68,75,75,75,28,75,75,75,75,75,47,33,27,17,17,14,36,32,32,32,54,0,0],"gold":184,"neow_bonus":"NOSTALGIA","is_daily":false,"chose_seed":false,"campfire_upgraded":3,"win_rate":0.0,"timestamp":1610734519,"path_taken":["M","?","M","M","?","E","R","E","T","?","?","R","M","?","R","BOSS","M","?","?","$","M","E","R","?","T","R","?","E","?","?","R","BOSS","M","M","?","?","M","E","M","E","T","M","R","M","M","M","R","BOSS"],"items_purchased_type":["Relic","Card","Relic","Card","Card"],"build_version":"2020-12-22","purchased_purges":2,"victory":false,"max_hp_per_floor":[70,70,70,70,70,70,70,70,70,70,75,75,75,75,75,75,75,75,75,75,75,75,75,75,75,75,75,75,75,75,75,75,75,75,75,75,75,75,75,75,75,75,75,75,75,75,75,75,75,75,75],"card_choices":[{"not_picked":["Flying Knee","hubris:Sniper"],"picked":"Poisoned Stab","floor":1},{"not_picked":["Acrobatics","Dodge and Roll"],"picked":"hubris:Counter","floor":3},{"not_picked":["Fluid Movement","Underhanded Strike"],"picked":"Dagger Throw","floor":4},{"not_picked":["Deflect","Noxious Fumes"],"picked":"Quick Slash","floor":6},{"not_picked":["Blade Dance","ReplayTheSpireMod:Tripwire"],"picked":"Bane","floor":8},{"not_picked":["Deflect","Flechettes"],"picked":"Poisoned Stab","floor":13},{"not_picked":["Hidden Blade","Deflect","Backflip"],"picked":"SKIP","floor":14},{"not_picked":["Burst","Doppelganger"],"picked":"Corpse Explosion","floor":16},{"not_picked":["Deflect","Quick Slash"],"picked":"Flying Knee+1","floor":18},{"not_picked":["Sucker Punch","Acrobatics"],"picked":"Riddle With Holes","floor":20},{"not_picked":["ReplayTheSpireMod:The Works","ReplayTheSpireMod:Exploit Weakness"],"picked":"Toxin Wave","floor":22},{"not_picked":["Unload","ReplayTheSpireMod:Tripwire"],"picked":"Crippling Poison+1","floor":23},{"not_picked":["Night Terror","Outmaneuver+1","Distraction"],"picked":"SKIP","floor":29},{"not_picked":["Calculated Gamble","Well Laid Plans"],"picked":"Leg Sweep+1","floor":31},{"not_picked":["Replay:Bag of Tricks","Grand Finale"],"picked":"Glass Knife","floor":33},{"not_picked":["Slice","hubris:Sniper+1"],"picked":"Poisoned Stab+1","floor":35},{"not_picked":["Flying Knee","PiercingWail"],"picked":"Dagger Spray+1","floor":36},{"not_picked":["Acrobatics","Choke"],"picked":"Backstab+1","floor":39},{"not_picked":["Prepared+1","Bullet Time"],"picked":"Blade Dance+1","floor":40},{"not_picked":["Slice+1","hubris:Sniper","Blade Dance"],"picked":"SKIP","floor":41},{"not_picked":["Noxious Fumes","hubris:SlightOfHand","Hidden Blade"],"picked":"SKIP","floor":42},{"not_picked":["Backflip","PiercingWail+1"],"picked":"Leg Sweep+1","floor":44},{"not_picked":["Hidden Blade+1","Underhanded Strike","Predator+1"],"picked":"SKIP","floor":46},{"not_picked":["Acrobatics+1","ReplayTheSpireMod:Speed Training","Outmaneuver"],"picked":"SKIP","floor":47},{"not_picked":["Dagger Spray","ReplayTheSpireMod:Scrap Shanks+1"],"picked":"Flying Knee+1","floor":48}],"player_experience":969007,"relics_obtained":[{"floor":6,"key":"hubris:SphereOfDissonance"},{"floor":8,"key":"MealTicket"},{"floor":9,"key":"Dota2Spire:BladeMail"},{"floor":15,"key":"Thread and Needle"},{"floor":20,"key":"Kunai"},{"floor":23,"key":"aspiration:VileToxins"},{"floor":29,"key":"Dota2Spire:PowerTreads"},{"floor":40,"key":"Pocketwatch"},{"floor":42,"key":"halation:QuantumPhysicsTextbook"},{"floor":43,"key":"Nunchaku"}],"event_choices":[{"damage_healed":0,"gold_gain":0,"player_choice":"Grow","damage_taken":0,"max_hp_gain":0,"max_hp_loss":0,"event_name":"Living Wall","floor":2,"gold_loss":0,"cards_upgraded":["Poisoned Stab"]},{"damage_healed":0,"gold_gain":0,"player_choice":"Box","damage_taken":0,"relics_obtained":["Dota2Spire:PhaseBoots"],"max_hp_gain":0,"max_hp_loss":0,"event_name":"Big Fish","floor":5,"gold_loss":0,"cards_obtained":["Regret"]},{"damage_healed":0,"gold_gain":0,"player_choice":"Got Potions","damage_taken":0,"max_hp_gain":0,"max_hp_loss":0,"event_name":"Lab","floor":11,"gold_loss":0},{"damage_healed":0,"gold_gain":0,"player_choice":"Copied","damage_taken":0,"max_hp_gain":0,"max_hp_loss":0,"event_name":"Duplicator","floor":37,"gold_loss":0,"cards_obtained":["A Thousand Cuts"]}],"is_beta":false,"boss_relics":[{"not_picked":["conspire:RoyalGoblet","HoveringKite"],"picked":"vexMod:MysteryBossChallenge"},{"not_picked":["ChewingGum","halation:PlatinumPhoenix"],"picked":"hubris:VirtuousBlindfold"}],"items_purged_floors":[30,38],"is_endless":false,"potions_floor_spawned":[4,13,14,20,22,23,40,41,42,44],"killed_by":"conspire:OrnateMirror","ascension_level":0}}