{"host":"3oax8yz66k5njorr","time":1610694607,"event":{"mods":["AchievementEnabler","BaseMod","Colored Map","Colored Powertips","DeckTracker","Minty Spire (QoL Compilation)","Rare Cards Sparkle"],"gold_per_floor":[115,135,150,160,170,170,189,189,189,203,222,222,222,70,70,173,173,186,186,45,45,61,76,96,115,115,130,130,23,38,54,54,54,54],"floor_reached":33,"language":"KOR","playtime":1413,"items_purged":["Strike_G"],"score":272,"play_id":"abadf388-84e9-4930-97c4-f4ff09e46a4b","local_time":"20210115161007","is_ascension_mode":false,"campfire_choices":[{"data":"Deadly Poison","floor":6,"key":"SMITH"},{"data":"Bane","floor":8,"key":"SMITH"},{"data":"Bouncing Flask","floor":13,"key":"SMITH"},{"floor":15,"key":"REST"},{"floor":32,"key":"REST"}],"circlet_count":0,"master_deck":["Strike_G","Strike_G","Strike_G","Defend_G","Defend_G","Defend_G","Defend_G","Defend_G","Survivor","Neutralize","Deadly Poison+1","Dodge and Roll","Cloak And Dagger","Quick Slash","Bane+1","Bouncing Flask+1","Poisoned Stab","Deflect","Well Laid Plans","Adrenaline","Catalyst","Footwork","Ghostly","Ghostly","Ghostly","Ghostly","Ghostly","Dash","Crippling Poison","Backflip+1","Well Laid Plans+1","Footwork","Backflip+1","Dodge and Roll+1"],"relics":["Ring of the Snake","Shuriken","Sozu","Toxic Egg 2","Smiling Mask"],"acts_visited":["Exordium","TheCity"],"potions_floor_usage":[22,22,33],"damage_taken":[{"damage":2,"enemies":"2 Louse","floor":1,"turns":3},{"damage":0,"enemies":"Cultist","floor":2,"turns":4},{"damage":0,"enemies":"Jaw Worm","floor":3,"turns":4},{"damage":6,"enemies":"Looter","floor":4,"turns":3},{"damage":7,"enemies":"Large Slime","floor":5,"turns":7},{"damage":7,"enemies":"Red Slaver","floor":7,"turns":3},{"damage":8,"enemies":"Blue Slaver","floor":10,"turns":3},{"damage":8,"enemies":"2 Fungi Beasts","floor":11,"turns":3},{"damage":41,"enemies":"The Guardian","floor":16,"turns":8},{"damage":0,"enemies":"Spheric Guardian","floor":18,"turns":3},{"damage":3,"enemies":"2 Thieves","floor":22,"turns":5},{"damage":5,"enemies":"Centurion and Healer","floor":23,"turns":8},{"damage":0,"enemies":"Snake Plant","floor":24,"turns":4},{"damage":1,"enemies":"Sentry and Sphere","floor":25,"turns":6},{"damage":16,"enemies":"Cultist and Chosen","floor":27,"turns":7},{"damage":6,"enemies":"Chosen and Byrds","floor":30,"turns":6},{"damage":0,"enemies":"Shelled Parasite and Fungi","floor":31,"turns":5},{"damage":37,"enemies":"Collector","floor":33,"turns":6}],"seed_played":"-2814841489476729066","potions_obtained":[{"floor":2,"key":"Ancient Potion"},{"floor":7,"key":"SmokeBomb"},{"floor":10,"key":"SneckoOil"},{"floor":11,"key":"PowerPotion"},{"floor":16,"key":"Swift Potion"}],"is_trial":false,"path_per_floor":["M","M","M","M","M","R","M","R","T","M","M","?","R","$","R","B",null,"M","?","$","?","M","M","M","M","T","M","?","$","M","M","R","B"],"character_chosen":"THE_SILENT","items_purchased":["Well Laid Plans","Catalyst","Footwork","Footwork","Backflip+1"],"campfire_rested":2,"item_purchase_floors":[14,20,20,29,29],"current_hp_per_floor":[68,68,68,62,55,55,48,48,48,40,32,32,32,32,53,12,70,70,57,57,37,34,29,29,28,28,12,12,12,6,6,17,0,0],"gold":54,"neow_bonus":"THREE_CARDS","is_daily":false,"chose_seed":false,"campfire_upgraded":3,"win_rate":0.0,"timestamp":1610694607,"path_taken":["M","M","M","M","M","R","M","R","T","M","M","?","R","$","R","BOSS","M","?","$","?","M","M","M","M","T","M","?","$","M","M","R","BOSS"],"items_purchased_type":["Card","Card","Card","Card","Card"],"build_version":"2020-12-22","purchased_purges":1,"victory":false,"max_hp_per_floor":[70,70,70,70,70,70,70,70,70,70,70,70,70,70,70,70,70,70,75,75,37,37,37,37,37,37,37,37,37,37,37,37,37,37],"card_choices":[{"not_picked":["Skewer","Terror"],"picked":"Deadly Poison","floor":0},{"not_picked":["Deadly Poison","Acrobatics"],"picked":"Dodge and Roll","floor":1},{"not_picked":["Flying Knee","Sucker Punch"],"picked":"Cloak And Dagger","floor":2},{"not_picked":["Noxious Fumes","Cloak And Dagger"],"picked":"Quick Slash","floor":3},{"not_picked":["Distraction","Slice"],"picked":"Bane","floor":4},{"not_picked":["Outmaneuver","Endless Agony"],"picked":"Bouncing Flask","floor":5},{"not_picked":["Malaise","Underhanded Strike"],"picked":"Poisoned Stab","floor":7},{"not_picked":["Outmaneuver","Poisoned Stab","Underhanded Strike"],"picked":"SKIP","floor":10},{"not_picked":["Outmaneuver","Deadly Poison"],"picked":"Deflect","floor":11},{"not_picked":["Phantasmal Killer","Storm of Steel"],"picked":"Adrenaline","floor":16},{"not_picked":["Bane+1","Cloak And Dagger","Flechettes"],"picked":"SKIP","floor":18},{"not_picked":["Riddle With Holes","Dagger Spray"],"picked":"Dash","floor":22},{"not_picked":["Bouncing Flask","Reflex"],"picked":"Crippling Poison","floor":23},{"not_picked":["Slice+1","Bane"],"picked":"Backflip+1","floor":24},{"not_picked":["Calculated Gamble","Outmaneuver","Dagger Spray+1"],"picked":"SKIP","floor":25},{"not_picked":["Acrobatics+1","PiercingWail+1"],"picked":"Well Laid Plans+1","floor":27},{"not_picked":["Dagger Throw+1","Blade Dance+1"],"picked":"Dodge and Roll+1","floor":30},{"not_picked":["Skewer","Bane","Masterful Stab"],"picked":"SKIP","floor":31}],"player_experience":53284,"relics_obtained":[{"floor":9,"key":"Shuriken"},{"floor":26,"key":"Toxic Egg 2"}],"event_choices":[{"cards_removed":["Strike_G"],"damage_healed":0,"gold_gain":0,"player_choice":"Purged","damage_taken":0,"max_hp_gain":0,"max_hp_loss":0,"event_name":"Purifier","floor":12,"gold_loss":0},{"damage_healed":0,"gold_gain":0,"player_choice":"Shed Blood","damage_taken":18,"max_hp_gain":5,"max_hp_loss":0,"event_name":"Forgotten Altar","floor":19,"gold_loss":0},{"damage_healed":0,"gold_gain":0,"player_choice":"Became a Ghost","damage_taken":0,"max_hp_gain":0,"max_hp_loss":38,"event_name":"Ghosts","floor":21,"gold_loss":0,"cards_obtained":["Ghostly","Ghostly","Ghostly","Ghostly","Ghostly"]},{"damage_healed":0,"gold_gain":0,"player_choice":"Opened","damage_taken":0,"relics_obtained":["Smiling Mask"],"max_hp_gain":0,"max_hp_loss":0,"event_name":"The Mausoleum","floor":28,"gold_loss":0}],"is_beta":false,"boss_relics":[{"not_picked":["Snecko Eye","Cursed Key"],"picked":"Sozu"}],"items_purged_floors":[14],"is_endless":false,"potions_floor_spawned":[2,7,10,11,16,22,23,30],"killed_by":"Collector","ascension_level":0}}