{"host":"201alm3szw4w07u0","time":1610717945,"event":{"mods":["AchievementEnabler","BaseMod","Colored Map","Colored Powertips","Minty Spire (QoL Compilation)","Quick Restart","StSLib","SuperFastMode"],"gold_per_floor":[115,115,128,128,128,156,228,228,251,266,283,301,336,336,336,336,336],"floor_reached":16,"language":"KOR","playtime":567,"items_purged":[],"score":110,"play_id":"d9cebd7b-62b2-47a2-8853-fadc105f4e01","local_time":"20210115223905","is_ascension_mode":false,"campfire_choices":[{"data":"Cleave","floor":8,"key":"SMITH"},{"floor":15,"key":"REST"}],"circlet_count":0,"master_deck":["Strike_R","Strike_R","Strike_R","Strike_R","Strike_R","Defend_R","Defend_R","Bash+1","Cleave+1","Iron Wave","Perfected Strike"],"relics":["Burning Blood","Bag of Marbles","Smiling Mask","Letter Opener"],"acts_visited":["Exordium"],"potions_floor_usage":[16,16,16],"damage_taken":[{"damage":18,"enemies":"Jaw Worm","floor":1,"turns":3},{"damage":0,"enemies":"Small Slimes","floor":3,"turns":3},{"damage":44,"enemies":"3 Sentries","floor":6,"turns":7},{"damage":0,"enemies":"Cultist","floor":10,"turns":2},{"damage":5,"enemies":"Looter","floor":11,"turns":2},{"damage":8,"enemies":"Red Slaver","floor":12,"turns":2},{"damage":36,"enemies":"Lagavulin","floor":13,"turns":5},{"damage":42,"enemies":"Hexaghost","floor":16,"turns":8}],"seed_played":"5424094349475851990","potions_obtained":[{"floor":3,"key":"Block Potion"},{"floor":10,"key":"Swift Potion"},{"floor":12,"key":"DuplicationPotion"}],"is_trial":false,"path_per_floor":["M","?","M","$","?","E","?","R","T","M","M","M","E","?","R","B"],"character_chosen":"IRONCLAD","items_purchased":[],"campfire_rested":1,"item_purchase_floors":[],"current_hp_per_floor":[68,73,79,79,79,41,41,41,41,47,48,46,16,16,41,0,0],"gold":336,"neow_bonus":"UPGRADE_CARD","is_daily":false,"chose_seed":false,"campfire_upgraded":1,"win_rate":0.0,"timestamp":1610717945,"path_taken":["M","?","M","$","?","E","?","R","T","M","M","?","E","?","R","BOSS"],"items_purchased_type":[],"build_version":"2020-12-22","purchased_purges":0,"victory":false,"max_hp_per_floor":[80,85,85,85,85,85,85,85,85,85,85,85,85,85,85,85,85],"card_choices":[{"not_picked":["Pommel Strike","Entrench"],"picked":"Cleave","floor":1},{"not_picked":["Havoc","True Grit","Dropkick"],"picked":"SKIP","floor":3},{"not_picked":["Pummel","Blood for Blood","Corruption"],"picked":"SKIP","floor":6},{"not_picked":["Thunderclap","Pommel Strike","Anger"],"picked":"SKIP","floor":10},{"not_picked":["Shockwave","Clothesline","Pummel"],"picked":"SKIP","floor":11},{"not_picked":["Headbutt","Cleave"],"picked":"Perfected Strike","floor":12},{"not_picked":["Rupture","Impervious","Flex"],"picked":"SKIP","floor":13}],"player_experience":487163,"relics_obtained":[{"floor":6,"key":"Bag of Marbles"},{"floor":9,"key":"Smiling Mask"},{"floor":13,"key":"Letter Opener"}],"event_choices":[{"damage_healed":0,"gold_gain":0,"player_choice":"Donut","damage_taken":0,"max_hp_gain":5,"max_hp_loss":0,"event_name":"Big Fish","floor":2,"gold_loss":0},{"damage_healed":0,"gold_gain":0,"cards_transformed":["Defend_R"],"player_choice":"Change","damage_taken":0,"max_hp_gain":0,"max_hp_loss":0,"event_name":"Living Wall","floor":5,"gold_loss":0,"cards_obtained":["Iron Wave"]},{"damage_healed":0,"gold_gain":72,"player_choice":"Gained Gold","damage_taken":0,"max_hp_gain":0,"max_hp_loss":0,"event_name":"Golden Wing","floor":7,"gold_loss":0},{"cards_removed":["Defend_R"],"damage_healed":0,"gold_gain":0,"player_choice":"Purged","damage_taken":0,"max_hp_gain":0,"max_hp_loss":0,"event_name":"Purifier","floor":14,"gold_loss":0}],"is_beta":false,"boss_relics":[],"items_purged_floors":[],"is_endless":false,"potions_floor_spawned":[3,10,12],"killed_by":"Hexaghost","ascension_level":0}}