{"host":"Rich","time":1610679731,"event":{"mods":["AchievementEnabler","BaseMod","Highlight Path","Minty Spire (QoL Compilation)","Relic Stats"],"gold_per_floor":[118,134,134,151,151,182,182,200,200,200,216,243,255,286,286,286,286],"floor_reached":16,"language":"ENG","playtime":552,"items_purged":[],"score":244,"play_id":"5cf0cf00-5b61-4783-b686-620076c739a4","local_time":"20210114220211","is_ascension_mode":true,"campfire_choices":[{"data":"Cloak And Dagger","floor":7,"key":"SMITH"},{"floor":10,"key":"REST"},{"floor":15,"key":"REST"}],"circlet_count":0,"master_deck":["AscendersBane","Strike_G","Strike_G","Strike_G","Strike_G","Defend_G","Defend_G","Defend_G","Defend_G","Defend_G","Survivor","Neutralize","Dagger Spray","Dagger Spray","Sucker Punch","Cloak And Dagger+1","Backflip","Terror","Leg Sweep","Quick Slash","Blur"],"relics":["Ring of the Snake","NeowsBlessing","Turnip","Kunai","Ornamental Fan","WingedGreaves"],"acts_visited":["Exordium"],"potions_floor_usage":[6,13,14,16],"damage_taken":[{"damage":0,"enemies":"Cultist","floor":1,"turns":1},{"damage":0,"enemies":"Small Slimes","floor":2,"turns":1},{"damage":0,"enemies":"Jaw Worm","floor":4,"turns":1},{"damage":27,"enemies":"3 Sentries","floor":6,"turns":9},{"damage":11,"enemies":"Gremlin Gang","floor":8,"turns":4},{"damage":1,"enemies":"3 Louse","floor":11,"turns":2},{"damage":13,"enemies":"Lagavulin","floor":12,"turns":7},{"damage":0,"enemies":"Looter","floor":13,"turns":2},{"damage":18,"enemies":"Gremlin Nob","floor":14,"turns":4},{"damage":35,"enemies":"Slime Boss","floor":16,"turns":14}],"seed_played":"3318866188005571401","potions_obtained":[{"floor":2,"key":"SpeedPotion"},{"floor":4,"key":"Fruit Juice"},{"floor":8,"key":"Block Potion"},{"floor":13,"key":"Ancient Potion"},{"floor":14,"key":"SmokeBomb"}],"is_trial":false,"path_per_floor":["M","M","?","M","?","E","R","M","T","R","M","E","M","E","R","B"],"character_chosen":"THE_SILENT","items_purchased":[],"campfire_rested":2,"item_purchase_floors":[],"current_hp_per_floor":[59,59,59,59,59,32,32,21,21,40,39,26,26,8,27,0,0],"gold":286,"neow_bonus":"THREE_ENEMY_KILL","is_daily":false,"chose_seed":false,"campfire_upgraded":1,"win_rate":0.0,"timestamp":1610679731,"path_taken":["M","?","?","M","?","E","R","M","T","R","?","E","M","E","R","BOSS"],"items_purchased_type":[],"build_version":"2020-12-18","purchased_purges":0,"victory":false,"max_hp_per_floor":[66,66,66,66,66,66,66,66,66,66,66,66,66,66,66,71,71],"relic_stats":{"counters":[10,45],"Ornamental Fan":[36],"Turnip":[18],"Kunai":[14],"obtain_stats":[{"NeowsBlessing":0,"Ornamental Fan":12,"Turnip":6,"WingedGreaves":14,"Kunai":9,"Ring of the Snake":0},{"NeowsBlessing":0,"Ornamental Fan":7,"Turnip":4,"WingedGreaves":9,"Kunai":5,"Ring of the Snake":0},{"NeowsBlessing":0,"Ornamental Fan":25,"Turnip":12,"WingedGreaves":31,"Kunai":16,"Ring of the Snake":0}],"Ring of the Snake":[20]},"card_choices":[{"not_picked":["Slice","Flechettes"],"picked":"Dagger Spray","floor":1},{"not_picked":["Accuracy","Cloak And Dagger"],"picked":"Dagger Spray","floor":2},{"not_picked":["Prepared","Slice"],"picked":"Sucker Punch","floor":4},{"not_picked":["PiercingWail","Sucker Punch"],"picked":"Cloak And Dagger","floor":6},{"not_picked":["Flying Knee","Deadly Poison"],"picked":"Backflip","floor":8},{"not_picked":["Quick Slash","Phantasmal Killer"],"picked":"Terror","floor":11},{"not_picked":["Sucker Punch","Cloak And Dagger"],"picked":"Leg Sweep","floor":12},{"not_picked":["Concentrate","Setup"],"picked":"Quick Slash","floor":13},{"not_picked":["Flechettes","Quick Slash"],"picked":"Blur","floor":14}],"player_experience":1990955,"relics_obtained":[{"floor":6,"key":"Turnip"},{"floor":9,"key":"Kunai"},{"floor":12,"key":"Ornamental Fan"},{"floor":14,"key":"WingedGreaves"}],"event_choices":[{"damage_healed":0,"gold_gain":0,"player_choice":"Ignored","damage_taken":0,"max_hp_gain":0,"max_hp_loss":0,"event_name":"Liars Game","floor":3,"gold_loss":0},{"cards_removed":["Strike_G"],"damage_healed":0,"gold_gain":0,"player_choice":"Purged","damage_taken":0,"max_hp_gain":0,"max_hp_loss":0,"event_name":"Purifier","floor":5,"gold_loss":0}],"is_beta":true,"boss_relics":[],"items_purged_floors":[],"is_endless":false,"potions_floor_spawned":[2,4,8,13,14],"killed_by":"Slime Boss","ascension_level":20}}