{"host":"8i4doyxqctgl5qb0","time":1610691581,"event":{"mods":["AchievementEnabler","BaseMod","Block Reminder","Colored Powertips","Downfall","Minty Spire (QoL Compilation)","Permanent Neow","Potion Indicator Mod","Rare Cards Sparkle","StSLib","SuperFastMode","The Jungle"],"gold_per_floor":[368,368,0,19,32,32,46,46,97,97,107,121,22,39,39,141,141,157,175,175,90,106,106,125,125,125,225,225,238,251,251,251,251,251],"floor_reached":33,"language":"ZHS","playtime":750,"items_purged":["Decay"],"score":374,"play_id":"efec0869-cea1-45ab-8cbd-aafe092682ac","local_time":"20210115141941","is_ascension_mode":true,"campfire_choices":[{"floor":6.0,"key":"REST"},{"data":"Sunder","floor":10.0,"key":"SMITH"},{"floor":15.0,"key":"REST"},{"floor":23,"key":"REST"},{"floor":25,"key":"REST"},{"data":"Rainbow","floor":28,"key":"SMITH"},{"floor":32,"key":"REST"}],"circlet_count":0,"master_deck":["AscendersBane","Strike_B","Strike_B","Strike_B","Strike_B","Defend_B","Defend_B","Defend_B","Defend_B","Zap","Dualcast","Tempest","Sunder+1","Barrage","Heatsinks","Defragment","Tempest","Aggregate","Reinforced Body","Defragment","Bandage Up","Go for the Eyes","Rainbow+1","Ball Lightning+1","Aggregate+1","Conserve Battery","Glacier+1","Skim+1"],"relics":["Cracked Core","Membership Card","Mango","Art of War","Nuclear Battery","Nilry\u0027s Codex","Centennial Puzzle","Toxic Egg 2","Calipers"],"acts_visited":["Exordium","TheCity"],"potions_floor_usage":[22,33],"damage_taken":[{"damage":23.0,"enemies":"Small Slimes","floor":1.0,"turns":4.0},{"damage":6.0,"enemies":"Cultist","floor":4.0,"turns":3.0},{"damage":9.0,"enemies":"Jaw Worm","floor":5.0,"turns":3.0},{"damage":20.0,"enemies":"Exordium Thugs","floor":7.0,"turns":4.0},{"damage":26.0,"enemies":"Large Slime","floor":11.0,"turns":6.0},{"damage":8.0,"enemies":"Blue Slaver","floor":12.0,"turns":2.0},{"damage":11.0,"enemies":"Looter","floor":14.0,"turns":2.0},{"damage":39.0,"enemies":"Hexaghost","floor":16.0,"turns":12.0},{"damage":24.0,"enemies":"Chosen","floor":18.0,"turns":4.0},{"damage":6.0,"enemies":"2 Thieves","floor":19.0,"turns":2.0},{"damage":16,"enemies":"Sentry and Sphere","floor":22,"turns":4},{"damage":12,"enemies":"Snecko","floor":24,"turns":4},{"damage":25,"enemies":"Chosen and Byrds","floor":29,"turns":6},{"damage":6,"enemies":"3 Cultists","floor":30,"turns":4},{"damage":71,"enemies":"Collector","floor":33,"turns":7}],"seed_played":"-3204844149295593001","potions_obtained":[{"floor":7.0,"key":"Swift Potion"},{"floor":11.0,"key":"EntropicBrew"},{"floor":14.0,"key":"CultistPotion"},{"floor":18.0,"key":"Explosive Potion"},{"floor":19.0,"key":"champ:CounterPotion"},{"floor":30,"key":"FearPotion"}],"is_trial":false,"path_per_floor":["M","?","$","M","M","R","M","?","T","R","M","M","$","M","R","B",null,"M","M","?","?","M","R","M","R","T","?","R","M","M","?","R","B"],"character_chosen":"DEFECT","items_purchased":["Membership Card","Mango","Sunder","Reinforced Body","Defragment","Bandage Up"],"campfire_rested":5,"item_purchase_floors":[3,3,3,13,13,13],"current_hp_per_floor":[45,45,59,53,44,70,50,50,50,50,24,16,16,9,35,12,70,50,48,32,32,20,46,38,64,64,64,64,43,37,37,63,0,0],"gold":251,"neow_bonus":"TWO_FIFTY_GOLD","is_daily":false,"chose_seed":false,"campfire_upgraded":2,"win_rate":0.0,"timestamp":1610691581,"path_taken":["M","?","$","M","M","R","?","?","T","R","M","M","$","?","R","BOSS","M","M","?","?","M","R","M","R","T","?","R","M","?","?","R","BOSS"],"items_purchased_type":["Relic","Relic","Card","Card","Card","Card"],"build_version":"2020-12-22","purchased_purges":1,"victory":false,"max_hp_per_floor":[75,75,89,89,89,89,89,89,89,89,89,89,89,89,89,89,89,89,89,89,89,89,89,89,89,89,89,89,89,89,89,89,89,89],"card_choices":[{"not_picked":["Coolheaded","Stack"],"picked":"Tempest","floor":1.0},{"not_picked":["Genetic Algorithm","Rebound"],"picked":"Barrage","floor":4.0},{"not_picked":["Compile Driver","Cold Snap"],"picked":"Heatsinks","floor":5.0},{"not_picked":["Conserve Battery","Darkness"],"picked":"Defragment","floor":7.0},{"not_picked":["Streamline","Fission"],"picked":"Tempest","floor":11.0},{"not_picked":["Gash","Recycle"],"picked":"Aggregate","floor":12.0},{"not_picked":["Rip and Tear","Barrage"],"picked":"Go for the Eyes","floor":14.0},{"not_picked":["Thunder Strike","Meteor Strike"],"picked":"Rainbow","floor":16.0},{"not_picked":["Recycle+1","Stack"],"picked":"Ball Lightning+1","floor":18.0},{"not_picked":["Doom and Gloom","Compile Driver"],"picked":"Aggregate+1","floor":19.0},{"not_picked":["Streamline","Go for the Eyes","Rebound"],"picked":"SKIP","floor":22},{"not_picked":["Barrage","Ball Lightning+1"],"picked":"Conserve Battery","floor":24},{"not_picked":["Static Discharge+1","Skim+1"],"picked":"Glacier+1","floor":29},{"not_picked":["Streamline","Rebound"],"picked":"Skim+1","floor":30}],"player_experience":196959,"relics_obtained":[{"floor":9.0,"key":"Art of War"},{"floor":20.0,"key":"Nilry\u0027s Codex"},{"floor":26,"key":"Toxic Egg 2"}],"event_choices":[{"damage_healed":0.0,"max_hp_gain":0.0,"max_hp_loss":0.0,"gold_gain":0.0,"event_name":"Wheel of Change","player_choice":"Cursed","floor":2.0,"gold_loss":0.0,"damage_taken":0.0,"cards_obtained":["Decay"]},{"cards_removed":["Injury"],"damage_healed":0.0,"max_hp_gain":0.0,"max_hp_loss":0.0,"gold_gain":0.0,"event_name":"Purifier","player_choice":"Purged","floor":8.0,"gold_loss":0.0,"damage_taken":0.0},{"damage_healed":0.0,"max_hp_gain":0.0,"max_hp_loss":0.0,"gold_gain":0.0,"event_name":"Cursed Tome","player_choice":"Obtained Book","floor":20.0,"gold_loss":0.0,"damage_taken":16.0},{"damage_healed":0.0,"max_hp_gain":0.0,"max_hp_loss":0.0,"gold_gain":0.0,"event_name":"Addict","player_choice":"Obtained Relic","floor":21.0,"gold_loss":85.0,"damage_taken":0.0,"relics_obtained":["Centennial Puzzle"]},{"damage_healed":0,"gold_gain":100,"player_choice":"Pray","damage_taken":0,"max_hp_gain":0,"max_hp_loss":0,"event_name":"Golden Shrine","floor":27,"gold_loss":0},{"damage_healed":0,"gold_gain":0,"player_choice":"Gave Potion","damage_taken":0,"relics_obtained":["Calipers"],"max_hp_gain":0,"max_hp_loss":0,"event_name":"WeMeetAgain","floor":31,"gold_loss":0}],"is_beta":false,"boss_relics":[{"not_picked":["Coffee Dripper","Fusion Hammer"],"picked":"Nuclear Battery"}],"items_purged_floors":[3],"is_endless":false,"potions_floor_spawned":[7,11,14,18,19,30],"killed_by":"Collector","ascension_level":11}}