{"host":"ct28ocsd8g8yr2ah","time":1610732540,"event":{"mods":["BaseMod","Better Third Choice","Hermit","KinomotoSakuraMod(????)","Koishi","Marisa????????","Minty Spire (QoL Compilation)","Reimu??????","Remilia??????","StSLib","The Animator","The Gatherer","The Servant 0.9.4","Waifu the Spire"],"gold_per_floor":[211,241,256,15,39,39,39],"floor_reached":6,"language":"RUS","playtime":417,"items_purged":[],"score":38,"play_id":"7d321a49-89f7-4176-bfe3-122f65482d3a","local_time":"20210115224220","is_ascension_mode":false,"campfire_choices":[],"circlet_count":0,"master_deck":["animator:Strike_HitsugiNoChaika","animator:Defend_HitsugiNoChaika","animator:Strike","animator:Strike","animator:Strike","animator:Defend","animator:Defend","animator:Defend","animator:AcuraAkari","animator:Gillette","animator:ChlammyZell","animator:Evileye","animator:DolaSchwi","animator:ChaikaTrabant","animator:ChlammyZell","animator:Viivi"],"relics":["animator:LivingPicture","animator:TheMissingPiece"],"acts_visited":["Exordium"],"potions_floor_usage":[6,6],"damage_taken":[{"damage":7,"enemies":"Small Slimes","floor":1,"turns":3},{"damage":0,"enemies":"2 Louse","floor":2,"turns":3},{"damage":18,"enemies":"Jaw Worm","floor":3,"turns":4},{"damage":16,"enemies":"2 Fungi Beasts","floor":5,"turns":3},{"damage":26,"enemies":"Lagavulin","floor":6,"turns":3}],"seed_played":"3107530178356403318","potions_obtained":[{"floor":3,"key":"PowerPotion"},{"floor":5,"key":"BlessingOfTheForge"}],"is_trial":false,"path_per_floor":["M","M","M","$","M","E"],"character_chosen":"THE_ANIMATOR","items_purchased":["animator:ChaikaTrabant","animator:ChlammyZell"],"campfire_rested":0,"item_purchase_floors":[4,4],"current_hp_per_floor":[59,59,41,41,25,0,0],"gold":39,"neow_bonus":"HUNDRED_GOLD","is_daily":false,"chose_seed":false,"campfire_upgraded":0,"win_rate":0.0,"timestamp":1610732540,"path_taken":["M","M","M","$","M","E"],"items_purchased_type":["Card","Card"],"build_version":"2020-12-22","purchased_purges":0,"victory":false,"max_hp_per_floor":[66,66,66,66,66,66,66],"card_choices":[{"not_picked":["animator:TukaLunaMarceau","animator:Raven"],"picked":"animator:ChlammyZell","floor":1},{"not_picked":["animator:Guy","animator:Shuna"],"picked":"animator:Evileye","floor":2},{"not_picked":["animator:RoryMercury","animator:Genos"],"picked":"animator:DolaSchwi","floor":3},{"not_picked":["animator:Fredrika","animator:ChaikaBohdan"],"picked":"animator:Viivi","floor":5}],"player_experience":537363,"relics_obtained":[],"event_choices":[],"is_beta":false,"boss_relics":[],"items_purged_floors":[],"is_endless":false,"potions_floor_spawned":[3,5],"killed_by":"Lagavulin","ascension_level":0}}