{"host":"jl3raagrljzztomj","time":1610739391,"event":{"mods":["Aspiration","BaseMod","BetterRewards","Colored Map","Colored Powertips","Custom Start","Hermit","Highlight Path","Minty Spire (QoL Compilation)","Permanent Neow","StSLib","SuperFastMode","The Runesmith"],"gold_per_floor":[114,114,201,226,238,250,279,291,303,335,380,392,437,54,54,54,54],"floor_reached":16,"language":"ENG","playtime":435,"items_purged":["Strike_P"],"score":133,"play_id":"cf134e4f-1e8c-4280-b7ff-3a9e95b6d14b","local_time":"20210115133631","is_ascension_mode":false,"campfire_choices":[{"data":"Tantrum","floor":6,"key":"SMITH"},{"data":"Eruption","floor":8,"key":"SMITH"},{"data":"Vigilance","floor":12,"key":"SMITH"},{"data":"ReachHeaven","floor":15,"key":"SMITH"}],"circlet_count":0,"master_deck":["Strike_P","Strike_P","Strike_P","Defend_P","Defend_P","Defend_P","Eruption+1","Vigilance+1","Tantrum+1","EmptyBody","ReachHeaven+1","Meditate","Ragnarok","Adaptation","BattleHymn"],"relics":["PureWater","MawBank","The Courier","GoldenEye","Art of War","Blood Vial"],"acts_visited":["Exordium"],"potions_floor_usage":[10,13],"damage_taken":[{"damage":2,"enemies":"2 Louse","floor":1,"turns":3},{"damage":2,"enemies":"Small Slimes","floor":4,"turns":4},{"damage":0,"enemies":"Cultist","floor":7,"turns":1},{"damage":0,"enemies":"Blue Slaver","floor":10,"turns":2},{"damage":12,"enemies":"3 Sentries","floor":11,"turns":10},{"damage":0,"enemies":"Gremlin Nob","floor":13,"turns":2},{"damage":72,"enemies":"Hexaghost","floor":16,"turns":2}],"seed_played":"-3879937531439663213","potions_obtained":[{"floor":1,"key":"BlessingOfTheForge"},{"floor":11,"key":"SteroidPotion"}],"is_trial":false,"path_per_floor":["M","?","?","M","?","R","M","R","T","M","E","R","E","$","R","B"],"character_chosen":"WATCHER","items_purchased":["Ragnarok","Blood Vial","Adaptation","BattleHymn"],"campfire_rested":0,"item_purchase_floors":[14,14,14,14],"current_hp_per_floor":[70,58,47,45,72,72,72,72,72,72,60,60,60,60,60,0,0],"gold":54,"neow_bonus":"REMOVE_CARD","is_daily":false,"chose_seed":false,"campfire_upgraded":4,"win_rate":0.0,"timestamp":1610739391,"path_taken":["M","?","?","M","?","R","M","R","T","M","E","R","E","$","R","BOSS"],"items_purchased_type":["Card","Relic","Card","Card"],"build_version":"2020-12-22","purchased_purges":1,"victory":false,"max_hp_per_floor":[72,72,72,72,72,72,72,72,72,72,72,72,72,72,72,72,72],"card_choices":[{"not_picked":["CrushJoints","Consecrate"],"picked":"Adaptation","floor":1},{"not_picked":["EmptyFist","Evaluate"],"picked":"Tantrum","floor":4},{"not_picked":["Evaluate","CutThroughFate"],"picked":"EmptyBody","floor":7},{"not_picked":["SashWhip","ClearTheMind","CrushJoints"],"picked":"SKIP","floor":10},{"not_picked":["ClearTheMind","Judgement"],"picked":"ReachHeaven","floor":11},{"not_picked":["Nirvana","SandsOfTime"],"picked":"Meditate","floor":13}],"player_experience":956719,"relics_obtained":[{"floor":9,"key":"The Courier"},{"floor":11,"key":"GoldenEye"},{"floor":13,"key":"Art of War"}],"event_choices":[{"damage_healed":0,"gold_gain":0,"player_choice":"Success","damage_taken":12,"relics_obtained":["MawBank"],"max_hp_gain":0,"max_hp_loss":0,"event_name":"Scrap Ooze","floor":2,"gold_loss":0},{"damage_healed":0,"gold_gain":75,"player_choice":"Gather Gold","damage_taken":11,"max_hp_gain":0,"max_hp_loss":0,"event_name":"World of Goop","floor":3,"gold_loss":0},{"cards_removed":["Adaptation"],"damage_healed":27,"gold_gain":0,"player_choice":"Offered Uncommon","damage_taken":0,"max_hp_gain":0,"max_hp_loss":0,"event_name":"Bonfire Elementals","floor":5,"gold_loss":0}],"is_beta":false,"boss_relics":[],"items_purged_floors":[14],"is_endless":false,"potions_floor_spawned":[1,11],"killed_by":"Hexaghost","ascension_level":0}}