{"host":"87fdiiwflhrwsj8a","time":1610751375,"event":{"mods":["Aspiration","BaseMod","Better Match","Better Third Choice","BetterRewards","Colored Map","Conspire","GifTheSpireLib","Infinite Spire","Minty Spire (QoL Compilation)","Quick Restart","Relic Sorter","Replay The Spire","Robot Space Explorer","StSLib","Stuff the Spire","The Cursed","The Jungle"],"gold_per_floor":[116,116,116,81,81,117,117,67,67,67,26,26,26,39,39,130,130,145,145,145,145,145,145,179,179,249,288,303,328,348,369,369,462,462,485,367,386,402,420,420,455,474,497,497,521,521,521,555,555,644,742,742,756,596,596,596,617,617,653,653,653,653,653,653,686,698,698,785,785,794,794,809,826,494,518,518,549,549,549,549,40,49,77,77,160,160,174,172,193,195,195,226,226,240,276,288,322,334,363,388,400,493,591,603,615,169,196,235],"floor_reached":109,"language":"ENG","playtime":5136,"items_purged":[],"score":7254,"play_id":"1a01f1bd-ee51-48de-9cb9-39bbb6552cd7","local_time":"20210115175615","is_ascension_mode":true,"campfire_choices":[{"floor":7.0,"key":"REST"},{"data":"Heavy Blade","floor":10.0,"key":"SMITH"},{"data":"Bash","floor":12.0,"key":"SMITH"},{"data":"Sword Boomerang","floor":15.0,"key":"SMITH"},{"floor":23.0,"key":"REST"},{"floor":32.0,"key":"REST"},{"floor":40.0,"key":"REST"},{"floor":49.0,"key":"REST"},{"data":"Seeing Red","floor":58.0,"key":"SMITH"},{"data":"Seeing Red","floor":60.0,"key":"SMITH"},{"data":"Limit Break","floor":62.0,"key":"SMITH"},{"data":"Limit Break","floor":67.0,"key":"SMITH"},{"data":"StuffTheSpire:Slingshot","floor":76.0,"key":"SMITH"},{"data":"Battle Trance","floor":84.0,"key":"SMITH"},{"data":"Seeing Red","floor":93.0,"key":"SMITH"},{"data":"Pummel","floor":96.0,"key":"SMITH"},{"data":"Warcry","floor":98.0,"key":"SMITH"},{"data":"infinitespire:UltimateForm","floor":101.0,"key":"SMITH"},{"data":"infinitespire:Collect","floor":105,"key":"SMITH"}],"circlet_count":0,"master_deck":["AscendersBane","Strike_R","Strike_R","Strike_R","Defend_R","Defend_R","Defend_R","Defend_R","Cleave","Headbutt","Heavy Blade+1","Thunderclap+1","Sword Boomerang+1","Feed+1","Shrug It Off","Pummel+1","Cleave+1","Heavy Blade+1","Seeing Red+1","Limit Break+1","Armaments+1","Rage","Seeing Red+1","StuffTheSpire:TitanForm","Rage","Replay:Undeath\u0027s Touch+1","Limit Break+1","Fiend Fire","Survivor+1","Neutralize+1","Replay:Undeath\u0027s Touch","Fiend Fire","StuffTheSpire:Slingshot+1","Battle Trance+1","Abandon+1","ReplayTheSpireMod:Brewmster+1","ReplayTheSpireMod:Stacked+1","Replay:Many Hands+1","Rage+1","ReplayTheSpireMod:Limb From Limb","Seeing Red+1","Replay:Many Hands+1","Warcry+1","Warcry+1","infinitespire:UltimateForm+1","infinitespire:Collect+1","Iron Wave","Double Tap+1"],"relics":["Black Blood","Chemical X","Brimstone","Question Card","Golden Idol","Blue Candle","Mirror","Replay:Grab Bag","Painkiller Herb","conspire:SlowCooker","StuffTheSpire:Kangaroo","aspiration:ArtOfWarUpgrade","Black Star","infinitespire:Lucky Rock","Quantum Egg","Sundial","ReplayFunnel","Runic Pyramid","Replay:Rubber Ducky","StuffTheSpire:HeavyRock","infinitespire:Beetle Shell","Bronze Scales","aspiration:FrozenJewel","StuffTheSpire:Nightcore","StuffTheSpire:Gunfinga","StuffTheSpire:PointBlank","Replay:Mystery Machine","infinitespire:FocusingShard","aspiration:HummingbirdHeart","conspire:Flyswatter","Bag of Marbles","Replay:Bronze Core","aspiration:HatOfInfinitePower","Medical Kit","Nunchaku","Golden Egg","aspiration:SeaSaltIceCream","infinitespire:CursedDice","Matryoshka","Replay:Baseball","Strawberry","Replay:Bottled Flurry","FaceOfCleric","Pen Nib","Sling","Bird Faced Urn","conspire:DecoderRing","ChewingGum","Oddly Smooth Stone","ReplayTheSpireMod:Spearhead","Regal Pillow","MawBank","Chameleon Ring","Gremlin Food","Omamori","infinitespire:EmpoweringShard","infinitespire:BlackEgg","Snecko Heart","Calipers","infinitespire:PuzzleCube","PreservedInsect"],"acts_visited":["Exordium","TheCity","TheBeyond","Exordium","TheCity","TheBeyond","TheEnding"],"potions_floor_usage":[108,108,108,108],"damage_taken":[{"damage":1.0,"enemies":"Small Slimes","floor":1.0,"turns":3.0},{"damage":10.0,"enemies":"Gremlin Nob","floor":6.0,"turns":3.0},{"damage":5.0,"enemies":"conspire:RoseBush","floor":14.0,"turns":2.0},{"damage":19.0,"enemies":"Slime Boss","floor":16.0,"turns":5.0},{"damage":18.0,"enemies":"conspire:FuzzyDice","floor":18.0,"turns":3.0},{"damage":0.0,"enemies":"conspire:Head Lice","floor":24.0,"turns":6.0},{"damage":47.0,"enemies":"Book of Stabbing","floor":27.0,"turns":4.0},{"damage":12.0,"enemies":"3 Byrds","floor":28.0,"turns":3.0},{"damage":8.0,"enemies":"conspire:HollyBat","floor":29.0,"turns":5.0},{"damage":14.0,"enemies":"Shelled Parasite and Fungi","floor":30.0,"turns":2.0},{"damage":4.0,"enemies":"Snecko","floor":31.0,"turns":3.0},{"damage":36.0,"enemies":"Automaton","floor":33.0,"turns":5.0},{"damage":10.0,"enemies":"3 Darklings","floor":35.0,"turns":2.0},{"damage":12.0,"enemies":"Orb Walker","floor":37.0,"turns":3.0},{"damage":14.0,"enemies":"Transient","floor":38.0,"turns":6.0},{"damage":34.0,"enemies":"4 Shapes","floor":39.0,"turns":5.0},{"damage":52.0,"enemies":"Nightmare","floor":41.0,"turns":6.0},{"damage":0.0,"enemies":"Maw","floor":42.0,"turns":4.0},{"damage":17.0,"enemies":"3 Darklings","floor":45.0,"turns":3.0},{"damage":4.0,"enemies":"Giant Head","floor":48.0,"turns":3.0},{"damage":21.0,"enemies":"Time Eater","floor":50.0,"turns":4.0},{"damage":19.0,"enemies":"Awakened One","floor":51.0,"turns":4.0},{"damage":0.0,"enemies":"Cultist","floor":53.0,"turns":3.0},{"damage":0.0,"enemies":"2 Louse","floor":57.0,"turns":2.0},{"damage":0.0,"enemies":"Gremlin Nob","floor":59.0,"turns":2.0},{"damage":0.0,"enemies":"Lagavulin","floor":65.0,"turns":3.0},{"damage":0.0,"enemies":"Small Slimes","floor":66.0,"turns":4.0},{"damage":0.0,"enemies":"The Guardian","floor":68.0,"turns":2.0},{"damage":0.0,"enemies":"3 Byrds","floor":70.0,"turns":2.0},{"damage":21.0,"enemies":"2 Thieves","floor":72.0,"turns":2.0},{"damage":0.0,"enemies":"Centurion and Healer","floor":73.0,"turns":1.0},{"damage":0.0,"enemies":"Gremlin Leader","floor":75.0,"turns":5.0},{"damage":0.0,"enemies":"Book of Stabbing","floor":77.0,"turns":2.0},{"damage":11.0,"enemies":"Shelled Parasite and Fungi","floor":82.0,"turns":3.0},{"damage":14.0,"enemies":"Gremlin Leader","floor":83.0,"turns":2.0},{"damage":30.0,"enemies":"Collector","floor":85.0,"turns":3.0},{"damage":1.0,"enemies":"3 Darklings","floor":87.0,"turns":2.0},{"damage":0.0,"enemies":"Orb Walker","floor":88.0,"turns":5.0},{"damage":9.0,"enemies":"Sphere and 2 Shapes","floor":89.0,"turns":2.0},{"damage":1.0,"enemies":"4 Shapes","floor":90.0,"turns":2.0},{"damage":0.0,"enemies":"R_Hoarder","floor":92.0,"turns":2.0},{"damage":0.0,"enemies":"Giant Head","floor":94.0,"turns":4.0},{"damage":0.0,"enemies":"Reptomancer","floor":97.0,"turns":2.0},{"damage":0.0,"enemies":"3 Darklings","floor":99.0,"turns":2.0},{"damage":0.0,"enemies":"Writhing Mass","floor":100.0,"turns":2.0},{"damage":8.0,"enemies":"LordOfAnnihilation","floor":102.0,"turns":3.0},{"damage":29.0,"enemies":"infinitespire:MassOfShapes","floor":103.0,"turns":2.0},{"damage":14,"enemies":"Shield and Spear","floor":107,"turns":2},{"damage":23,"enemies":"The Heart","floor":108,"turns":7}],"seed_played":"-8709016396160219886","potions_obtained":[{"floor":1.0,"key":"infinitespire:BlackPotion"},{"floor":14.0,"key":"Dexterity Potion"},{"floor":27.0,"key":"LifebloodPotion"},{"floor":31.0,"key":"LifebloodPotion"},{"floor":35.0,"key":"BloodPotion"},{"floor":39.0,"key":"Adrenaline Potion"},{"floor":41.0,"key":"Energy Potion"},{"floor":42.0,"key":"DuplicationPotion"},{"floor":73.0,"key":"PowerPotion"},{"floor":89.0,"key":"Flashbang"},{"floor":99.0,"key":"Languid Potion"},{"floor":100.0,"key":"Milkshake"},{"floor":103.0,"key":"Adrenaline Potion"}],"is_trial":false,"path_per_floor":["M","?","$","?","?","E","R","$","T","R","$","R","?","M","R_BF","B",null,"?","T","?","?","?","T","E","AVR","T","E","?","?","?","?","T","B",null,"?","T","?","?","?","T","NM","?","T","T","?","T","T","E","T","B","B",null,"?","T","?","?","?","T","E","T","T","T","AVR","?","E","?","T","B",null,"?","AVR","?","?","T","E","T","E","T","?","?","T","?","E","T","B",null,"?","?","?","?","?","E","T","E","T","T","E","T","?","?","T","B","B",null,"T","T","E","B",null],"character_chosen":"IRONCLAD","items_purchased":["Chemical X","Brimstone","Question Card","Heavy Blade","Thunderclap+1","Rage","Seeing Red","StuffTheSpire:Gunfinga","Medical Kit","Nunchaku","Pen Nib","Sling","ReplayTheSpireMod:Brewmster","Calipers","EntropicBrew"],"campfire_rested":5,"item_purchase_floors":[0,0,0,8,11,36,36,54,74,74,81,81,81,106,106],"current_hp_per_floor":[38,12,12,30,30,26,48,48,48,48,48,48,48,49,49,36,65,56,56,56,56,56,78,78,78,78,41,39,37,29,31,56,30,75,75,75,91,83,59,89,43,49,49,49,42,42,42,48,81,70,61,104,116,116,116,110,118,118,118,118,118,118,118,118,122,126,126,126,126,126,126,117,126,126,126,126,126,133,133,133,133,134,133,133,116,131,137,138,139,140,140,141,141,142,142,142,143,143,144,145,145,146,132,143,143,143,146,157],"gold":235,"neow_bonus":"","is_daily":false,"chose_seed":false,"campfire_upgraded":14,"win_rate":0.0,"timestamp":1610751375,"path_taken":["M","?","$","?","?","E","R","?","T","R","$","R","?","M","R_BF","BOSS","?","T","?","?","?","T","E","AVR","T","E","?","?","?","?","T","BOSS","?","T","?","?","?","T","NM","?","T","T","?","T","?","E","T","BOSS","BOSS","?","T","?","?","?","T","E","T","T","T","AVR","?","E","?","T","BOSS","?","AVR","?","?","T","E","T","E","T","?","?","T","?","E","T","BOSS","?","?","?","?","?","E","T","E","T","T","E","T","?","?","T","BOSS","BOSS","T","T","E","BOSS"],"items_purchased_type":["Relic","Relic","Relic","Card","Card","Card","Card","Relic","Relic","Relic","Relic","Relic","Card","Relic","Potion"],"build_version":"2020-12-22","purchased_purges":0,"victory":true,"max_hp_per_floor":[75,75,75,75,75,75,75,75,75,75,75,75,75,75,75,75,75,78,78,78,78,78,78,78,78,78,82,86,86,86,86,86,90,90,94,94,98,98,102,102,102,102,102,102,106,106,106,110,110,114,118,118,118,118,118,118,118,118,118,118,118,118,118,118,122,126,126,126,126,126,126,126,126,126,126,126,126,133,133,133,133,134,135,135,136,136,137,138,139,140,140,141,141,142,142,142,143,143,144,145,145,146,147,147,147,147,152,157],"card_choices":[{"not_picked":["Warcry","Metallicize","Anger"],"picked":"Cleave","floor":1.0},{"not_picked":["Barricade","Dark Embrace","Reaper"],"picked":"Headbutt","floor":6.0},{"not_picked":["ReplayReversal","Evolve","Cleave"],"picked":"Sword Boomerang","floor":14.0},{"not_picked":["Exhume","Berserk","Immolate"],"picked":"Feed","floor":16.0},{"not_picked":["ReplayTheSpireMod:LeadingStrike","StuffTheSpire:Slingshot","Bloodletting"],"picked":"Shrug It Off","floor":18.0},{"not_picked":["Twin Strike","Second Wind","ReplayTheSpireMod:Strike From Hell"],"picked":"Pummel","floor":24.0},{"not_picked":["Body Slam","infinitespire:OneForAll+1","Exhume"],"picked":"Cleave+1","floor":27.0},{"not_picked":["Sword Boomerang","Bloodletting","Seeing Red"],"picked":"Heavy Blade+1","floor":28.0},{"not_picked":["Hemokinesis","conspire:Charge","Heavy Blade","Wild Strike"],"picked":"SKIP","floor":29.0},{"not_picked":["ReplayTheSpireMod:Stacked","Thunderclap","Clothesline"],"picked":"Seeing Red","floor":30.0},{"not_picked":["Fire Breathing","Immolate","Run Through","StuffTheSpire:BloodClot"],"picked":"SKIP","floor":31.0},{"not_picked":["Brutality","Demonic Infusion","Demon Form"],"picked":"Limit Break","floor":33.0},{"not_picked":["Body Slam+1","Heavy Blade+1","Sword Boomerang"],"picked":"Armaments+1","floor":35.0},{"not_picked":["Run Through+1","ReplayTheSpireMod:LeadingStrike","Warcry+1"],"picked":"StuffTheSpire:TitanForm","floor":37.0},{"not_picked":["Battle Trance","Whirlwind","Shrug It Off","Clash"],"picked":"SKIP","floor":38.0},{"not_picked":["Anger","StuffTheSpire:BloodClot","Burning Pact","StuffTheSpire:RagingBull"],"picked":"SKIP","floor":39.0},{"not_picked":["Flex","Combust","Shockwave","Flame Barrier"],"picked":"SKIP","floor":41.0},{"not_picked":["Flex","Body Slam","Hemokinesis"],"picked":"Rage","floor":42.0},{"not_picked":["Run Through","Warcry","Body Slam"],"picked":"Replay:Undeath\u0027s Touch+1","floor":45.0},{"not_picked":["Feed","ReplayReversal+1","Cleave","Combust"],"picked":"SKIP","floor":48.0},{"not_picked":["Brutality","Corruption","Reaper"],"picked":"Limit Break","floor":50.0},{"not_picked":["Hemogenesis","conspire:HitWhereItHurts","Demonic Infusion"],"picked":"Fiend Fire","floor":51.0},{"not_picked":["Headbutt","Fire Breathing","ReplayTheSpireMod:Corrosion Curse","Flex"],"picked":"SKIP","floor":53.0},{"not_picked":["Flex","True Grit","Shrug It Off","Anger"],"picked":"SKIP","floor":57.0},{"not_picked":["Shrug It Off","Dropkick","Anger","Pommel Strike"],"picked":"SKIP","floor":59.0},{"not_picked":["Bloodletting","Eclipse","ReplayTheSpireMod:Strike From Hell","Shrug It Off"],"picked":"SKIP","floor":65.0},{"not_picked":["ReplayTheSpireMod:Strike From Hell","Carnage","StuffTheSpire:Resist"],"picked":"Replay:Undeath\u0027s Touch","floor":66.0},{"not_picked":["conspire:HitWhereItHurts","Berserk","Reaper"],"picked":"Fiend Fire","floor":68.0},{"not_picked":["StuffTheSpire:RockThrow","Clash+1","StuffTheSpire:BloodClot"],"picked":"StuffTheSpire:Slingshot","floor":70.0},{"not_picked":["Shrug It Off+1","conspire:Charge","Cleave","Body Slam"],"picked":"SKIP","floor":72.0},{"not_picked":["ReplayReversal","Life Link","Body Slam"],"picked":"Battle Trance","floor":73.0},{"not_picked":["ReplayTheSpireMod:Strike From Hell","StuffTheSpire:TitanForm","Replay:Undeath\u0027s Touch"],"picked":"Abandon+1","floor":75.0},{"not_picked":["Twin Strike","Infernal Blade+1","Searing Blow","Disarm"],"picked":"SKIP","floor":77.0},{"not_picked":["Replay:Undeath\u0027s Touch","Body Slam","Run Through","True Grit"],"picked":"SKIP","floor":82.0},{"not_picked":["Abandon","Twin Strike","Demonic Infusion"],"picked":"ReplayTheSpireMod:Stacked+1","floor":83.0},{"not_picked":["Immolate","Berserk","Corruption"],"picked":"Replay:Many Hands","floor":85.0},{"not_picked":["Cleave+1","Wild Strike+1","Defy Death"],"picked":"Rage+1","floor":87.0},{"not_picked":["Spot Weakness","Power Through","True Grit"],"picked":"ReplayTheSpireMod:Limb From Limb","floor":88.0},{"not_picked":["Clash+1","Warcry","Thunderclap+1","Armaments"],"picked":"SKIP","floor":89.0},{"not_picked":["Perfected Strike+1","StuffTheSpire:Slingshot","Life Link+1"],"picked":"Seeing Red","floor":90.0},{"not_picked":["StuffTheSpire:TitanForm","True Grit","Replay:Undeath\u0027s Touch","Pommel Strike"],"picked":"SKIP","floor":92.0},{"not_picked":["True Grit","Fiend Fire","Cleave"],"picked":"Replay:Many Hands","floor":94.0},{"not_picked":["Seeing Red","Burning Pact","StuffTheSpire:Slingshot"],"picked":"Warcry","floor":97.0},{"not_picked":["Heavy Blade","Thunderclap","Ghostly Armor"],"picked":"Warcry+1","floor":99.0},{"not_picked":["Dark Embrace","Clothesline","True Grit","Body Slam+1"],"picked":"SKIP","floor":100.0},{"not_picked":["infinitespire:SealOfDarkness+","infinitespire:Punishment"],"picked":"infinitespire:UltimateForm","floor":101.0},{"not_picked":["infinitespire:Oblivion","infinitespire:SevenWalls"],"picked":"infinitespire:Collect","floor":102.0},{"not_picked":["Whirlwind+1","conspire:ExplosiveBarrier+1","Life Link"],"picked":"Iron Wave","floor":107},{"not_picked":["Fiend Fire","Barricade","Eclipse"],"picked":"Double Tap","floor":108}],"player_experience":2681675,"relics_obtained":[{"floor":6.0,"key":"Blue Candle"},{"floor":9.0,"key":"Mirror"},{"floor":24.0,"key":"Art of War"},{"floor":26.0,"key":"Quantum Egg"},{"floor":27.0,"key":"Sundial"},{"floor":27.0,"key":"ReplayFunnel"},{"floor":41.0,"key":"Replay:Rubber Ducky"},{"floor":41.0,"key":"StuffTheSpire:HeavyRock"},{"floor":43.0,"key":"infinitespire:Beetle Shell"},{"floor":47.0,"key":"Bronze Scales"},{"floor":48.0,"key":"aspiration:FrozenJewel"},{"floor":48.0,"key":"StuffTheSpire:Nightcore"},{"floor":59.0,"key":"StuffTheSpire:PointBlank"},{"floor":59.0,"key":"Replay:Mystery Machine"},{"floor":61.0,"key":"infinitespire:FocusingShard"},{"floor":65.0,"key":"conspire:Flyswatter"},{"floor":65.0,"key":"Bag of Marbles"},{"floor":75.0,"key":"Golden Egg"},{"floor":75.0,"key":"aspiration:SeaSaltIceCream"},{"floor":77.0,"key":"Matryoshka"},{"floor":77.0,"key":"Replay:Baseball"},{"floor":78.0,"key":"Strawberry"},{"floor":78.0,"key":"Replay:Bottled Flurry"},{"floor":83.0,"key":"Bird Faced Urn"},{"floor":83.0,"key":"conspire:DecoderRing"},{"floor":92.0,"key":"Oddly Smooth Stone"},{"floor":92.0,"key":"ReplayTheSpireMod:Spearhead"},{"floor":94.0,"key":"Regal Pillow"},{"floor":94.0,"key":"MawBank"},{"floor":95.0,"key":"Chameleon Ring"},{"floor":95.0,"key":"Gremlin Food"},{"floor":97.0,"key":"Omamori"},{"floor":97.0,"key":"infinitespire:EmpoweringShard"},{"floor":107,"key":"infinitespire:PuzzleCube"},{"floor":107,"key":"PreservedInsect"}],"event_choices":[{"damage_healed":0.0,"max_hp_gain":0.0,"max_hp_loss":0.0,"gold_gain":0.0,"event_name":"Golden Idol","player_choice":"Take Damage","floor":2.0,"gold_loss":0.0,"damage_taken":26.0,"relics_obtained":["Golden Idol"]},{"damage_healed":18.0,"max_hp_gain":0.0,"max_hp_loss":0.0,"gold_gain":0.0,"event_name":"The Cleric","player_choice":"Healed","floor":4.0,"gold_loss":35.0,"damage_taken":0.0},{"cards_removed":["Strike_R"],"damage_healed":0.0,"max_hp_gain":0.0,"max_hp_loss":0.0,"gold_gain":0.0,"event_name":"Bonfire Elementals","player_choice":"Offered Basic","floor":13.0,"gold_loss":0.0,"damage_taken":0.0},{"damage_healed":0.0,"max_hp_gain":0.0,"max_hp_loss":0.0,"gold_gain":0.0,"event_name":"Beggar","player_choice":"Ignored","floor":20.0,"gold_loss":0.0,"damage_taken":0.0},{"damage_healed":0.0,"max_hp_gain":0.0,"max_hp_loss":0.0,"gold_gain":0.0,"event_name":"Accursed Blacksmith","player_choice":"Forge","floor":22.0,"gold_loss":0.0,"damage_taken":0.0,"cards_upgraded":["Feed"]},{"damage_healed":0.0,"max_hp_gain":0.0,"max_hp_loss":0.0,"gold_gain":0.0,"event_name":"conspire:Investor","player_choice":"Leave","floor":56.0,"gold_loss":0.0,"damage_taken":0.0},{"damage_healed":0.0,"max_hp_gain":0.0,"max_hp_loss":0.0,"gold_gain":0.0,"event_name":"FaceTrader","player_choice":"Trade","floor":80.0,"gold_loss":0.0,"damage_taken":0.0,"relics_obtained":["FaceOfCleric"]},{"cards_removed":["Strike_R"],"damage_healed":0.0,"max_hp_gain":0.0,"max_hp_loss":0.0,"gold_gain":0.0,"event_name":"Wheel of Change","player_choice":"Card Removal","floor":91.0,"gold_loss":0.0,"damage_taken":0.0}],"is_beta":false,"boss_relics":[{"not_picked":["infinitespire:Cupcake","ChewingGum"],"picked":"Replay:Grab Bag"},{"not_picked":["ReplayTheSpireMod:DimensionalGlitch","Replay:Bronze Core"],"picked":"Painkiller Herb"},{"not_picked":["Coffee Dripper","ReplayTheSpireMod:Onyx Gauntlets"],"picked":"conspire:SlowCooker"},{"not_picked":["Calling Bell","aspiration:PoetsPen_weak"],"picked":"StuffTheSpire:Kangaroo"},{"not_picked":["SlaversCollar","conspire:RunicOctahedron"],"picked":"Runic Pyramid"},{"not_picked":["Runic Dome","Electric Blood"],"picked":"Black Blood"},{"not_picked":["Replay:Fungal Core","Pandora\u0027s Box"],"picked":"Replay:Bronze Core"},{"not_picked":["aspiration:PoetsPen_weak","Astrolabe"],"picked":"ChewingGum"},{"not_picked":["SlaversCollar","infinitespire:Cupcake"],"picked":"Snecko Heart"}],"items_purged_floors":[],"is_endless":true,"potions_floor_spawned":[1,14,27,29,30,31,35,39,41,42,59,65,66,73,85,87,89,99,100,103,107],"ascension_level":20}}