{"host":"z9811rt50ti81n54","time":1610697722,"event":{"mods":["BaseMod","Better Match","Better Skull","Better Third Choice","Minty Spire (QoL Compilation)","Permanent Neow","StSLib","SuperFastMode"],"gold_per_floor":[99,99,27,27,27,27,27,27,27,27,27,27,27,27,27,27,27,27,0,0,0,0,0,0,0,0,0,0,0,0,0,0,0,0,0,0,0,0,0,0,0,0,0,0,0,0,0,0,0,0],"floor_reached":51,"language":"ENG","playtime":1345,"items_purged":[],"score":674,"play_id":"1600781d-c515-4bbb-be27-8a7083cab23f","local_time":"20210115170202","is_ascension_mode":false,"campfire_choices":[{"data":"Carnage","floor":6,"key":"SMITH"},{"data":"Bash","floor":8,"key":"SMITH"},{"data":"Flame Barrier","floor":11,"key":"SMITH"},{"data":"Evolve","floor":15,"key":"SMITH"},{"data":"Demon Form","floor":23,"key":"SMITH"},{"floor":27,"key":"REST"},{"floor":32,"key":"REST"},{"floor":40,"key":"REST"},{"floor":49,"key":"REST"}],"circlet_count":0,"master_deck":["Strike_R","Strike_R","Strike_R+1","Strike_R","Defend_R","Defend_R","Defend_R","Defend_R","Bash+1","Cleave+1","Carnage+1","Feel No Pain","Warcry","Flame Barrier+1","Evolve+1","Headbutt","Demon Form+1","Shockwave+1","Immolate","Burning Pact+1","Havoc+1","Second Wind","Corruption","Battle Trance","Heavy Blade+1","True Grit+1","Battle Trance+1","Limit Break"],"relics":["Ectoplasm","Ornamental Fan","Old Coin","Runic Pyramid","Bag of Preparation","Paper Frog","Tiny House","Kunai"],"acts_visited":["Exordium","TheCity","TheBeyond"],"potions_floor_usage":[16,16,29,33,33,50],"damage_taken":[{"damage":0,"enemies":"Cultist","floor":1,"turns":3},{"damage":0,"enemies":"2 Louse","floor":2,"turns":2},{"damage":1,"enemies":"Jaw Worm","floor":5,"turns":2},{"damage":0,"enemies":"Exordium Thugs","floor":7,"turns":4},{"damage":4,"enemies":"Gremlin Gang","floor":12,"turns":4},{"damage":0,"enemies":"2 Fungi Beasts","floor":14,"turns":3},{"damage":20,"enemies":"The Guardian","floor":16,"turns":7},{"damage":2,"enemies":"3 Byrds","floor":18,"turns":4},{"damage":13,"enemies":"2 Thieves","floor":20,"turns":4},{"damage":0,"enemies":"Chosen and Byrds","floor":21,"turns":3},{"damage":40,"enemies":"Sentry and Sphere","floor":24,"turns":7},{"damage":9,"enemies":"Centurion and Healer","floor":28,"turns":2},{"damage":4,"enemies":"3 Cultists","floor":29,"turns":3},{"damage":0,"enemies":"Snecko","floor":30,"turns":4},{"damage":5,"enemies":"Snake Plant","floor":31,"turns":3},{"damage":22,"enemies":"Champ","floor":33,"turns":7},{"damage":7,"enemies":"3 Shapes","floor":35,"turns":5},{"damage":18,"enemies":"3 Darklings","floor":36,"turns":4},{"damage":19,"enemies":"Writhing Mass","floor":39,"turns":7},{"damage":5,"enemies":"4 Shapes","floor":41,"turns":4},{"damage":36,"enemies":"3 Darklings","floor":42,"turns":4},{"damage":0,"enemies":"Jaw Worm Horde","floor":44,"turns":3},{"damage":33,"enemies":"Spire Growth","floor":46,"turns":4},{"damage":0,"enemies":"Transient","floor":48,"turns":5},{"damage":23,"enemies":"Donu and Deca","floor":50,"turns":6}],"seed_played":"3362202576261030040","potions_obtained":[{"floor":5,"key":"BloodPotion"},{"floor":12,"key":"ColorlessPotion"},{"floor":14,"key":"PowerPotion"},{"floor":16,"key":"SpeedPotion"},{"floor":20,"key":"SkillPotion"},{"floor":28,"key":"PowerPotion"},{"floor":29,"key":"Ancient Potion"},{"floor":34,"key":"FairyPotion"},{"floor":39,"key":"Fire Potion"},{"floor":42,"key":"GamblersBrew"},{"floor":48,"key":"Weak Potion"}],"is_trial":false,"path_per_floor":["M","M","$","T","M","R","M","R","T","?","R","M","$","M","R","B",null,"M","?","M","M","?","R","M","$","T","R","M","M","M","M","R","B",null,"M","M","$","?","M","R","M","M","T","M","?","M","$","M","R","B",null],"character_chosen":"IRONCLAD","items_purchased":["Feel No Pain"],"campfire_rested":4,"item_purchase_floors":[3],"current_hp_per_floor":[80,80,80,80,79,79,79,79,79,79,79,75,75,75,75,55,80,78,78,65,65,65,65,25,25,25,49,40,52,52,47,71,49,85,78,60,60,60,41,66,61,25,25,25,74,41,41,41,63,40],"gold":0,"neow_bonus":"BOSS_RELIC","is_daily":false,"chose_seed":false,"campfire_upgraded":5,"win_rate":0.0,"timestamp":1610697722,"path_taken":["M","M","$","?","M","R","M","R","T","?","R","?","$","M","R","BOSS","M","?","M","M","?","R","M","$","T","R","?","M","M","M","R","BOSS","M","?","$","?","M","R","M","M","T","M","?","M","$","M","R","BOSS"],"items_purchased_type":["Card"],"build_version":"2020-12-22","purchased_purges":0,"victory":true,"max_hp_per_floor":[80,80,80,80,80,80,80,80,80,80,80,80,80,80,80,80,80,80,80,80,80,80,80,80,80,80,80,80,80,80,80,80,80,85,85,85,85,85,85,85,85,85,85,85,74,74,74,74,74,74],"card_choices":[{"not_picked":["Flex","Dual Wield"],"picked":"Cleave","floor":1},{"not_picked":["Seeing Red","Fire Breathing"],"picked":"Carnage","floor":2},{"not_picked":["Anger","Bloodletting"],"picked":"Warcry","floor":5},{"not_picked":["Entrench","Clothesline"],"picked":"Flame Barrier","floor":7},{"not_picked":["True Grit","Sever Soul"],"picked":"Evolve","floor":12},{"not_picked":["True Grit","Flex"],"picked":"Headbutt","floor":14},{"not_picked":["Offering","Exhume"],"picked":"Demon Form","floor":16},{"not_picked":["Wild Strike","True Grit+1"],"picked":"Shockwave+1","floor":18},{"not_picked":["Clothesline","Reckless Charge","Cleave"],"picked":"SKIP","floor":20},{"not_picked":["Cleave","Heavy Blade","Body Slam"],"picked":"SKIP","floor":21},{"not_picked":["Whirlwind","Clash+1"],"picked":"Immolate","floor":24},{"not_picked":["Warcry","Pommel Strike"],"picked":"Burning Pact+1","floor":28},{"not_picked":["Ghostly Armor","Twin Strike+1"],"picked":"Havoc+1","floor":29},{"not_picked":["Body Slam","Offering"],"picked":"Second Wind","floor":30},{"not_picked":["Rupture","Cleave+1","Clash"],"picked":"SKIP","floor":31},{"not_picked":["Exhume","Offering"],"picked":"Corruption","floor":33},{"not_picked":["Clothesline","Sword Boomerang"],"picked":"Battle Trance","floor":34},{"not_picked":["Body Slam","Warcry"],"picked":"Heavy Blade+1","floor":35},{"not_picked":["True Grit","Uppercut","Infernal Blade+1"],"picked":"SKIP","floor":36},{"not_picked":["Twin Strike+1","Disarm"],"picked":"True Grit+1","floor":39},{"not_picked":["Iron Wave","Wild Strike+1"],"picked":"Battle Trance+1","floor":41},{"not_picked":["Iron Wave+1","Warcry","Infernal Blade"],"picked":"SKIP","floor":42},{"not_picked":["Anger+1","Wild Strike"],"picked":"Limit Break","floor":44},{"not_picked":["Perfected Strike+1","Iron Wave+1","Sever Soul"],"picked":"SKIP","floor":46},{"not_picked":["Clothesline+1","Cleave+1","Flex"],"picked":"SKIP","floor":48},{"not_picked":["Clothesline+1","Cleave+1","Flex"],"picked":"SKIP","floor":48}],"player_experience":381249,"relics_obtained":[{"floor":4,"key":"Ornamental Fan"},{"floor":9,"key":"Old Coin"},{"floor":26,"key":"Paper Frog"},{"floor":43,"key":"Kunai"}],"event_choices":[{"damage_healed":0,"gold_gain":0,"player_choice":"Upgraded","damage_taken":0,"max_hp_gain":0,"max_hp_loss":0,"event_name":"Upgrade Shrine","floor":10,"gold_loss":0,"cards_upgraded":["Cleave"]},{"damage_healed":0,"gold_gain":0,"player_choice":"Paid Fearfully","damage_taken":0,"max_hp_gain":0,"max_hp_loss":0,"event_name":"Masked Bandits","floor":19,"gold_loss":27},{"damage_healed":0,"gold_gain":0,"player_choice":"Gave Potion","damage_taken":0,"relics_obtained":["Bag of Preparation"],"max_hp_gain":0,"max_hp_loss":0,"event_name":"WeMeetAgain","floor":22,"gold_loss":0},{"cards_removed":["Strike_R"],"damage_healed":0,"gold_gain":0,"player_choice":"Removed Attack","damage_taken":0,"max_hp_gain":0,"max_hp_loss":0,"event_name":"Falling","floor":38,"gold_loss":0},{"damage_healed":74,"gold_gain":0,"player_choice":"Heal","damage_taken":0,"max_hp_gain":0,"max_hp_loss":11,"event_name":"The Moai Head","floor":45,"gold_loss":0}],"is_beta":false,"boss_relics":[{"not_picked":["Black Star","Runic Dome"],"picked":"Runic Pyramid"},{"not_picked":["SlaversCollar","Fusion Hammer"],"picked":"Tiny House"}],"items_purged_floors":[],"is_endless":false,"potions_floor_spawned":[5,12,14,16,20,21,28,29,39,42,48],"ascension_level":0}}