{"host":"sav7uxregyirlf69","time":1610707558,"event":{"mods":["AchievementEnabler","BaseMod","Colored Map","DeckTracker","Keyboard Shortcuts","Minty Spire (QoL Compilation)","READ ME - Guardian Mod","StSLib","SuperFastMode"],"gold_per_floor":[109,121,271,33,33,33,63,82,109,109,140,65,82,101,101,178,178,194,194,226,141,41,41,59,79,79,96,106,31,31,65,65,137,137,151,151,163,385,67,101,101,133,133,133,160,160,177,210,210,210,210,210,210,47,80,80],"floor_reached":57,"language":"KOR","playtime":1779,"items_purged":["Doubt","Strike_G","Strike_G","Shame"],"score":2917,"play_id":"85976f0c-b700-4cf3-8fcc-f32a482640a4","local_time":"20210115194558","is_ascension_mode":true,"campfire_choices":[{"data":"Corpse Explosion","floor":6.0,"key":"SMITH"},{"data":"Neutralize","floor":10.0,"key":"SMITH"},{"data":"Well Laid Plans","floor":15.0,"key":"SMITH"},{"data":"Crippling Poison","floor":23.0,"key":"SMITH"},{"data":"Malaise","floor":30.0,"key":"SMITH"},{"floor":32.0,"key":"REST"},{"floor":41.0,"key":"REST"},{"data":"Footwork","floor":44.0,"key":"SMITH"},{"floor":49.0,"key":"RECALL"},{"data":"Reflex","floor":53.0,"key":"SMITH"}],"circlet_count":0,"master_deck":["AscendersBane","Strike_G","Defend_G+1","Defend_G","Defend_G","Defend_G","Survivor+1","Neutralize+1","Dagger Throw","Corpse Explosion+1","Well Laid Plans+1","Reflex+1","Crippling Poison+1","Malaise+1","Footwork+1","Noxious Fumes+1","Calculated Gamble","Backflip","Adrenaline","Escape Plan","Calculated Gamble+1","Bouncing Flask","After Image"],"relics":["Ring of the Snake","NeowsBlessing","Happy Flower","War Paint","Omamori","Du-Vu Doll","Cursed Key","Red Mask","Art of War","The Courier","Ancient Tea Set","Calling Bell","Dream Catcher","Meat on the Bone","Turnip","Paper Crane","Ninja Scroll","MealTicket","Boot","Potion Belt","Bronze Scales"],"acts_visited":["Exordium","TheCity","TheBeyond","TheEnding"],"potions_floor_usage":[56,56,56],"damage_taken":[{"damage":0.0,"enemies":"2 Louse","floor":1.0,"turns":1.0},{"damage":0.0,"enemies":"Jaw Worm","floor":2.0,"turns":1.0},{"damage":0.0,"enemies":"Lagavulin","floor":7.0,"turns":1.0},{"damage":1.0,"enemies":"Cultist","floor":8.0,"turns":3.0},{"damage":6.0,"enemies":"Gremlin Nob","floor":11.0,"turns":3.0},{"damage":0.0,"enemies":"Looter","floor":13.0,"turns":3.0},{"damage":17.0,"enemies":"Exordium Wildlife","floor":14.0,"turns":8.0},{"damage":26.0,"enemies":"Slime Boss","floor":16.0,"turns":8.0},{"damage":0.0,"enemies":"3 Byrds","floor":18.0,"turns":2.0},{"damage":1.0,"enemies":"Masked Bandits","floor":20.0,"turns":2.0},{"damage":1.0,"enemies":"Spheric Guardian","floor":24.0,"turns":4.0},{"damage":10.0,"enemies":"Centurion and Healer","floor":25.0,"turns":4.0},{"damage":4.0,"enemies":"Cultist and Chosen","floor":27.0,"turns":4.0},{"damage":0.0,"enemies":"Chosen and Byrds","floor":28.0,"turns":4.0},{"damage":23.0,"enemies":"Gremlin Leader","floor":31.0,"turns":6.0},{"damage":6.0,"enemies":"Automaton","floor":33.0,"turns":8.0},{"damage":4.0,"enemies":"Orb Walker","floor":35.0,"turns":4.0},{"damage":9.0,"enemies":"3 Shapes","floor":37.0,"turns":3.0},{"damage":30.0,"enemies":"Nemesis","floor":40.0,"turns":9.0},{"damage":8.0,"enemies":"Giant Head","floor":42.0,"turns":10.0},{"damage":0.0,"enemies":"Nemesis","floor":45.0,"turns":9.0},{"damage":0.0,"enemies":"Maw","floor":47.0,"turns":7.0},{"damage":11.0,"enemies":"Giant Head","floor":48.0,"turns":9.0},{"damage":10.0,"enemies":"Donu and Deca","floor":50.0,"turns":8.0},{"damage":8.0,"enemies":"Time Eater","floor":51.0,"turns":15.0},{"damage":27,"enemies":"Shield and Spear","floor":55,"turns":6},{"damage":35,"enemies":"The Heart","floor":56,"turns":13}],"seed_played":"-6121870357423210952","potions_obtained":[{"floor":2.0,"key":"CunningPotion"},{"floor":5.0,"key":"LiquidMemories"},{"floor":8.0,"key":"DuplicationPotion"},{"floor":13.0,"key":"Block Potion"},{"floor":16.0,"key":"SkillPotion"},{"floor":18.0,"key":"FearPotion"},{"floor":24.0,"key":"EntropicBrew"},{"floor":25.0,"key":"Energy Potion"},{"floor":31.0,"key":"Dexterity Potion"},{"floor":37.0,"key":"DistilledChaos"},{"floor":42.0,"key":"EssenceOfSteel"},{"floor":47.0,"key":"GhostInAJar"},{"floor":55,"key":"Dexterity Potion"}],"is_trial":false,"path_per_floor":["M","M","?","$","?","R","E","M","T","R","E","?","M","M","R","B",null,"M","?","?","?","$","R","M","M","T","M","M","?","R","E","R","B",null,"M","?","M","?","$","E","R","E","T","R","E","T","M","E","R","B","B",null,"R","$","E","B",null],"character_chosen":"THE_SILENT","items_purchased":["Happy Flower","Paper Crane","Poison Potion"],"campfire_rested":2,"item_purchase_floors":[4,39,54],"current_hp_per_floor":[59,59,59,59,59,59,59,58,58,58,52,52,52,35,35,9,52,52,52,51,51,51,51,50,40,40,36,36,36,36,13,32,26,56,52,52,43,43,43,25,44,36,36,36,36,36,36,37,37,39,43,60,60,66,39,16],"gold":80,"neow_bonus":"THREE_ENEMY_KILL","is_daily":false,"chose_seed":false,"campfire_upgraded":7,"win_rate":0.0,"timestamp":1610707558,"path_taken":["M","M","?","$","?","R","E","?","T","R","E","?","M","M","R","BOSS","M","?","?","?","?","R","M","M","T","M","M","?","R","E","R","BOSS","M","?","M","?","$","E","R","E","T","R","E","?","M","E","R","BOSS","BOSS","R","$","E","BOSS"],"items_purchased_type":["Relic","Relic","Potion"],"build_version":"2020-12-22","purchased_purges":4,"victory":true,"max_hp_per_floor":[66,66,66,66,66,66,66,66,66,66,66,66,66,66,66,66,66,66,66,66,66,66,66,66,66,66,66,66,66,66,66,66,66,66,66,66,66,66,66,66,66,66,66,66,66,66,66,66,66,66,66,66,66,66,66,66],"card_choices":[{"not_picked":["Flying Knee","Slice"],"picked":"Dagger Throw","floor":1.0},{"not_picked":["Underhanded Strike","Riddle With Holes"],"picked":"Corpse Explosion","floor":2.0},{"not_picked":["Tactician","Calculated Gamble"],"picked":"Well Laid Plans","floor":7.0},{"not_picked":["Eviscerate","Dagger Spray"],"picked":"Reflex","floor":8.0},{"not_picked":["Reflex","Dagger Spray"],"picked":"Crippling Poison","floor":11.0},{"not_picked":["Bane","Outmaneuver","Deadly Poison"],"picked":"SKIP","floor":13.0},{"not_picked":["Underhanded Strike","Dagger Throw","Setup"],"picked":"SKIP","floor":14.0},{"not_picked":["Night Terror","A Thousand Cuts"],"picked":"Malaise","floor":16.0},{"not_picked":["Sucker Punch","Dodge and Roll","Dash"],"picked":"SKIP","floor":18.0},{"not_picked":["Endless Agony","Blade Dance"],"picked":"Footwork","floor":20.0},{"not_picked":["Flechettes","Underhanded Strike"],"picked":"Noxious Fumes+1","floor":24.0},{"not_picked":["Bane","Deflect"],"picked":"Calculated Gamble","floor":25.0},{"not_picked":["Deadly Poison","Outmaneuver","All Out Attack+1"],"picked":"SKIP","floor":27.0},{"not_picked":["Deadly Poison","Poisoned Stab"],"picked":"Backflip","floor":28.0},{"not_picked":["Envenom","Deflect","Endless Agony"],"picked":"SKIP","floor":31.0},{"not_picked":["Grand Finale","Tools of the Trade"],"picked":"Adrenaline","floor":33.0},{"not_picked":["Leg Sweep","Dash","Backstab"],"picked":"SKIP","floor":35.0},{"not_picked":["Eviscerate","Terror","Poisoned Stab"],"picked":"SKIP","floor":37.0},{"not_picked":["Backflip","Finisher","All Out Attack+1"],"picked":"SKIP","floor":40.0},{"not_picked":["Eviscerate","Cloak And Dagger"],"picked":"Escape Plan","floor":41.0},{"not_picked":["Finisher","Outmaneuver"],"picked":"Calculated Gamble+1","floor":42.0},{"not_picked":["Phantasmal Killer","Underhanded Strike","Dagger Spray"],"picked":"SKIP","floor":45.0},{"not_picked":["Outmaneuver","Flying Knee","Endless Agony"],"picked":"SKIP","floor":47.0},{"not_picked":["Outmaneuver+1","All Out Attack"],"picked":"Bouncing Flask","floor":48.0},{"not_picked":["Deadly Poison","PiercingWail"],"picked":"After Image","floor":55}],"player_experience":1280969,"relics_obtained":[{"floor":7.0,"key":"War Paint"},{"floor":9.0,"key":"Omamori"},{"floor":11.0,"key":"Du-Vu Doll"},{"floor":20.0,"key":"Red Mask"},{"floor":26.0,"key":"The Courier"},{"floor":31.0,"key":"Ancient Tea Set"},{"floor":34.0,"key":"Dream Catcher"},{"floor":34.0,"key":"Meat on the Bone"},{"floor":34.0,"key":"Turnip"},{"floor":40.0,"key":"Ninja Scroll"},{"floor":42.0,"key":"MealTicket"},{"floor":45.0,"key":"Boot"},{"floor":48.0,"key":"Potion Belt"},{"floor":55,"key":"Bronze Scales"}],"event_choices":[{"damage_healed":0.0,"max_hp_gain":0.0,"max_hp_loss":0.0,"gold_gain":150.0,"event_name":"Liars Game","player_choice":"AGREE","floor":3.0,"gold_loss":0.0,"damage_taken":0.0,"cards_obtained":["Doubt"]},{"damage_healed":0.0,"max_hp_gain":0.0,"max_hp_loss":0.0,"gold_gain":0.0,"event_name":"Lab","player_choice":"Got Potions","floor":5.0,"gold_loss":0.0,"damage_taken":0.0},{"cards_removed":["Strike_G"],"damage_healed":0.0,"max_hp_gain":0.0,"max_hp_loss":0.0,"gold_gain":0.0,"event_name":"The Cleric","player_choice":"Card Removal","floor":12.0,"gold_loss":75.0,"damage_taken":0.0},{"cards_removed":["Strike_G"],"damage_healed":0.0,"max_hp_gain":0.0,"max_hp_loss":0.0,"gold_gain":0.0,"event_name":"Back to Basics","player_choice":"Elegance","floor":19.0,"gold_loss":0.0,"damage_taken":0.0},{"damage_healed":0.0,"max_hp_gain":0.0,"max_hp_loss":0.0,"gold_gain":0.0,"event_name":"Masked Bandits","player_choice":"Fought Bandits","floor":20.0,"gold_loss":0.0,"damage_taken":0.0},{"damage_healed":0.0,"max_hp_gain":0.0,"max_hp_loss":0.0,"gold_gain":0.0,"event_name":"Addict","player_choice":"Obtained Relic","floor":21.0,"gold_loss":85.0,"damage_taken":0.0,"relics_obtained":["Art of War"]},{"cards_removed":["Defend_G"],"damage_healed":0.0,"max_hp_gain":0.0,"max_hp_loss":0.0,"gold_gain":0.0,"event_name":"Beggar","player_choice":"Gave Gold","floor":29.0,"gold_loss":75.0,"damage_taken":0.0},{"damage_healed":0.0,"max_hp_gain":0.0,"max_hp_loss":0.0,"gold_gain":0.0,"event_name":"Mysterious Sphere","player_choice":"Ignored","floor":36.0,"gold_loss":0.0,"damage_taken":0.0},{"damage_healed":0.0,"max_hp_gain":0.0,"max_hp_loss":0.0,"gold_gain":222.0,"event_name":"Tomb of Lord Red Mask","player_choice":"Wore Mask","floor":38.0,"gold_loss":0.0,"damage_taken":0.0}],"is_beta":false,"boss_relics":[{"not_picked":["Black Star","Ectoplasm"],"picked":"Cursed Key"},{"not_picked":["Velvet Choker","Coffee Dripper"],"picked":"Calling Bell"}],"items_purged_floors":[4,22,39,54],"is_endless":false,"potions_floor_spawned":[2,8,13,14,16,18,24,25,31,37,42,47,55],"ascension_level":20}}