{"host":"caz9phlr9zt22rnt","time":1610699008,"event":{"mods":["AchievementEnabler","BaseMod","Colored Map","Custom Start","Minty Spire (QoL Compilation)","Rare Cards Sparkle","Relic Stats","StSLib","The Cursed"],"gold_per_floor":[118,132,132,145,191,191,222,222,222,255,272,297,297,145,145,250,250,270,284,384,403,423,750,750,770,770,618,635,635,647,681,681,784,784,801,817,216,231,281,281,298,323,349,363,60,76,76,92,92,92,92,92,44,71,71,71],"floor_reached":55,"language":"ENG","playtime":7442,"items_purged":[],"score":877,"play_id":"dc6fe5ae-2927-4446-aafa-e8d024c48579","local_time":"20210115022328","is_ascension_mode":true,"campfire_choices":[{"floor":6.0,"key":"REST"},{"floor":8.0,"key":"RECALL"},{"data":"Adaptation","floor":13.0,"key":"SMITH"},{"data":"ClearTheMind","floor":15.0,"key":"SMITH"},{"data":"Crescendo","floor":24,"key":"SMITH"},{"floor":32,"key":"REST"},{"data":"Crescendo","floor":40,"key":"SMITH"},{"data":"Indignation","floor":49,"key":"SMITH"},{"data":"CarveReality","floor":52,"key":"SMITH"}],"circlet_count":0,"master_deck":["LikeWater+1","MentalFortress+1","Adaptation+1","Meditate+1","Vengeance","Sanctity+1","InnerPeace+1","Indignation+1","Halt+1","EmptyBody+1","ClearTheMind+1","Crescendo+1","FearNoEvil+1","EmptyFist+1","Consecrate+1","FlurryOfBlows+1","EmptyMind+1","LessonLearned+1","Tantrum+1","CarveReality+1","ClearTheMind+1","Perseverance+1","Crescendo+1"],"relics":["HolyWater","War Paint","StrikeDummy","Regal Pillow","Eternal Feather","Strange Spoon","Old Coin","Juzu Bracelet","Lee\u0027s Waffle","Ornamental Fan","Busted Crown","HornCleat","Potion Belt","ClockworkSouvenir","Ice Cream","TeardropLocket","Dream Catcher","Bronze Scales","Damaru","Whetstone"],"acts_visited":["Exordium","TheCity","TheBeyond","TheEnding"],"potions_floor_usage":[18,19,25,31,33,38,41,41,44,44,46,50,50,54],"damage_taken":[{"damage":9.0,"enemies":"Small Slimes","floor":1.0,"turns":2.0},{"damage":4.0,"enemies":"Jaw Worm","floor":2.0,"turns":3.0},{"damage":0.0,"enemies":"Cultist","floor":4.0,"turns":2.0},{"damage":0.0,"enemies":"Lagavulin","floor":7.0,"turns":4.0},{"damage":11.0,"enemies":"Gremlin Nob","floor":10.0,"turns":3.0},{"damage":0.0,"enemies":"Lots of Slimes","floor":11.0,"turns":1.0},{"damage":4.0,"enemies":"Lagavulin","floor":12.0,"turns":5.0},{"damage":19.0,"enemies":"Hexaghost","floor":16.0,"turns":5.0},{"damage":0,"enemies":"Spheric Guardian","floor":18,"turns":4},{"damage":0,"enemies":"Chosen","floor":19,"turns":3},{"damage":0,"enemies":"Centurion and Healer","floor":21,"turns":3},{"damage":0,"enemies":"Snake Plant","floor":22,"turns":2},{"damage":0,"enemies":"Book of Stabbing","floor":23,"turns":3},{"damage":15,"enemies":"Shelled Parasite and Fungi","floor":25,"turns":3},{"damage":1,"enemies":"Centurion and Healer","floor":28,"turns":3},{"damage":0,"enemies":"Cultist and Chosen","floor":30,"turns":2},{"damage":28,"enemies":"Slavers","floor":31,"turns":4},{"damage":12,"enemies":"Champ","floor":33,"turns":6},{"damage":3,"enemies":"Orb Walker","floor":35,"turns":2},{"damage":0,"enemies":"3 Darklings","floor":36,"turns":3},{"damage":2,"enemies":"Writhing Mass","floor":38,"turns":3},{"damage":0,"enemies":"Mind Bloom Boss Battle","floor":39,"turns":2},{"damage":0,"enemies":"Spire Growth","floor":41,"turns":2},{"damage":0,"enemies":"Giant Head","floor":42,"turns":4},{"damage":0,"enemies":"3 Darklings","floor":44,"turns":2},{"damage":6,"enemies":"Sphere and 2 Shapes","floor":46,"turns":2},{"damage":0,"enemies":"Writhing Mass","floor":48,"turns":2},{"damage":7,"enemies":"Donu and Deca","floor":50,"turns":5},{"damage":13,"enemies":"Shield and Spear","floor":54,"turns":3},{"damage":122,"enemies":"The Heart","floor":55,"turns":5}],"seed_played":"6223259700356976109","potions_obtained":[{"floor":1.0,"key":"GamblersBrew"},{"floor":2.0,"key":"Explosive Potion"},{"floor":11.0,"key":"Dexterity Potion"},{"floor":16.0,"key":"Energy Potion"},{"floor":19,"key":"SteroidPotion"},{"floor":23,"key":"Regen Potion"},{"floor":28,"key":"SpeedPotion"},{"floor":31,"key":"PowerPotion"},{"floor":33,"key":"SmokeBomb"},{"floor":38,"key":"Swift Potion"},{"floor":39,"key":"ColorlessPotion"},{"floor":41,"key":"Swift Potion"},{"floor":42,"key":"Explosive Potion"},{"floor":44,"key":"AttackPotion"},{"floor":46,"key":"Strength Potion"}],"is_trial":true,"path_per_floor":["M","M","?","M","T","R","E","R","T","E","M","E","R","$","R","B",null,"M","M","?","M","M","E","R","M","T","$","M","?","M","E","R","B",null,"M","M","$","M","?","R","M","E","T","M","$","M","?","M","R","B",null,"R","$","E","B"],"character_chosen":"WATCHER","items_purchased":["Strange Spoon","Lee\u0027s Waffle","HornCleat","Potion Belt","ClockworkSouvenir","PowerPotion","Bronze Scales","Damaru","PowerPotion"],"campfire_rested":2,"item_purchase_floors":[14,27,37,37,37,37,45,45,53],"current_hp_per_floor":[63,59,59,59,59,72,72,72,72,61,61,57,66,66,72,53,72,72,72,72,72,72,72,72,62,62,79,78,78,78,50,79,67,79,76,76,76,74,74,79,79,79,79,79,79,73,73,73,79,72,79,79,79,66,0,0],"gold":71,"neow_bonus":"","is_daily":false,"chose_seed":false,"campfire_upgraded":6,"win_rate":0.0,"timestamp":1610699008,"path_taken":["M","M","?","M","?","R","E","R","T","E","M","E","R","?","R","BOSS","M","M","?","?","M","E","R","M","T","$","M","?","M","E","R","BOSS","M","M","$","M","?","R","M","E","T","M","$","M","?","M","R","BOSS","R","$","E","BOSS"],"items_purchased_type":["Relic","Relic","Relic","Relic","Relic","Potion","Relic","Relic","Potion"],"build_version":"2020-12-22","purchased_purges":0,"victory":false,"max_hp_per_floor":[72,72,72,72,72,72,72,72,72,72,72,72,72,72,72,72,72,72,72,72,72,72,72,72,72,72,79,79,79,79,79,79,79,79,79,79,79,79,79,79,79,79,79,79,79,79,79,79,79,79,79,79,79,79,79,79],"relic_stats":{"Regal Pillow":0,"Lee\u0027s Waffle":17,"counters":[30,93],"Eternal Feather":38,"Juzu Bracelet":1,"Whetstone":[],"War Paint":["EmptyBody","Sanctity"],"Strange Spoon":[97],"Dream Catcher":0,"Busted Crown":22,"Ornamental Fan":[208],"Bronze Scales":[75],"obtain_stats":[{"Potion Belt":37,"Ice Cream":39,"Regal Pillow":10,"Lee\u0027s Waffle":27,"Damaru":45,"Eternal Feather":12,"Juzu Bracelet":26,"TeardropLocket":42,"Whetstone":54,"War Paint":5,"Old Coin":23,"ClockworkSouvenir":37,"Strange Spoon":14,"Dream Catcher":43,"Busted Crown":34,"HornCleat":37,"Ornamental Fan":31,"Bronze Scales":45,"HolyWater":17,"PureWater":0,"StrikeDummy":7},{"Potion Belt":20,"Ice Cream":22,"Regal Pillow":5,"Lee\u0027s Waffle":14,"Damaru":25,"Eternal Feather":7,"Juzu Bracelet":14,"TeardropLocket":24,"Whetstone":29,"War Paint":3,"Old Coin":13,"ClockworkSouvenir":20,"Strange Spoon":7,"Dream Catcher":24,"Busted Crown":18,"HornCleat":20,"Ornamental Fan":17,"Bronze Scales":25,"HolyWater":8,"PureWater":0,"StrikeDummy":4},{"Potion Belt":63,"Ice Cream":68,"Regal Pillow":14,"Lee\u0027s Waffle":43,"Damaru":76,"Eternal Feather":20,"Juzu Bracelet":43,"TeardropLocket":74,"Whetstone":88,"War Paint":7,"Old Coin":40,"ClockworkSouvenir":63,"Strange Spoon":20,"Dream Catcher":74,"Busted Crown":58,"HornCleat":63,"Ornamental Fan":52,"Bronze Scales":76,"HolyWater":25,"PureWater":0,"StrikeDummy":11}]},"card_choices":[{"not_picked":["Indignation","FollowUp","WaveOfTheHand"],"picked":"SKIP","floor":1.0},{"not_picked":["Halt","FollowUp","Evaluate"],"picked":"SKIP","floor":2.0},{"not_picked":["DevaForm","WreathOfFlame","SashWhip"],"picked":"SKIP","floor":4.0},{"not_picked":["Crescendo","Collect","EmptyFist"],"picked":"SKIP","floor":7.0},{"not_picked":["Conclude","Protect","EmptyBody"],"picked":"SKIP","floor":10.0},{"not_picked":["Swivel","Wireheading"],"picked":"EmptyMind","floor":11.0},{"not_picked":["Scrawl","ClearTheMind","Meditate"],"picked":"SKIP","floor":12.0},{"not_picked":["MasterReality","DeusExMachina"],"picked":"LessonLearned","floor":16.0},{"not_picked":["FollowUp","WaveOfTheHand","CrushJoints"],"picked":"SKIP","floor":18},{"not_picked":["FlyingSleeves","CrushJoints","SashWhip+1"],"picked":"SKIP","floor":19},{"not_picked":["WheelKick","Halt"],"picked":"Tantrum+1","floor":21},{"not_picked":["Wish","BowlingBash","JustLucky+1"],"picked":"SKIP","floor":22},{"not_picked":["Vengeance+1","Prostrate","ClearTheMind"],"picked":"SKIP","floor":23},{"not_picked":["EmptyFist","Protect","Evaluate+1"],"picked":"SKIP","floor":25},{"not_picked":["BowlingBash","Evaluate","ThirdEye"],"picked":"SKIP","floor":28},{"not_picked":["WaveOfTheHand+1","SandsOfTime","Pray"],"picked":"SKIP","floor":30},{"not_picked":["Swivel+1","Consecrate"],"picked":"ClearTheMind+1","floor":31},{"not_picked":[],"picked":"Perseverance+1","floor":35},{"not_picked":["Evaluate"],"picked":"SKIP","floor":36},{"not_picked":[],"picked":"Crescendo","floor":38},{"not_picked":["Halt+1"],"picked":"SKIP","floor":41},{"not_picked":["Consecrate+1"],"picked":"SKIP","floor":42},{"not_picked":["Consecrate"],"picked":"SKIP","floor":44},{"not_picked":["Nirvana"],"picked":"SKIP","floor":46},{"not_picked":["WaveOfTheHand"],"picked":"SKIP","floor":48},{"not_picked":["BowlingBash+1"],"picked":"SKIP","floor":54}],"player_experience":511062,"relics_obtained":[{"floor":5.0,"key":"War Paint"},{"floor":7.0,"key":"StrikeDummy"},{"floor":10.0,"key":"Regal Pillow"},{"floor":12.0,"key":"Eternal Feather"},{"floor":23,"key":"Old Coin"},{"floor":26,"key":"Juzu Bracelet"},{"floor":31,"key":"Ornamental Fan"},{"floor":39,"key":"Ice Cream"},{"floor":42,"key":"TeardropLocket"},{"floor":43,"key":"Dream Catcher"},{"floor":54,"key":"Whetstone"}],"event_choices":[{"damage_healed":0.0,"max_hp_gain":0.0,"max_hp_loss":0.0,"gold_gain":0.0,"event_name":"Liars Game","player_choice":"Ignored","floor":3.0,"gold_loss":0.0,"damage_taken":0.0},{"damage_healed":0,"gold_gain":100,"player_choice":"Pray","damage_taken":0,"max_hp_gain":0,"max_hp_loss":0,"event_name":"Golden Shrine","floor":20,"gold_loss":0},{"damage_healed":0,"gold_gain":0,"player_choice":"Read","damage_taken":0,"max_hp_gain":0,"max_hp_loss":0,"event_name":"The Library","floor":29,"gold_loss":0,"cards_obtained":["CarveReality"]},{"damage_healed":0,"gold_gain":0,"player_choice":"Fight","damage_taken":0,"max_hp_gain":0,"max_hp_loss":0,"event_name":"MindBloom","floor":39,"gold_loss":0},{"damage_healed":0,"gold_gain":0,"player_choice":"Memory 1","damage_taken":0,"max_hp_gain":0,"max_hp_loss":0,"event_name":"SensoryStone","floor":47,"gold_loss":0}],"is_beta":false,"boss_relics":[{"not_picked":["Runic Pyramid","Philosopher\u0027s Stone"],"picked":"HolyWater"},{"not_picked":["Calling Bell","SacredBark"],"picked":"Busted Crown"}],"items_purged_floors":[],"is_endless":false,"potions_floor_spawned":[1,2,11,16,19,23,28,31,33,38,39,41,42,44,46],"killed_by":"The Heart","ascension_level":1}}