{"host":"jpcy2bclvs7juczu","time":1610669228,"event":{"mods":["AchievementEnabler","BaseMod","Block Reminder","Colored Map","Colored Powertips","Curses Come First","Dark Map","Minty Spire (QoL Compilation)","Quick Restart","Relic Stats","StSLib","ojb\u0027s Better Paths Mod","ojb\u0027s Info Mod","slay the spire mod where everything is the same but ironclad has a cowboy hat"],"gold_per_floor":[99,99,99,99,59,59,59,59,59,59,15,15,15,15,15,15,15,15,15,15,15,15,15,15,15,15,15,15,15,15,15,15,15,15],"floor_reached":33,"language":"ENG","playtime":1762,"items_purged":[],"score":751,"play_id":"27663867-288b-4772-887c-7863725c4c22","local_time":"20210115000708","is_ascension_mode":true,"campfire_choices":[{"data":"Quick Slash","floor":7.0,"key":"SMITH"},{"floor":10.0,"key":"REST"},{"data":"Bouncing Flask","floor":15.0,"key":"SMITH"},{"data":"Catalyst","floor":23.0,"key":"SMITH"},{"data":"Bite","floor":25.0,"key":"PURGE"},{"data":"Corpse Explosion","floor":28.0,"key":"SMITH"},{"data":"Writhe","floor":32,"key":"PURGE"}],"circlet_count":0,"master_deck":["AscendersBane","Defend_G","Defend_G","Defend_G","Defend_G","Defend_G","Survivor","Neutralize+1","Blade Dance","Bouncing Flask+1","Sucker Punch+1","Quick Slash+1","Footwork","Predator","All Out Attack","Backflip","Poisoned Stab","Bane","Corpse Explosion+1","Catalyst+1","Dash+1","Bite","Bite","Bite","Bite","Acrobatics"],"relics":["Ectoplasm","MealTicket","Orichalcum","Pen Nib","The Courier","MawBank","Runic Dome","Red Mask","Peace Pipe","Shuriken","Whetstone","Snake Skull"],"acts_visited":["Exordium","TheCity"],"potions_floor_usage":[30],"damage_taken":[{"damage":1.0,"enemies":"Cultist","floor":1.0,"turns":4.0},{"damage":2.0,"enemies":"Jaw Worm","floor":2.0,"turns":4.0},{"damage":0.0,"enemies":"2 Louse","floor":3.0,"turns":3.0},{"damage":5.0,"enemies":"Blue Slaver","floor":4.0,"turns":3.0},{"damage":25.0,"enemies":"Lagavulin","floor":6.0,"turns":6.0},{"damage":23.0,"enemies":"Gremlin Nob","floor":8.0,"turns":4.0},{"damage":15.0,"enemies":"Lagavulin","floor":12.0,"turns":7.0},{"damage":0.0,"enemies":"3 Louse","floor":13.0,"turns":2.0},{"damage":6.0,"enemies":"3 Sentries","floor":14.0,"turns":4.0},{"damage":4.0,"enemies":"The Guardian","floor":16.0,"turns":7.0},{"damage":17.0,"enemies":"Shell Parasite","floor":18.0,"turns":4.0},{"damage":0.0,"enemies":"Masked Bandits","floor":19.0,"turns":1.0},{"damage":0.0,"enemies":"3 Byrds","floor":20.0,"turns":2.0},{"damage":0.0,"enemies":"Centurion and Healer","floor":22.0,"turns":2.0},{"damage":0.0,"enemies":"Gremlin Leader","floor":24.0,"turns":7.0},{"damage":30.0,"enemies":"Slavers","floor":27.0,"turns":4.0},{"damage":8,"enemies":"Snake Plant","floor":30,"turns":3},{"damage":30,"enemies":"Collector","floor":33,"turns":3}],"seed_played":"8024824861547792540","potions_obtained":[{"floor":2.0,"key":"SteroidPotion"},{"floor":3.0,"key":"SkillPotion"},{"floor":4.0,"key":"DuplicationPotion"},{"floor":14.0,"key":"DuplicationPotion"},{"floor":18.0,"key":"BlessingOfTheForge"},{"floor":22.0,"key":"Ancient Potion"},{"floor":27.0,"key":"Ancient Potion"}],"is_trial":false,"path_per_floor":["M","M","M","M","$","E","R","E","T","R","$","E","M","E","R","B",null,"M","?","M","?","M","R","E","R","T","E","R","?","M","T","R","B"],"character_chosen":"THE_SILENT","items_purchased":["Footwork","All Out Attack"],"campfire_rested":1,"item_purchase_floors":[5,11],"current_hp_per_floor":[58,56,56,51,51,26,26,3,3,22,37,22,22,16,16,12,53,36,36,36,36,40,40,46,46,46,20,20,20,18,18,18,0,0],"gold":15,"neow_bonus":"BOSS_RELIC","is_daily":false,"chose_seed":false,"campfire_upgraded":4,"win_rate":0.0,"timestamp":1610669228,"path_taken":["M","M","M","M","$","E","R","E","T","R","?","E","M","E","R","BOSS","M","?","M","?","M","R","E","R","T","E","R","?","M","?","R","BOSS"],"items_purchased_type":["Card","Card"],"build_version":"2020-12-22","purchased_purges":0,"victory":false,"max_hp_per_floor":[66,66,66,66,66,66,66,66,66,66,66,66,66,66,66,66,66,66,66,66,46,46,46,46,46,46,46,46,46,46,46,46,46,46],"relic_stats":{"Peace Pipe":2,"counters":[18,70],"Shuriken":[8],"MealTicket":15,"Ectoplasm":649,"Pen Nib":[13],"Snake Skull":[10],"Whetstone":["Sucker Punch","Neutralize"],"Orichalcum":[180],"MawBank":0,"obtain_stats":[{"Pen Nib":9,"The Courier":12,"Snake Skull":29,"Whetstone":27,"Orichalcum":8,"MawBank":14,"Peace Pipe":24,"Runic Dome":17,"Shuriken":26,"MealTicket":6,"Ectoplasm":0,"Red Mask":19,"Ring of the Snake":0},{"Pen Nib":6,"The Courier":7,"Snake Skull":16,"Whetstone":16,"Orichalcum":6,"MawBank":9,"Peace Pipe":15,"Runic Dome":10,"Shuriken":15,"MealTicket":5,"Ectoplasm":0,"Red Mask":12,"Ring of the Snake":0},{"Pen Nib":24,"The Courier":31,"Snake Skull":64,"Whetstone":64,"Orichalcum":24,"MawBank":37,"Peace Pipe":60,"Runic Dome":44,"Shuriken":60,"MealTicket":20,"Ectoplasm":0,"Red Mask":49,"Ring of the Snake":0}]},"card_choices":[{"not_picked":["Accuracy","Prepared"],"picked":"Blade Dance","floor":1.0},{"not_picked":["Underhanded Strike","Acrobatics"],"picked":"Bouncing Flask","floor":2.0},{"not_picked":["Slice","Outmaneuver"],"picked":"Sucker Punch","floor":3.0},{"not_picked":["Dodge and Roll","Slice"],"picked":"Quick Slash","floor":4.0},{"not_picked":["Caltrops","Distraction","Reflex"],"picked":"SKIP","floor":6.0},{"not_picked":["Blade Dance","Distraction"],"picked":"Predator","floor":8.0},{"not_picked":["Backstab","Cloak And Dagger"],"picked":"Backflip","floor":12.0},{"not_picked":["Cloak And Dagger","Unload"],"picked":"Poisoned Stab","floor":13.0},{"not_picked":["Tactician","Prepared"],"picked":"Bane","floor":14.0},{"not_picked":["Night Terror","Storm of Steel"],"picked":"Corpse Explosion","floor":16.0},{"not_picked":["Flying Knee","Dagger Spray+1"],"picked":"Catalyst","floor":18.0},{"not_picked":["Prepared","Bane"],"picked":"Dash+1","floor":20.0},{"not_picked":["Underhanded Strike","Dodge and Roll","Corpse Explosion"],"picked":"SKIP","floor":22.0},{"not_picked":["Dagger Spray","Sucker Punch","Tactician"],"picked":"SKIP","floor":24.0},{"not_picked":["Slice","Deadly Poison"],"picked":"Acrobatics","floor":27.0},{"not_picked":["Quick Slash","Dodge and Roll","Prepared"],"picked":"SKIP","floor":30}],"player_experience":403876,"relics_obtained":[{"floor":6.0,"key":"MealTicket"},{"floor":8.0,"key":"Orichalcum"},{"floor":9.0,"key":"Pen Nib"},{"floor":12.0,"key":"The Courier"},{"floor":14.0,"key":"MawBank"},{"floor":19.0,"key":"Red Mask"},{"floor":24.0,"key":"Peace Pipe"},{"floor":26.0,"key":"Shuriken"},{"floor":27.0,"key":"Whetstone"}],"event_choices":[{"damage_healed":0.0,"max_hp_gain":0.0,"max_hp_loss":0.0,"gold_gain":0.0,"event_name":"Masked Bandits","player_choice":"Fought Bandits","floor":19.0,"gold_loss":0.0,"damage_taken":0.0},{"damage_healed":0.0,"max_hp_gain":0.0,"max_hp_loss":20.0,"gold_gain":0.0,"event_name":"Vampires","player_choice":"Became a vampire","floor":21.0,"gold_loss":0.0,"damage_taken":0.0,"cards_obtained":["Bite","Bite","Bite","Bite","Bite"]},{"damage_healed":0,"gold_gain":0,"player_choice":"Opened","damage_taken":0,"relics_obtained":["Snake Skull"],"max_hp_gain":0,"max_hp_loss":0,"event_name":"The Mausoleum","floor":29,"gold_loss":0,"cards_obtained":["Writhe"]}],"is_beta":false,"boss_relics":[{"not_picked":["Calling Bell","Fusion Hammer"],"picked":"Runic Dome"}],"items_purged_floors":[],"is_endless":false,"potions_floor_spawned":[2,3,4,14,18,22,27],"killed_by":"Collector","ascension_level":20}}