{"host":"i1fqlpve17okw40o","time":1610693085,"event":{"mods":["A Magickal Journey","Act Like it!","Aspiration","BaseMod","BetterRewards","CapriCore","Colored Map","Colored Powertips","Downfall","Elementarium","Energized Spire","Glutton Mod","Halation","Hermit","Highlight Path","Hubris","Koishi","Marisa????????","Mimic Mod","Minty Spire (QoL Compilation)","Quick Restart","Random Character Button","Relic Sorter","Replay The Spire","Retaliation","Reworked Bosses","StSLib","SuperFastMode","Td1madao Mod","The Construct","The Disciple","The Forsaken","The Immortal","The Jungle","The Runesmith","The Senshi","The Servant 0.9.4","vexMod"],"gold_per_floor":[112,112,34,34,34,66,83,115,115,115,143,143,162,174,174,274,274,288,269,269,117,117,145,161,161,207,207,227,240,240,258,258,258,258],"floor_reached":33,"language":"ENG","playtime":1348,"items_purged":["Defend_R"],"score":375,"play_id":"95ed8928-194f-41fe-a949-d0903fb399fa","local_time":"20210115004445","is_ascension_mode":false,"campfire_choices":[{"floor":10,"key":"REST"},{"floor":12,"key":"REST"},{"data":"Inflame","floor":15,"key":"SMITH"},{"floor":25,"key":"REST"},{"floor":27,"key":"RECALL"},{"data":"Uppercut","floor":30,"key":"SMITH"},{"data":"Metallicize","floor":32,"key":"SMITH"}],"circlet_count":0,"master_deck":["Strike_R","Strike_R","Strike_R","Strike_R","Strike_R+1","Defend_R","Defend_R","Defend_R+1","Bash","Inflame+1","Shrug It Off+1","DDmod:UnstoppableAttack","ReplayTheSpireMod:Stacked","Demon Form","Injury","Metallicize+1","Uppercut+1"],"relics":["Burning Blood","Gremlin Food","hubris:Towel","theSenshi:SailorFukuRelic","Mummified Hand","Snack Pack","hubris:GlazedTorus","Quantum Egg","Pantograph","vexMod:ScavengeHelm","vexMod:FocusSash"],"acts_visited":["Exordium","TheCity"],"potions_floor_usage":[6,16,19,28,29],"damage_taken":[{"damage":0,"enemies":"2 Louse","floor":1,"turns":3},{"damage":36,"enemies":"Lagavulin","floor":6,"turns":5},{"damage":1,"enemies":"Jaw Worm","floor":7,"turns":4},{"damage":35,"enemies":"Small Slimes","floor":8,"turns":16},{"damage":21,"enemies":"3 Sentries","floor":11,"turns":8},{"damage":2,"enemies":"Small Slimes","floor":13,"turns":5},{"damage":10,"enemies":"Exordium Wildlife","floor":14,"turns":5},{"damage":32,"enemies":"Fading Forest","floor":16,"turns":11},{"damage":14,"enemies":"Shell Parasite","floor":18,"turns":8},{"damage":15,"enemies":"2 Thieves","floor":19,"turns":5},{"damage":63,"enemies":"Book of Stabbing","floor":23,"turns":8},{"damage":21,"enemies":"Snecko","floor":24,"turns":6},{"damage":24,"enemies":"Sentry and Sphere","floor":28,"turns":8},{"damage":18,"enemies":"Shelled Parasite and Fungi","floor":29,"turns":9},{"damage":12,"enemies":"Cultist and Chosen","floor":31,"turns":9},{"damage":85,"enemies":"bossMod:newCollector","floor":33,"turns":9}],"seed_played":"1987639438884812021","potions_obtained":[{"floor":1,"key":"AttackPotion"},{"floor":13,"key":"Weak Potion"},{"floor":18,"key":"Venom Potion"},{"floor":23,"key":"SteroidPotion"},{"floor":28,"key":"Weak Potion"}],"is_trial":false,"path_per_floor":["M","?","$","?","?","E","M","MIM","T","R","E","R","M","M","R","B",null,"M","M","?","$","?","E","M","R","T","R","M","M","R","M","R","B"],"character_chosen":"IRONCLAD","items_purchased":["Gremlin Food","Inflame","Metallicize"],"campfire_rested":3,"item_purchase_floors":[0,3,21],"current_hp_per_floor":[80,80,80,80,80,50,55,26,26,50,37,61,69,72,72,54,80,79,74,74,74,74,37,29,53,53,53,42,36,36,40,40,0,0],"gold":258,"neow_bonus":"","is_daily":false,"chose_seed":false,"campfire_upgraded":3,"win_rate":0.0,"timestamp":1610693085,"path_taken":["M","?","$","?","?","E","M","?","T","R","E","R","?","M","R","BOSS","M","M","?","$","?","E","M","R","T","R","M","M","R","M","R","BOSS"],"items_purchased_type":["Relic","Card","Card"],"build_version":"2020-12-22","purchased_purges":1,"victory":false,"max_hp_per_floor":[80,80,80,80,80,80,80,80,80,80,80,80,80,80,80,80,80,80,80,80,80,80,80,80,80,80,80,80,80,80,80,80,80,80],"card_choices":[{"not_picked":["Warcry","Reckless Charge","ReplayTheSpireMod:Strike From Hell"],"picked":"SKIP","floor":1},{"not_picked":["DDmod:RapidStrikeAttack","Dual Wield"],"picked":"Shrug It Off","floor":6},{"not_picked":["Flex","Thunderclap","Armaments"],"picked":"SKIP","floor":7},{"not_picked":["ReplayTheSpireMod:LeadingStrike","DDmod:CallousedSkill"],"picked":"DDmod:UnstoppableAttack","floor":11},{"not_picked":["Replay:Undeath\u0027s Touch","Armaments","DDmod:EasePowerCard"],"picked":"SKIP","floor":13},{"not_picked":["DDmod:EasePowerCard","Twin Strike"],"picked":"ReplayTheSpireMod:Stacked","floor":14},{"not_picked":["Exhume","Brutality"],"picked":"Demon Form","floor":16},{"not_picked":["True Grit","Havoc","Wild Strike"],"picked":"SKIP","floor":18},{"not_picked":["Carnage","Anger+1","Replay:Undeath\u0027s Touch"],"picked":"SKIP","floor":19},{"not_picked":["Second Wind","Seeing Red+1","Battle Trance+1"],"picked":"SKIP","floor":23},{"not_picked":["Shrug It Off","DDmod:EasePowerCard","Pommel Strike"],"picked":"SKIP","floor":24},{"not_picked":["Warcry+1","Rage","Thunderclap"],"picked":"SKIP","floor":28},{"not_picked":["Pommel Strike","Cleave"],"picked":"Uppercut","floor":29},{"not_picked":["Run Through","DDmod:SpikedSkill","Ghostly Armor"],"picked":"SKIP","floor":31}],"player_experience":419607,"relics_obtained":[{"floor":6,"key":"theSenshi:SailorFukuRelic"},{"floor":8,"key":"Mummified Hand"},{"floor":8,"key":"Snack Pack"},{"floor":9,"key":"hubris:GlazedTorus"},{"floor":11,"key":"Quantum Egg"},{"floor":23,"key":"vexMod:ScavengeHelm"},{"floor":26,"key":"vexMod:FocusSash"}],"event_choices":[{"damage_healed":0,"gold_gain":0,"player_choice":"Ignored","damage_taken":0,"max_hp_gain":0,"max_hp_loss":0,"event_name":"Liars Game","floor":4,"gold_loss":0},{"damage_healed":0,"gold_gain":0,"player_choice":"Ignored","damage_taken":0,"max_hp_gain":0,"max_hp_loss":0,"event_name":"Vampires","floor":22,"gold_loss":0}],"is_beta":false,"boss_relics":[{"not_picked":["hubris:GrandSneckoEye","ChewingGum","energizedSpire:OgreHead"]}],"items_purged_floors":[21],"is_endless":false,"potions_floor_spawned":[1,11,13,18,23,28],"killed_by":"bossMod:newCollector","ascension_level":0}}