{"host":"12","time":1610703066,"event":{"mods":["Act Like it!","BaseMod","Colored Powertips","Minty Spire (QoL Compilation)","StSLib","【功能Mod】混沌之环修复补丁"],"gold_per_floor":[119,136,136,153,168,168,181,181,181,181,199,230,155,179,179,179,179],"floor_reached":16,"language":"ZHS","playtime":444,"items_purged":["Strike_B"],"score":208,"play_id":"82f8743e-a6c0-43cf-8602-ceb9b3d0c958","local_time":"20210115173106","is_ascension_mode":true,"campfire_choices":[{"data":"Dualcast","floor":6.0,"key":"SMITH"},{"data":"Consume","floor":10.0,"key":"SMITH"},{"data":"Coolheaded","floor":15,"key":"SMITH"}],"circlet_count":0,"master_deck":["AscendersBane","Strike_B","Strike_B","Strike_B","Defend_B","Defend_B","Defend_B","Defend_B","Zap","Dualcast+1","Turbo","Consume+1","Loop","Coolheaded+1","Cold Snap"],"relics":["Cracked Core","NeowsBlessing","Golden Idol","Potion Belt","Dream Catcher"],"acts_visited":["Exordium"],"potions_floor_usage":[11,11,16],"damage_taken":[{"damage":0.0,"enemies":"2 Louse","floor":1.0,"turns":1.0},{"damage":0.0,"enemies":"Small Slimes","floor":2.0,"turns":1.0},{"damage":0.0,"enemies":"Jaw Worm","floor":4.0,"turns":1.0},{"damage":2.0,"enemies":"3 Louse","floor":5.0,"turns":4.0},{"damage":14.0,"enemies":"2 Fungi Beasts","floor":7.0,"turns":4.0},{"damage":23,"enemies":"Exordium Thugs","floor":11,"turns":4},{"damage":8,"enemies":"Lagavulin","floor":12,"turns":9},{"damage":16,"enemies":"Exordium Wildlife","floor":14,"turns":3},{"damage":12,"enemies":"Hexaghost","floor":16,"turns":9}],"seed_played":"4966156509233445619","potions_obtained":[{"floor":1.0,"key":"BlessingOfTheForge"},{"floor":2.0,"key":"GamblersBrew"},{"floor":7.0,"key":"LiquidMemories"},{"floor":14,"key":"Fruit Juice"}],"is_trial":false,"path_per_floor":["M","M","?","M","M","R","M","?","T","R","M","E","$","M","R","B"],"character_chosen":"DEFECT","items_purchased":[],"campfire_rested":0,"item_purchase_floors":[],"current_hp_per_floor":[64,64,69,69,67,67,53,53,53,53,30,22,22,6,6,0,0],"gold":179,"neow_bonus":"THREE_ENEMY_KILL","is_daily":false,"chose_seed":false,"campfire_upgraded":3,"win_rate":0.0,"timestamp":1610703066,"path_taken":["M","M","?","M","M","R","M","?","T","R","M","E","$","M","R","BOSS"],"items_purchased_type":[],"build_version":"2020-12-18","purchased_purges":1,"victory":false,"max_hp_per_floor":[71,71,76,76,76,76,76,69,69,69,69,69,69,69,69,74,74],"card_choices":[{"not_picked":["Gash","Go for the Eyes"],"picked":"Turbo","floor":1.0},{"not_picked":["Ball Lightning","Darkness"],"picked":"Consume","floor":2.0},{"not_picked":["Ball Lightning","Barrage"],"picked":"Loop","floor":4.0},{"not_picked":["Compile Driver","Barrage"],"picked":"Coolheaded","floor":5.0},{"not_picked":["Leap","Darkness","Turbo"],"picked":"SKIP","floor":7.0},{"not_picked":["Double Energy","Undo"],"picked":"Cold Snap","floor":11},{"not_picked":["Sunder","Storm","Amplify"],"picked":"SKIP","floor":12},{"not_picked":["Genetic Algorithm","Gash","Beam Cell"],"picked":"SKIP","floor":14}],"player_experience":576998,"relics_obtained":[{"floor":9.0,"key":"Potion Belt"},{"floor":12,"key":"Dream Catcher"}],"event_choices":[{"damage_healed":0.0,"max_hp_gain":5.0,"max_hp_loss":0.0,"gold_gain":0.0,"event_name":"Big Fish","player_choice":"Donut","floor":3.0,"gold_loss":0.0,"damage_taken":0.0},{"damage_healed":0.0,"max_hp_gain":0.0,"max_hp_loss":7.0,"gold_gain":0.0,"event_name":"Golden Idol","player_choice":"Lose Max HP","floor":8.0,"gold_loss":0.0,"damage_taken":0.0,"relics_obtained":["Golden Idol"]}],"is_beta":true,"boss_relics":[],"items_purged_floors":[13],"is_endless":false,"potions_floor_spawned":[1,2,7,14],"killed_by":"Hexaghost","ascension_level":20}}