{"host":"0qlrtuw7bw78ucw4","time":1610669636,"event":{"mods":["BaseMod","Downfall","Minty Spire (QoL Compilation)","StSLib"],"gold_per_floor":[99,109,122,145,161,190,268,268,284,312,312,325,325,339,349,448,448,448,464,302,302,187,197,197,230,330,344,344,356,356,375,389,486,486,486,498,498,515,72,97,109,152,165,90,124,124,134,134,154,154],"floor_reached":51,"language":"ENG","playtime":4064,"items_purged":["hexamod:Strike","hexamod:Defend","hexamod:Strike","hexamod:Defend"],"score":852,"play_id":"c13475db-56ee-431b-9494-f53249bd8eea","local_time":"20210115111356","is_ascension_mode":true,"campfire_choices":[{"data":"expansioncontent:QuickStudy","floor":1.0,"key":"SMITH"},{"data":"hexamod:Float","floor":13.0,"key":"SMITH"},{"data":"hexamod:HeatShield","floor":18.0,"key":"SMITH"},{"data":"hexamod:UnlimitedPower","floor":28.0,"key":"SMITH"},{"floor":30.0,"key":"REST"},{"data":"hexamod:UnlimitedPower","floor":35.0,"key":"SMITH"},{"data":"hexamod:Defend","floor":44,"key":"PURGE"},{"data":"hexamod:Defend+1","floor":46,"key":"PURGE"}],"circlet_count":0,"master_deck":["hexamod:Strike+1","hexamod:Strike+1","hexamod:Sear+1","hexamod:Float+1","expansioncontent:QuickStudy+1","hexamod:HeatMetal+1","hexamod:GhostOfSpireFuture+1","hexamod:HauntingEcho+1","hexamod:AdvancingGuard+1","hexamod:SpectersWail+1","hexamod:SixthSeal","hexamod:Firestarter+1","hexamod:HeatShield+1","hexamod:InspiringFlames+1","hexamod:ApocalypticArmor+1","hexamod:ShieldOfDarkness+1","hexamod:FastForward+1","hexamod:TimeWarp","hexamod:RadiantFlame+1","hexamod:ShieldOfDarkness+1","hexamod:SpectralAdrenaline+1","hexamod:UnlimitedPower+1","hexamod:GhostOfSpireFuture+1","hexamod:FastForward","hexamod:AdvancingGuard+1","hexamod:UnlimitedPower+1","hexamod:ThermalTransfer+1","hexamod:PhantomCloak+1","hexamod:SwordOfDarkness+1","hexamod:FastForward+1"],"relics":["hexamod:SpiritBrand","Pen Nib","Frozen Egg 2","Kunai","PreservedInsect","Empty Cage","Unceasing Top","Peace Pipe","Lizard Tail","Molten Egg 2","Busted Crown","hexamod:SoulConsumer","MawBank","Mercury Hourglass","Nunchaku","Lee\u0027s Waffle","downfall:HeartBlessingGreen","Pantograph"],"acts_visited":["Exordium","TheCity","TheBeyond"],"potions_floor_usage":[40,43,50],"damage_taken":[{"damage":0.0,"enemies":"Cultist","floor":2.0,"turns":3.0},{"damage":0.0,"enemies":"Small Slimes","floor":3.0,"turns":2.0},{"damage":1.0,"enemies":"2 Louse","floor":5.0,"turns":2.0},{"damage":14.0,"enemies":"Gremlin Nob","floor":6.0,"turns":4.0},{"damage":14.0,"enemies":"Gremlin Gang","floor":9.0,"turns":3.0},{"damage":19.0,"enemies":"Lagavulin","floor":10.0,"turns":6.0},{"damage":0.0,"enemies":"Exordium Wildlife","floor":12.0,"turns":3.0},{"damage":0.0,"enemies":"Exordium Thugs","floor":14.0,"turns":3.0},{"damage":22.0,"enemies":"Large Slime","floor":15.0,"turns":6.0},{"damage":12.0,"enemies":"downfall:Ironclad","floor":16.0,"turns":6.0},{"damage":23.0,"enemies":"3 Byrds","floor":19.0,"turns":5.0},{"damage":0.0,"enemies":"downfall:FleeingMerchant","floor":20.0,"turns":4.0},{"damage":0.0,"enemies":"downfall:FleeingMerchant","floor":22.0,"turns":4.0},{"damage":3.0,"enemies":"Spheric Guardian","floor":23.0,"turns":5.0},{"damage":6.0,"enemies":"Book of Stabbing","floor":25.0,"turns":5.0},{"damage":6.0,"enemies":"Colosseum Nobs","floor":26.0,"turns":4.0},{"damage":20.0,"enemies":"Centurion and Healer","floor":27.0,"turns":6.0},{"damage":34.0,"enemies":"Snake Plant","floor":29.0,"turns":4.0},{"damage":11.0,"enemies":"Shelled Parasite and Fungi","floor":31.0,"turns":6.0},{"damage":2.0,"enemies":"Snecko","floor":32.0,"turns":4.0},{"damage":3.0,"enemies":"downfall:Defect","floor":33.0,"turns":9.0},{"damage":27.0,"enemies":"3 Darklings","floor":36.0,"turns":4.0},{"damage":0.0,"enemies":"Orb Walker","floor":38.0,"turns":4.0},{"damage":0,"enemies":"downfall:FleeingMerchant","floor":39,"turns":4},{"damage":6,"enemies":"Nemesis","floor":40,"turns":5},{"damage":20,"enemies":"Giant Head","floor":42,"turns":10},{"damage":15,"enemies":"downfall:FleeingMerchant","floor":43,"turns":3},{"damage":6,"enemies":"Reptomancer","floor":45,"turns":5},{"damage":0,"enemies":"Maw","floor":47,"turns":8},{"damage":15,"enemies":"3 Darklings","floor":49,"turns":5},{"damage":25,"enemies":"downfall:Silent","floor":50,"turns":7}],"seed_played":"7812547731835845528","potions_obtained":[{"floor":5.0,"key":"Swift Potion"},{"floor":6.0,"key":"Guardian:BlockOnCardUsePotion"},{"floor":10.0,"key":"Fire Potion"},{"floor":16.0,"key":"EssenceOfSteel"},{"floor":25.0,"key":"Weak Potion"},{"floor":27.0,"key":"FearPotion"},{"floor":31.0,"key":"ColorlessPotion"},{"floor":36.0,"key":"hexamod:InfernoChargePotion"},{"floor":42,"key":"Fire Potion"},{"floor":45,"key":"FearPotion"},{"floor":49,"key":"AttackPotion"}],"is_trial":false,"path_per_floor":["R","M","M","T","M","E","T","?","M","E","?","M","R","M","M","B",null,"R","M","$","?","$","M","T","E","?","M","R","M","R","M","M","B",null,"R","M","?","M","$","E","T","E","$","R","E","R","M","$","M","B",null],"character_chosen":"THE_SPIRIT","items_purchased":["hexamod:TimeWarp","hexamod:SoulConsumer","Lee\u0027s Waffle","hexamod:FastForward"],"campfire_rested":1,"item_purchase_floors":[20,39,43,43],"current_hp_per_floor":[70,70,70,70,69,55,55,55,41,22,70,70,70,70,48,36,70,70,47,47,34,34,31,31,25,19,37,37,3,25,14,12,9,75,75,48,48,48,48,42,42,22,82,82,76,76,76,76,61,57],"gold":154,"neow_bonus":"RANDOM_COLORLESS_2","is_daily":false,"chose_seed":false,"campfire_upgraded":5,"win_rate":0.0,"timestamp":1610669636,"path_taken":["R","M","M","?","?","E","T","?","M","E","?","M","R","?","M","BOSS","R","M","$","?","$","M","T","E","?","M","R","?","R","M","M","BOSS","R","M","?","M","$","E","T","E","$","R","E","R","M","$","M","BOSS"],"items_purchased_type":["Card","Relic","Relic","Card"],"build_version":"2020-12-22","purchased_purges":4,"victory":true,"max_hp_per_floor":[70,70,70,70,70,70,70,70,70,70,70,70,70,70,70,70,70,70,70,70,75,75,75,75,75,75,75,75,75,75,75,75,75,75,75,75,75,75,75,75,75,75,82,82,82,82,82,82,82,82],"card_choices":[{"not_picked":["Master of Strategy","Chrysalis"],"picked":"expansioncontent:QuickStudy","floor":0.0},{"not_picked":["hexamod:NightmareStrike","hexamod:RetreatToShadows"],"picked":"hexamod:HeatMetal","floor":2.0},{"not_picked":["hexamod:Firestarter","hexamod:GhostLash"],"picked":"hexamod:GhostOfSpireFuture","floor":3.0},{"not_picked":["hexamod:NightmareStrike","hexamod:InspiringFlames"],"picked":"hexamod:HauntingEcho","floor":5.0},{"not_picked":["hexamod:Rewind","hexamod:GhostLash"],"picked":"hexamod:AdvancingGuard","floor":6.0},{"not_picked":["hexamod:RainOfEmbers","hexamod:SpectralSpark"],"picked":"hexamod:SpectersWail","floor":9.0},{"not_picked":["hexamod:SpectersWail","hexamod:BurningTouch"],"picked":"hexamod:SixthSeal","floor":10.0},{"not_picked":["hexamod:NightmareStrike","hexamod:NightmareGuise"],"picked":"hexamod:Firestarter","floor":12.0},{"not_picked":["hexamod:CatchUp","hexamod:Hexaguard"],"picked":"hexamod:HeatShield","floor":14.0},{"not_picked":["hexamod:GhostLash","hexamod:NightmareGuise"],"picked":"hexamod:InspiringFlames","floor":15.0},{"not_picked":["hexamod:VolcanoVisage+1","hexamod:Toasty"],"picked":"hexamod:ApocalypticArmor+1","floor":16.0},{"not_picked":["hexamod:PowerFromBeyond+1","hexamod:NightmareGuise"],"picked":"hexamod:ShieldOfDarkness","floor":19.0},{"not_picked":["hexamod:SuperheatedStrike","hexamod:HauntingEcho+1"],"picked":"hexamod:FastForward","floor":20.0},{"not_picked":["hexamod:FastForward","hexamod:SpectersWail"],"picked":"hexamod:RadiantFlame+1","floor":22.0},{"not_picked":["hexamod:SkipABeat+1","hexamod:BurningTouch","hexamod:AdvancingGuard"],"picked":"SKIP","floor":23.0},{"not_picked":["hexamod:Haunt+1","hexamod:HauntingEcho"],"picked":"hexamod:ShieldOfDarkness+1","floor":25.0},{"not_picked":["hexamod:NightmareStrike+1","hexamod:FastForward"],"picked":"hexamod:SpectralAdrenaline","floor":26.0},{"not_picked":["hexamod:AdvancingGuard+1","hexamod:HauntingEcho+1"],"picked":"hexamod:UnlimitedPower","floor":27.0},{"not_picked":["hexamod:GhostShield","hexamod:RecurringNightmare"],"picked":"hexamod:GhostOfSpireFuture+1","floor":29.0},{"not_picked":["hexamod:FourthSeal","hexamod:RainOfEmbers+1"],"picked":"hexamod:FastForward","floor":31.0},{"not_picked":["hexamod:InspiringFlames","hexamod:TurnItUp"],"picked":"hexamod:AdvancingGuard","floor":32.0},{"not_picked":["hexamod:TurnItUp","hexamod:SixthSeal"],"picked":"hexamod:UnlimitedPower","floor":33.0},{"not_picked":[],"picked":"hexamod:ThermalTransfer+1","floor":36.0},{"not_picked":[],"picked":"hexamod:PhantomCloak+1","floor":38.0},{"not_picked":["hexamod:AdvancingGuard"],"picked":"SKIP","floor":39},{"not_picked":[],"picked":"hexamod:SwordOfDarkness+1","floor":40},{"not_picked":["hexamod:RainOfEmbers+1"],"picked":"SKIP","floor":42},{"not_picked":["hexamod:Again"],"picked":"SKIP","floor":43},{"not_picked":["hexamod:FastForward"],"picked":"SKIP","floor":45},{"not_picked":["hexamod:CatchUp+1"],"picked":"SKIP","floor":47},{"not_picked":["hexamod:ChargedBarrage"],"picked":"SKIP","floor":49}],"player_experience":821374,"relics_obtained":[{"floor":4.0,"key":"Pen Nib"},{"floor":6.0,"key":"Frozen Egg 2"},{"floor":7.0,"key":"Kunai"},{"floor":10.0,"key":"PreservedInsect"},{"floor":24.0,"key":"Unceasing Top"},{"floor":25.0,"key":"Peace Pipe"},{"floor":26.0,"key":"Lizard Tail"},{"floor":26.0,"key":"Molten Egg 2"},{"floor":40,"key":"MawBank"},{"floor":41,"key":"Mercury Hourglass"},{"floor":42,"key":"Nunchaku"},{"floor":45,"key":"Pantograph"}],"event_choices":[{"damage_healed":48.0,"max_hp_gain":0.0,"max_hp_loss":0.0,"gold_gain":0.0,"event_name":"Wheel of Change","player_choice":"Full Heal","floor":11.0,"gold_loss":0.0,"damage_taken":0.0}],"is_beta":false,"boss_relics":[{"not_picked":["Runic Pyramid","Cursed Key"],"picked":"Empty Cage"},{"not_picked":["SlaversCollar","Calling Bell"],"picked":"Busted Crown"}],"items_purged_floors":[20,22,39,43],"is_endless":false,"potions_floor_spawned":[5,6,10,16,25,27,31,33,36,38,42,45,49],"ascension_level":3}}