{"host":"cijwx898anu8dehj","time":1610672741,"event":{"mods":["AchievementEnabler","AlwaysNeverKeys","BaseMod","Colored Map","Colored Powertips","Highlight Path","Minty Spire (QoL Compilation)","Rare Cards Sparkle","Relic Stats","Slay-I"],"gold_per_floor":[111,111,131,131,148,148,176,176,176,176,191,208,239,257,257,358,358,368,384,396,336,336,336],"floor_reached":22,"language":"ENG","playtime":1481,"items_purged":[],"score":312,"play_id":"14a7840d-7e2d-4619-b4d8-6bbe74a70c34","local_time":"20210114230541","is_ascension_mode":true,"campfire_choices":[{"data":"Zap","floor":6.0,"key":"SMITH"},{"floor":10.0,"key":"REST"},{"floor":15.0,"key":"REST"}],"circlet_count":0,"master_deck":["Strike_B","Defend_B","Defend_B","Defend_B","Zap+1","Dualcast","Cold Snap","Cold Snap","Defragment","Ball Lightning","Coolheaded","FTL","Cold Snap","Cold Snap","Darkness","Machine Learning","Coolheaded","Leap+1","Machine Learning","Defragment"],"relics":["Inserter","Prayer Wheel","Kunai","Gremlin Horn","Gambling Chip","Girya","Empty Cage"],"acts_visited":["Exordium","TheCity"],"potions_floor_usage":[19],"damage_taken":[{"damage":1.0,"enemies":"Cultist","floor":1.0,"turns":4.0},{"damage":9.0,"enemies":"Jaw Worm","floor":3.0,"turns":6.0},{"damage":0.0,"enemies":"Small Slimes","floor":5.0,"turns":3.0},{"damage":29.0,"enemies":"Gremlin Nob","floor":7.0,"turns":6.0},{"damage":14.0,"enemies":"Exordium Wildlife","floor":11.0,"turns":4.0},{"damage":4.0,"enemies":"Looter","floor":12.0,"turns":3.0},{"damage":5.0,"enemies":"Lagavulin","floor":13.0,"turns":8.0},{"damage":11.0,"enemies":"Exordium Thugs","floor":14.0,"turns":3.0},{"damage":16.0,"enemies":"The Guardian","floor":16.0,"turns":11.0},{"damage":8.0,"enemies":"Chosen","floor":18.0,"turns":6.0},{"damage":16,"enemies":"2 Thieves","floor":19,"turns":4},{"damage":14,"enemies":"Cultist and Chosen","floor":20,"turns":8},{"damage":30,"enemies":"Snake Plant","floor":22,"turns":2}],"seed_played":"-1406107939265149763","potions_obtained":[{"floor":5.0,"key":"SneckoOil"},{"floor":13.0,"key":"FocusPotion"},{"floor":14.0,"key":"Fire Potion"}],"is_trial":false,"path_per_floor":["M","?","M","T","M","R","E","?","T","R","M","M","E","M","R","B",null,"M","M","M","?","M"],"character_chosen":"DEFECT","items_purchased":[],"campfire_rested":2,"item_purchase_floors":[],"current_hp_per_floor":[67,72,63,63,63,63,34,34,34,58,44,40,35,24,48,32,68,60,44,30,30,0,0],"gold":336,"neow_bonus":"BOSS_RELIC","is_daily":false,"chose_seed":false,"campfire_upgraded":1,"win_rate":0.0,"timestamp":1610672741,"path_taken":["M","?","M","?","M","R","E","?","T","R","M","?","E","M","R","BOSS","M","M","M","?","M"],"items_purchased_type":[],"build_version":"2020-12-22","purchased_purges":0,"victory":false,"max_hp_per_floor":[75,80,80,80,80,80,80,80,80,80,80,80,80,80,80,80,80,80,80,80,80,80,80],"relic_stats":{"Inserter":[34],"Gremlin Horn":[4,4],"counters":[13,68],"Gambling Chip":[17],"Prayer Wheel":7,"Kunai":[18],"obtain_stats":[{"Girya":13,"Inserter":0,"Gremlin Horn":8,"Gambling Chip":9,"Prayer Wheel":4,"Kunai":7,"Cracked Core":0,"Empty Cage":17},{"Girya":7,"Inserter":0,"Gremlin Horn":4,"Gambling Chip":4,"Prayer Wheel":2,"Kunai":4,"Cracked Core":0,"Empty Cage":9},{"Girya":34,"Inserter":0,"Gremlin Horn":19,"Gambling Chip":19,"Prayer Wheel":10,"Kunai":19,"Cracked Core":0,"Empty Cage":48}]},"card_choices":[{"not_picked":["Steam","Auto Shields"],"picked":"Cold Snap","floor":1.0},{"not_picked":["Turbo","Conserve Battery","Skim"],"picked":"SKIP","floor":3.0},{"not_picked":["Streamline","Rebound"],"picked":"Cold Snap","floor":5.0},{"not_picked":["Conserve Battery","Multi-Cast"],"picked":"Defragment","floor":5.0},{"not_picked":["All For One","White Noise"],"picked":"Ball Lightning","floor":7.0},{"not_picked":["Hologram","Compile Driver"],"picked":"Coolheaded","floor":11.0},{"not_picked":["Compile Driver","Turbo"],"picked":"FTL","floor":11.0},{"not_picked":["Reprogram","Leap"],"picked":"Cold Snap","floor":12.0},{"not_picked":["Barrage","Compile Driver"],"picked":"Cold Snap","floor":12.0},{"not_picked":["All For One","Recycle"],"picked":"Darkness","floor":13.0},{"not_picked":["Rebound","Stack","Force Field"],"picked":"SKIP","floor":14.0},{"not_picked":["Turbo","Sweeping Beam","Consume"],"picked":"SKIP","floor":14.0},{"not_picked":["Fission","Multi-Cast"],"picked":"Machine Learning","floor":16.0},{"not_picked":["Compile Driver+1","Conserve Battery"],"picked":"Coolheaded","floor":18.0},{"not_picked":["Redo","Doom and Gloom","Conserve Battery"],"picked":"SKIP","floor":18.0},{"not_picked":["Streamline","Skim"],"picked":"Leap+1","floor":19},{"not_picked":["Skim","Genetic Algorithm","Redo"],"picked":"SKIP","floor":19},{"not_picked":["Undo","Conserve Battery","Stack"],"picked":"SKIP","floor":20},{"not_picked":["Compile Driver","Beam Cell","Stack"],"picked":"SKIP","floor":20}],"player_experience":1006037,"relics_obtained":[{"floor":4.0,"key":"Prayer Wheel"},{"floor":7.0,"key":"Kunai"},{"floor":9.0,"key":"Gambling Chip"},{"floor":13.0,"key":"Girya"}],"event_choices":[{"damage_healed":0.0,"max_hp_gain":5.0,"max_hp_loss":0.0,"gold_gain":0.0,"event_name":"Big Fish","player_choice":"Donut","floor":2.0,"gold_loss":0.0,"damage_taken":0.0},{"damage_healed":0.0,"max_hp_gain":0.0,"max_hp_loss":0.0,"gold_gain":0.0,"event_name":"Dead Adventurer","player_choice":"Searched \u00271\u0027 times","floor":8.0,"gold_loss":0.0,"damage_taken":0.0,"relics_obtained":["Gremlin Horn"]},{"damage_healed":0,"gold_gain":0,"cards_transformed":["Strike_B","Defend_B"],"player_choice":"Transformed Cards","damage_taken":0,"max_hp_gain":0,"max_hp_loss":0,"event_name":"Designer","floor":21,"gold_loss":60,"cards_obtained":["Machine Learning","Defragment"]}],"is_beta":false,"boss_relics":[{"not_picked":["Tiny House","Sozu"],"picked":"Empty Cage"}],"items_purged_floors":[],"is_endless":false,"potions_floor_spawned":[5,13,14],"killed_by":"Snake Plant","ascension_level":9}}