{"host":"jmdwsiegw2vwqzt1","time":1610675673,"event":{"mods":["2.2 Compatiblity","AchievementEnabler","BaseMod","Better Third Choice","Better Vampires","Colored Powertips","Custom Start","Dio Mod","Downfall","Hermit","Highlight Path","Jorbs\u0027s Wanderer Trilogy","Marisa????????","Minty Spire (QoL Compilation)","Permanent Neow","Quick Restart","Rare Cards Sparkle","Relic Stats","Spicy Shops","StSLib","SuperFastMode","The Bug Knight","The Cursed","The Disciple","The Hierophant","The Necromancer","The Servant 0.9.4","slay the spire mod where everything is the same but ironclad has a cowboy hat"],"gold_per_floor":[99,109,109,125,142,142,142,17,31,31,16,50,50,98,110,210,210,160,160,160,160,160,17,17,17,17,17,17,2,2,2,2,2,2,2,2,2,2,2,2,2,2,2,2,2,2,2,2,2,2,2,2,2,2,2],"floor_reached":56,"language":"ENG","playtime":2835,"items_purged":["Parasite"],"score":1244,"play_id":"3c178770-26e2-4452-a767-7be68997fe57","local_time":"20210114205433","is_ascension_mode":false,"campfire_choices":[{"floor":1,"key":"RECALL"},{"data":"Slimebound:Split","floor":8,"key":"SMITH"},{"data":"Slimebound:DuplicatedForm","floor":18,"key":"SMITH"},{"data":"Slimebound:LeadByExample","floor":25,"key":"SMITH"},{"data":"Slimebound:LevelUp","floor":30,"key":"SMITH"},{"data":"Slimebound:OozeBath","floor":35,"key":"SMITH"},{"data":"Slimebound:RainOfGoop","floor":40,"key":"SMITH"},{"data":"Slimebound:LevelUp","floor":43,"key":"SMITH"},{"data":"Slimebound:SlimeSpikes","floor":47,"key":"SMITH"},{"data":"J.A.X.","floor":54,"key":"SMITH"}],"circlet_count":0,"master_deck":["Slimebound:Strike_Slimebound","Slimebound:Strike_Slimebound","Slimebound:Tackle","Slimebound:Defend_Slimebound","Slimebound:Defend_Slimebound","Slimebound:Defend_Slimebound","Slimebound:Split+1","Slimebound:CorrosiveSpit","Slimebound:SamplingLick","Slimebound:SlimeSpikes","Slimebound:SlimeTap","Slimebound:Nibble","Slimebound:SplitAcid","Slimebound:SpikyOuterGoop","Slimebound:RainOfGoop+1","Slimebound:DuplicatedForm+1","Slimebound:SplitLeeching+1","Slimebound:Schlurp","Slimebound:LeechEnergy","Slimebound:Schlurp","Slimebound:LeadByExample+1","J.A.X.+1","Slimebound:LeechEnergy+1","Slimebound:LeechingTouch","Slimebound:SlimeSpikes+1","Slimebound:RainOfGoop+1","Slimebound:SamplingLick+1","Slimebound:LevelUp+1","Slimebound:MegaLick","Slimebound:OozeBath+1","Slimebound:SamplingLick+1","Slimebound:LevelUp+1","Slimebound:GoopSpray+1","Slimebound:SamplingLick+1","Slimebound:LeechingTouch","Slimebound:SlimeSpikes+1","expansioncontent:ChargeUp","Slimebound:LeechEnergy+1","Slimebound:MegaLick+1","Slimebound:LeechEnergy+1"],"relics":["Slimebound:AbsorbEndCombat","Toy Ornithopter","Slimebound:GreedOozeRelic","Darkstone Periapt","downfall:HeartBlessingRed","White Beast Statue","downfall:Hecktoplasm","downfall:HeartBlessingBlue","MutagenicStrength","Eternal Feather","Kunai","downfall:HeartBlessingGreen","Runic Pyramid","Lizard Tail","Pen Nib","Bag of Preparation"],"acts_visited":["Exordium","TheCity","TheBeyond","TheEnding"],"potions_floor_usage":[16,16,16,28,28,28,55,55,55],"damage_taken":[{"damage":12,"enemies":"Small Slimes","floor":2,"turns":3},{"damage":3,"enemies":"2 Louse","floor":4,"turns":2},{"damage":4,"enemies":"Cultist","floor":5,"turns":3},{"damage":12,"enemies":"2 Fungi Beasts","floor":9,"turns":3},{"damage":11,"enemies":"downfall:FleeingMerchant","floor":11,"turns":4},{"damage":28,"enemies":"Lagavulin","floor":12,"turns":6},{"damage":14,"enemies":"Large Slime","floor":15,"turns":4},{"damage":40,"enemies":"downfall:Silent","floor":16,"turns":8},{"damage":39,"enemies":"3 Byrds","floor":19,"turns":4},{"damage":0,"enemies":"Chosen","floor":20,"turns":1},{"damage":34,"enemies":"Snecko","floor":21,"turns":4},{"damage":51,"enemies":"downfall:Augmenter","floor":22,"turns":4},{"damage":48,"enemies":"downfall:FleeingMerchant","floor":23,"turns":4},{"damage":33,"enemies":"Shelled Parasite and Fungi","floor":27,"turns":4},{"damage":65,"enemies":"Gremlin Leader","floor":28,"turns":6},{"damage":50,"enemies":"downfall:FleeingMerchant","floor":29,"turns":4},{"damage":15,"enemies":"Snake Plant","floor":31,"turns":2},{"damage":32,"enemies":"Cultist and Chosen","floor":32,"turns":4},{"damage":49,"enemies":"downfall:Watcher","floor":33,"turns":5},{"damage":48,"enemies":"2 Orb Walkers","floor":36,"turns":4},{"damage":0,"enemies":"downfall:FleeingMerchant","floor":37,"turns":2},{"damage":43,"enemies":"3 Shapes","floor":38,"turns":3},{"damage":25,"enemies":"Orb Walker","floor":39,"turns":4},{"damage":43,"enemies":"Jaw Worm Horde","floor":42,"turns":4},{"damage":14,"enemies":"Sphere and 2 Shapes","floor":44,"turns":3},{"damage":27,"enemies":"Maw","floor":45,"turns":6},{"damage":26,"enemies":"Jaw Worm Horde","floor":48,"turns":4},{"damage":32,"enemies":"3 Darklings","floor":49,"turns":4},{"damage":41,"enemies":"downfall:Ironclad","floor":50,"turns":9},{"damage":53,"enemies":"downfall:CharBossMerchant","floor":52,"turns":7},{"damage":63,"enemies":"downfall:NeowBoss","floor":55,"turns":17}],"seed_played":"6469322086372370795","potions_obtained":[{"floor":5,"key":"Fire Potion"},{"floor":9,"key":"AttackPotion"},{"floor":12,"key":"DistilledChaos"},{"floor":16,"key":"FearPotion"},{"floor":19,"key":"SneckoOil"},{"floor":20,"key":"Slimebound:SlimedPotion"},{"floor":21,"key":"Weak Potion"},{"floor":28,"key":"Weak Potion"},{"floor":29,"key":"SkillPotion"},{"floor":31,"key":"Slimebound:ThreeZeroPotion"},{"floor":39,"key":"DistilledChaos"},{"floor":52,"key":"LiquidBronze"}],"is_trial":false,"path_per_floor":["R","M","?","M","M","?","T","R","M","?","$","E","?","T","M","B",null,"R","M","M","M","?","$","T","R","?","M","E","$","R","M","M","B",null,"R","?","$","M","M","R","T","M","R","M","M","?","R","M","M","B",null,"E","$","R","B",null],"character_chosen":"SLIMEBOUND","items_purchased":["Slimebound:SlimeSpikes"],"campfire_rested":0,"item_purchase_floors":[23],"current_hp_per_floor":[66,60,53,54,58,58,58,58,60,72,71,59,59,59,61,50,72,82,70,70,71,57,48,48,63,63,54,41,36,51,55,52,46,79,79,60,68,56,45,63,63,47,65,63,64,64,79,61,60,66,79,70,70,79,79],"gold":2,"neow_bonus":"TEN_PERCENT_HP_BONUS","is_daily":false,"chose_seed":false,"campfire_upgraded":9,"win_rate":0.0,"timestamp":1610675673,"path_taken":["R","M","?","M","M","?","T","R","M","?","$","E","?","?","M","BOSS","R","?","M","M","?","$","T","R","?","M","E","$","R","M","M","BOSS","R","?","?","?","M","R","T","M","R","M","M","?","R","M","M","BOSS","E","$","R","BOSS"],"items_purchased_type":["Card"],"build_version":"2020-12-22","purchased_purges":1,"victory":true,"max_hp_per_floor":[66,66,66,66,66,66,66,66,66,72,72,72,72,72,72,72,72,82,82,82,82,82,79,79,79,79,79,79,79,79,79,79,79,79,79,79,79,79,79,79,79,79,79,79,79,79,79,79,79,79,79,79,79,79,79],"relic_stats":{"Darkstone Periapt":6,"Lizard Tail":0,"counters":[31,136],"Eternal Feather":90,"Pen Nib":[7],"Bag of Preparation":[2],"Kunai":[13],"obtain_stats":[{"Darkstone Periapt":7,"downfall:HeartBlessingRed":8,"Eternal Feather":24,"downfall:HeartBlessingGreen":30,"Pen Nib":41,"Bag of Preparation":52,"White Beast Statue":12,"Slimebound:GreedOozeRelic":6,"Lizard Tail":36,"downfall:BrokenWingStatue":13,"downfall:HeartBlessingBlue":18,"MutagenicStrength":22,"Slimebound:AbsorbEndCombat":0,"downfall:Hecktoplasm":17,"Kunai":28,"Toy Ornithopter":3,"Runic Pyramid":34},{"Darkstone Periapt":3,"downfall:HeartBlessingRed":3,"Eternal Feather":13,"downfall:HeartBlessingGreen":16,"Pen Nib":23,"Bag of Preparation":30,"White Beast Statue":6,"Slimebound:GreedOozeRelic":3,"Lizard Tail":20,"downfall:BrokenWingStatue":6,"downfall:HeartBlessingBlue":8,"MutagenicStrength":12,"Slimebound:AbsorbEndCombat":0,"downfall:Hecktoplasm":8,"Kunai":15,"Toy Ornithopter":1,"Runic Pyramid":19},{"Darkstone Periapt":8,"downfall:HeartBlessingRed":8,"Eternal Feather":49,"downfall:HeartBlessingGreen":63,"Pen Nib":86,"Bag of Preparation":119,"White Beast Statue":21,"Slimebound:GreedOozeRelic":8,"Lizard Tail":78,"downfall:BrokenWingStatue":21,"downfall:HeartBlessingBlue":33,"MutagenicStrength":45,"Slimebound:AbsorbEndCombat":0,"downfall:Hecktoplasm":33,"Kunai":59,"Toy Ornithopter":3,"Runic Pyramid":74}],"Toy Ornithopter":28},"card_choices":[{"not_picked":["Slimebound:SlimeSpikes","Slimebound:ComboTackle"],"picked":"Slimebound:SamplingLick","floor":2},{"not_picked":["Slimebound:SplitLeeching","Slimebound:PressTheAttack"],"picked":"Slimebound:SlimeSpikes","floor":4},{"not_picked":["Slimebound:ForwardTackle","Slimebound:LeechingTouch"],"picked":"Slimebound:SlimeTap","floor":5},{"not_picked":["Slimebound:PressTheAttack","Slimebound:ForwardTackle"],"picked":"Slimebound:Nibble","floor":9},{"not_picked":["Slimebound:GrowthPunch","Slimebound:LeechingTouch"],"picked":"Slimebound:SplitAcid","floor":11},{"not_picked":["Slimebound:PressTheAttack","Slimebound:Equalize"],"picked":"Slimebound:SpikyOuterGoop","floor":12},{"not_picked":["Slimebound:Schlurp","Slimebound:SplitLeeching"],"picked":"Slimebound:RainOfGoop","floor":15},{"not_picked":["Slimebound:WasteNot","Slimebound:CheckThePlaybook"],"picked":"Slimebound:DuplicatedForm","floor":16},{"not_picked":["Slimebound:SplitAcid","Slimebound:SlimeBrawl+1"],"picked":"Slimebound:SplitLeeching+1","floor":19},{"not_picked":["Slimebound:LeechingTouch","Slimebound:PressTheAttack"],"picked":"Slimebound:Schlurp","floor":20},{"not_picked":["Slimebound:WasteNot","Slimebound:FinishingTackle"],"picked":"Slimebound:LeechEnergy","floor":21},{"not_picked":[],"picked":"J.A.X.","floor":22},{"not_picked":["Slimebound:SplitAcid","Slimebound:ForwardTackle"],"picked":"Slimebound:LeechEnergy+1","floor":22},{"not_picked":["Slimebound:SplitAcid","Slimebound:FlameTackle+1"],"picked":"Slimebound:LeechingTouch","floor":23},{"not_picked":["Slimebound:GrowthPunch","Slimebound:ForwardTackle"],"picked":"Slimebound:RainOfGoop+1","floor":27},{"not_picked":["Slimebound:LeechingTouch","Slimebound:FirmFortitude"],"picked":"Slimebound:SamplingLick+1","floor":28},{"not_picked":["Slimebound:ComboTackle+1","Slimebound:SplitMire+1"],"picked":"Slimebound:LevelUp","floor":29},{"not_picked":["Slimebound:GrowthPunch","Slimebound:FormOfPuddle"],"picked":"Slimebound:MegaLick","floor":31},{"not_picked":["Slimebound:RainOfGoop","Slimebound:SplitBruiser","Slimebound:SlimeSlap"],"picked":"SKIP","floor":32},{"not_picked":["Slimebound:Teamwork","Slimebound:MassRepurpose"],"picked":"Slimebound:OozeBath","floor":33},{"not_picked":["Slimebound:GrowthPunch","Slimebound:FinishingTackle"],"picked":"Slimebound:SamplingLick+1","floor":36},{"not_picked":["Slimebound:SlimeSpikes+1","Slimebound:ForwardTackle"],"picked":"Slimebound:LevelUp","floor":37},{"not_picked":["Slimebound:SplitMire+1","Slimebound:LivingWall+1"],"picked":"Slimebound:GoopSpray+1","floor":38},{"not_picked":["Slimebound:SlimeBarrage","Slimebound:GrowthPunch","Slimebound:ItLooksTasty+1"],"picked":"SKIP","floor":39},{"not_picked":["Slimebound:Equalize+1","Slimebound:PressTheAttack"],"picked":"Slimebound:SamplingLick+1","floor":42},{"not_picked":["Slimebound:LeechEnergy","Slimebound:ForwardTackle"],"picked":"Slimebound:LeechingTouch","floor":44},{"not_picked":["Slimebound:CheckThePlaybook","Slimebound:SplitLeeching"],"picked":"Slimebound:SlimeSpikes+1","floor":45},{"not_picked":["expansioncontent:Sear","expansioncontent:Hexaburn"],"picked":"expansioncontent:ChargeUp","floor":46},{"not_picked":["Slimebound:Dissolve","Slimebound:FirmFortitude+1"],"picked":"Slimebound:LeechEnergy+1","floor":48},{"not_picked":["Slimebound:SlimeSpikes+1","Slimebound:SplitLeeching+1"],"picked":"Slimebound:MegaLick+1","floor":49},{"not_picked":["Slimebound:RainOfGoop","Slimebound:RollThrough"],"picked":"Slimebound:LeechEnergy+1","floor":52}],"player_experience":326263,"relics_obtained":[{"floor":7,"key":"Darkstone Periapt"},{"floor":12,"key":"White Beast Statue"},{"floor":22,"key":"MutagenicStrength"},{"floor":24,"key":"Eternal Feather"},{"floor":28,"key":"Kunai"},{"floor":36,"key":"Lizard Tail"},{"floor":41,"key":"Pen Nib"},{"floor":52,"key":"Bag of Preparation"}],"event_choices":[{"damage_healed":0,"gold_gain":0,"player_choice":"Success","damage_taken":7,"relics_obtained":["Toy Ornithopter"],"max_hp_gain":0,"max_hp_loss":0,"event_name":"Scrap Ooze","floor":3,"gold_loss":0},{"damage_healed":16,"gold_gain":0,"player_choice":"Healed and dodged fight","damage_taken":0,"max_hp_gain":0,"max_hp_loss":0,"event_name":"Mushrooms","floor":10,"gold_loss":0,"cards_obtained":["Parasite"]},{"damage_healed":0,"gold_gain":0,"player_choice":"Fight","damage_taken":0,"max_hp_gain":0,"max_hp_loss":0,"event_name":"Mysterious Sphere","floor":36,"gold_loss":0}],"is_beta":false,"boss_relics":[{"not_picked":["Coffee Dripper","Calling Bell"],"picked":"downfall:Hecktoplasm"},{"not_picked":["Empty Cage","Snecko Eye"],"picked":"Runic Pyramid"}],"items_purged_floors":[23],"is_endless":false,"potions_floor_spawned":[5,9,12,15,16,19,20,21,22,23,27,28,29,31,32,33,36,37,38,39,42,44,45,48,49,52],"ascension_level":0}}