{"host":"qr1bwouox9un7py1","time":1610706882,"event":{"mods":["2.2 Compatiblity","AchievementEnabler","BaseMod","Colored Map","Colored Powertips","GifTheSpireLib","Highlight Path","Infinite Spire","Lobotomy","LobotomyExtend","Minty Spire (QoL Compilation)","Quick Restart","Shop Mod","StSLib","Unceasing Turn Reminder"],"gold_per_floor":[219,236,247,261,277,277,277],"floor_reached":6,"language":"ENG","playtime":291,"items_purged":[],"score":40,"play_id":"521d620d-ce92-451b-936e-c8124b187855","local_time":"20210115213442","is_ascension_mode":false,"campfire_choices":[],"circlet_count":0,"master_deck":["SpecialBullet","SpecialBullet","SpecialBullet","SpecialBullet","SpecialBullet","SpecialBullet","SpecialBullet","SpecialBullet","InformationCode","SecurityCode","ExtractionCode","Lantern","Heaven","CrumblingArmor","Lantern","Beak","ShedSkin","WallGazer","RedEyes","OSAHOGD","Spore","Bloodbath","ScreamingWedge","Horn"],"relics":["CogitoBucket"],"acts_visited":["Exordium"],"potions_floor_usage":[],"damage_taken":[{"damage":11,"enemies":"Jaw Worm","floor":1,"turns":3},{"damage":0,"enemies":"Cultist","floor":2,"turns":2},{"damage":10,"enemies":"2 Louse","floor":3,"turns":3},{"damage":18,"enemies":"Exordium Thugs","floor":4,"turns":3},{"damage":31,"enemies":"Lots of Slimes","floor":5,"turns":4},{"damage":52,"enemies":"Lagavulin","floor":6,"turns":4}],"seed_played":"-218458869126110354","potions_obtained":[{"floor":1,"key":"GamblersBrew"},{"floor":4,"key":"GamblersBrew"},{"floor":5,"key":"Explosive Potion"}],"is_trial":false,"path_per_floor":["M","M","M","M","M","E"],"character_chosen":"Angela","items_purchased":[],"campfire_rested":0,"item_purchase_floors":[],"current_hp_per_floor":[67,70,70,68,51,0,0],"gold":277,"neow_bonus":"HUNDRED_GOLD","is_daily":false,"chose_seed":false,"campfire_upgraded":0,"win_rate":0.0,"timestamp":1610706882,"path_taken":["M","M","M","M","M","E"],"items_purchased_type":[],"build_version":"2020-12-22","purchased_purges":0,"victory":false,"max_hp_per_floor":[70,70,70,70,70,70,70],"card_choices":[{"not_picked":["Noise"],"picked":"Lantern","floor":1},{"not_picked":["CherryBlossom"],"picked":"Heaven","floor":1},{"not_picked":["OSAHOGD","Rudolta"],"picked":"CrumblingArmor","floor":1},{"not_picked":["CherryBlossom"],"picked":"Lantern","floor":2},{"not_picked":["MagicBullet"],"picked":"Beak","floor":3},{"not_picked":["Loneliness"],"picked":"ShedSkin","floor":3},{"not_picked":["CherryBlossoms","Scorched"],"picked":"WallGazer","floor":3},{"not_picked":["Tough"],"picked":"RedEyes","floor":4},{"not_picked":["Woodsman","CherryBlossoms"],"picked":"OSAHOGD","floor":4},{"not_picked":["Pinks"],"picked":"Spore","floor":4},{"not_picked":["BigBadWolf","Murderer"],"picked":"Bloodbath","floor":5},{"not_picked":["Beak"],"picked":"ScreamingWedge","floor":5},{"not_picked":["Soda"],"picked":"Horn","floor":5}],"player_experience":242981,"relics_obtained":[],"event_choices":[],"is_beta":false,"boss_relics":[],"items_purged_floors":[],"is_endless":false,"potions_floor_spawned":[1,4,5],"killed_by":"Lagavulin","ascension_level":0}}