{"host":"qhbbxt9nia1s4hz5","time":1610744199,"event":{"mods":["2.2 Compatiblity","Act Like it!","AlwaysNeverKeys","Arknights The Spire","Aspiration","BaseMod","Better Altar","Better Note","Better Sensory Stone","Better Skull","Better Third Choice","Better Vampires","BetterRewards","Block Reminder","Booster Modes","Colored Map","Colored Powertips","Energized Spire","Faster Ascension Climbing","Friendly Minions","GifTheSpireLib","Gold Saver","Hallownest","Infinite Spire","Minty Spire (QoL Compilation)","Permanent Neow","Rare Cards Sparkle","Relic Filter","Replay The Spire","Shop Mod","StSLib","TheHero"],"gold_per_floor":[114,114,14,14,33,59,59,72,72,72,4,22,22,38,38,134,134,150,105,105,119,119,119,119,119,119,135,145,156,156,619,619,722,722,735,735,766,499,516,516,530,530,608,608,620,632,632,651,651,651,651],"floor_reached":50,"language":"ENG","playtime":5070,"items_purged":["ats:Defend","ats:Defend","ats:Armor Crushing Shot","ats:Defend"],"score":494,"play_id":"cc012c7d-d06c-4d0c-bce8-5464b0b9f323","local_time":"20210115225639","is_ascension_mode":false,"campfire_choices":[{"data":"ats:Emotion Absorption","floor":7,"key":"SMITH"},{"data":"ats:Sunburst","floor":10,"key":"SMITH"},{"data":"ats:Poison Spread","floor":13,"key":"SMITH"},{"data":"ats:Demon Strength","floor":15,"key":"SMITH"},{"data":"ats:Closed Bolt Burst Fire","floor":23,"key":"SMITH"},{"data":"ats:Magnetic Hammer","floor":25,"key":"SMITH"},{"data":"ats:Defend","floor":32,"key":"PURGE"},{"data":"ats:Calcification","floor":40,"key":"SMITH"},{"data":"ats:Sunburst","floor":42,"key":"SMITH"},{"data":"infinitespire:FinalStrike","floor":44,"key":"SMITH"},{"floor":49,"key":"REST"}],"circlet_count":0,"master_deck":["ats:Strike C","ats:Strike G","ats:Strike S","ats:Strike V","ats:Emotion Absorption+1","ats:Apocalypse","ats:Thorns+1","ats:Curse Doll","ats:Powerful Strike","ats:Consecutive Shot Auto","ats:Shell Defense+1","ats:Powerful Strike","ats:Sunburst+1","ats:Sunburst+1","ats:Poison Spread+1","ats:Demon Strength+1","ats:Wolf Pack+1","ats:Closed Bolt Burst Fire+1","infinitespire:FinalStrike+1","ats:Explosion Area Strengthen+1","ats:Magnetic Hammer+1","ats:Mental Burst+1","ats:Neurotoxin","ats:Calcification+1","ats:Steam Pump+1","Shrug It Off+1","ats:Collapsing Strike+1"],"relics":["ats:Sanity","Singing Bowl","Snack Pack","Lee\u0027s Waffle","ats:Originium","infinitespire:FocusingShard","ReplayFunnel","Velvet Choker","TungstenRod","Molten Egg 2","aspiration:IroncladSkillbook","Replay:Rubber Ducky","MawBank","MealTicket","infinitespire:CheckeredPen"],"acts_visited":["Hallownest:Greenpath","Hallownest:CityofTears","Hallownest:KingdomsEdge"],"potions_floor_usage":[16,16,33,35,41,45,50],"damage_taken":[{"damage":4,"enemies":"Hallownest:monsterHuskWarrior","floor":1,"turns":3},{"damage":11,"enemies":"2_ Uuma","floor":5,"turns":5},{"damage":17,"enemies":"Hallownest:eliteMossKnight","floor":6,"turns":5},{"damage":5,"enemies":"Hallownest:monsterHuskGuard","floor":8,"turns":3},{"damage":18,"enemies":"Hallownest:1_Baldur_1_Crawlid_1_Warrior","floor":12,"turns":4},{"damage":10,"enemies":"Hallownest:MossCreep_and_Mosskin","floor":14,"turns":4},{"damage":34,"enemies":"Hallownest:BossHornet","floor":16,"turns":8},{"damage":6,"enemies":"Hallownest:Flukemon_and_Top","floor":18,"turns":4},{"damage":9,"enemies":"Hallownest:2_Mistakes","floor":21,"turns":4},{"damage":0,"enemies":"Hallownest:2_Flukemon","floor":27,"turns":5},{"damage":0,"enemies":"Hallownest:monsterShrumalOgre","floor":28,"turns":3},{"damage":12,"enemies":"Hallownest:2_Husk_Sentries","floor":29,"turns":3},{"damage":28,"enemies":"Hallownest:BossGrimm","floor":33,"turns":6},{"damage":18,"enemies":"Hallownest:3_Siblings","floor":35,"turns":5},{"damage":19,"enemies":"Hallownest:2_Littles","floor":37,"turns":4},{"damage":7,"enemies":"Hallownest:Shield_Sturdy","floor":39,"turns":5},{"damage":24,"enemies":"Hallownest:monsterPrimalAspid","floor":41,"turns":4},{"damage":30,"enemies":"Hallownest:2_Soldiers_and_1_Guardian","floor":45,"turns":4},{"damage":4,"enemies":"Hallownest:2_Wandering_and_1_Horned","floor":46,"turns":6},{"damage":16,"enemies":"Hallownest:Xero_Hu_Marmu","floor":48,"turns":5},{"damage":51,"enemies":"Hallownest:BossHollowKnight","floor":50,"turns":3}],"seed_played":"8491511442983491872","potions_obtained":[{"floor":5,"key":"Doom Potion"},{"floor":6,"key":"FairyPotion"},{"floor":12,"key":"infinitespire:BlackPotion"},{"floor":16,"key":"Energy Potion"},{"floor":27,"key":"Flashbang"},{"floor":29,"key":"EssenceOfSteel"},{"floor":37,"key":"EssenceOfSteel"},{"floor":41,"key":"PowerPotion"}],"is_trial":false,"path_per_floor":["M","?","$","?","M","E","R","M","T","R","$","M","R","M","R","B",null,"M","?","AVR","M","?","R","?","R","T","M","M","M","?","?","R_BF","B",null,"M","?","M","$","M","R","M","R","T","R","M","M","?","M","R","B"],"character_chosen":"DOCTOR_CLASS","items_purchased":["Singing Bowl","Snack Pack","Lee\u0027s Waffle","ats:Apocalypse","ats:Thorns+1","ats:Curse Doll","ats:Powerful Strike","ats:Consecutive Shot Auto","ats:Sunburst","MealTicket"],"campfire_rested":1,"item_purchase_floors":[0,0,0,0,0,0,0,0,11,38],"current_hp_per_floor":[75,75,75,75,70,59,59,56,56,56,56,42,42,38,38,17,81,81,81,81,76,76,76,78,78,78,85,85,79,79,79,79,62,85,81,49,38,38,48,48,40,40,40,40,18,29,29,24,51,0,0],"gold":651,"neow_bonus":"","is_daily":false,"chose_seed":false,"campfire_upgraded":9,"win_rate":0.0,"timestamp":1610744199,"path_taken":["M","?","$","?","M","E","R","?","T","R","$","M","R","M","R","BOSS","M","?","AVR","M","?","R","?","R","T","M","?","M","?","?","R_BF","BOSS","M","?","M","$","M","R","?","R","T","R","M","M","?","M","R","BOSS"],"items_purchased_type":["Relic","Relic","Relic","Card","Card","Card","Card","Card","Card","Relic"],"build_version":"2020-12-22","purchased_purges":4,"victory":false,"max_hp_per_floor":[79,79,79,79,81,81,81,81,81,81,81,81,81,81,81,81,81,81,81,81,81,81,81,83,83,83,85,85,85,85,85,85,85,85,85,85,87,87,89,89,91,91,91,91,91,93,93,93,93,93,93],"card_choices":[{"not_picked":["ats:Childhood Dance","ats:Revitalization"],"picked":"ats:Shell Defense","floor":1},{"not_picked":["ats:Defend Order","ats:Neurotoxin","ats:Childhood Dance"],"picked":"Singing Bowl","floor":5},{"not_picked":["ats:Ignite","ats:Assault Order"],"picked":"ats:Powerful Strike","floor":6},{"not_picked":["ats:Childhood Dance","ats:Leaping Hammer"],"picked":"ats:Sunburst","floor":8},{"not_picked":["ats:Leaping Hammer","ats:Revitalization"],"picked":"ats:Poison Spread","floor":12},{"not_picked":["ats:Collapsing Strike","ats:Apocalypse"],"picked":"ats:Demon Strength","floor":14},{"not_picked":["ats:Echo Reverb","ats:Calcification"],"picked":"ats:Wolf Pack","floor":16},{"not_picked":["ats:Ignite","ats:Composite Medical Shells"],"picked":"ats:Closed Bolt Burst Fire","floor":18},{"not_picked":["ats:Ignite","ats:Powerful Strike"],"picked":"ats:Explosion Area Strengthen+1","floor":21},{"not_picked":["ats:Mental Burst","ats:Poison Spread"],"picked":"ats:Magnetic Hammer","floor":24},{"not_picked":["ats:Cat Scratch","ats:Assault Order","ats:Explosion Area Strengthen"],"picked":"Singing Bowl","floor":24},{"not_picked":["ats:Automatic Cover","ats:Curse Doll","ats:Roar Of Ursus"],"picked":"Singing Bowl","floor":27},{"not_picked":["ats:Burning Ground","ats:LN2 Cannon+1"],"picked":"ats:Mental Burst+1","floor":28},{"not_picked":["ats:Composite Medical Shells+1","ats:Closed Bolt Burst Fire+1"],"picked":"ats:Neurotoxin","floor":29},{"not_picked":["ats:Dogmatic Field","ats:Wolf Pack+1"],"picked":"ats:Calcification","floor":33},{"not_picked":["ReplayTheSpireMod:Strike From Hell+1","Headbutt+1","ats:Leaping Hammer+1"],"picked":"ats:Steam Pump+1","floor":35},{"not_picked":["Wild Strike+1","Cleave+1","ats:Beaten Up+1","ats:Rapid Magazine+1"],"picked":"Singing Bowl","floor":37},{"not_picked":["Intimidate","Twin Strike+1","ats:Apocalypse+1","ats:Explosion Area Strengthen+1"],"picked":"Singing Bowl","floor":39},{"not_picked":["Wild Strike+1","Demonic Infusion","Heavy Blade+1","ats:Beaten Up+1"],"picked":"Singing Bowl","floor":41},{"not_picked":["Warcry","ReplayTheSpireMod:Strike From Hell+1","Reckless Charge+1"],"picked":"Shrug It Off+1","floor":45},{"not_picked":["Warcry+1","Clothesline+1","ats:Curse Doll+1","True Grit+1"],"picked":"Singing Bowl","floor":46},{"not_picked":["Carnage+1","ats:Revitalization+1","ats:Charging Defense"],"picked":"ats:Collapsing Strike+1","floor":48}],"player_experience":870206,"relics_obtained":[{"floor":6,"key":"ats:Originium"},{"floor":6,"key":"infinitespire:FocusingShard"},{"floor":9,"key":"ReplayFunnel"},{"floor":26,"key":"Molten Egg 2"},{"floor":43,"key":"infinitespire:CheckeredPen"}],"event_choices":[{"damage_healed":0,"gold_gain":0,"player_choice":"RE RE ","damage_taken":39,"relics_obtained":["Replay:Rubber Ducky","MawBank"],"max_hp_gain":0,"max_hp_loss":0,"event_name":"betterSkull:BetterSkull","floor":36,"gold_loss":0,"cards_upgraded":[]}],"is_beta":false,"boss_relics":[{"not_picked":["Coffee Dripper","energizedSpire:CursedPentagram"],"picked":"Velvet Choker"},{"not_picked":["SacredBark","Honey Jar"],"picked":"aspiration:IroncladSkillbook"}],"items_purged_floors":[0,3,20,38],"is_endless":false,"potions_floor_spawned":[5,6,12,16,27,29,37,41],"killed_by":"Hallownest:BossHollowKnight","ascension_level":0}}