{"host":"a5lz0e76zb3fcwkm","time":1610685138,"event":{"mods":["AchievementEnabler","BaseMod","Colored Map","Colored Powertips","Minty Spire (QoL Compilation)","StSLib","SuperFastMode"],"gold_per_floor":[119,135,135,95,111,138,138,163,186,257,215,235,245,275,275,351,351,367,131,182,201,211,211,238,238,238,271,285,296,13,38,38,38,38],"floor_reached":33,"language":"KOR","playtime":890,"items_purged":["Strike_G"],"score":684,"play_id":"5611c442-ed99-4af4-b2be-f196ed103b18","local_time":"20210115133218","is_ascension_mode":true,"campfire_choices":[{"data":"Bouncing Flask","floor":15.0,"key":"SMITH"},{"data":"Burst","floor":23,"key":"SMITH"},{"data":"Bouncing Flask","floor":25,"key":"SMITH"},{"data":"Crippling Poison","floor":32,"key":"SMITH"}],"circlet_count":0,"master_deck":["AscendersBane","Strike_G+1","Strike_G+1","Strike_G","Defend_G","Defend_G","Defend_G","Defend_G+1","Defend_G","Survivor","Neutralize+1","Bouncing Flask+1","Footwork","Burst+1","Crippling Poison+1","Bouncing Flask+1","Reflex","Corpse Explosion"],"relics":["Ring of the Snake","NeowsBlessing","Bag of Preparation","Lantern","Centennial Puzzle","Meat on the Bone","Bird Faced Urn","Busted Crown","TwistedFunnel","Whetstone","Paper Crane","MealTicket","White Beast Statue","TungstenRod"],"acts_visited":["Exordium","TheCity"],"potions_floor_usage":[27,27,33],"damage_taken":[{"damage":0.0,"enemies":"Cultist","floor":1.0,"turns":1.0},{"damage":0.0,"enemies":"2 Louse","floor":2.0,"turns":1.0},{"damage":0.0,"enemies":"Jaw Worm","floor":5.0,"turns":1.0},{"damage":0.0,"enemies":"Lagavulin","floor":6.0,"turns":9.0},{"damage":25.0,"enemies":"Exordium Thugs","floor":11.0,"turns":5.0},{"damage":12.0,"enemies":"3 Louse","floor":12.0,"turns":5.0},{"damage":1.0,"enemies":"Blue Slaver","floor":13.0,"turns":4.0},{"damage":20.0,"enemies":"Gremlin Nob","floor":14.0,"turns":4.0},{"damage":10.0,"enemies":"Hexaghost","floor":16.0,"turns":6.0},{"damage":11.0,"enemies":"2 Thieves","floor":18.0,"turns":2.0},{"damage":8,"enemies":"Chosen","floor":21,"turns":4},{"damage":10,"enemies":"Snake Plant","floor":22,"turns":4},{"damage":28,"enemies":"Book of Stabbing","floor":24,"turns":4},{"damage":22,"enemies":"Gremlin Leader","floor":27,"turns":4},{"damage":7,"enemies":"Sentry and Sphere","floor":28,"turns":4},{"damage":0,"enemies":"Chosen and Byrds","floor":29,"turns":3},{"damage":26,"enemies":"Slavers","floor":31,"turns":3},{"damage":48,"enemies":"Champ","floor":33,"turns":8}],"seed_played":"-6810661372303540133","potions_obtained":[{"floor":2.0,"key":"Weak Potion"},{"floor":4.0,"key":"ColorlessPotion"},{"floor":11.0,"key":"Strength Potion"},{"floor":12.0,"key":"GamblersBrew"},{"floor":14.0,"key":"SpeedPotion"},{"floor":16.0,"key":"CunningPotion"},{"floor":22,"key":"Regen Potion"},{"floor":24,"key":"Poison Potion"},{"floor":31,"key":"Swift Potion"}],"is_trial":false,"path_per_floor":["M","M","?","?","M","E","?","T","T","T","M","M","M","E","R","B",null,"M","$","T","M","M","R","E","R","T","E","M","M","$","E","R","B"],"character_chosen":"THE_SILENT","items_purchased":["TwistedFunnel","White Beast Statue"],"campfire_rested":0,"item_purchase_floors":[19,30],"current_hp_per_floor":[59,59,52,52,52,52,32,32,32,32,19,19,30,22,22,26,56,45,45,45,39,43,43,27,27,27,33,40,40,55,41,41,0,0],"gold":38,"neow_bonus":"THREE_ENEMY_KILL","is_daily":false,"chose_seed":false,"campfire_upgraded":4,"win_rate":0.0,"timestamp":1610685138,"path_taken":["M","?","?","?","?","E","?","?","T","?","M","M","M","E","R","BOSS","M","$","?","M","M","R","E","R","T","E","M","?","?","E","R","BOSS"],"items_purchased_type":["Relic","Relic"],"build_version":"2020-12-22","purchased_purges":1,"victory":false,"max_hp_per_floor":[66,66,66,66,66,66,66,66,66,66,66,66,66,66,66,66,66,66,66,66,66,66,66,66,66,66,66,66,66,66,66,66,66,66],"card_choices":[{"not_picked":["Flying Knee","Riddle With Holes"],"picked":"Bouncing Flask","floor":1.0},{"not_picked":["Outmaneuver","Underhanded Strike"],"picked":"Footwork","floor":2.0},{"not_picked":["Underhanded Strike","Flying Knee"],"picked":"Burst","floor":5.0},{"not_picked":["Flechettes","Dash","Eviscerate"],"picked":"SKIP","floor":6.0},{"not_picked":["Dagger Spray","Masterful Stab","Poisoned Stab"],"picked":"SKIP","floor":11.0},{"not_picked":["Accuracy","Sucker Punch"],"picked":"Crippling Poison","floor":12.0},{"not_picked":["Dodge and Roll","Concentrate"],"picked":"Bouncing Flask","floor":13.0},{"not_picked":["Endless Agony","Accuracy"],"picked":"Reflex","floor":14.0},{"not_picked":["Burst","Tools of the Trade"],"picked":"Corpse Explosion","floor":16.0},{"not_picked":["Slice+1"],"picked":"SKIP","floor":18.0},{"not_picked":["Dagger Throw"],"picked":"SKIP","floor":21},{"not_picked":["Accuracy"],"picked":"SKIP","floor":22},{"not_picked":["Cloak And Dagger"],"picked":"SKIP","floor":24},{"not_picked":["Slice"],"picked":"SKIP","floor":27},{"not_picked":["Cloak And Dagger"],"picked":"SKIP","floor":28},{"not_picked":["Quick Slash+1"],"picked":"SKIP","floor":29},{"not_picked":["Backstab"],"picked":"SKIP","floor":31}],"player_experience":1731183,"relics_obtained":[{"floor":6.0,"key":"Bag of Preparation"},{"floor":8.0,"key":"Lantern"},{"floor":9.0,"key":"Centennial Puzzle"},{"floor":10.0,"key":"Meat on the Bone"},{"floor":14.0,"key":"Bird Faced Urn"},{"floor":24,"key":"Whetstone"},{"floor":26,"key":"Paper Crane"},{"floor":27,"key":"MealTicket"},{"floor":31,"key":"TungstenRod"}],"event_choices":[{"cards_removed":["Strike_G"],"damage_healed":0.0,"max_hp_gain":0.0,"max_hp_loss":0.0,"gold_gain":0.0,"event_name":"Golden Wing","player_choice":"Card Removal","floor":3.0,"gold_loss":0.0,"damage_taken":7.0},{"damage_healed":0.0,"max_hp_gain":0.0,"max_hp_loss":0.0,"gold_gain":0.0,"event_name":"The Woman in Blue","player_choice":"Bought 3 Potions","floor":4.0,"gold_loss":0.0,"damage_taken":0.0},{"damage_healed":0.0,"max_hp_gain":0.0,"max_hp_loss":0.0,"gold_gain":0.0,"event_name":"Shining Light","player_choice":"Entered Light","floor":7.0,"gold_loss":0.0,"damage_taken":20.0,"cards_upgraded":["Defend_G","Strike_G"]}],"is_beta":false,"boss_relics":[{"not_picked":["Ring of the Serpent","WristBlade"],"picked":"Busted Crown"}],"items_purged_floors":[19],"is_endless":false,"potions_floor_spawned":[2,11,12,14,16,22,24,31],"killed_by":"Champ","ascension_level":20}}