{"host":"bb5r3ba2ig485dr2","time":1610739987,"event":{"mods":["Act Like it!","BaseMod","CapriCore","Chen","Curses Come First","Gensokyo","Hallownest","Koishi","Lobotomy","LobotomyExtend","Marisa（霧雨　魔理沙）","Minty Spire (QoL Compilation)","Random Character Button","Rare Cards Sparkle","Reimu（博??梦）","StSLib","Td1madao Mod","The Administrix","The Bug Knight","The Immortal","The Servant 0.9.4","The Wild Card"],"gold_per_floor":[113,67,67,86,101,126,141,157,157,157,157,157,157,190,190,190,190],"floor_reached":16,"language":"ENG","playtime":1089,"items_purged":[],"score":110,"play_id":"e0fda712-a7a6-436d-8095-27f30299c1b0","local_time":"20210115204627","is_ascension_mode":false,"campfire_choices":[{"data":"Chen:Spray","floor":10,"key":"SMITH"},{"floor":12,"key":"REST"},{"floor":15,"key":"REST"}],"circlet_count":0,"master_deck":["Chen:Strike","Chen:Strike","Chen:Strike","Chen:Strike","Chen:Strike","Chen:Defend","Chen:Defend","Chen:Defend","Chen:Defend","Chen:PounceTurnTail","Chen:GlitterPoke","Chen:TauntHiss","Chen:Adaptability","Chen:PentagramFlight","Chen:Spray+1","Chen:Instinct","Chen:CatPunch","Chen:Sidestep","Chen:Afterimages"],"relics":["Chen:Catnip","LetterFromLob","Oddly Smooth Stone","Unceasing Top","Thread and Needle"],"acts_visited":["Gensokyo:Gensokyo"],"potions_floor_usage":[16],"damage_taken":[{"damage":0,"enemies":"Gensokyo:3_Fairies","floor":1,"turns":3},{"damage":0,"enemies":"Gensokyo:Python","floor":4,"turns":3},{"damage":2,"enemies":"Gensokyo:2_Kodama","floor":5,"turns":4},{"damage":39,"enemies":"Gensokyo:Aya","floor":6,"turns":6},{"damage":0,"enemies":"Gensokyo:LivingMonolith","floor":7,"turns":3},{"damage":0,"enemies":"Gensokyo:5_Fairies","floor":8,"turns":4},{"damage":27,"enemies":"Gensokyo:Cirno","floor":14,"turns":7},{"damage":83,"enemies":"Gensokyo:Yukari","floor":16,"turns":12}],"seed_played":"4829244233482868552","potions_obtained":[{"floor":1,"key":"FairyPotion"},{"floor":14,"key":"Weak Potion"}],"is_trial":false,"path_per_floor":["M","$","?","M","M","E","M","M","T","R","?","R","?","E","R","B"],"character_chosen":"CHEN","items_purchased":["Chen:Adaptability"],"campfire_rested":2,"item_purchase_floors":[2],"current_hp_per_floor":[70,70,70,70,68,29,29,29,29,29,29,50,57,30,53,0,0],"gold":190,"neow_bonus":"ONE_RANDOM_RARE_CARD","is_daily":false,"chose_seed":false,"campfire_upgraded":1,"win_rate":0.0,"timestamp":1610739987,"path_taken":["M","$","?","M","M","E","M","M","T","R","?","R","?","E","R","BOSS"],"items_purchased_type":["Card"],"build_version":"2020-12-22","purchased_purges":0,"victory":false,"max_hp_per_floor":[70,70,70,70,70,70,70,70,70,70,70,70,77,77,77,77,77],"card_choices":[{"not_picked":["Chen:Fadeout","Chen:SelfConfidence"],"picked":"Chen:TauntHiss","floor":1},{"not_picked":["Chen:Deceitful","Chen:Shot"],"picked":"Chen:PentagramFlight","floor":4},{"not_picked":["Chen:MeditateFrenzy","Chen:Panic"],"picked":"Chen:Spray","floor":5},{"not_picked":["Chen:Shot","Chen:Excitement"],"picked":"Chen:Instinct","floor":6},{"not_picked":["Chen:Honk","Chen:Instinct"],"picked":"Chen:CatPunch","floor":7},{"not_picked":["Chen:Adaptability","Chen:Shot"],"picked":"Chen:Sidestep","floor":8},{"not_picked":["Chen:Copycat","Chen:Sidestep"],"picked":"Chen:Afterimages","floor":14}],"player_experience":220832,"relics_obtained":[{"floor":1,"key":"LetterFromLob"},{"floor":6,"key":"Oddly Smooth Stone"},{"floor":9,"key":"Unceasing Top"},{"floor":14,"key":"Thread and Needle"}],"event_choices":[],"is_beta":false,"boss_relics":[],"items_purged_floors":[],"is_endless":false,"potions_floor_spawned":[1,14],"killed_by":"Gensokyo:Yukari","ascension_level":0}}