{"host":"ntxknsu5npj85rka","time":1610740847,"event":{"mods":["AchievementEnabler","Act Like it!","BaseMod","Downfall","Gensokyo","Minty Spire (QoL Compilation)","StSLib","Yakumo Yukari mod","Yuri Mod","[IsaacMod]ÒÔÈö¼âËþ"],"gold_per_floor":[152,172,8,51,97,97,312,448,448,56,56,56,385,190,190,321,321,357,357,130,10,10,10,22,22,22,70,97,313,350,399,399,504,504,630,630,643,643,526,436,449,449,462,462,462,499,499,499,499,499,499,506],"floor_reached":53,"language":"ZHS","playtime":6289,"items_purged":["AT_purpleEX"],"score":954,"play_id":"454c4f34-43c5-4da7-baa6-40ea2640d371","local_time":"20210116040047","is_ascension_mode":false,"campfire_choices":[{"data":"Observe_purple_2","floor":6.0,"key":"SMITH"},{"data":"Shallow_ocean_purpleEX","floor":11.0,"key":"SMITH"},{"floor":15.0,"key":"REST"},{"data":"D_absorption_purple","floor":23.0,"key":"SMITH"},{"floor":32.0,"key":"REST"},{"data":"D_absorption_purple","floor":42.0,"key":"SMITH"},{"data":"LoveAcrossDimensions_purple","floor":47.0,"key":"SMITH"},{"data":"Boundary_of_Extermination_purpleEX","floor":49.0,"key":"SMITH"},{"data":"expansioncontent:Corrupt","floor":51.0,"key":"SMITH"}],"circlet_count":0,"master_deck":["AT_purpleEX","AT_purpleEX","Defend_purpleEX","Defend_purpleEX","Defend_purpleEX","Defend_purpleEX","Observe_purple_1","Observe_purple_2+1","OmniscientAndOmnipotent_Monster_purple","Shallow_ocean_purpleEX+1","Fancifulhole_purple","Mirror_FormAndEmptin_purple","AdvanceAttack_purple","Erosivefilter_purple","expansioncontent:Corrupt+1","CommonSense_AntiCommonSense_purple","Boundary_of_Extermination_purpleEX+1","Nest_LightFlightworm_purple","D_absorption_purple+1","CurseOfTheBell","Line_surface_state_purple","WorldDissolvedintheRealm_purple","Gensokyo:LockedMedkit","Erosivefilter_purple","DimensionStaggered_purple+1","ButterflyHabitatTemple_purple","RuptureOfTimeAndSpace_purple","MetroBOOM_purple","AdvanceAttack_purple","DarkRealmRedLine_purple","BarrageBoundary_PipeDream_purple","LoveAcrossDimensions_purple+1","D_absorption_purple+1","DimensionStaggered_purple+1","Gensokyo:HouraiInAPot+1","Gensokyo:CustomPotion","Nest_LightFlightworm_purple+1","OmniscientAndOmnipotent_Monster_purple+1","ExternalForce_HighSpeedFlying_purple","Gensokyo:ReactiveArmor"],"relics":["Boundary_crack","Memoryfragments_purpleEX","HushsDoor","SalivaCoin","Regal Pillow","HowToJump","ClockworkSouvenir","SteamSale","Calling Bell","Art of War","Gremlin Horn","Gensokyo:LionMask","Oddly Smooth Stone","Question Card","SlaversCollar","MagicMushroom","Toy Ornithopter","Gensokyo:EmptyGrave","Bottled Tornado","GnawedLeaf"],"acts_visited":["Exordium","Gensokyo:Gensokyo","Gensokyo:Gensokyoer"],"potions_floor_usage":[],"damage_taken":[{"damage":2.0,"enemies":"Gensokyo:3_Fairies","floor":1.0,"turns":4.0},{"damage":1.0,"enemies":"Gensokyo:Python","floor":2.0,"turns":3.0},{"damage":13.0,"enemies":"Gensokyo:Gryphon","floor":4.0,"turns":4.0},{"damage":24.0,"enemies":"Gensokyo:Kitsune","floor":5.0,"turns":5.0},{"damage":0.0,"enemies":"Gensokyo:LivingMonolith","floor":7.0,"turns":3.0},{"damage":25.0,"enemies":"Gensokyo:Gryphon_and_Rabbit","floor":8.0,"turns":10.0},{"damage":15.0,"enemies":"Gensokyo:Kitsune","floor":13.0,"turns":4.0},{"damage":26.0,"enemies":"Gensokyo:Reimu","floor":16.0,"turns":15.0},{"damage":20.0,"enemies":"Gensokyo:AngelMirror","floor":18.0,"turns":4.0},{"damage":0.0,"enemies":"Gensokyo:2_Gloops","floor":24.0,"turns":2.0},{"damage":19.0,"enemies":"Gensokyo:Wraith","floor":27.0,"turns":6.0},{"damage":6.0,"enemies":"Gensokyo:Mirror_and_Dog","floor":28.0,"turns":2.0},{"damage":0.0,"enemies":"Gensokyo:Swordslinger","floor":29.0,"turns":5.0},{"damage":6.0,"enemies":"Gensokyo:Monolith_and_Dog","floor":30.0,"turns":4.0},{"damage":27.0,"enemies":"Gensokyo:Wraith","floor":31.0,"turns":5.0},{"damage":0.0,"enemies":"Gensokyo:Eternal_Rivals","floor":33.0,"turns":11.0},{"damage":17.0,"enemies":"Gensokyo:Eternal_Rivals","floor":35.0,"turns":11.0},{"damage":0.0,"enemies":"Gensokyo:3_Bats","floor":37.0,"turns":3.0},{"damage":0.0,"enemies":"Gensokyo:3_Bats","floor":38.0,"turns":6.0},{"damage":0.0,"enemies":"Gensokyo:3_Boulders","floor":41.0,"turns":2.0},{"damage":0.0,"enemies":"Gensokyo:SeedOfUnknown","floor":43.0,"turns":6.0},{"damage":23.0,"enemies":"Gensokyo:Kasen","floor":46.0,"turns":5.0},{"damage":9,"enemies":"Gensokyo:Scarlet_Devils","floor":52,"turns":8}],"seed_played":"-8623110852541534027","potions_obtained":[{"floor":4.0,"key":"Dexterity Potion"},{"floor":8.0,"key":"FairyPotion"},{"floor":16.0,"key":"EssenceOfSteel"},{"floor":18.0,"key":"BlessingOfTheForge"},{"floor":28.0,"key":"PowerPotion"},{"floor":29.0,"key":"Dexterity Potion"},{"floor":30.0,"key":"Fire Potion"},{"floor":33.0,"key":"EntropicBrew"},{"floor":35.0,"key":"champ:CounterPotion"},{"floor":46.0,"key":"Block Potion"}],"is_trial":false,"path_per_floor":["M","M","COS","M","M","R","M","M","T","$","R","?","M","$","R","B",null,"M","?","COS","?","?","R","M","?","T","M","M","M","M","M","R","B",null,"B",null,"M","?","$","?","M","R","M","?","T","E","R","?","R","?","R","B",null],"character_chosen":"Youkari","items_purchased":["expansioncontent:Corrupt","ClockworkSouvenir","CommonSense_AntiCommonSense_purple","SteamSale","Nest_LightFlightworm_purple","Toy Ornithopter"],"campfire_rested":2,"item_purchase_floors":[10,10,10,14,14,39],"current_hp_per_floor":[76,76,76,64,41,41,45,25,25,25,25,25,14,14,52,31,77,26,26,26,26,26,26,31,31,31,61,55,60,55,33,71,77,77,68,84,84,84,84,84,84,84,84,78,78,55,78,78,78,78,78,69],"gold":506,"neow_bonus":"TEN_PERCENT_HP_BONUS","is_daily":false,"chose_seed":false,"campfire_upgraded":7,"win_rate":0.0,"timestamp":1610740847,"path_taken":["M","M","COS","M","M","R","M","M","T","$","R","?","M","$","R","BOSS","M","?","COS","?","?","R","M","?","T","M","M","M","M","M","R","BOSS","BOSS","M","?","$","?","M","R","M","?","T","E","R","?","R","?","R","BOSS"],"items_purchased_type":["Card","Relic","Card","Relic","Card","Relic"],"build_version":"2020-12-22","purchased_purges":1,"victory":true,"max_hp_per_floor":[77,77,77,77,77,77,77,77,77,77,77,77,77,77,77,77,77,77,77,77,77,77,77,77,77,77,77,77,77,77,77,77,77,77,77,84,84,84,84,84,84,84,84,78,78,78,78,78,78,78,78,78],"card_choices":[{"not_picked":[],"picked":"Bomb","floor":0.0},{"not_picked":["Umbrella_purple","SfantasyHide_purple"],"picked":"OmniscientAndOmnipotent_Monster_purple","floor":1.0},{"not_picked":["OmniscientAndOmnipotent_Monster_purple","StateErode_purple"],"picked":"Shallow_ocean_purpleEX","floor":2.0},{"not_picked":["Worldmountain_purple","EighthInstrument_OneDividesIntoTwo_purple"],"picked":"Fancifulhole_purple","floor":4.0},{"not_picked":["Realm_recovery_purpleEX","SharpContractionReality_purple"],"picked":"Mirror_FormAndEmptin_purple","floor":5.0},{"not_picked":["Charmbait_purple","MonsterNeedle_purple"],"picked":"AdvanceAttack_purple","floor":7.0},{"not_picked":["Worldmountain_purple","Yakumo_Ran_purple"],"picked":"Erosivefilter_purple","floor":8.0},{"not_picked":["Umbrella_purple","StateErode_purple"],"picked":"Boundary_of_Extermination_purpleEX","floor":13.0},{"not_picked":["Know_ledgeAbilityRealm_purple","Mirror_TwoAndThreeElementRealm_purple"],"picked":"D_absorption_purple","floor":16.0},{"not_picked":["Boundary_of_Extermination_purpleEX+1","SfantasyHide_purple+1"],"picked":"Line_surface_state_purple","floor":18.0},{"not_picked":["OmniscientAndOmnipotent_Monster_purple","SfantasyHide_purple"],"picked":"Erosivefilter_purple","floor":24.0},{"not_picked":["WeekHit_purple+1","AdvanceAttack_purple+1"],"picked":"DimensionStaggered_purple+1","floor":27.0},{"not_picked":["Charmbait_purple","Line_surface_state_purple+1"],"picked":"ButterflyHabitatTemple_purple","floor":27.0},{"not_picked":["Umbrella_purple","Realm_recovery_purpleEX"],"picked":"RuptureOfTimeAndSpace_purple","floor":28.0},{"not_picked":["StateErode_purple","MagicEyes_LaplaceDemon_purple"],"picked":"MetroBOOM_purple","floor":29.0},{"not_picked":["WatchEChange_purple+1","Realm_recovery_purpleEX+1"],"picked":"AdvanceAttack_purple","floor":30.0},{"not_picked":["AdvanceAttack_purple","Extrememeaning_purpleEX","ExistenceContinue_purple+1"],"picked":"DarkRealmRedLine_purple","floor":31.0},{"not_picked":["Mirror_TwoAndThreeElementRealm_purple","ProofOfUnderstanding_purple","LoveAcrossDimensions_purple"],"picked":"BarrageBoundary_PipeDream_purple","floor":33.0},{"not_picked":["Human_Monster_Realm_purple","Know_ledgeAbilityRealm_purple","Price_of_realm_purpleEX"],"picked":"LoveAcrossDimensions_purple","floor":35.0},{"not_picked":["ProofOfUnderstanding_purple","MagicEyes_LaplaceDemon_purple","WangLiang_LineAndCurveDreams_purple"],"picked":"D_absorption_purple","floor":35.0},{"not_picked":["ExistenceContinue_purple","RuleDissolution_purple+1","Boundary_LightAndDark_purple+1"],"picked":"DimensionStaggered_purple+1","floor":37.0},{"not_picked":["Gensokyo:RisingWorld+1","Gensokyo:UnlikelyAid+1"],"picked":"Gensokyo:HouraiInAPot+1","floor":38.0},{"not_picked":["Anti_communist_purple+1","DimensionStaggered_purple","OmniscientAndOmnipotent_Monster_purple+1"],"picked":"Nest_LightFlightworm_purple+1","floor":41.0},{"not_picked":["StateErode_purple","SfantasyHide_purple","Line_surface_state_purple"],"picked":"OmniscientAndOmnipotent_Monster_purple+1","floor":43.0},{"not_picked":["Realm_recovery_purpleEX+1","EighthInstrument_OneDividesIntoTwo_purple+1","ButterflyHabitatTemple_purple+1"],"picked":"ExternalForce_HighSpeedFlying_purple","floor":46.0}],"player_experience":83406,"relics_obtained":[{"floor":9.0,"key":"HowToJump"},{"floor":17.0,"key":"Art of War"},{"floor":17.0,"key":"Gremlin Horn"},{"floor":17.0,"key":"Damocles"},{"floor":26.0,"key":"Oddly Smooth Stone"},{"floor":45.0,"key":"Bottled Tornado"},{"floor":46.0,"key":"GnawedLeaf"}],"event_choices":[],"is_beta":false,"boss_relics":[{"not_picked":["Fusion Hammer","Empty Cage"],"picked":"Calling Bell"},{"not_picked":[]},{"not_picked":["Runic Dome","Velvet Choker"],"picked":"SlaversCollar"},{"not_picked":["Cursed Key","Snecko Eye"],"picked":"MagicMushroom"},{"not_picked":[]}],"items_purged_floors":[39],"is_endless":false,"potions_floor_spawned":[4,8,16,18,28,29,30,33,35,41,43,46],"ascension_level":0}}