{"host":"y4sghvfd0ewtcchd","time":1610693735,"event":{"mods":["Aspiration","BaseMod","Better Debug","Better Note","Better Third Choice","BetterRewards","Block Reminder","Colored Map","Colored Powertips","Downfall","Highlight Path","Hubris","Infinite Spire","Minty Spire (QoL Compilation)","Relic Sorter","Relic Stats","Replay The Spire","Shop Mod","StSLib","The Jungle","The Saiyan"],"gold_per_floor":[119,129,112,112,123,123,142,142,167,181,50,64,84,94,94,197,197,207,217,217,230,246,281,301,327,352,368,386,409,409,422,422,524,524,538,538,549,560,575,605,605,633,633,645,284,315,333,360,360,360,360,360,660,689,689],"floor_reached":56,"language":"ENG","playtime":2165,"items_purged":["Pain"],"score":2504,"play_id":"71121113-6ab3-479f-afe7-bbd97b6224a5","local_time":"20210115095535","is_ascension_mode":true,"campfire_choices":[{"floor":6,"key":"REST"},{"data":"hubris:PowerSurge","floor":8,"key":"SMITH"},{"data":"hubris:PowerSurge","floor":15,"key":"SMITH"},{"data":"Storm","floor":30,"key":"SMITH"},{"data":"Electrodynamics","floor":32,"key":"SMITH"},{"floor":41,"key":"RECALL"},{"data":"hubris:PowerSurge","floor":49,"key":"SMITH"},{"data":"Storm","floor":52,"key":"SMITH"}],"circlet_count":0,"master_deck":["Strike_B+1","Strike_B+1","Defend_B","Defend_B","Defend_B","Zap","Dualcast","Defragment","hubris:PowerSurge+1","Conserve Battery","Electrodynamics+1","Time Bomb","Undo","hubris:PowerSurge+1","Steam","Turbo","Steam+1","Capacitor","Electrodynamics","Amplify","Storm+1","Barrage","Heatsinks","hubris:PowerSurge+1","Rip and Tear+1","Defragment+1","Core Surge","Electrodynamics+1","ReplayTheSpireMod:Reroute Power+1","Conserve Battery+1","Time Bomb","Capacitor","White Noise+1","Leap","Storm+1","Storm","hubris:Ukulele","Redo+1","Saiyan:SuperSaiyanForm","hubris:PowerSurge+1","Steam","Hello World"],"relics":["Cracked Core","Garlic","ReplayTheSpireMod:CursedCoin","Blood Vial","Membership Card","Matryoshka","hubris:TenFootPole","DollysMirror","Bottled Tornado","hubris:PeanutButter","Simple Rune","infinitespire:BottledMercury","Busted Crown","Replay:Bottled Steam","Nunchaku","Onion Ring","Bronze Scales","hubris:BallOfYels","Astrolabe","Kunai","infinitespire:WardingShard","Pear","ClockworkSouvenir","aspiration:EnhancedActuators","Turnip","hubris:DisguiseKit","Du-Vu Doll","hubris:NiceRug","Pen Nib","aspiration:HiddenCompartment","infinitespire:Eraser"],"acts_visited":["Exordium","TheCity","TheBeyond","TheEnding"],"potions_floor_usage":[50,55,55,55],"damage_taken":[{"damage":0,"enemies":"2 Louse","floor":1,"turns":1},{"damage":0,"enemies":"Small Slimes","floor":2,"turns":2},{"damage":0,"enemies":"Jaw Worm","floor":5,"turns":2},{"damage":0,"enemies":"Looter","floor":7,"turns":2},{"damage":0,"enemies":"2 Fungi Beasts","floor":10,"turns":1},{"damage":0,"enemies":"3 Louse","floor":12,"turns":1},{"damage":0,"enemies":"Exordium Thugs","floor":13,"turns":2},{"damage":0,"enemies":"Looter","floor":14,"turns":1},{"damage":3,"enemies":"The Guardian","floor":16,"turns":6},{"damage":0,"enemies":"2 Thieves","floor":18,"turns":2},{"damage":0,"enemies":"3 Byrds","floor":19,"turns":1},{"damage":0,"enemies":"Snecko","floor":21,"turns":2},{"damage":0,"enemies":"Sentry and Sphere","floor":22,"turns":1},{"damage":2,"enemies":"Slavers","floor":23,"turns":2},{"damage":0,"enemies":"Snake Plant","floor":24,"turns":2},{"damage":0,"enemies":"Book of Stabbing","floor":25,"turns":4},{"damage":0,"enemies":"Snecko","floor":27,"turns":2},{"damage":0,"enemies":"Centurion and Healer","floor":28,"turns":2},{"damage":0,"enemies":"Shelled Parasite and Fungi","floor":31,"turns":1},{"damage":0,"enemies":"hubris:MusketHawk","floor":33,"turns":2},{"damage":0,"enemies":"3 Shapes","floor":35,"turns":1},{"damage":0,"enemies":"Orb Walker","floor":37,"turns":1},{"damage":11,"enemies":"Maw","floor":38,"turns":3},{"damage":0,"enemies":"Jaw Worm Horde","floor":39,"turns":1},{"damage":0,"enemies":"Reptomancer","floor":40,"turns":2},{"damage":3,"enemies":"Giant Head","floor":42,"turns":4},{"damage":1,"enemies":"Writhing Mass","floor":44,"turns":2},{"damage":39,"enemies":"Nemesis","floor":46,"turns":3},{"damage":0,"enemies":"Sphere and 2 Shapes","floor":47,"turns":1},{"damage":0,"enemies":"Giant Head","floor":48,"turns":3},{"damage":10,"enemies":"infinitespire:MassOfShapes","floor":50,"turns":4},{"damage":0,"enemies":"hubris:Merchant","floor":53,"turns":2},{"damage":0,"enemies":"Shield and Spear","floor":54,"turns":1},{"damage":0,"enemies":"The Heart","floor":55,"turns":3}],"seed_played":"9158629457327054231","potions_obtained":[{"floor":1,"key":"Languid Potion"},{"floor":2,"key":"AttackPotion"},{"floor":12,"key":"LiquidMemories"},{"floor":13,"key":"FocusPotion"},{"floor":18,"key":"PowerPotion"},{"floor":28,"key":"PowerPotion"},{"floor":53,"key":"Adrenaline Potion"}],"is_trial":false,"path_per_floor":["M","M","$","?","M","R","M","R","T","M","$","M","M","M","R","B",null,"M","M","?","M","M","E","M","E","T","M","M","T","R","M","R","B",null,"M","?","M","M","M","E","R","E","T","M","$","E","M","E","R","B",null,"R","$","E","B",null],"character_chosen":"DEFECT","items_purchased":["Defragment","Garlic","hubris:PowerSurge","Conserve Battery","ReplayTheSpireMod:CursedCoin","Blood Vial","Membership Card","Electrodynamics","Matryoshka","Time Bomb","Undo","hubris:TenFootPole","DollysMirror","Bottled Tornado","hubris:PeanutButter","Steam","Steam+1","infinitespire:BottledMercury","Storm","hubris:Ukulele","ClockworkSouvenir","aspiration:EnhancedActuators","Turnip"],"campfire_rested":1,"item_purchase_floors":[0,0,0,0,0,0,0,0,0,0,0,0,0,0,0,0,3,11,45,45,45,45,45],"current_hp_per_floor":[22,24,24,24,26,48,50,50,50,52,52,54,56,58,58,57,71,73,75,75,75,75,73,75,75,75,75,75,75,75,75,75,75,75,75,75,75,64,66,68,68,67,77,78,78,41,43,45,45,37,73,73,75,77,79],"gold":689,"neow_bonus":"","is_daily":false,"chose_seed":false,"campfire_upgraded":6,"win_rate":0.0,"timestamp":1610693735,"path_taken":["M","M","$","?","M","R","M","R","T","M","$","M","M","M","R","BOSS","M","M","?","M","M","E","M","E","T","M","M","?","R","M","R","BOSS","M","?","M","M","M","E","R","E","T","M","$","E","M","E","R","BOSS","R","$","E","BOSS"],"items_purchased_type":["Card","Relic","Card","Card","Relic","Relic","Relic","Card","Relic","Card","Card","Relic","Relic","Relic","Relic","Card","Card","Relic","Card","Card","Relic","Relic","Relic"],"build_version":"2020-12-22","purchased_purges":1,"victory":true,"max_hp_per_floor":[75,75,75,75,75,75,75,75,75,75,75,75,75,75,75,75,75,75,75,75,75,75,75,75,75,75,75,75,75,75,75,75,75,75,75,75,75,75,75,75,75,75,85,85,85,85,85,85,85,85,85,85,85,85,85],"relic_stats":{"Blood Vial":50,"Nunchaku":[1],"Busted Crown":66,"counters":[134,485],"Bronze Scales":[70],"Astrolabe":["Electrodynamics","ReplayTheSpireMod:Reroute Power","Conserve Battery"],"Turnip":[2],"Pen Nib":[0],"Kunai":[0],"obtain_stats":[{"Replay:Accelerometer":49,"infinitespire:BottledMercury":11,"hubris:BallOfYels":29,"Whetstone":27,"Bottled Tornado":0,"Blood Vial":0,"aspiration:EnhancedActuators":53,"Replay:Bronze Core":17,"MealTicket":0,"hubris:DeckOfHolding":53,"Fusion Hammer":34,"Kunai":40,"Replay:Bottled Steam":23,"Pear":43,"Velvet Choker":34,"Eternal Feather":20,"ReplayTheSpireMod:SealedPack":20,"Pen Nib":53,"Cables":44,"infinitespire:EvilPickle":33,"Bird Faced Urn":30,"Pandora\u0027s Box":17,"hubris:TenFootPole":0,"aspiration:MysteriousAuxiliaryCore":38,"infinitespire:PuzzleCube":28,"Solar Panel":0,"Carrot":0,"aspiration:Lifesprig":9,"Singing Bowl":26,"Replay:Multitool":41,"Bag of Preparation":45,"Matryoshka":0,"WingedGreaves":20,"infinitespire:Eraser":54,"aspiration:ChemicalBlood":0,"Lee\u0027s Waffle":0,"Inserter":48,"NeowsBlessing":0,"Golden Idol":7,"Geode":30,"infinitespire:Lucky Rock":54,"Frozen Egg 2":13,"Busted Crown":17,"Ornamental Fan":47,"Orrery":48,"Turnip":45,"Garlic":16,"Bottled Lightning":12,"ReplayTheSpireMod:Lightbulb":40,"Toy Ornithopter":31,"hubris:BottledRain":26,"infinitespire:Freezer":55,"Tiny House":44,"aspiration:Stabinomicon":25,"Runic Capacitor":50,"Centennial Puzzle":27,"infinitespire:SolderingIron":43,"DollysMirror":53,"Strawberry":14,"Philosopher\u0027s Stone":17,"Prayer Wheel":37,"Toxic Egg 2":5,"Happy Flower":0,"ReplayTheSpireMod:CursedCoin":0,"hubris:SoftwareUpdate":41,"Replay:Grab Bag":17,"Astrolabe":34,"Oddly Smooth Stone":0,"Question Card":47,"aspiration:HiddenCompartment":53,"Du-Vu Doll":24,"Bronze Scales":0,"hubris:PeanutButter":0,"Simple Rune":9,"Onion Ring":26,"ReplayTheSpireMod:TigerMarble":23,"SacredBark":17,"aspiration:TomeofQuesting":10,"hubris:SlimyHat":43,"Replay:Mystery Machine":7,"ClockworkSouvenir":23,"aspiration:StickyExplosives_weak":30,"Replay:Bandana":0,"Nunchaku":25,"Chameleon Ring":45,"hubris:Icosahedron":48,"Cracked Core":0,"Replay:Drink Me":21,"hubris:DisguiseKit":46,"BargainBundle":0,"Orichalcum":56,"CaptainsWheel":0,"DataDisk":27,"infinitespire:WardingShard":42,"ChewingGum":34,"hubris:GrandSneckoEye":36,"Membership Card":0,"hubris:Potato":31,"ReplayTheSpireMod:ShopPack":21,"hubris:NiceRug":53},{"Replay:Accelerometer":97,"infinitespire:BottledMercury":105,"hubris:BallOfYels":118,"Whetstone":36,"Bottled Tornado":100,"Blood Vial":0,"aspiration:EnhancedActuators":71,"Replay:Bronze Core":7,"MealTicket":22,"hubris:DeckOfHolding":71,"Fusion Hammer":42,"Kunai":125,"Replay:Bottled Steam":114,"Pear":126,"Velvet Choker":14,"Eternal Feather":8,"ReplayTheSpireMod:SealedPack":32,"Pen Nib":132,"Cables":95,"infinitespire:EvilPickle":62,"Bird Faced Urn":40,"Pandora\u0027s Box":30,"hubris:TenFootPole":100,"aspiration:MysteriousAuxiliaryCore":65,"infinitespire:PuzzleCube":86,"Solar Panel":22,"Carrot":0,"aspiration:Lifesprig":26,"Singing Bowl":59,"Replay:Multitool":45,"Bag of Preparation":95,"Matryoshka":100,"WingedGreaves":32,"infinitespire:Eraser":133,"aspiration:ChemicalBlood":46,"Lee\u0027s Waffle":0,"Inserter":21,"NeowsBlessing":0,"Golden Idol":50,"Geode":12,"infinitespire:Lucky Rock":72,"Frozen Egg 2":53,"Busted Crown":109,"Ornamental Fan":96,"Orrery":21,"Turnip":127,"Garlic":80,"Bottled Lightning":28,"ReplayTheSpireMod:Lightbulb":44,"Toy Ornithopter":41,"hubris:BottledRain":9,"infinitespire:Freezer":98,"Tiny House":95,"aspiration:Stabinomicon":35,"Runic Capacitor":97,"Centennial Puzzle":10,"infinitespire:SolderingIron":68,"DollysMirror":71,"Strawberry":79,"Philosopher\u0027s Stone":7,"Prayer Wheel":44,"Toxic Egg 2":3,"Happy Flower":46,"ReplayTheSpireMod:CursedCoin":46,"hubris:SoftwareUpdate":67,"Replay:Grab Bag":7,"Astrolabe":120,"Oddly Smooth Stone":22,"Question Card":21,"aspiration:HiddenCompartment":132,"Du-Vu Doll":9,"Bronze Scales":46,"hubris:PeanutButter":73,"Simple Rune":104,"Onion Ring":116,"ReplayTheSpireMod:TigerMarble":59,"SacredBark":7,"aspiration:TomeofQuesting":5,"hubris:SlimyHat":17,"Replay:Mystery Machine":4,"ClockworkSouvenir":9,"aspiration:StickyExplosives_weak":40,"Replay:Bandana":46,"Nunchaku":116,"Chameleon Ring":19,"hubris:Icosahedron":69,"Cracked Core":0,"Replay:Drink Me":8,"hubris:DisguiseKit":128,"BargainBundle":22,"Orichalcum":99,"CaptainsWheel":46,"DataDisk":86,"infinitespire:WardingShard":126,"ChewingGum":62,"hubris:GrandSneckoEye":90,"Membership Card":100,"hubris:Potato":61,"ReplayTheSpireMod:ShopPack":8,"hubris:NiceRug":71},{"Replay:Accelerometer":396,"infinitespire:BottledMercury":423,"hubris:BallOfYels":451,"Whetstone":160,"Bottled Tornado":415,"Blood Vial":0,"aspiration:EnhancedActuators":274,"Replay:Bronze Core":30,"MealTicket":111,"hubris:DeckOfHolding":274,"Fusion Hammer":182,"Kunai":462,"Replay:Bottled Steam":441,"Pear":466,"Velvet Choker":72,"Eternal Feather":33,"ReplayTheSpireMod:SealedPack":147,"Pen Nib":481,"Cables":384,"infinitespire:EvilPickle":245,"Bird Faced Urn":173,"Pandora\u0027s Box":140,"hubris:TenFootPole":415,"aspiration:MysteriousAuxiliaryCore":252,"infinitespire:PuzzleCube":338,"Solar Panel":111,"Carrot":0,"aspiration:Lifesprig":124,"Singing Bowl":235,"Replay:Multitool":193,"Bag of Preparation":384,"Matryoshka":415,"WingedGreaves":147,"infinitespire:Eraser":482,"aspiration:ChemicalBlood":195,"Lee\u0027s Waffle":0,"Inserter":104,"NeowsBlessing":0,"Golden Idol":205,"Geode":57,"infinitespire:Lucky Rock":276,"Frozen Egg 2":214,"Busted Crown":433,"Ornamental Fan":391,"Orrery":104,"Turnip":468,"Garlic":302,"Bottled Lightning":131,"ReplayTheSpireMod:Lightbulb":189,"Toy Ornithopter":176,"hubris:BottledRain":37,"infinitespire:Freezer":404,"Tiny House":384,"aspiration:Stabinomicon":156,"Runic Capacitor":396,"Centennial Puzzle":42,"infinitespire:SolderingIron":262,"DollysMirror":274,"Strawberry":299,"Philosopher\u0027s Stone":30,"Prayer Wheel":188,"Toxic Egg 2":7,"Happy Flower":195,"ReplayTheSpireMod:CursedCoin":195,"hubris:SoftwareUpdate":260,"Replay:Grab Bag":30,"Astrolabe":454,"Oddly Smooth Stone":111,"Question Card":104,"aspiration:HiddenCompartment":481,"Du-Vu Doll":37,"Bronze Scales":195,"hubris:PeanutButter":281,"Simple Rune":422,"Onion Ring":447,"ReplayTheSpireMod:TigerMarble":235,"SacredBark":30,"aspiration:TomeofQuesting":17,"hubris:SlimyHat":85,"Replay:Mystery Machine":13,"ClockworkSouvenir":37,"aspiration:StickyExplosives_weak":173,"Replay:Bandana":195,"Nunchaku":447,"Chameleon Ring":98,"hubris:Icosahedron":265,"Cracked Core":0,"Replay:Drink Me":33,"hubris:DisguiseKit":471,"BargainBundle":111,"Orichalcum":408,"CaptainsWheel":195,"DataDisk":338,"infinitespire:WardingShard":466,"ChewingGum":245,"hubris:GrandSneckoEye":356,"Membership Card":415,"hubris:Potato":241,"ReplayTheSpireMod:ShopPack":33,"hubris:NiceRug":274}]},"card_choices":[{"not_picked":["Rebound","Ball Lightning"],"picked":"Turbo","floor":1},{"not_picked":["Gash","Coolheaded","Panic Button"],"picked":"SKIP","floor":2},{"not_picked":["Tempest","Hologram"],"picked":"Capacitor","floor":5},{"not_picked":["Leap","BasicCrystalCard","Beam Cell"],"picked":"SKIP","floor":7},{"not_picked":["Coolheaded","Fusion","Sweeping Beam"],"picked":"SKIP","floor":10},{"not_picked":["Scrape","Leap","Glacier"],"picked":"SKIP","floor":12},{"not_picked":["Gash","Compile Driver","Stack"],"picked":"SKIP","floor":13},{"not_picked":["Sweeping Beam","Coolheaded"],"picked":"Electrodynamics","floor":14},{"not_picked":["hubris:DoWhile","Multi-Cast"],"picked":"Amplify","floor":16},{"not_picked":["Rebound"],"picked":"SKIP","floor":18},{"not_picked":["Gash"],"picked":"SKIP","floor":19},{"not_picked":["Streamline"],"picked":"SKIP","floor":21},{"not_picked":["Hologram+1"],"picked":"SKIP","floor":22},{"not_picked":[],"picked":"Barrage","floor":23},{"not_picked":[],"picked":"Heatsinks","floor":24},{"not_picked":["Sweeping Beam"],"picked":"SKIP","floor":25},{"not_picked":[],"picked":"hubris:PowerSurge+1","floor":27},{"not_picked":[],"picked":"Rip and Tear+1","floor":28},{"not_picked":[],"picked":"Defragment+1","floor":31},{"not_picked":[],"picked":"Core Surge","floor":33},{"not_picked":[],"picked":"Time Bomb","floor":35},{"not_picked":[],"picked":"White Noise+1","floor":37},{"not_picked":["Fusion"],"picked":"SKIP","floor":38},{"not_picked":["ReplaySort+1"],"picked":"SKIP","floor":39},{"not_picked":["Chill"],"picked":"SKIP","floor":40},{"not_picked":["ReplaySolidLightProjector+1"],"picked":"SKIP","floor":42},{"not_picked":[],"picked":"Leap","floor":44},{"not_picked":[],"picked":"Redo+1","floor":46},{"not_picked":["Ball Lightning"],"picked":"Saiyan:SuperSaiyanForm","floor":47},{"not_picked":["Saiyan:ReverberatingForce"],"picked":"hubris:PowerSurge","floor":48},{"not_picked":[],"picked":"Steam","floor":53},{"not_picked":[],"picked":"Hello World","floor":53},{"not_picked":["Rebound"],"picked":"SKIP","floor":53},{"not_picked":["Sweeping Beam"],"picked":"SKIP","floor":53},{"not_picked":["BasicCrystalCard"],"picked":"SKIP","floor":53},{"not_picked":["expansioncontent:GoopSpray"],"picked":"SKIP","floor":53},{"not_picked":["Chrysalis"],"picked":"SKIP","floor":53},{"not_picked":["Blizzard","Saiyan:Momentum"],"picked":"SKIP","floor":54}],"player_experience":566244,"relics_obtained":[{"floor":9,"key":"Simple Rune"},{"floor":23,"key":"Replay:Bottled Steam"},{"floor":25,"key":"Nunchaku"},{"floor":26,"key":"Onion Ring"},{"floor":26,"key":"Bronze Scales"},{"floor":29,"key":"hubris:BallOfYels"},{"floor":40,"key":"Kunai"},{"floor":42,"key":"infinitespire:WardingShard"},{"floor":43,"key":"Pear"},{"floor":46,"key":"hubris:DisguiseKit"},{"floor":48,"key":"Du-Vu Doll"},{"floor":53,"key":"Pen Nib"},{"floor":53,"key":"aspiration:HiddenCompartment"},{"floor":54,"key":"infinitespire:Eraser"}],"event_choices":[{"damage_healed":0,"gold_gain":0,"player_choice":"Read","damage_taken":0,"max_hp_gain":0,"max_hp_loss":0,"event_name":"The Library","floor":20,"gold_loss":0,"cards_obtained":["Storm"]}],"is_beta":false,"boss_relics":[{"not_picked":["SlaversCollar","hubris:CrackedHourglass"],"picked":"Busted Crown"},{"not_picked":["hubris:ScarierMask","Replay:Drink Me"],"picked":"Astrolabe"}],"items_purged_floors":[0],"is_endless":false,"potions_floor_spawned":[1,2,12,13,18,23,24,28,33,35,39,42,46,47,54],"ascension_level":9}}