{"host":"Rowan","time":1610680959,"event":{"mods":["BaseMod","Minty Spire (QoL Compilation)"],"gold_per_floor":[115,42,117,117,129,129,99,99,99,114,114,130,162,8,8,107,107,126,95,10,10,10,10,37,37,37,37,53,53,53,81,81,180,180,194,214,214,234,234,268,268,286,286,286,286],"floor_reached":44,"language":"ENG","playtime":3567,"items_purged":[],"score":472,"play_id":"4ea911ac-4d91-4609-a45a-46a19760557f","local_time":"20210114192239","is_ascension_mode":false,"campfire_choices":[{"floor":6,"key":"RECALL"},{"data":"Footwork","floor":8,"key":"SMITH"},{"floor":11,"key":"REST"},{"data":"Caltrops","floor":15,"key":"SMITH"},{"floor":23,"key":"REST"},{"data":"Storm of Steel","floor":25,"key":"SMITH"},{"data":"Neutralize","floor":27,"key":"SMITH"},{"floor":29,"key":"REST"},{"floor":32,"key":"REST"},{"floor":41,"key":"REST"}],"circlet_count":0,"master_deck":["Strike_G","Strike_G+1","Defend_G","Defend_G","Defend_G","Defend_G","Survivor","Neutralize+1","Cloak And Dagger","Caltrops+1","Footwork+1","Dodge and Roll","Flying Knee+1","Heel Hook","Infinite Blades","Storm of Steel+1","Terror+1","PiercingWail+1","Choke+1","Deadly Poison","Flechettes+1","Dagger Throw+1","Sucker Punch+1","Deadly Poison","Bane+1","Envenom+1","Escape Plan","Venomology","Dash+1","Concentrate+1","Parasite","Setup+1","Outmaneuver+1","Noxious Fumes"],"relics":["Ring of the Snake","NeowsBlessing","Dream Catcher","Whetstone","Snake Skull","Astrolabe","Regal Pillow","FossilizedHelix","Eternal Feather","Tough Bandages","WristBlade","Vajra","Bottled Lightning"],"acts_visited":["Exordium","TheCity","TheBeyond"],"potions_floor_usage":[13,16,16,16,31,33,35,38,38,40,40,42],"damage_taken":[{"damage":0,"enemies":"Jaw Worm","floor":1,"turns":1},{"damage":0,"enemies":"Small Slimes","floor":5,"turns":1},{"damage":0,"enemies":"2 Louse","floor":10,"turns":1},{"damage":5,"enemies":"Gremlin Gang","floor":12,"turns":6},{"damage":23,"enemies":"3 Sentries","floor":13,"turns":14},{"damage":3,"enemies":"Hexaghost","floor":16,"turns":9},{"damage":14,"enemies":"Chosen","floor":18,"turns":5},{"damage":18,"enemies":"2 Thieves","floor":19,"turns":5},{"damage":39,"enemies":"Gremlin Leader","floor":24,"turns":7},{"damage":12,"enemies":"Snecko","floor":28,"turns":5},{"damage":41,"enemies":"Slavers","floor":31,"turns":6},{"damage":44,"enemies":"Automaton","floor":33,"turns":12},{"damage":2,"enemies":"Orb Walker","floor":35,"turns":3},{"damage":6,"enemies":"3 Shapes","floor":36,"turns":4},{"damage":21,"enemies":"Writhing Mass","floor":38,"turns":6},{"damage":40,"enemies":"Giant Head","floor":40,"turns":9},{"damage":49,"enemies":"Spire Growth","floor":42,"turns":5},{"damage":13,"enemies":"Sphere and 2 Shapes","floor":44,"turns":3}],"seed_played":"2153140951376676594","potions_obtained":[{"floor":5,"key":"DuplicationPotion"},{"floor":7,"key":"BlessingOfTheForge"},{"floor":7,"key":"Poison Potion"},{"floor":13,"key":"Strength Potion"},{"floor":28,"key":"Fire Potion"},{"floor":31,"key":"LiquidMemories"},{"floor":33,"key":"Energy Potion"},{"floor":36,"key":"SkillPotion"},{"floor":40,"key":"AttackPotion"}],"is_trial":false,"path_per_floor":["M","$","?","?","M","R","?","R","T","M","R","M","E","$","R","B",null,"M","M","?","?","$","R","E","R","T","R","M","R","$","E","R","B",null,"M","M","?","M","?","E","R","M","T","M"],"character_chosen":"THE_SILENT","items_purchased":["Caltrops","Snake Skull"],"campfire_rested":5,"item_purchase_floors":[2,14],"current_hp_per_floor":[70,70,59,47,47,47,47,47,47,47,68,63,40,40,40,37,70,56,38,38,38,38,70,31,31,31,43,31,70,70,29,70,26,70,68,62,62,46,46,6,60,11,11,0,0],"gold":286,"neow_bonus":"THREE_ENEMY_KILL","is_daily":false,"chose_seed":false,"campfire_upgraded":4,"win_rate":0.0,"timestamp":1610680959,"path_taken":["M","$","?","?","M","R","?","R","T","M","R","M","E","$","R","BOSS","M","?","?","?","$","R","E","R","T","R","M","R","$","E","R","BOSS","M","M","?","?","?","E","R","M","T","M"],"items_purchased_type":["Card","Relic"],"build_version":"2020-12-18","purchased_purges":0,"victory":false,"max_hp_per_floor":[70,70,70,70,70,70,70,70,70,70,70,70,70,70,70,70,70,70,70,70,70,70,70,70,70,70,70,70,70,70,70,70,70,70,70,70,70,70,70,70,70,70,70,70,70],"card_choices":[{"not_picked":["Backflip","Quick Slash"],"picked":"Cloak And Dagger","floor":1},{"not_picked":["Poisoned Stab","Dagger Throw"],"picked":"Footwork","floor":5},{"not_picked":["Acrobatics","Tactician"],"picked":"Dodge and Roll","floor":10},{"not_picked":["Sucker Punch","PiercingWail"],"picked":"Flying Knee","floor":11},{"not_picked":["Deflect","Bane"],"picked":"Heel Hook","floor":12},{"not_picked":["Calculated Gamble","Caltrops"],"picked":"Infinite Blades","floor":13},{"not_picked":["After Image","Glass Knife"],"picked":"Storm of Steel","floor":16},{"not_picked":["Predator","Expertise"],"picked":"Deadly Poison","floor":18},{"not_picked":["Backflip","Flying Knee+1"],"picked":"Flechettes+1","floor":19},{"not_picked":["Calculated Gamble","PiercingWail+1"],"picked":"Dagger Throw+1","floor":23},{"not_picked":["Finisher","Tools of the Trade"],"picked":"Sucker Punch+1","floor":24},{"not_picked":["Dagger Spray","Prepared"],"picked":"Deadly Poison","floor":28},{"not_picked":["Outmaneuver","Deflect+1"],"picked":"Bane+1","floor":29},{"not_picked":["Slice","Eviscerate"],"picked":"Envenom","floor":31},{"not_picked":["Slice","Dagger Spray"],"picked":"Escape Plan","floor":32},{"not_picked":["Unload","Tools of the Trade"],"picked":"Venomology","floor":33},{"not_picked":["Backflip","Deadly Poison+1"],"picked":"Dash+1","floor":35},{"not_picked":["Dagger Throw+1","Calculated Gamble+1"],"picked":"Concentrate+1","floor":36},{"not_picked":["Dagger Spray","Sucker Punch+1"],"picked":"Setup+1","floor":38},{"not_picked":["Acrobatics","Crippling Poison","Flying Knee+1"],"picked":"SKIP","floor":40},{"not_picked":["Dodge and Roll+1","Escape Plan+1"],"picked":"Outmaneuver+1","floor":41},{"not_picked":["Heel Hook","Outmaneuver"],"picked":"Noxious Fumes","floor":42}],"player_experience":376272,"relics_obtained":[{"floor":13,"key":"Whetstone"},{"floor":24,"key":"FossilizedHelix"},{"floor":26,"key":"Eternal Feather"},{"floor":31,"key":"Tough Bandages"},{"floor":40,"key":"Vajra"},{"floor":43,"key":"Bottled Lightning"}],"event_choices":[{"damage_healed":0,"gold_gain":75,"player_choice":"Gather Gold","damage_taken":11,"max_hp_gain":0,"max_hp_loss":0,"event_name":"World of Goop","floor":3,"gold_loss":0},{"damage_healed":0,"gold_gain":0,"player_choice":"Success","damage_taken":12,"relics_obtained":["Dream Catcher"],"max_hp_gain":0,"max_hp_loss":0,"event_name":"Scrap Ooze","floor":4,"gold_loss":0},{"damage_healed":0,"gold_gain":0,"player_choice":"Bought 2 Potions","damage_taken":0,"max_hp_gain":0,"max_hp_loss":0,"event_name":"The Woman in Blue","floor":7,"gold_loss":0},{"damage_healed":0,"gold_gain":0,"player_choice":"Obtained Relic","damage_taken":0,"relics_obtained":["Regal Pillow"],"max_hp_gain":0,"max_hp_loss":0,"event_name":"Addict","floor":20,"gold_loss":85},{"cards_removed":["Strike_G"],"damage_healed":0,"gold_gain":0,"player_choice":"Elegance","damage_taken":0,"max_hp_gain":0,"max_hp_loss":0,"event_name":"Back to Basics","floor":21,"gold_loss":0},{"damage_healed":0,"gold_gain":0,"player_choice":"Ignored","damage_taken":0,"max_hp_gain":0,"max_hp_loss":0,"event_name":"NoteForYourself","floor":37,"gold_loss":0},{"damage_healed":0,"gold_gain":0,"player_choice":"Forge","damage_taken":0,"max_hp_gain":0,"max_hp_loss":0,"event_name":"Accursed Blacksmith","floor":39,"gold_loss":0,"cards_upgraded":["Envenom"]}],"is_beta":true,"boss_relics":[{"not_picked":["SlaversCollar","Velvet Choker"],"picked":"Astrolabe"},{"not_picked":["Coffee Dripper","Empty Cage"],"picked":"WristBlade"}],"items_purged_floors":[],"is_endless":false,"potions_floor_spawned":[5,10,13,28,31,33,36,40],"killed_by":"Sphere and 2 Shapes","ascension_level":0}}