{"host":"9l1knhxfturzliqa","time":1610694755,"event":{"mods":["BaseMod","Colored Map","Colored Powertips","DeckTracker","Highlight Path","Keyboard Shortcuts","Minty Spire (QoL Compilation)","Random Character Button"],"gold_per_floor":[113,128,147,147,167,167,187,187,255,255,284,284,303,237,237,316,316,336,336,336,61,81,81,93,93,93,93,112,138,138,163,163,237,237,254,90,100,100,113,141,141,168,168,168,193,212,230,247,247,247],"floor_reached":51,"language":"KOR","playtime":9072,"items_purged":["Strike_G"],"score":1404,"play_id":"e232b64b-4eec-4930-b3e5-073572e5ceec","local_time":"20210115161235","is_ascension_mode":true,"campfire_choices":[{"data":"Phantasmal Killer","floor":6.0,"key":"SMITH"},{"data":"Riddle With Holes","floor":8.0,"key":"SMITH"},{"data":"Blade Dance","floor":10.0,"key":"SMITH"},{"floor":15.0,"key":"REST"},{"data":"Apotheosis","floor":23.0,"key":"SMITH"},{"floor":25.0,"key":"REST"},{"data":"Burst","floor":27.0,"key":"SMITH"},{"floor":30.0,"key":"REST"},{"floor":32.0,"key":"REST"},{"data":"Ghostly","floor":41.0,"key":"SMITH"},{"floor":44.0,"key":"REST"},{"floor":49.0,"key":"REST"}],"circlet_count":0,"master_deck":["AscendersBane","Strike_G","Strike_G","Defend_G","Defend_G","Defend_G","Defend_G","Survivor","Neutralize","Phantasmal Killer+1","Riddle With Holes+1","Poisoned Stab","Blade Dance+1","Deflect","Well Laid Plans","Dagger Spray","Burst+1","Malaise+1","Glass Knife+1","Reflex+1","Ghostly","Ghostly","Ghostly","Apotheosis+1","Prepared","Cloak And Dagger+1","Leg Sweep","Predator+1","Envenom","Sucker Punch+1","Ghostly+1","Dodge and Roll","Blur","Bane","Tactician+1","Tools of the Trade"],"relics":["Ring of the Snake","Gambling Chip","Matryoshka","Ancient Tea Set","Astrolabe","Bag of Preparation","Pear","Red Mask","Du-Vu Doll","Cursed Key","Bag of Marbles","Vajra","Oddly Smooth Stone","MealTicket"],"acts_visited":["Exordium","TheCity","TheBeyond"],"potions_floor_usage":[50],"damage_taken":[{"damage":4.0,"enemies":"Small Slimes","floor":1.0,"turns":4.0},{"damage":1.0,"enemies":"2 Louse","floor":2.0,"turns":4.0},{"damage":0.0,"enemies":"Jaw Worm","floor":3.0,"turns":3.0},{"damage":8.0,"enemies":"Large Slime","floor":5.0,"turns":6.0},{"damage":3.0,"enemies":"Looter","floor":7.0,"turns":2.0},{"damage":6.0,"enemies":"Gremlin Nob","floor":11.0,"turns":3.0},{"damage":11.0,"enemies":"Gremlin Gang","floor":13.0,"turns":4.0},{"damage":22.0,"enemies":"The Guardian","floor":16.0,"turns":12.0},{"damage":19.0,"enemies":"2 Thieves","floor":18.0,"turns":4.0},{"damage":14.0,"enemies":"Chosen","floor":22.0,"turns":4.0},{"damage":10.0,"enemies":"3 Cultists","floor":24.0,"turns":6.0},{"damage":2.0,"enemies":"Shelled Parasite and Fungi","floor":28.0,"turns":6.0},{"damage":12.0,"enemies":"Masked Bandits","floor":29.0,"turns":6.0},{"damage":4.0,"enemies":"Gremlin Leader","floor":31.0,"turns":9.0},{"damage":30.0,"enemies":"Collector","floor":33.0,"turns":11.0},{"damage":0.0,"enemies":"3 Shapes","floor":35.0,"turns":9.0},{"damage":0.0,"enemies":"3 Darklings","floor":37.0,"turns":5.0},{"damage":1.0,"enemies":"Maw","floor":39.0,"turns":6.0},{"damage":14.0,"enemies":"Nemesis","floor":40.0,"turns":11.0},{"damage":1.0,"enemies":"Giant Head","floor":42.0,"turns":5.0},{"damage":0.0,"enemies":"Reptomancer","floor":45.0,"turns":3.0},{"damage":0.0,"enemies":"Jaw Worm Horde","floor":46.0,"turns":2.0},{"damage":0.0,"enemies":"4 Shapes","floor":47.0,"turns":7.0},{"damage":0.0,"enemies":"Transient","floor":48.0,"turns":6.0},{"damage":33,"enemies":"Time Eater","floor":50,"turns":16}],"seed_played":"-7476888383769168853","potions_obtained":[{"floor":1.0,"key":"Weak Potion"},{"floor":5.0,"key":"EntropicBrew"},{"floor":7.0,"key":"GamblersBrew"},{"floor":18.0,"key":"BlessingOfTheForge"},{"floor":31.0,"key":"FearPotion"},{"floor":33.0,"key":"PowerPotion"},{"floor":37.0,"key":"SteroidPotion"},{"floor":40.0,"key":"SkillPotion"},{"floor":42.0,"key":"LiquidMemories"},{"floor":45.0,"key":"AttackPotion"},{"floor":48.0,"key":"FairyPotion"}],"is_trial":false,"path_per_floor":["M","M","M","?","M","R","M","R","T","R","E","?","M","?","R","B",null,"M","?","?","$","M","R","M","R","T","R","M","?","R","E","R","B",null,"M","$","M","?","M","E","R","E","T","R","E","M","M","M","R","B",null],"character_chosen":"THE_SILENT","items_purchased":["Apotheosis","Bag of Marbles"],"campfire_rested":6,"item_purchase_floors":[21,36],"current_hp_per_floor":[55,54,54,43,35,35,32,32,32,32,26,19,8,8,27,5,51,32,32,33,33,19,19,9,18,28,28,26,14,26,22,34,4,33,33,33,33,33,32,18,18,17,17,29,29,29,29,29,41,8],"gold":247,"neow_bonus":"THREE_RARE_CARDS","is_daily":false,"chose_seed":false,"campfire_upgraded":6,"win_rate":0.0,"timestamp":1610694755,"path_taken":["M","M","M","?","M","R","M","R","T","R","E","?","M","?","R","BOSS","M","?","?","$","M","R","M","R","T","R","M","?","R","E","R","BOSS","M","$","M","?","M","E","R","E","T","R","E","M","?","M","R","BOSS"],"items_purchased_type":["Card","Relic"],"build_version":"2020-12-22","purchased_purges":1,"victory":true,"max_hp_per_floor":[66,66,66,66,66,66,66,66,66,66,66,66,66,66,66,66,66,66,33,33,33,33,33,33,33,43,43,43,43,43,43,43,43,43,43,43,43,43,43,43,43,43,43,43,43,43,43,43,43,43],"card_choices":[{"not_picked":["Die Die Die","Burst"],"picked":"Phantasmal Killer","floor":0.0},{"not_picked":["Outmaneuver","Prepared"],"picked":"Riddle With Holes","floor":1.0},{"not_picked":["Predator","Terror"],"picked":"Poisoned Stab","floor":2.0},{"not_picked":["Quick Slash","Setup","Dash"],"picked":"SKIP","floor":3.0},{"not_picked":["Outmaneuver","Quick Slash"],"picked":"Blade Dance","floor":5.0},{"not_picked":["Heel Hook","Catalyst"],"picked":"Deflect","floor":7.0},{"not_picked":["Flying Knee","Malaise"],"picked":"Well Laid Plans","floor":11.0},{"not_picked":["Backflip","PiercingWail"],"picked":"Dagger Spray","floor":13.0},{"not_picked":["Venomology","Unload"],"picked":"Burst","floor":16.0},{"not_picked":["Outmaneuver","Endless Agony","Bane"],"picked":"SKIP","floor":18.0},{"not_picked":["Cloak And Dagger","Deadly Poison"],"picked":"Prepared","floor":22.0},{"not_picked":["Deadly Poison","Blade Dance","Dodge and Roll"],"picked":"SKIP","floor":24.0},{"not_picked":["Riddle With Holes","Poisoned Stab"],"picked":"Cloak And Dagger+1","floor":28.0},{"not_picked":["Underhanded Strike","Distraction"],"picked":"Leg Sweep","floor":29.0},{"not_picked":["Cloak And Dagger","Slice"],"picked":"Predator+1","floor":31.0},{"not_picked":["Phantasmal Killer","Unload"],"picked":"Envenom","floor":33.0},{"not_picked":["Backflip","Dagger Throw"],"picked":"Sucker Punch+1","floor":35.0},{"not_picked":["Eviscerate","Acrobatics","All Out Attack"],"picked":"SKIP","floor":37.0},{"not_picked":["Deflect","Distraction"],"picked":"Dodge and Roll","floor":39.0},{"not_picked":["Bane","Accuracy"],"picked":"Blur","floor":40.0},{"not_picked":["Backstab","Sucker Punch"],"picked":"Bane","floor":42.0},{"not_picked":["Prepared","Blur","Dagger Spray"],"picked":"SKIP","floor":45.0},{"not_picked":["Accuracy","All Out Attack"],"picked":"Tactician+1","floor":46.0},{"not_picked":["Quick Slash","Deflect","Outmaneuver"],"picked":"SKIP","floor":47.0},{"not_picked":["Setup","Prepared"],"picked":"Tools of the Trade","floor":48.0}],"player_experience":451357,"relics_obtained":[{"floor":9.0,"key":"Matryoshka"},{"floor":11.0,"key":"Ancient Tea Set"},{"floor":26.0,"key":"Bag of Preparation"},{"floor":26.0,"key":"Pear"},{"floor":29.0,"key":"Red Mask"},{"floor":31.0,"key":"Du-Vu Doll"},{"floor":40.0,"key":"Vajra"},{"floor":42.0,"key":"Oddly Smooth Stone"},{"floor":45.0,"key":"MealTicket"}],"event_choices":[{"damage_healed":0.0,"max_hp_gain":0.0,"max_hp_loss":0.0,"gold_gain":0.0,"event_name":"Scrap Ooze","player_choice":"Success","floor":4.0,"gold_loss":0.0,"damage_taken":11.0,"relics_obtained":["Gambling Chip"]},{"cards_removed":["Writhe"],"damage_healed":0.0,"max_hp_gain":0.0,"max_hp_loss":0.0,"gold_gain":0.0,"event_name":"Golden Wing","player_choice":"Card Removal","floor":12.0,"gold_loss":0.0,"damage_taken":7.0},{"damage_healed":0.0,"max_hp_gain":0.0,"max_hp_loss":0.0,"gold_gain":0.0,"event_name":"World of Goop","player_choice":"Left Gold","floor":14.0,"gold_loss":66.0,"damage_taken":0.0},{"damage_healed":0.0,"max_hp_gain":0.0,"max_hp_loss":33.0,"gold_gain":0.0,"event_name":"Ghosts","player_choice":"Became a Ghost","floor":19.0,"gold_loss":0.0,"damage_taken":0.0,"cards_obtained":["Ghostly","Ghostly","Ghostly"]},{"damage_healed":7.0,"max_hp_gain":0.0,"max_hp_loss":0.0,"gold_gain":0.0,"event_name":"The Library","player_choice":"Heal","floor":20.0,"gold_loss":0.0,"damage_taken":0.0},{"damage_healed":0.0,"max_hp_gain":0.0,"max_hp_loss":0.0,"gold_gain":0.0,"event_name":"Masked Bandits","player_choice":"Fought Bandits","floor":29.0,"gold_loss":0.0,"damage_taken":0.0},{"damage_healed":0.0,"max_hp_gain":0.0,"max_hp_loss":0.0,"gold_gain":0.0,"event_name":"Duplicator","player_choice":"Copied","floor":38.0,"gold_loss":0.0,"damage_taken":0.0,"cards_obtained":["Ghostly"]}],"is_beta":false,"boss_relics":[{"not_picked":["Coffee Dripper","Runic Dome"],"picked":"Astrolabe"},{"not_picked":["Black Star","SlaversCollar"],"picked":"Cursed Key"}],"items_purged_floors":[21],"is_endless":false,"potions_floor_spawned":[1,5,7,13,18,31,33,37,40,42,45,48],"ascension_level":17}}