{"host":"ibonnlq6s1c814xj","time":1610699292,"event":{"mods":["BaseMod","BetterRewards","Good Game Mod","Minty Spire (QoL Compilation)","Shop Mod","【功能Mod】聪明的最终Boss"],"gold_per_floor":[117,117,129,29,49,49,49,124,124,74,349,349,361,372,372,372,372],"floor_reached":16,"language":"ZHS","playtime":398,"items_purged":["Electrodynamics","Strike_B"],"score":99,"play_id":"f41db798-6212-4760-8df2-fe5ae2c4e85b","local_time":"20210115162812","is_ascension_mode":true,"campfire_choices":[{"data":"White Noise","floor":6,"key":"SMITH"},{"data":"Self Repair","floor":12,"key":"SMITH"},{"data":"Zap","floor":15,"key":"SMITH"}],"circlet_count":0,"master_deck":["Strike_B","Strike_B","Strike_B","Defend_B","Defend_B","Defend_B","Defend_B","Zap+1","Dualcast","White Noise+1","Self Repair+1","Capacitor","Strike_B","Regret"],"relics":["Cracked Core","REME:ComplimentaryCards","Anchor","Ginger","MerchantsRug","Centennial Puzzle"],"acts_visited":["Exordium"],"potions_floor_usage":[16],"damage_taken":[{"damage":7,"enemies":"Small Slimes","floor":1,"turns":3},{"damage":1,"enemies":"Cultist","floor":3,"turns":4},{"damage":3,"enemies":"2 Louse","floor":5,"turns":3},{"damage":9,"enemies":"Looter","floor":13,"turns":3},{"damage":33,"enemies":"Lots of Slimes","floor":14,"turns":6},{"damage":22,"enemies":"The Guardian","floor":16,"turns":3}],"seed_played":"-6566583561878520223","potions_obtained":[{"floor":3,"key":"SmokeBomb"},{"floor":13,"key":"FearPotion"}],"is_trial":false,"path_per_floor":["M","?","M","$","M","R","$","?","T","?","?","R","M","M","R","B"],"character_chosen":"DEFECT","items_purchased":["Anchor","White Noise","Self Repair","Capacitor","MerchantsRug"],"campfire_rested":0,"item_purchase_floors":[0,0,0,0,0],"current_hp_per_floor":[40,40,46,46,50,50,50,39,39,39,39,39,40,17,17,0,0],"gold":372,"neow_bonus":"","is_daily":false,"chose_seed":false,"campfire_upgraded":3,"win_rate":0.0,"timestamp":1610699292,"path_taken":["M","?","?","$","M","R","$","?","T","?","?","R","M","M","R","BOSS"],"items_purchased_type":["Relic","Card","Card","Card","Relic"],"build_version":"2020-12-22","purchased_purges":2,"victory":false,"max_hp_per_floor":[75,75,75,75,75,75,75,75,75,75,75,75,75,75,75,75,75],"card_choices":[{"not_picked":["Sunder","Turbo","BootSequence"],"picked":"SKIP","floor":1},{"not_picked":["Leap","Coolheaded","Aggregate"],"picked":"SKIP","floor":3},{"not_picked":["Rebound","Blizzard","Compile Driver"],"picked":"SKIP","floor":5},{"not_picked":["Cold Snap","Chill","Doom and Gloom"],"picked":"SKIP","floor":13},{"not_picked":["Ball Lightning","Hologram","Skim"],"picked":"SKIP","floor":14}],"player_experience":218477,"relics_obtained":[{"floor":9,"key":"Centennial Puzzle"}],"event_choices":[{"damage_healed":0,"gold_gain":0,"player_choice":"Bought 0 Potions","damage_taken":0,"max_hp_gain":0,"max_hp_loss":0,"event_name":"The Woman in Blue","floor":2,"gold_loss":0},{"damage_healed":0,"gold_gain":75,"player_choice":"Gather Gold","damage_taken":11,"max_hp_gain":0,"max_hp_loss":0,"event_name":"World of Goop","floor":8,"gold_loss":0},{"damage_healed":0,"gold_gain":275,"player_choice":"Desecrate","damage_taken":0,"max_hp_gain":0,"max_hp_loss":0,"event_name":"Golden Shrine","floor":11,"gold_loss":0,"cards_obtained":["Regret"]}],"is_beta":false,"boss_relics":[],"items_purged_floors":[0,4],"is_endless":false,"potions_floor_spawned":[3,13],"killed_by":"The Guardian","ascension_level":2}}