{"host":"22s5scuj7mu87reg","time":1610726362,"event":{"mods":["BaseMod","Better Third Choice","Colored Powertips","Dota2Spire","Downfall","Duelist Mod","GungeonMod","Halation","Hubris","Infinite Spire","Koishi","KomeijiMod","Minty Spire (QoL Compilation)","Quick Restart","Replay The Spire","StSLib","SuperFastMode","The Jungle","The Mystic","The Necromancer","Wandering Minibosses"],"gold_per_floor":[111,111,111,111,128,163,173,173,246,262,293,218,231,231,231,329,429,446,446,446,459,459,491,507,507,507],"floor_reached":25,"language":"POL","playtime":1061,"items_purged":["mysticmod:Defend_Mystic","mysticmod:Strike_Mystic"],"score":256,"play_id":"3464d7f7-8a4d-42ae-85a3-860fb80b54f8","local_time":"20210115165922","is_ascension_mode":false,"campfire_choices":[{"data":"mysticmod:MagicWeapon","floor":8,"key":"SMITH"},{"data":"mysticmod:Stoneskin","floor":15,"key":"SMITH"}],"circlet_count":0,"master_deck":["mysticmod:Strike_Mystic+1","mysticmod:Strike_Mystic","mysticmod:Defend_Mystic","mysticmod:Defend_Mystic","mysticmod:Defend_Mystic","mysticmod:ArcaneDodge","mysticmod:ShockingGrasp","mysticmod:LightningBolt+1","mysticmod:MagicWeapon+1","mysticmod:Snowball","mysticmod:StyleChange","mysticmod:Stoneskin+1","mysticmod:FiveFootStep","mysticmod:Momentum","mysticmod:PowerAttack+1","infinitespire:UltimateForm","mysticmod:FloatingDisk+1"],"relics":["ThirstyCrossSpe","NeowsBlessing","Ancient Tea Set","infinitespire:Cubic Diamond","Eternal Feather","Replay:Wax Seal","halation:Toothbrush","Whetstone","Replay:Wanted Poster","Bag of Preparation","Blue Doll"],"acts_visited":["Exordium","theJungle:Jungle"],"potions_floor_usage":[],"damage_taken":[{"damage":0,"enemies":"Cultist","floor":1,"turns":1},{"damage":0,"enemies":"2 Louse","floor":5,"turns":1},{"damage":0,"enemies":"Gremlin Nob","floor":6,"turns":1},{"damage":9,"enemies":"Jaw Worm","floor":7,"turns":4},{"damage":0,"enemies":"2 Fungi Beasts","floor":10,"turns":2},{"damage":18,"enemies":"3 Sentries","floor":11,"turns":8},{"damage":10,"enemies":"Lots of Slimes","floor":13,"turns":3},{"damage":51,"enemies":"Hexaghost","floor":16,"turns":9},{"damage":8,"enemies":"theJungle:MUSHROOMGANG","floor":18,"turns":4},{"damage":5,"enemies":"theJungle:5_Spyders","floor":21,"turns":4},{"damage":43,"enemies":"theJungle:MamaSnecko","floor":23,"turns":7},{"damage":27,"enemies":"theJungle:2_Snecko_Cultists","floor":24,"turns":4},{"damage":5,"enemies":"theJungle:2_Flameangoes","floor":25,"turns":1}],"seed_played":"-4646173515921392058","potions_obtained":[{"floor":5,"key":"Toxic Potion"},{"floor":7,"key":"Block Potion"},{"floor":16,"key":"Energy Potion"}],"is_trial":false,"path_per_floor":["M","?","?","T","M","E","M","R","T","M","E","$","M","?","R","B",null,"M","$","AVR","M","?","E","M","M"],"character_chosen":"MYSTIC_CLASS","items_purchased":[],"campfire_rested":0,"item_purchase_floors":[],"current_hp_per_floor":[77,77,77,77,77,77,68,74,74,74,56,59,49,52,58,7,83,75,75,78,73,73,30,3,0,0],"gold":507,"neow_bonus":"THREE_ENEMY_KILL","is_daily":false,"chose_seed":false,"campfire_upgraded":2,"win_rate":0.0,"timestamp":1610726362,"path_taken":["M","?","?","?","M","E","M","R","T","M","E","$","M","?","R","BOSS","M","?","AVR","M","?","E","?","M"],"items_purchased_type":[],"build_version":"2020-12-13","purchased_purges":2,"victory":false,"max_hp_per_floor":[77,77,77,77,77,77,77,77,77,77,77,80,80,83,83,83,83,83,83,86,86,86,86,86,86,86],"card_choices":[{"not_picked":["mysticmod:FiveFootStep","mysticmod:Disengage","mysticmod:Riposte"],"picked":"SKIP","floor":1},{"not_picked":["mysticmod:MagicMissile","mysticmod:Grease"],"picked":"mysticmod:LightningBolt","floor":5},{"not_picked":["mysticmod:Disengage","mysticmod:CorrosiveTouch"],"picked":"mysticmod:MagicWeapon","floor":6},{"not_picked":["mysticmod:DiviningBlow","mysticmod:Riposte"],"picked":"mysticmod:Snowball","floor":7},{"not_picked":["mysticmod:BladedDash","mysticmod:Probe"],"picked":"mysticmod:StyleChange","floor":10},{"not_picked":["mysticmod:PreparedCaster","mysticmod:MirrorStrike"],"picked":"mysticmod:Stoneskin","floor":11},{"not_picked":["mysticmod:TomeOfSpells","mysticmod:Sideswipe"],"picked":"mysticmod:FiveFootStep","floor":13},{"not_picked":["mysticmod:ClosingBarrage","mysticmod:SpellRecall"],"picked":"mysticmod:Momentum","floor":16},{"not_picked":["mysticmod:Daze","mysticmod:IllusionOfCalm"],"picked":"mysticmod:PowerAttack+1","floor":18},{"not_picked":["mysticmod:Sideswipe+1","mysticmod:Dedication","mysticmod:MightyMagic+1"],"picked":"SKIP","floor":21},{"not_picked":["mysticmod:MagicMissile+1","mysticmod:Snowball"],"picked":"mysticmod:FloatingDisk+1","floor":23},{"not_picked":["mysticmod:Snowball","mysticmod:Fly","mysticmod:VorpalThrust+1"],"picked":"SKIP","floor":24}],"player_experience":141319,"relics_obtained":[{"floor":2,"key":"Ancient Tea Set"},{"floor":4,"key":"Eternal Feather"},{"floor":6,"key":"Replay:Wax Seal"},{"floor":9,"key":"halation:Toothbrush"},{"floor":11,"key":"Whetstone"},{"floor":23,"key":"Blue Doll"}],"event_choices":[{"cards_removed":["mysticmod:Strike_Mystic"],"damage_healed":0,"gold_gain":0,"player_choice":"Purged","damage_taken":0,"max_hp_gain":0,"max_hp_loss":0,"event_name":"Purifier","floor":14,"gold_loss":0},{"damage_healed":0,"gold_gain":0,"player_choice":"Ignored","damage_taken":0,"max_hp_gain":0,"max_hp_loss":0,"event_name":"NoteForYourself","floor":22,"gold_loss":0}],"is_beta":false,"boss_relics":[{"not_picked":["Fusion Hammer","hubris:Stopwatch"],"picked":"Replay:Wanted Poster"}],"items_purged_floors":[12,20],"is_endless":false,"potions_floor_spawned":[5,7,16,21],"killed_by":"theJungle:2_Flameangoes","ascension_level":0}}