{"host":"ekyl8r8j8fco3zlk","time":1610723789,"event":{"mods":["ATMod(∞¢Ë™Mod)","Act Like it!","Arknights The Spire","BaseMod","CapriCore","Decade(Õı–°√˜)","Friendly Minions","Gensokyo","Lobotomy","LobotomyExtend","Marisa£®ÏF”Í°°ƒß¿Ì…≥£©","Minty Spire (QoL Compilation)","READ ME - Guardian Mod","Rare Cards Sparkle","Reimu£®≤©¿ˆ¡È√Œ£©","StSLib","The Alterego","The Immortal","The Jungle","Waifu the Spire","WarShipGirlsR/’ΩΩ¢…Ÿ≈ÆR mod","°æ“≈ŒÔø®≈∆°øREMEMod"],"gold_per_floor":[116,129,94,64,64,95,70,105,105,105,138,138,138,150,150,251,251,251,251,14,27,126,126,138,138,138,58,58,87,104,131,131,227,227,243,262,37,0,11,45,45,45,118,118,149,163,163,263,263,263,263],"floor_reached":52,"language":"ZHS","playtime":2169,"items_purged":["Parasite"],"score":885,"play_id":"31199616-7bb0-47e0-887b-248ddc49b2e9","local_time":"20210115231629","is_ascension_mode":false,"campfire_choices":[{"data":"AT_Dispersion","floor":10,"key":"SMITH"},{"data":"ats:Magnetic Hammer","floor":13,"key":"SMITH"},{"data":"ats:Dogmatic Field","floor":15,"key":"SMITH"},{"data":"ats:Armor Crushing Shot","floor":23,"key":"SMITH"},{"data":"ats:Blood Oath","floor":25,"key":"SMITH"},{"data":"ats:Encircling Forest","floor":32,"key":"SMITH"},{"data":"ats:Disruption Kick","floor":41,"key":"SMITH"},{"data":"AT_EmpoweredMortalDraw","floor":44,"key":"SMITH"},{"data":"MokouMod:ExplosiveFlame","floor":49,"key":"SMITH"}],"circlet_count":0,"master_deck":["ats:Strike C","ats:Strike G","ats:Strike S","ats:Armor Crushing Shot+1","ats:Defend","ats:Defend","ats:Defend","ats:Defend","ats:Emotion Absorption","MokouMod:ExplosiveFlame+1","AT_Dispersion+1","ats:Assault Order","ats:Magnetic Hammer+1","ats:Overload","ats:Dogmatic Field+1","ats:Consecutive Shot Auto","ats:Leaping Hammer","ats:Directed Diagnosis","ats:Shell Defense","ats:Flexible Camouflage","ats:Disruption Kick+1","ats:Charging Defense","ats:Apocalypse","ats:Blood Oath+1","ats:Encircling Forest+1","ats:Childhood Dance+1","ats:Poison Spread+1","ats:Very Hot Blade","ats:Rat Pack+1","AT_EmpoweredMortalDraw+1","ats:Cat Scratch+1","ats:Curse Doll+1","ats:Chain Hook+1","ats:Song Of Battle+1","ats:Soul Absorption+1"],"relics":["ats:Sanity","AT_ATBox","REME_ComplimentaryCards","LetterFromLob","ats:Originium","Letter Opener","AT_ForceNature","REME_HourglassOfDeath","Eternal Feather","SlaversCollar","MagicBullet_r","LaetitiaHeart","AT_ArcaneBoots","Anchor","Toxic Egg 2","AT_BladeRuinedKing","AT_MortalBlade","AT_RedTearstoneRing","Red Mask","Orichalcum","Gremlin Horn","Bottled Tornado"],"acts_visited":["Exordium","TheCity","TheBeyond"],"potions_floor_usage":[6,8,11,31,31,33,40,40,50],"damage_taken":[{"damage":13,"enemies":"Jaw Worm","floor":1,"turns":6},{"damage":9,"enemies":"2 Louse","floor":2,"turns":5},{"damage":54,"enemies":"3 Sentries","floor":6,"turns":8},{"damage":59,"enemies":"Lagavulin","floor":8,"turns":8},{"damage":27,"enemies":"Gremlin Nob","floor":11,"turns":5},{"damage":15,"enemies":"Small Slimes","floor":14,"turns":4},{"damage":45,"enemies":"Slime Boss","floor":16,"turns":10},{"damage":21,"enemies":"2 Thieves","floor":21,"turns":5},{"damage":35,"enemies":"Chosen","floor":24,"turns":6},{"damage":21,"enemies":"Slavers","floor":29,"turns":4},{"damage":45,"enemies":"Snecko","floor":30,"turns":8},{"damage":17,"enemies":"Gremlin Leader","floor":31,"turns":7},{"damage":35,"enemies":"Collector","floor":33,"turns":8},{"damage":19,"enemies":"Orb Walker","floor":35,"turns":2},{"damage":3,"enemies":"3 Shapes","floor":36,"turns":3},{"damage":37,"enemies":"Maw","floor":39,"turns":6},{"damage":11,"enemies":"Reptomancer","floor":40,"turns":3},{"damage":49,"enemies":"Nemesis","floor":45,"turns":5},{"damage":0,"enemies":"Jaw Worm Horde","floor":46,"turns":2},{"damage":52,"enemies":"Awakened One","floor":50,"turns":9}],"seed_played":"8437764279437484748","potions_obtained":[{"floor":1,"key":"Dexterity Potion"},{"floor":2,"key":"Swift Potion"},{"floor":8,"key":"PowerPotion"},{"floor":16,"key":"ColorlessPotion"},{"floor":29,"key":"BlessingOfTheForge"},{"floor":30,"key":"LiquidMemories"},{"floor":31,"key":"ats:Top Emergency Sanity Potion"},{"floor":33,"key":"SteroidPotion"},{"floor":36,"key":"Dexterity Potion"},{"floor":39,"key":"FearPotion"},{"floor":45,"key":"AttackPotion"}],"is_trial":false,"path_per_floor":["M","M","?","?","$","E","$","E","T","R","E","?","R","M","R","B",null,"M","?","$","M","?","R","M","R","T","$","?","E","M","E","R","B",null,"M","M","$","?","M","E","R","?","T","R","E","M","?","?","R","B",null,null],"character_chosen":"DOCTOR_CLASS","items_purchased":["ats:Leaping Hammer","AT_SpeedBoots","ats:Charging Defense","ats:Encircling Forest","AT_RedTearstoneRing"],"campfire_rested":0,"item_purchase_floors":[7,20,20,27,37],"current_hp_per_floor":[59,50,68,68,68,62,62,28,28,28,8,26,38,42,54,33,72,72,72,72,63,63,72,52,67,67,67,54,55,66,77,77,77,77,58,57,57,57,37,30,48,48,48,66,46,46,54,54,74,74,74],"gold":263,"neow_bonus":"REMOVE_CARD","is_daily":false,"chose_seed":false,"campfire_upgraded":9,"win_rate":0.0,"timestamp":1610723789,"path_taken":["M","M","?","?","?","E","$","E","T","R","E","?","R","?","R","BOSS","M","?","$","M","?","R","M","R","T","$","?","E","?","E","R","BOSS","M","M","$","?","M","E","R","?","T","R","E","M","?","?","R","BOSS"],"items_purchased_type":["Card","Relic","Card","Card","Relic"],"build_version":"2020-12-22","purchased_purges":1,"victory":true,"max_hp_per_floor":[72,72,72,72,72,72,72,72,72,72,72,72,72,72,72,72,72,72,72,72,72,72,72,72,72,72,72,77,77,77,77,77,77,77,77,77,74,74,74,74,74,74,74,74,74,74,74,74,74,74,74],"card_choices":[{"not_picked":["ats:Ignite","ats:Shadow Raid"],"picked":"ats:Assault Order","floor":1},{"not_picked":["ats:Healing Drone","ats:Curse Doll"],"picked":"ats:Magnetic Hammer","floor":2},{"not_picked":[],"picked":"ats:Overload","floor":4},{"not_picked":[],"picked":"ats:Dogmatic Field","floor":4},{"not_picked":["ats:Poison Spread","ats:Dogmatic Field"],"picked":"ats:Consecutive Shot Auto","floor":6},{"not_picked":["ats:Hammer On","ats:Explosion Area Strengthen"],"picked":"ats:Directed Diagnosis","floor":8},{"not_picked":["ats:Poison Spread","ats:Apocalypse"],"picked":"ats:Shell Defense","floor":11},{"not_picked":["ats:Steam Pump","ats:Poison Spread"],"picked":"ats:Flexible Camouflage","floor":14},{"not_picked":["ats:Soul Rend","ats:Ambush"],"picked":"ats:Disruption Kick","floor":16},{"not_picked":["ats:Poison Spread","ats:Flexible Camouflage"],"picked":"ats:Apocalypse","floor":21},{"not_picked":["ats:Leaping Hammer","ats:Revitalization"],"picked":"ats:Blood Oath","floor":24},{"not_picked":["ats:Directed Diagnosis+1","ats:Red Shift"],"picked":"ats:Childhood Dance+1","floor":29},{"not_picked":["ats:Magnetic Hammer+1","ats:Consecutive Shot Auto"],"picked":"ats:Poison Spread+1","floor":30},{"not_picked":["ats:Leaping Hammer","ats:Poison Spread"],"picked":"ats:Very Hot Blade","floor":31},{"not_picked":["ats:Soul Rend","ats:Wolf Pack"],"picked":"ats:Rat Pack+1","floor":33},{"not_picked":["ats:Ignite","ats:Poison Spread"],"picked":"ats:Cat Scratch+1","floor":35},{"not_picked":["ats:Consecutive Shot Auto+1","ats:Apocalypse+1"],"picked":"ats:Curse Doll+1","floor":36},{"not_picked":["ats:Charging Defense+1","ats:Consecutive Shot Auto"],"picked":"ats:Chain Hook+1","floor":39},{"not_picked":["ats:Sunburst","ats:Poison Spread+1","ats:Curse Doll+1"],"picked":"SKIP","floor":40},{"not_picked":["ats:True Silver Slash","ats:Powerful Strike+1"],"picked":"ats:Song Of Battle+1","floor":45},{"not_picked":["ats:Assault Order+1","ats:Cat Scratch"],"picked":"ats:Soul Absorption+1","floor":46}],"player_experience":663141,"relics_obtained":[{"floor":1,"key":"LetterFromLob"},{"floor":6,"key":"ats:Originium"},{"floor":6,"key":"Letter Opener"},{"floor":8,"key":"ats:Originium"},{"floor":8,"key":"AT_ForceNature"},{"floor":9,"key":"REME_HourglassOfDeath"},{"floor":11,"key":"ats:Originium"},{"floor":11,"key":"Eternal Feather"},{"floor":26,"key":"Anchor"},{"floor":29,"key":"Toxic Egg 2"},{"floor":31,"key":"AT_BladeRuinedKing"},{"floor":40,"key":"Orichalcum"},{"floor":43,"key":"Gremlin Horn"},{"floor":45,"key":"Bottled Tornado"}],"event_choices":[{"damage_healed":18,"gold_gain":0,"player_choice":"Healed","damage_taken":0,"max_hp_gain":0,"max_hp_loss":0,"event_name":"The Cleric","floor":3,"gold_loss":35},{"damage_healed":18,"gold_gain":0,"player_choice":"Healed and dodged fight","damage_taken":0,"max_hp_gain":0,"max_hp_loss":0,"event_name":"Mushrooms","floor":12,"gold_loss":0,"cards_obtained":["Parasite"]},{"damage_healed":0,"gold_gain":0,"player_choice":"Ignored","damage_taken":0,"max_hp_gain":0,"max_hp_loss":0,"event_name":"Vampires","floor":19,"gold_loss":0},{"damage_healed":0,"gold_gain":99,"player_choice":"Stole From Cult","damage_taken":0,"max_hp_gain":0,"max_hp_loss":0,"event_name":"Nest","floor":22,"gold_loss":0},{"damage_healed":0,"gold_gain":0,"player_choice":"Shed Blood","damage_taken":18,"max_hp_gain":5,"max_hp_loss":0,"event_name":"Forgotten Altar","floor":28,"gold_loss":0},{"damage_healed":0,"gold_gain":0,"player_choice":"Paid","damage_taken":0,"relics_obtained":["Red Mask"],"max_hp_gain":0,"max_hp_loss":0,"event_name":"Tomb of Lord Red Mask","floor":38,"gold_loss":37},{"damage_healed":0,"gold_gain":100,"player_choice":"Pray","damage_taken":0,"max_hp_gain":0,"max_hp_loss":0,"event_name":"Golden Shrine","floor":48,"gold_loss":0}],"is_beta":false,"boss_relics":[{"not_picked":["Astrolabe","Sozu"],"picked":"SlaversCollar"},{"not_picked":["Busted Crown","Velvet Choker"],"picked":"AT_MortalBlade"}],"items_purged_floors":[37],"is_endless":false,"potions_floor_spawned":[1,2,8,16,29,30,31,33,36,39,45],"ascension_level":0}}