{"host":"yqazfdli2lwbgxvm","time":1610731431,"event":{"mods":["100% Spire Juice","Act Like it!","Arknights The Spire","BaseMod","Minty Spire (QoL Compilation)","MostiFishMod","Relic Stats","RumiaBox-露米娅的神秘盒子","StSLib","[IsaacMod]以撒尖塔","篝火指南"],"gold_per_floor":[115,134,11,31,31,58,58,78,78,78,105,121,29,49,49,33,33,46,60,60,79,98,98,116,150,195,224,0,0,11,24,24,121,1,19,30,30,50,50,50,83,93,120,138,169,221,241,241,23,23,23,23,23,49,49],"floor_reached":56,"language":"ZHS","playtime":3148,"items_purged":[],"score":1525,"play_id":"389ba0a3-74db-4072-91f3-7939085601ff","local_time":"20210116012351","is_ascension_mode":false,"campfire_choices":[{"data":"Moonworks:PlushieMaster","floor":15,"key":"SMITH"},{"floor":23,"key":"RECALL"},{"data":"Moonworks:Accelerator","floor":32,"key":"SMITH"},{"data":"Moonworks:EvilSpyWorkPreparation","floor":40,"key":"SMITH"},{"data":"Moonworks:EvilSpyWorkPreparation","floor":52,"key":"SMITH"}],"circlet_count":0,"master_deck":["Moonworks:Strike","Moonworks:Strike","Moonworks:Strike","Moonworks:Strike+1","Moonworks:Defend","Moonworks:Defend","Moonworks:Defend","Moonworks:Defend","Moonworks:Ambush+1","Moonworks:LongDistanceShot","Moonworks:NicePresent","Moonworks:x16BigRocket","Moonworks:PlushieMaster+1","Moonworks:GoAway","Moonworks:LuckyCharm","Moonworks:NicePresent","Moonworks:Poppoformation","Moonworks:HolyNight","Moonworks:UnluckyCharm","Moonworks:UnpaidWork","Moonworks:Flamethrower","Moonworks:Dash","Moonworks:EvilSpyWorkPreparation+1","Moonworks:EvilSpyWorkPreparation+1","Moonworks:EvilSpyWorkPreparation+1","Moonworks:Accelerator+1","Moonworks:RocketCannon","Moonworks:NicePresent","Moonworks:UnpaidWork+1","Panache","Moonworks:NicePresent+1","Moonworks:ReproductionOfRecords+1","Moonworks:Dash+1","Moonworks:EvilSpyWorkPreparation+1"],"relics":["Moonworks:BrokenBomb","Moonworks:Homemark","HushsDoor","DaveBox","ImprovedEquipment","SteamSale","SynthV:TestCard","UnicornStump","GuppysPaw","Moonworks:LittleGull","GodSword6","Mercury Hourglass","MagicMushroom","Enchiridion","TheBean","BookOfRevelations","Sozu","Bag of Preparation","Ancient Tea Set","Omamori","GuppysTail","PreservedInsect","Unceasing Top","Ccalipers"],"acts_visited":["Exordium","TheCity","TheBeyond","TheEnding"],"potions_floor_usage":[8,8,14,25,25,38,38,38],"damage_taken":[{"damage":5,"enemies":"Cultist","floor":1,"turns":4},{"damage":6,"enemies":"2 Louse","floor":2,"turns":3},{"damage":3,"enemies":"Small Slimes","floor":4,"turns":3},{"damage":0,"enemies":"3 Sentries","floor":6,"turns":2},{"damage":1,"enemies":"Gremlin Gang","floor":8,"turns":5},{"damage":18,"enemies":"Lagavulin","floor":11,"turns":4},{"damage":0,"enemies":"2 Fungi Beasts","floor":12,"turns":2},{"damage":7,"enemies":"3 Sentries","floor":13,"turns":3},{"damage":0,"enemies":"3 Louse","floor":14,"turns":1},{"damage":11,"enemies":"Slime Boss","floor":16,"turns":7},{"damage":0,"enemies":"Chosen","floor":18,"turns":3},{"damage":0,"enemies":"Shell Parasite","floor":19,"turns":4},{"damage":0,"enemies":"Shelled Parasite and Fungi","floor":21,"turns":3},{"damage":6,"enemies":"Centurion and Healer","floor":22,"turns":3},{"damage":0,"enemies":"Snecko","floor":24,"turns":2},{"damage":0,"enemies":"Book of Stabbing","floor":25,"turns":3},{"damage":22,"enemies":"Slavers","floor":27,"turns":2},{"damage":0,"enemies":"Snake Plant","floor":28,"turns":2},{"damage":0,"enemies":"Shelled Parasite and Fungi","floor":30,"turns":3},{"damage":0,"enemies":"Cultist and Chosen","floor":31,"turns":3},{"damage":0,"enemies":"Automaton","floor":33,"turns":6},{"damage":0,"enemies":"Orb Walker","floor":35,"turns":2},{"damage":0,"enemies":"3 Shapes","floor":36,"turns":2},{"damage":0,"enemies":"Transient","floor":38,"turns":5},{"damage":0,"enemies":"Nemesis","floor":41,"turns":4},{"damage":0,"enemies":"3 Darklings","floor":42,"turns":2},{"damage":0,"enemies":"Spire Growth","floor":44,"turns":3},{"damage":0,"enemies":"Reptomancer","floor":45,"turns":3},{"damage":0,"enemies":"2 Orb Walkers","floor":46,"turns":3},{"damage":0,"enemies":"Transient","floor":47,"turns":4},{"damage":0,"enemies":"Time Eater","floor":50,"turns":6},{"damage":0,"enemies":"Shield and Spear","floor":54,"turns":3},{"damage":9,"enemies":"The Heart","floor":55,"turns":6}],"seed_played":"-6223079590680855450","potions_obtained":[{"floor":1,"key":"AttackPotion"},{"floor":4,"key":"Regen Potion"},{"floor":8,"key":"Explosive Potion"},{"floor":14,"key":"Fire Potion"},{"floor":16,"key":"Block Potion"},{"floor":18,"key":"Block Potion"},{"floor":22,"key":"LiquidMemories"},{"floor":27,"key":"Swift Potion"},{"floor":28,"key":"LiquidMemories"}],"is_trial":false,"path_per_floor":["M","M","$","M","$","E","?","M","T","$","E","M","E","M","R","B",null,"M","M","?","M","M","R","M","E","T","E","M","$","M","M","R","B",null,"M","M","?","M","?","R","E","M","T","M","E","?","M","?","R","B",null,"R","$","E","B",null],"character_chosen":"THE_STARBREAKER","items_purchased":["UnicornStump","PreservedInsect","Unceasing Top"],"campfire_rested":0,"item_purchase_floors":[3,49,49],"current_hp_per_floor":[61,60,60,62,62,62,49,66,66,66,48,48,46,46,46,40,73,73,73,57,63,63,63,69,70,70,49,55,55,56,57,57,63,73,73,73,73,73,73,73,73,73,73,73,73,73,73,73,73,73,73,73,73,73,64],"gold":49,"neow_bonus":"TEN_PERCENT_HP_BONUS","is_daily":false,"chose_seed":false,"campfire_upgraded":4,"win_rate":0.0,"timestamp":1610731431,"path_taken":["M","M","$","M","$","E","?","?","T","?","E","M","E","M","R","BOSS","M","M","?","M","M","R","M","E","T","E","M","$","?","M","R","BOSS","M","M","?","?","?","R","E","M","T","M","E","?","M","?","R","BOSS","R","$","E","BOSS"],"items_purchased_type":["Relic","Relic","Relic"],"build_version":"2020-12-22","purchased_purges":0,"victory":true,"max_hp_per_floor":[66,66,66,66,66,66,66,66,66,66,66,66,66,66,66,66,73,73,73,73,73,73,73,73,73,73,73,73,73,73,73,73,73,73,73,73,73,73,73,73,73,73,73,73,73,73,73,73,73,73,73,73,73,73,73],"relic_stats":{"Sozu":3,"counters":[33,109],"PreservedInsect":68,"Bag of Preparation":[16],"obtain_stats":[{"GuppysTail":46,"UnicornStump":3,"DaveBox":0,"GuppysPaw":6,"Enchiridion":20,"Bag of Preparation":41,"Ancient Tea Set":43,"Sozu":34,"TheBean":25,"Ccalipers":54,"KeepersGift":0,"Moonworks:LittleGull":9,"ImprovedEquipment":0,"BookOfRevelations":27,"PreservedInsect":49,"Omamori":45,"SteamSale":0,"Mercury Hourglass":13,"SynthV:TestCard":1,"Moonworks:Homemark":0,"MagicMushroom":17,"GodSword6":11,"HushsDoor":0,"Unceasing Top":49,"Moonworks:BrokenBomb":0},{"GuppysTail":29,"UnicornStump":2,"DaveBox":0,"GuppysPaw":4,"Enchiridion":12,"Bag of Preparation":25,"Ancient Tea Set":26,"Sozu":21,"TheBean":16,"Ccalipers":32,"KeepersGift":0,"Moonworks:LittleGull":5,"ImprovedEquipment":0,"BookOfRevelations":17,"PreservedInsect":30,"Omamori":28,"SteamSale":0,"Mercury Hourglass":8,"SynthV:TestCard":1,"Moonworks:Homemark":0,"MagicMushroom":10,"GodSword6":6,"HushsDoor":0,"Unceasing Top":30,"Moonworks:BrokenBomb":0},{"GuppysTail":90,"UnicornStump":7,"DaveBox":0,"GuppysPaw":12,"Enchiridion":40,"Bag of Preparation":79,"Ancient Tea Set":81,"Sozu":66,"TheBean":51,"Ccalipers":103,"KeepersGift":0,"Moonworks:LittleGull":17,"ImprovedEquipment":0,"BookOfRevelations":53,"PreservedInsect":94,"Omamori":87,"SteamSale":0,"Mercury Hourglass":26,"SynthV:TestCard":4,"Moonworks:Homemark":0,"MagicMushroom":34,"GodSword6":21,"HushsDoor":0,"Unceasing Top":94,"Moonworks:BrokenBomb":0}],"Unceasing Top":[0],"Mercury Hourglass":[324]},"card_choices":[{"not_picked":[],"picked":"Bomb","floor":0},{"not_picked":["Moonworks:SakisCookie","Moonworks:SweetBattle"],"picked":"Moonworks:MiracleRedBeanIceCream","floor":1},{"not_picked":["Moonworks:CloudOfSeagulls","Moonworks:FinalSurgery","Moonworks:BigMagnum","Moonworks:SakisCookie"],"picked":"Moonworks:NicePresent","floor":2},{"not_picked":["Bomb","Moonworks:WindyEnchantment","Moonworks:BigBangBell","Moonworks:RagingMadness"],"picked":"Moonworks:x16BigRocket","floor":4},{"not_picked":["Moonworks:CastOff","Moonworks:CloudOfSeagulls","Moonworks:Assault","Moonworks:TreasureThief"],"picked":"Moonworks:PlushieMaster","floor":6},{"not_picked":["Moonworks:SakisCookie","Moonworks:ImOnFire","Moonworks:CloudOfSeagulls","Moonworks:BigMagnum"],"picked":"Bomb","floor":8},{"not_picked":["Moonworks:CloudOfSeagulls","Moonworks:ImmovableObject","Moonworks:DevilHand","Moonworks:AwakeningOfTalent"],"picked":"Moonworks:GoAway","floor":11},{"not_picked":["Moonworks:LulusLuckyEgg","Moonworks:AngelHand","Moonworks:AwakeningOfTalent","Moonworks:EvilSpyWorkPreparation"],"picked":"Moonworks:LuckyCharm","floor":12},{"not_picked":["Moonworks:CloudOfSeagulls","Moonworks:SelfDestruct","Moonworks:ExtendedPhotonRifle","Moonworks:LulusLuckyEgg"],"picked":"Moonworks:NicePresent","floor":13},{"not_picked":["Moonworks:DeployBits","Moonworks:Assault","Moonworks:IndiscriminateFireSupport","Moonworks:UnluckyCharm"],"picked":"Moonworks:Poppoformation","floor":14},{"not_picked":["Moonworks:ReflectiveShell","Moonworks:PlushieMaster","Moonworks:SinkOrSwim","Moonworks:EvilMastermind"],"picked":"Moonworks:HolyNight","floor":16},{"not_picked":["Moonworks:TreasureThief","Moonworks:JonathanRush","Moonworks:BigMagnum","Moonworks:DeployBits"],"picked":"Moonworks:UnluckyCharm","floor":18},{"not_picked":["Moonworks:AwakeningOfTalent","Moonworks:Assault","Moonworks:ExtendedPhotonRifle+1","Moonworks:BigMagnum"],"picked":"Moonworks:UnpaidWork","floor":19},{"not_picked":["Moonworks:CloudOfSeagulls","Moonworks:FinalSurgery","Moonworks:Assault","Moonworks:ImmovableObject"],"picked":"Moonworks:Flamethrower","floor":21},{"not_picked":["Moonworks:ForcedRevival","Moonworks:BigMagnum","Moonworks:Poppoformation","Moonworks:AwakeningOfTalent"],"picked":"Moonworks:Dash","floor":22},{"not_picked":["Moonworks:Heat300Percent","Moonworks:UnpaidWork+1","Moonworks:IndiscriminateFireSupport","Moonworks:CastOff+1"],"picked":"Moonworks:EvilSpyWorkPreparation","floor":24},{"not_picked":["Moonworks:FullSpeedAlicianrone","Moonworks:SealedMemories","Moonworks:IndiscriminateFireSupport","Moonworks:CookingTime+1"],"picked":"Moonworks:EvilSpyWorkPreparation","floor":25},{"not_picked":["Moonworks:IndiscriminateFireSupport","Moonworks:LuckyCharm+1","Moonworks:JonathanRush","Moonworks:TreasureThief"],"picked":"Moonworks:EvilSpyWorkPreparation+1","floor":27},{"not_picked":["Moonworks:TreasureThief","Moonworks:LulusLuckyEgg","Moonworks:CastOff","Moonworks:BigMagnum"],"picked":"Moonworks:Accelerator","floor":28},{"not_picked":["Moonworks:JonathanRush","Moonworks:IndiscriminateFireSupport","Moonworks:LuckyCharm","Moonworks:SakisCookie","Moonworks:ImOnFire"],"picked":"SKIP","floor":30},{"not_picked":["Moonworks:IndiscriminateFireSupport+1","Moonworks:EvilMastermind","Moonworks:BigMagnum+1","Moonworks:ImOnFire+1","Moonworks:CloudOfSeagulls"],"picked":"SKIP","floor":31},{"not_picked":["Moonworks:PlushieMaster","Moonworks:EvilMastermind","Moonworks:OutOfAmmo","Moonworks:AccelHyper"],"picked":"Moonworks:RocketCannon","floor":33},{"not_picked":["Moonworks:RagingMadness","Moonworks:IndiscriminateFireSupport+1","Moonworks:ExtendedPhotonRifle+1","Moonworks:MixPhenomenon+1"],"picked":"Moonworks:NicePresent","floor":35},{"not_picked":["Moonworks:ImmovableObject+1","Moonworks:AwakeningOfTalent","Moonworks:RagingMadness","Moonworks:IndiscriminateFireSupport+1","Moonworks:ImOnFire"],"picked":"SKIP","floor":36},{"not_picked":["Moonworks:SakisCookie","Moonworks:BigMagnum","Moonworks:LulusLuckyEgg","Moonworks:BackdoorTrade"],"picked":"Moonworks:UnpaidWork+1","floor":38},{"not_picked":["Mind Blast","Bomb","Deep Breath","Swift Strike"],"picked":"Panache","floor":39},{"not_picked":["Moonworks:SakisCookie","Moonworks:CloudOfSeagulls","Moonworks:Assault+1","Moonworks:IntelligenceOfficer"],"picked":"Moonworks:NicePresent+1","floor":41},{"not_picked":["Moonworks:RagingMadness+1","Moonworks:MiracleRedBeanIceCream","Moonworks:SakisCookie","Moonworks:DeployBits+1","Moonworks:AccelHyper"],"picked":"SKIP","floor":42},{"not_picked":["Moonworks:ImOnFire","Moonworks:BindingChains","Moonworks:JonathanRush","Moonworks:UnpaidWork","Moonworks:BigMagnum"],"picked":"SKIP","floor":44},{"not_picked":["Moonworks:Assault","Moonworks:ScrambledEve+1","Moonworks:BigBangBell","Moonworks:ExtendedPhotonRifle"],"picked":"Moonworks:ReproductionOfRecords+1","floor":45},{"not_picked":["Moonworks:BigMagnum","Moonworks:AccelHyper","Moonworks:ForcedRevival+1","Moonworks:SakisCookie+1"],"picked":"Moonworks:Dash+1","floor":47},{"not_picked":["Moonworks:PlushieMaster","Moonworks:MixPhenomenon","Moonworks:BeyondHell+1","Moonworks:AngelHand+1"],"picked":"Moonworks:EvilSpyWorkPreparation+1","floor":54}],"player_experience":263461,"relics_obtained":[{"floor":1,"key":"SynthV:TestCard"},{"floor":6,"key":"GuppysPaw"},{"floor":9,"key":"Moonworks:LittleGull"},{"floor":11,"key":"GodSword6"},{"floor":13,"key":"Mercury Hourglass"},{"floor":20,"key":"Enchiridion"},{"floor":25,"key":"TheBean"},{"floor":27,"key":"BookOfRevelations"},{"floor":41,"key":"Bag of Preparation"},{"floor":43,"key":"Ancient Tea Set"},{"floor":45,"key":"Omamori"},{"floor":46,"key":"GuppysTail"},{"floor":54,"key":"Ccalipers"}],"event_choices":[{"damage_healed":0,"gold_gain":0,"player_choice":"Entered Light","damage_taken":13,"max_hp_gain":0,"max_hp_loss":0,"event_name":"Shining Light","floor":7,"gold_loss":0,"cards_upgraded":["Moonworks:Ambush","Moonworks:Strike"]},{"damage_healed":0,"gold_gain":0,"player_choice":"Obtained Book","damage_taken":16,"max_hp_gain":0,"max_hp_loss":0,"event_name":"Cursed Tome","floor":20,"gold_loss":0},{"cards_removed":["Moonworks:MiracleRedBeanIceCream"],"damage_healed":0,"gold_gain":0,"player_choice":"Removed Skill","damage_taken":0,"max_hp_gain":0,"max_hp_loss":0,"event_name":"Falling","floor":37,"gold_loss":0},{"damage_healed":0,"gold_gain":0,"player_choice":"Memory 1","damage_taken":0,"max_hp_gain":0,"max_hp_loss":0,"event_name":"SensoryStone","floor":39,"gold_loss":0},{"damage_healed":0,"gold_gain":0,"player_choice":"Fight","damage_taken":0,"max_hp_gain":0,"max_hp_loss":0,"event_name":"Mysterious Sphere","floor":46,"gold_loss":0},{"damage_healed":18,"gold_gain":0,"player_choice":"Writhe","damage_taken":0,"max_hp_gain":0,"max_hp_loss":0,"event_name":"Winding Halls","floor":48,"gold_loss":0,"cards_obtained":["Writhe"]}],"is_beta":false,"boss_relics":[{"not_picked":["Runic Dome","PatriotShield"],"picked":"MagicMushroom"},{"not_picked":[]},{"not_picked":["RhineFirstAidKit","MoonlightInvasionPlan"],"picked":"Sozu"},{"not_picked":[]}],"items_purged_floors":[],"is_endless":false,"potions_floor_spawned":[1,4,8,14,16,18,21,22,27,28,35,41,45],"ascension_level":0}}