{"host":"fa35vd3kig5td25x","time":1610735678,"event":{"mods":["BaseMod","Colored Powertips","Minty Spire (QoL Compilation)","Relic Stats","Slay the Relics Exporter"],"gold_per_floor":[110,120,120,120,139,139,149,165,189,220,263,289,328,53,53,124,124,134,147,162,162,196,196,196,196,196,231,42,42,58,74,74,74,74],"floor_reached":33,"language":"ENG","playtime":1432,"items_purged":["Strike_B"],"score":558,"play_id":"af9a035f-05bd-44be-9f8f-28e2a8cd6a36","local_time":"20210115193438","is_ascension_mode":true,"campfire_choices":[{"data":"Sweeping Beam","floor":6,"key":"SMITH"},{"data":"Go for the Eyes","floor":15,"key":"SMITH"},{"data":"Creative AI","floor":23,"key":"SMITH"},{"floor":25,"key":"REST"},{"data":"Coolheaded","floor":29,"key":"SMITH"},{"floor":32,"key":"REST"}],"circlet_count":0,"master_deck":["AscendersBane","Strike_B+1","Strike_B+1","Strike_B+1","Defend_B+1","Defend_B+1","Defend_B+1","Defend_B+1","Zap","Dualcast","Ball Lightning","Sweeping Beam+1","Hologram","Doom and Gloom+1","Sweeping Beam","Coolheaded+1","Go for the Eyes+1","Machine Learning","Creative AI+1","Turbo","Reinforced Body","Glacier","Compile Driver","Barrage"],"relics":["Runic Dome","Meat on the Bone","MawBank","Whetstone","Smiling Mask","Toolbox","Inserter","Red Mask","GremlinMask","StrikeDummy","Bronze Scales","Membership Card"],"acts_visited":["Exordium","TheCity"],"potions_floor_usage":[3,12,13,33],"damage_taken":[{"damage":1,"enemies":"Cultist","floor":1,"turns":4},{"damage":2,"enemies":"Jaw Worm","floor":2,"turns":4},{"damage":4,"enemies":"2 Louse","floor":5,"turns":2},{"damage":1,"enemies":"Exordium Thugs","floor":7,"turns":4},{"damage":8,"enemies":"Looter","floor":8,"turns":3},{"damage":11,"enemies":"Exordium Wildlife","floor":10,"turns":4},{"damage":9,"enemies":"Lagavulin","floor":11,"turns":5},{"damage":0,"enemies":"Gremlin Gang","floor":12,"turns":2},{"damage":8,"enemies":"Gremlin Nob","floor":13,"turns":3},{"damage":34,"enemies":"Hexaghost","floor":16,"turns":9},{"damage":40,"enemies":"Chosen","floor":18,"turns":6},{"damage":14,"enemies":"Spheric Guardian","floor":19,"turns":5},{"damage":22,"enemies":"Snake Plant","floor":20,"turns":4},{"damage":0,"enemies":"Masked Bandits","floor":22,"turns":2},{"damage":40,"enemies":"Gremlin Leader","floor":27,"turns":7},{"damage":16,"enemies":"Sentry and Sphere","floor":30,"turns":7},{"damage":12,"enemies":"Shelled Parasite and Fungi","floor":31,"turns":7},{"damage":82,"enemies":"Automaton","floor":33,"turns":12}],"seed_played":"3779145909394104670","potions_obtained":[{"floor":2,"key":"Fruit Juice"},{"floor":5,"key":"Explosive Potion"},{"floor":7,"key":"LiquidMemories"},{"floor":22,"key":"FairyPotion"}],"is_trial":false,"path_per_floor":["M","M","T","?","M","R","M","M","T","M","E","M","E","$","R","B",null,"M","M","M","?","?","R","?","R","T","E","$","R","M","M","R","B"],"character_chosen":"DEFECT","items_purchased":["Toolbox","Machine Learning","Membership Card","PowerPotion"],"campfire_rested":2,"item_purchase_floors":[14,14,28,28],"current_hp_per_floor":[63,61,66,66,62,62,61,53,53,42,45,45,49,49,49,27,64,36,34,24,24,36,36,36,58,58,30,30,30,26,26,48,0,0],"gold":74,"neow_bonus":"BOSS_RELIC","is_daily":false,"chose_seed":false,"campfire_upgraded":4,"win_rate":0.0,"timestamp":1610735678,"path_taken":["M","?","?","?","M","R","M","M","T","M","E","M","E","$","R","BOSS","M","M","M","?","?","R","?","R","T","E","$","R","M","M","R","BOSS"],"items_purchased_type":["Relic","Card","Relic","Potion"],"build_version":"2020-12-22","purchased_purges":1,"victory":false,"max_hp_per_floor":[71,71,76,76,76,76,76,76,76,76,76,76,76,76,76,76,76,76,76,76,76,76,76,76,76,76,76,76,76,76,76,76,76,76],"relic_stats":{"Inserter":[22],"counters":[18,90],"Bronze Scales":[66],"Whetstone":["Doom and Gloom","Strike_B"],"MawBank":60,"Smiling Mask":25,"obtain_stats":[{"Inserter":17,"GremlinMask":24,"Whetstone":11,"MawBank":9,"Smiling Mask":13,"Runic Dome":0,"Bronze Scales":27,"Toolbox":14,"Red Mask":22,"Membership Card":28,"Cracked Core":0,"StrikeDummy":26,"Meat on the Bone":3},{"Inserter":10,"GremlinMask":14,"Whetstone":7,"MawBank":5,"Smiling Mask":9,"Runic Dome":0,"Bronze Scales":15,"Toolbox":9,"Red Mask":14,"Membership Card":15,"Cracked Core":0,"StrikeDummy":14,"Meat on the Bone":2},{"Inserter":40,"GremlinMask":57,"Whetstone":26,"MawBank":17,"Smiling Mask":31,"Runic Dome":0,"Bronze Scales":64,"Toolbox":31,"Red Mask":57,"Membership Card":64,"Cracked Core":0,"StrikeDummy":57,"Meat on the Bone":8}],"Meat on the Bone":120},"card_choices":[{"not_picked":["Rebound","Barrage"],"picked":"Ball Lightning","floor":1},{"not_picked":["Leap","Coolheaded"],"picked":"Sweeping Beam","floor":2},{"not_picked":["Beam Cell","Chaos"],"picked":"Hologram","floor":5},{"not_picked":["Rebound","Hologram"],"picked":"Doom and Gloom","floor":7},{"not_picked":["Fusion","Rebound"],"picked":"Sweeping Beam","floor":8},{"not_picked":["Barrage","Ball Lightning"],"picked":"Coolheaded","floor":10},{"not_picked":["Thunder Strike","Streamline"],"picked":"Go for the Eyes","floor":11},{"not_picked":["Double Energy","Turbo","Doom and Gloom"],"picked":"SKIP","floor":12},{"not_picked":["Gash","Ball Lightning","Heatsinks"],"picked":"SKIP","floor":13},{"not_picked":["Buffer","Multi-Cast"],"picked":"Creative AI","floor":16},{"not_picked":["Heatsinks","Double Energy"],"picked":"Turbo","floor":18},{"not_picked":["Tempest","Streamline+1","Go for the Eyes"],"picked":"SKIP","floor":19},{"not_picked":["Turbo","Redo"],"picked":"Reinforced Body","floor":20},{"not_picked":["Defragment","Rip and Tear"],"picked":"Glacier","floor":22},{"not_picked":["Scrape","Melter+1"],"picked":"Compile Driver","floor":27},{"not_picked":["Sweeping Beam","Rebound"],"picked":"Barrage","floor":30},{"not_picked":["Rebound","Beam Cell","Steam"],"picked":"SKIP","floor":31}],"player_experience":2931388,"relics_obtained":[{"floor":3,"key":"Meat on the Bone"},{"floor":9,"key":"MawBank"},{"floor":11,"key":"Whetstone"},{"floor":13,"key":"Smiling Mask"},{"floor":22,"key":"Red Mask"},{"floor":26,"key":"StrikeDummy"},{"floor":27,"key":"Bronze Scales"}],"event_choices":[{"damage_healed":0,"gold_gain":0,"player_choice":"Ignored","damage_taken":0,"max_hp_gain":0,"max_hp_loss":0,"event_name":"Liars Game","floor":4,"gold_loss":0},{"damage_healed":0,"gold_gain":0,"player_choice":"Simplicity","damage_taken":0,"max_hp_gain":0,"max_hp_loss":0,"event_name":"Back to Basics","floor":21,"gold_loss":0,"cards_upgraded":["Strike_B","Strike_B","Defend_B","Defend_B","Defend_B","Defend_B"]},{"damage_healed":0,"gold_gain":0,"player_choice":"Fought Bandits","damage_taken":0,"max_hp_gain":0,"max_hp_loss":0,"event_name":"Masked Bandits","floor":22,"gold_loss":0},{"damage_healed":0,"gold_gain":0,"player_choice":"Trade","damage_taken":0,"relics_obtained":["GremlinMask"],"max_hp_gain":0,"max_hp_loss":0,"event_name":"FaceTrader","floor":24,"gold_loss":0}],"is_beta":false,"boss_relics":[{"not_picked":["Sozu","Busted Crown"],"picked":"Inserter"}],"items_purged_floors":[14],"is_endless":false,"potions_floor_spawned":[2,5,7,10,22,31],"killed_by":"Automaton","ascension_level":20}}