{"host":"ecaj4hn004xnnrw9","time":1610710863,"event":{"mods":["AchievementEnabler","BaseMod","Better Third Choice","Hermit","Hubris","Infinite Spire","Jorbs\u0027s Wanderer Trilogy","Minty Spire (QoL Compilation)","Quick Restart","Shop Mod","StSLib","The Construct","The Jungle","The Runesmith"],"gold_per_floor":[113,38,38,38,38,38,38,76,376,376,48,48,73,94,94,94,94],"floor_reached":16,"language":"ENG","playtime":237,"items_purged":["Strike_P","Strike_P"],"score":101,"play_id":"e533d37c-b53e-4bb8-9c3b-ba5e02ff583d","local_time":"20210115114103","is_ascension_mode":true,"campfire_choices":[{"data":"Vigilance","floor":6,"key":"SMITH"},{"data":"Wallop","floor":10,"key":"SMITH"},{"data":"FlurryOfBlows","floor":15,"key":"SMITH"}],"circlet_count":0,"master_deck":["Strike_P+1","Strike_P","Defend_P","Defend_P+1","Defend_P","Defend_P","Eruption+1","Vigilance+1","CurseOfTheBell","BowlingBash+1","Wallop+1","LessonLearned+1","FlurryOfBlows+1","CarveReality"],"relics":["Calling Bell","Damaru","Frozen Egg 2","Thread and Needle","Golden Idol","hubris:Icosahedron","Akabeko","Old Coin","Oddly Smooth Stone"],"acts_visited":["Exordium"],"potions_floor_usage":[],"damage_taken":[{"damage":14,"enemies":"Cultist","floor":1,"turns":4},{"damage":10,"enemies":"3 Sentries","floor":8,"turns":11},{"damage":0,"enemies":"Jaw Worm","floor":13,"turns":2},{"damage":0,"enemies":"2 Louse","floor":14,"turns":2},{"damage":0,"enemies":"The Guardian","floor":16,"turns":1}],"seed_played":"-1481675060964382815","potions_obtained":[{"floor":13,"key":"SkillPotion"}],"is_trial":false,"path_per_floor":["M","$","?","?","?","R","?","E","T","R","$","?","M","M","R","B"],"character_chosen":"WATCHER","items_purchased":["Oddly Smooth Stone","LessonLearned"],"campfire_rested":0,"item_purchase_floors":[11,11],"current_hp_per_floor":[58,58,58,58,58,58,45,35,35,35,35,35,35,35,35,35,35],"gold":94,"neow_bonus":"BOSS_RELIC","is_daily":false,"chose_seed":false,"campfire_upgraded":3,"win_rate":0.0,"timestamp":1610710863,"path_taken":["M","$","?","?","?","R","?","E","T","R","$","?","?","M","R","BOSS"],"items_purchased_type":["Relic","Card"],"build_version":"2020-12-22","purchased_purges":2,"victory":false,"max_hp_per_floor":[72,72,72,67,67,67,67,67,67,67,67,67,67,67,67,67,67],"card_choices":[{"not_picked":["CutThroughFate","EmptyBody"],"picked":"BowlingBash","floor":1},{"not_picked":["EmptyFist","Swivel"],"picked":"Wallop","floor":8},{"not_picked":["JustLucky","CrushJoints"],"picked":"FlurryOfBlows","floor":13},{"not_picked":["ClearTheMind","Perseverance"],"picked":"CarveReality","floor":14}],"player_experience":348968,"relics_obtained":[{"floor":0,"key":"Damaru"},{"floor":0,"key":"Frozen Egg 2"},{"floor":0,"key":"Thread and Needle"},{"floor":8,"key":"Akabeko"},{"floor":9,"key":"Old Coin"}],"event_choices":[{"damage_healed":0,"gold_gain":0,"player_choice":"Lose Max HP","damage_taken":0,"relics_obtained":["Golden Idol"],"max_hp_gain":0,"max_hp_loss":5,"event_name":"Golden Idol","floor":4,"gold_loss":0},{"damage_healed":58,"gold_gain":0,"player_choice":"Upgrade","damage_taken":13,"max_hp_gain":0,"max_hp_loss":67,"event_name":"betterThird:BetterShining","floor":7,"gold_loss":0,"cards_upgraded":["Strike_P","Defend_P"]},{"damage_healed":0,"gold_gain":0,"player_choice":"Grow","damage_taken":0,"max_hp_gain":0,"max_hp_loss":0,"event_name":"Living Wall","floor":12,"gold_loss":0,"cards_upgraded":["LessonLearned"]}],"is_beta":false,"boss_relics":[],"items_purged_floors":[2,11],"is_endless":false,"potions_floor_spawned":[13],"killed_by":"The Guardian","ascension_level":1}}