{"host":"acpsw8r33r8788yr","time":1610747467,"event":{"mods":["Act Like it!","BaseMod","Better Altar","Better Skull","Better Third Choice","BetterRewards","Colored Map","Downfall","Gensokyo","Hermit","Highlight Path","Hubris","Infinite Spire","Jorbs\u0027s Wanderer Trilogy","Minty Spire (QoL Compilation)","Quick Restart","Replay The Spire","Shop Mod","StSLib","The Animator","The Bug Knight","The Cursed","The Disciple","The Hierophant","The Runesmith","The Senshi"],"gold_per_floor":[118,118,118,129,129,129,154,154,179,179,195,228,55,74,74,74,74],"floor_reached":16,"language":"ENG","playtime":628,"items_purged":[],"score":133,"play_id":"fa6380a2-e8a6-438a-a2e0-af29b7746308","local_time":"20210115135107","is_ascension_mode":false,"campfire_choices":[{"data":"stsjorbsmod:BookOfTongues","floor":6,"key":"SMITH"},{"data":"stsjorbsmod:Will","floor":8,"key":"SMITH"},{"data":"stsjorbsmod:FreshAdventure","floor":10,"key":"SMITH"},{"data":"stsjorbsmod:MageArmor","floor":15,"key":"SMITH"}],"circlet_count":0,"master_deck":["stsjorbsmod:ForbiddenGrimoire+1","stsjorbsmod:Strike_Wanderer","stsjorbsmod:Strike_Wanderer","stsjorbsmod:Strike_Wanderer","stsjorbsmod:Strike_Wanderer","stsjorbsmod:Defend_Wanderer","stsjorbsmod:Defend_Wanderer","stsjorbsmod:Defend_Wanderer","stsjorbsmod:Defend_Wanderer","stsjorbsmod:FreshAdventure+1","stsjorbsmod:EyeOfTheStorm","stsjorbsmod:BookOfTongues+1","stsjorbsmod:Patron+1","stsjorbsmod:Will+1","hexamod:Hexaguard","stsjorbsmod:TrueStrike","expansioncontent:Corrupt","stsjorbsmod:MageArmor+1"],"relics":["m_DevilBlood","NeowsBlessing","infinitespire:Cubic Diamond","Replay:Wax Seal","FossilizedHelix"],"acts_visited":["Exordium"],"potions_floor_usage":[16],"damage_taken":[{"damage":0,"enemies":"Small Slimes","floor":1,"turns":1},{"damage":0,"enemies":"2 Louse","floor":4,"turns":1},{"damage":0,"enemies":"Lagavulin","floor":7,"turns":3},{"damage":2,"enemies":"Jaw Worm","floor":11,"turns":4},{"damage":41,"enemies":"Gremlin Nob","floor":12,"turns":6},{"damage":0,"enemies":"Looter","floor":14,"turns":4},{"damage":0,"enemies":"Slime Boss","floor":16,"turns":4}],"seed_played":"2311050281772280454","potions_obtained":[{"floor":7,"key":"Energy Potion"},{"floor":11,"key":"SpeedPotion"},{"floor":12,"key":"PowerPotion"}],"is_trial":false,"path_per_floor":["M","?","?","M","?","R","E","R","T","R","M","E","$","M","R","B"],"character_chosen":"WANDERER","items_purchased":["expansioncontent:Corrupt"],"campfire_rested":0,"item_purchase_floors":[13],"current_hp_per_floor":[68,68,68,68,68,68,68,68,68,68,66,25,25,25,25,25,25],"gold":74,"neow_bonus":"THREE_ENEMY_KILL","is_daily":false,"chose_seed":false,"campfire_upgraded":4,"win_rate":0.0,"timestamp":1610747467,"path_taken":["M","?","?","M","?","R","E","R","T","R","M","E","?","?","R","BOSS"],"items_purchased_type":["Card"],"build_version":"2020-12-22","purchased_purges":0,"victory":false,"max_hp_per_floor":[68,68,68,68,68,68,68,68,68,68,68,68,68,68,68,68,68],"card_choices":[{"not_picked":["stsjorbsmod:Inferno","stsjorbsmod:Mindworm"],"picked":"stsjorbsmod:BookOfTongues","floor":1},{"not_picked":["hexamod:Hexaguard","stsjorbsmod:Will"],"picked":"stsjorbsmod:Patron","floor":4},{"not_picked":["stsjorbsmod:WanderingMind","stsjorbsmod:DoubleCheck"],"picked":"stsjorbsmod:Will","floor":7},{"not_picked":["stsjorbsmod:BurningFlask","True Grit"],"picked":"hexamod:Hexaguard","floor":11},{"not_picked":["stsjorbsmod:LoseGrip","stsjorbsmod:Channel"],"picked":"stsjorbsmod:TrueStrike","floor":12},{"not_picked":["stsjorbsmod:BlackTentacles","Defy Death"],"picked":"stsjorbsmod:MageArmor","floor":14}],"player_experience":415112,"relics_obtained":[{"floor":7,"key":"Replay:Wax Seal"},{"floor":12,"key":"FossilizedHelix"}],"event_choices":[],"is_beta":false,"boss_relics":[],"items_purged_floors":[],"is_endless":false,"potions_floor_spawned":[7,11,12],"killed_by":"Slime Boss","ascension_level":0}}