{"host":"sv70n8tirfk0oiuf","time":1610726859,"event":{"mods":["Act Like it!","BaseMod","Chen","Gensokyo","Marisa£®ÏF”Í°°ƒß¿Ì…≥£©","Minty Spire (QoL Compilation)","Reimu£®≤©¿ˆ¡È√Œ£©","Remilia£®¿Ÿ√◊¿Ú—«£©","StSLib","The Administrix","The Servant 0.9.4","Yakumo Yukari mod","noobMod"],"gold_per_floor":[117,131,143,154,167,202,202,228,251,263,294,309,326,76,76,181,181,196,196,196,207,218,253,253,284,284,300,90,109,143,163,163,265,265,277,290,290,290,308,333,333,358,383,383,3,16,16,27,27,27,27,27,27,59,59],"floor_reached":56,"language":"ZHS","playtime":6559,"items_purged":[],"score":1443,"play_id":"105e3824-b47f-4f51-a748-844d324b2473","local_time":"20210116000739","is_ascension_mode":true,"campfire_choices":[{"data":"Conquer:ReiMu","floor":7,"key":"SMITH"},{"floor":15,"key":"RECALL"},{"data":"Mayhem","floor":32,"key":"SMITH"},{"data":"NineCharacters:ReiMu","floor":49,"key":"SMITH"},{"data":"LearningPray:ReiMu","floor":52,"key":"SMITH"}],"circlet_count":0,"master_deck":["Strike_Lin:ReiMu+1","Strike_Lin:ReiMu+1","Strike_Lin:ReiMu+1","Defend_Lin:ReiMu+1","Defend_Lin:ReiMu+1","Defend_Lin:ReiMu+1","Defend_Lin:ReiMu+1","NB:ReiMu+1","Stagnation:ReiMu+1","SafetyPray:ReiMu+1","OrbThrow:ReiMu+1","SpreadBorder2:ReiMu+1","RainPray2:ReiMu+1","CareerPray:ReiMu+1","Conquer:ReiMu+1","KamiSacrifice:ReiMu+1","OrbThrow:ReiMu+1","Revelation:ReiMu+1","Gathering:ReiMu+1","SpringWay:ReiMu+1","Mayhem+1","PrayRite:ReiMu+1","WonderfulDomain:ReiMu+1","FineLineFantasy:ReiMu+1","InherentArray:ReiMu+1","YinYangSange:ReiMu+1","SpringWay:ReiMu+1","WonderfulDomain:ReiMu+1","YinYangSange:ReiMu+1","ManaGlint:ReiMu+1","CareerPray:ReiMu+1","SubcavityFantasy:ReiMu+1","Conquer:ReiMu+1","Intuition:ReiMu+1","InherentArray:ReiMu+1","Conquer:ReiMu+1","FineLineFantasy:ReiMu+1","AlertArray:ReiMu+1","NineCharacters:ReiMu+1","LearningPray:ReiMu+1","Finesse","Bandage Up","Conquer:ReiMu","Madness","Madness","Dreaming2:ReiMu+1","Gathering:ReiMu"],"relics":["ice","Calling Bell","War Paint","The Courier","Mango","Matryoshka","Toy Ornithopter","Blood Vial","PreservedInsect","Anchor","DonationBox:ReiMu","Bow_fan:ReiMu","Juzu Bracelet","Nloth\u0027s Gift","InkBottle","Nunchaku","Meat on the Bone","Bottled Tornado","Gremlin Horn","Cursed Key","Pantograph","Singing Bowl","Lantern","Frozen Eye","Akabeko"],"acts_visited":["Exordium","TheCity","TheBeyond","TheEnding"],"potions_floor_usage":[23,27,30,30,33,42,44,46,50,50],"damage_taken":[{"damage":0.0,"enemies":"Jaw Worm","floor":1.0,"turns":6.0},{"damage":15.0,"enemies":"Cultist","floor":2.0,"turns":6.0},{"damage":0.0,"enemies":"2 Louse","floor":3.0,"turns":4.0},{"damage":2.0,"enemies":"Red Slaver","floor":4.0,"turns":6.0},{"damage":1.0,"enemies":"Looter","floor":5.0,"turns":4.0},{"damage":28.0,"enemies":"3 Sentries","floor":6.0,"turns":11.0},{"damage":40,"enemies":"Lagavulin","floor":8,"turns":9},{"damage":0,"enemies":"Exordium Thugs","floor":10,"turns":4},{"damage":9,"enemies":"3 Sentries","floor":11,"turns":3},{"damage":0,"enemies":"Blue Slaver","floor":12,"turns":3},{"damage":1,"enemies":"Looter","floor":13,"turns":3},{"damage":6,"enemies":"The Guardian","floor":16,"turns":9},{"damage":17,"enemies":"Chosen","floor":18,"turns":6},{"damage":14,"enemies":"Spheric Guardian","floor":21,"turns":4},{"damage":16,"enemies":"3 Cultists","floor":22,"turns":5},{"damage":30,"enemies":"Slavers","floor":23,"turns":5},{"damage":22,"enemies":"Book of Stabbing","floor":25,"turns":7},{"damage":19,"enemies":"Centurion and Healer","floor":27,"turns":6},{"damage":2,"enemies":"Sentry and Sphere","floor":29,"turns":5},{"damage":0,"enemies":"Gremlin Leader","floor":30,"turns":6},{"damage":22,"enemies":"Snecko","floor":31,"turns":6},{"damage":6,"enemies":"Champ","floor":33,"turns":8},{"damage":13,"enemies":"Orb Walker","floor":35,"turns":4},{"damage":0,"enemies":"3 Darklings","floor":36,"turns":3},{"damage":23,"enemies":"Writhing Mass","floor":39,"turns":5},{"damage":39,"enemies":"Nemesis","floor":40,"turns":7},{"damage":5,"enemies":"Giant Head","floor":42,"turns":7},{"damage":27,"enemies":"Giant Head","floor":44,"turns":11},{"damage":20,"enemies":"Transient","floor":46,"turns":5},{"damage":19,"enemies":"4 Shapes","floor":48,"turns":2},{"damage":20,"enemies":"Donu and Deca","floor":50,"turns":6},{"damage":27,"enemies":"Shield and Spear","floor":54,"turns":4},{"damage":50,"enemies":"The Heart","floor":55,"turns":8}],"seed_played":"-5002954922567724567","potions_obtained":[{"floor":1.0,"key":"LiquidFlight:ReiMu"},{"floor":2.0,"key":"GamblersBrew"},{"floor":10,"key":"Dexterity Potion"},{"floor":11,"key":"DuplicationPotion"},{"floor":16,"key":"Energy Potion"},{"floor":23,"key":"PinkPotion:ReiMu"},{"floor":25,"key":"Energy Potion"},{"floor":29,"key":"Ancient Potion"},{"floor":30,"key":"Swift Potion"},{"floor":33,"key":"Weak Potion"},{"floor":39,"key":"Energy Potion"},{"floor":40,"key":"Regen Potion"},{"floor":46,"key":"PowerPotion"},{"floor":48,"key":"SneckoOil"}],"is_trial":false,"path_per_floor":["M","M","M","M","M","E","R","E","T","M","E","M","M","$","R","B",null,"M","?","?","M","M","E","?","E","T","M","$","M","E","M","R","B",null,"M","M","?","T","M","E","?","E","T","?","$","M","?","M","R","B",null,"R","$","E","B",null],"character_chosen":"REIMU","items_purchased":["Anchor","Mayhem","Bottled Tornado","NineCharacters:ReiMu","Frozen Eye","LearningPray:ReiMu","Finesse","Bandage Up"],"campfire_rested":0,"item_purchase_floors":[14,14,28,45,45,45,45,45],"current_hp_per_floor":[79,64,64,62,61,33,33,66,66,68,61,63,64,79,79,75,102,85,85,85,73,59,36,36,16,16,16,16,28,52,44,44,57,165,152,154,154,154,133,96,96,113,113,197,197,186,161,148,148,169,221,221,221,198,179],"gold":59,"neow_bonus":"BOSS_RELIC","is_daily":false,"chose_seed":false,"campfire_upgraded":4,"win_rate":0.0,"timestamp":1610726859,"path_taken":["M","M","M","M","M","E","R","E","T","M","E","M","M","$","R","BOSS","M","?","?","M","M","E","?","E","T","M","$","M","E","M","R","BOSS","M","M","?","?","M","E","?","E","T","?","$","M","?","M","R","BOSS","R","$","E","BOSS"],"items_purchased_type":["Relic","Card","Relic","Card","Relic","Card","Card","Card"],"build_version":"2020-12-22","purchased_purges":0,"victory":true,"max_hp_per_floor":[79,79,79,79,79,79,79,80,80,82,84,86,88,88,88,102,102,107,107,107,110,117,126,126,142,142,146,146,151,158,162,162,165,165,168,171,171,171,174,184,184,188,188,197,197,202,202,211,211,221,221,221,221,228,314],"card_choices":[{"not_picked":["AirManeuver:ReiMu","Intuition:ReiMu"],"picked":"SafetyPray:ReiMu","floor":1.0},{"not_picked":["Amulet:ReiMu","Mountainwind:ReiMu"],"picked":"OrbThrow:ReiMu","floor":2.0},{"not_picked":["AlertArray:ReiMu","EmergencyTakeOff:ReiMu"],"picked":"SpreadBorder2:ReiMu","floor":3.0},{"not_picked":["ShadowOfCrow2:ReiMu","Intuition:ReiMu"],"picked":"RainPray2:ReiMu","floor":4.0},{"not_picked":["Gathering:ReiMu","BlastKick2:ReiMu"],"picked":"CareerPray:ReiMu","floor":5.0},{"not_picked":["PayForSelf:ReiMu","FoulBorder2:ReiMu"],"picked":"Conquer:ReiMu","floor":6.0},{"not_picked":["OrbThrow:ReiMu","EmergencyTakeOff:ReiMu"],"picked":"KamiSacrifice:ReiMu","floor":8},{"not_picked":["SpiritualOutbreak2:ReiMu","AlertArray:ReiMu"],"picked":"OrbThrow:ReiMu","floor":10},{"not_picked":["BarrageOfMoneybags:ReiMu","PassingAway:ReiMu"],"picked":"Revelation:ReiMu","floor":11},{"not_picked":["CareerPray:ReiMu","TakeOff:ReiMu"],"picked":"Gathering:ReiMu","floor":12},{"not_picked":["Free:ReiMu","AlertArray:ReiMu"],"picked":"SpringWay:ReiMu","floor":13},{"not_picked":["KamiRite:ReiMu","Determination:ReiMu"],"picked":"PrayRite:ReiMu","floor":16},{"not_picked":["EmergencyTakeOff:ReiMu","FantasyMoon:ReiMu"],"picked":"WonderfulDomain:ReiMu+1","floor":18},{"not_picked":["AirStrike:ReiMu","CareerPray:ReiMu"],"picked":"FineLineFantasy:ReiMu+1","floor":21},{"not_picked":["Mountainwind:ReiMu","SpringWay:ReiMu"],"picked":"InherentArray:ReiMu","floor":22},{"not_picked":["WonderfulDomain:ReiMu","LovePray:ReiMu+1"],"picked":"YinYangSange:ReiMu","floor":23},{"not_picked":["Enchanting:ReiMu+1","SubcavityFantasy:ReiMu"],"picked":"SpringWay:ReiMu","floor":25},{"not_picked":["SubAcupoint:ReiMu","Amulet:ReiMu"],"picked":"WonderfulDomain:ReiMu","floor":27},{"not_picked":["SubAcupoint:ReiMu+1","Meditation:ReiMu"],"picked":"YinYangSange:ReiMu","floor":29},{"not_picked":["SealNeedle:ReiMu","CollectionFlower2:ReiMu"],"picked":"ManaGlint:ReiMu+1","floor":30},{"not_picked":["Amulet:ReiMu","SafetyPray:ReiMu"],"picked":"CareerPray:ReiMu","floor":31},{"not_picked":["OctopathSalyBorderN:ReiMu","Dreaming:ReiMu"],"picked":"SubcavityFantasy:ReiMu","floor":33},{"not_picked":["KamiRite:ReiMu","WonderfulDomain:ReiMu"],"picked":"Conquer:ReiMu+1","floor":35},{"not_picked":["OrbThrow:ReiMu","PayForSelf:ReiMu"],"picked":"Intuition:ReiMu+1","floor":36},{"not_picked":["AirStrike:ReiMu","Revelation:ReiMu"],"picked":"InherentArray:ReiMu","floor":39},{"not_picked":["ShadowOfCrow2:ReiMu","CollectionFlower2:ReiMu+1"],"picked":"Conquer:ReiMu+1","floor":40},{"not_picked":["PhosphorusFlame:ReiMu","Dreaming:ReiMu"],"picked":"FineLineFantasy:ReiMu+1","floor":42},{"not_picked":["ShadowOfCrow2:ReiMu+1","FineLineFantasy:ReiMu+1"],"picked":"AlertArray:ReiMu+1","floor":44},{"not_picked":["AirStrike:ReiMu","CollectionFlower2:ReiMu+1"],"picked":"Conquer:ReiMu","floor":46},{"not_picked":["PrepareRite:ReiMu+1","SafetyPray:ReiMu+1"],"picked":"Dreaming2:ReiMu+1","floor":48},{"not_picked":["OctopathSalyBorderN:ReiMu","UniversalSpiritual:ReiMu+1"],"picked":"Gathering:ReiMu","floor":54}],"player_experience":363135,"relics_obtained":[{"floor":0.0,"key":"War Paint"},{"floor":0.0,"key":"The Courier"},{"floor":0.0,"key":"Mango"},{"floor":6.0,"key":"Matryoshka"},{"floor":8,"key":"Toy Ornithopter"},{"floor":9,"key":"Blood Vial"},{"floor":9,"key":"PreservedInsect"},{"floor":11,"key":"MealTicket"},{"floor":23,"key":"Juzu Bracelet"},{"floor":25,"key":"InkBottle"},{"floor":26,"key":"Nunchaku"},{"floor":26,"key":"Meat on the Bone"},{"floor":30,"key":"Gremlin Horn"},{"floor":40,"key":"Pantograph"},{"floor":42,"key":"Singing Bowl"},{"floor":43,"key":"Lantern"},{"floor":54,"key":"Akabeko"}],"event_choices":[{"cards_removed":["Strike_Lin:ReiMu"],"damage_healed":0,"gold_gain":0,"player_choice":"Elegance","damage_taken":0,"max_hp_gain":0,"max_hp_loss":0,"event_name":"Back to Basics","floor":19,"gold_loss":0},{"damage_healed":0,"gold_gain":0,"player_choice":"Gave Potion","damage_taken":0,"relics_obtained":["Bow_fan:ReiMu"],"max_hp_gain":0,"max_hp_loss":0,"event_name":"WeMeetAgain","floor":20,"gold_loss":0},{"damage_healed":0,"gold_gain":0,"player_choice":"Traded Relic","damage_taken":0,"relics_obtained":["Nloth\u0027s Gift"],"max_hp_gain":0,"max_hp_loss":0,"event_name":"N\u0027loth","floor":24,"relics_lost":["MealTicket"],"gold_loss":0},{"damage_healed":0,"gold_gain":0,"player_choice":"Ignored","damage_taken":0,"max_hp_gain":0,"max_hp_loss":0,"event_name":"SecretPortal","floor":37,"gold_loss":0},{"damage_healed":0,"gold_gain":0,"player_choice":"Bought 0 Potions","damage_taken":0,"max_hp_gain":0,"max_hp_loss":0,"event_name":"The Woman in Blue","floor":41,"gold_loss":0},{"damage_healed":0,"gold_gain":0,"player_choice":"Embrace Madness","damage_taken":25,"max_hp_gain":0,"max_hp_loss":0,"event_name":"Winding Halls","floor":47,"gold_loss":0,"cards_obtained":["Madness","Madness"]}],"is_beta":false,"boss_relics":[{"not_picked":["Black Star","CrownOfHeavens:ReiMu"],"picked":"DonationBox:ReiMu"},{"not_picked":["Velvet Choker","Busted Crown"],"picked":"Cursed Key"}],"items_purged_floors":[],"is_endless":false,"potions_floor_spawned":[1,2,10,11,16,23,25,29,30,33,39,40,44,46,48],"ascension_level":1}}