{"host":"v4pe0ixo3k7iwzp0","time":1610698278,"event":{"mods":["Ascension Reborn","BaseMod","Bestiary","Highlight Path","Minty Spire (QoL Compilation)","StSLib","The Marked"],"gold_per_floor":[114,133,145,159,106,141,153,165,192,192,192,162,162,182,182,182,182],"floor_reached":16,"language":"ENG","playtime":984,"items_purged":[],"score":104,"play_id":"f455d5a8-42e9-432a-a755-db18915e1e58","local_time":"20210115001118","is_ascension_mode":true,"campfire_choices":[{"floor":11,"key":"REST"},{"data":"Entrench","floor":15,"key":"SMITH"}],"circlet_count":0,"master_deck":["Strike_R","Strike_R","Strike_R","Strike_R","Strike_R","Defend_R","Defend_R","Defend_R","Defend_R","Bash","Entrench+1","Clothesline","Metallicize","Armaments","Ghostly Armor"],"relics":["Burning Blood","The Courier","Bag of Preparation"],"acts_visited":["Exordium"],"potions_floor_usage":[6,6,6,6,7,16,16,16],"damage_taken":[{"damage":0.0,"enemies":"Small Slimes","floor":1.0,"turns":4.0},{"damage":1.0,"enemies":"Cultist","floor":2.0,"turns":4.0},{"damage":11.0,"enemies":"Jaw Worm","floor":3.0,"turns":2.0},{"damage":11.0,"enemies":"2 Fungi Beasts","floor":4.0,"turns":4.0},{"damage":17,"enemies":"3 Sentries","floor":6,"turns":12},{"damage":15,"enemies":"3 Louse","floor":7,"turns":3},{"damage":8,"enemies":"Blue Slaver","floor":8,"turns":6},{"damage":2,"enemies":"Looter","floor":12,"turns":4},{"damage":12,"enemies":"Large Slime","floor":14,"turns":7},{"damage":75,"enemies":"Slime Boss","floor":16,"turns":15}],"seed_played":"3836848436064585190","potions_obtained":[{"floor":2.0,"key":"EntropicBrew"},{"floor":3.0,"key":"Dexterity Potion"},{"floor":6,"key":"ColorlessPotion"},{"floor":7,"key":"DistilledChaos"},{"floor":14,"key":"SpeedPotion"}],"is_trial":true,"path_per_floor":["M","M","M","M","$","E","M","M","T","?","R","M","?","M","R","B"],"character_chosen":"IRONCLAD","items_purchased":["Armaments"],"campfire_rested":1,"item_purchase_floors":[5],"current_hp_per_floor":[80,80,75,70,70,59,50,48,48,48,72,76,76,70,70,0,0],"gold":182,"neow_bonus":"","is_daily":false,"chose_seed":false,"campfire_upgraded":1,"win_rate":0.0,"timestamp":1610698278,"path_taken":["M","M","M","M","$","E","M","M","T","?","R","M","?","?","R","BOSS"],"items_purchased_type":["Card"],"build_version":"2020-12-22","purchased_purges":0,"victory":false,"max_hp_per_floor":[80,80,80,80,80,80,80,80,80,80,80,80,80,80,80,80,80],"card_choices":[{"not_picked":["Anger","Headbutt"],"picked":"Entrench","floor":1.0},{"not_picked":["Shrug It Off","Twin Strike"],"picked":"Clothesline","floor":2.0},{"not_picked":["Rampage","Disarm"],"picked":"Metallicize","floor":3.0},{"not_picked":["Blood for Blood","Clash","Clothesline"],"picked":"SKIP","floor":4.0},{"not_picked":["Havoc","Reaper","Burning Pact"],"picked":"SKIP","floor":6},{"not_picked":["Pummel","Headbutt","Pommel Strike"],"picked":"SKIP","floor":7},{"not_picked":["Headbutt","Havoc","Sword Boomerang"],"picked":"SKIP","floor":8},{"not_picked":["Twin Strike","Bloodletting","Sever Soul"],"picked":"SKIP","floor":12},{"not_picked":["Demon Form","Pommel Strike"],"picked":"Ghostly Armor","floor":14}],"player_experience":141021,"relics_obtained":[{"floor":6,"key":"The Courier"},{"floor":9,"key":"Bag of Preparation"}],"event_choices":[{"damage_healed":0,"gold_gain":0,"player_choice":"Searched \u00270\u0027 times","damage_taken":0,"max_hp_gain":0,"max_hp_loss":0,"event_name":"Dead Adventurer","floor":10,"gold_loss":0},{"damage_healed":0,"gold_gain":0,"player_choice":"Ignored","damage_taken":0,"max_hp_gain":0,"max_hp_loss":0,"event_name":"NoteForYourself","floor":13,"gold_loss":0}],"is_beta":false,"boss_relics":[],"items_purged_floors":[],"is_endless":false,"potions_floor_spawned":[2,3,6,7,14],"killed_by":"Slime Boss","ascension_level":0}}