{"host":"dqv8oo4v229c1o2l","time":1610752560,"event":{"mods":["AchievementEnabler","BaseMod","Colored Map","Colored Powertips","Minty Spire (QoL Compilation)","Quick Restart","Rare Cards Sparkle","StSLib","Synergy Search"],"gold_per_floor":[119,119,137,153,168,201,201,235,235,235,76,76,106,117,117,212,212,222,222,232,250,32,32,43,43,43,1,13,13,112,129,129,129,129],"floor_reached":33,"language":"ENG","playtime":1558,"items_purged":["Barricade"],"score":359,"play_id":"2b0c5a69-f399-45b6-9de6-68af335f21a1","local_time":"20210115151600","is_ascension_mode":true,"campfire_choices":[{"data":"Armaments","floor":7.0,"key":"SMITH"},{"floor":10.0,"key":"REST"},{"floor":15.0,"key":"REST"},{"data":"Heavy Blade","floor":23.0,"key":"SMITH"},{"data":"Rage","floor":29.0,"key":"SMITH"},{"floor":32.0,"key":"RECALL"}],"circlet_count":0,"master_deck":["Strike_R","Strike_R","Strike_R","Strike_R","Strike_R","Defend_R","Defend_R","Defend_R","Defend_R","Sentinel","Perfected Strike+1","Havoc","Armaments+1","Twin Strike","Spot Weakness","Feed","Heavy Blade+1","Burning Pact","Twin Strike","Bash","Swift Strike","Twin Strike+1","Pommel Strike+1","Perfected Strike","Rage+1","Reaper"],"relics":["Burning Blood","Incense Burner","Gambling Chip","The Courier","Coffee Dripper","Chemical X","Pear"],"acts_visited":["Exordium","TheCity"],"potions_floor_usage":[33,33,33],"damage_taken":[{"damage":28.0,"enemies":"Jaw Worm","floor":1.0,"turns":10.0},{"damage":0.0,"enemies":"Small Slimes","floor":3.0,"turns":3.0},{"damage":1.0,"enemies":"Cultist","floor":4.0,"turns":4.0},{"damage":6.0,"enemies":"2 Fungi Beasts","floor":5.0,"turns":3.0},{"damage":39.0,"enemies":"Gremlin Nob","floor":6.0,"turns":5.0},{"damage":34.0,"enemies":"3 Sentries","floor":8.0,"turns":12.0},{"damage":15.0,"enemies":"Gremlin Nob","floor":13.0,"turns":3.0},{"damage":25.0,"enemies":"Exordium Thugs","floor":14.0,"turns":4.0},{"damage":43.0,"enemies":"Hexaghost","floor":16.0,"turns":10.0},{"damage":26.0,"enemies":"Shell Parasite","floor":18.0,"turns":4.0},{"damage":12.0,"enemies":"Chosen","floor":20.0,"turns":3.0},{"damage":26.0,"enemies":"Centurion and Healer","floor":21.0,"turns":4.0},{"damage":12.0,"enemies":"Snake Plant","floor":24.0,"turns":4.0},{"damage":11.0,"enemies":"Chosen and Byrds","floor":28.0,"turns":5.0},{"damage":13.0,"enemies":"Snecko","floor":31.0,"turns":3.0},{"damage":50,"enemies":"Champ","floor":33,"turns":6}],"seed_played":"-1800367039873059916","potions_obtained":[{"floor":5.0,"key":"Energy Potion"},{"floor":6.0,"key":"BloodPotion"},{"floor":8.0,"key":"AttackPotion"},{"floor":13.0,"key":"DistilledChaos"},{"floor":18.0,"key":"Block Potion"},{"floor":24.0,"key":"DuplicationPotion"},{"floor":28.0,"key":"Fire Potion"}],"is_trial":false,"path_per_floor":["M","?","M","M","M","E","R","E","T","R","$","?","E","M","R","B",null,"M","?","M","M","$","R","M","?","T","$","M","R","?","M","R","B"],"character_chosen":"IRONCLAD","items_purchased":["Feed","Perfected Strike","Chemical X","Block Potion"],"campfire_rested":2,"item_purchase_floors":[11,22,22,27],"current_hp_per_floor":[58,58,64,69,69,36,36,24,24,48,48,48,39,23,47,10,65,45,45,39,22,22,22,16,16,26,26,24,24,24,30,30,0,0],"gold":129,"neow_bonus":"TRANSFORM_CARD","is_daily":false,"chose_seed":false,"campfire_upgraded":3,"win_rate":0.0,"timestamp":1610752560,"path_taken":["M","?","M","M","M","E","R","E","T","R","$","?","E","M","R","BOSS","M","?","M","M","$","R","?","?","T","?","M","R","?","M","R","BOSS"],"items_purchased_type":["Card","Card","Relic","Potion"],"build_version":"2020-12-22","purchased_purges":1,"victory":false,"max_hp_per_floor":[80,80,80,80,80,80,80,80,80,80,80,80,80,83,83,83,83,83,83,83,86,86,86,86,86,96,96,99,99,99,102,102,102,102],"card_choices":[{"not_picked":["Clothesline","Sword Boomerang"],"picked":"Perfected Strike","floor":1.0},{"not_picked":["Body Slam","Feel No Pain","Sentinel"],"picked":"SKIP","floor":3.0},{"not_picked":["Headbutt","Pommel Strike"],"picked":"Havoc","floor":4.0},{"not_picked":["Cleave","Warcry"],"picked":"Armaments","floor":5.0},{"not_picked":["Armaments","Havoc"],"picked":"Twin Strike","floor":6.0},{"not_picked":["Combust","Warcry"],"picked":"Spot Weakness","floor":8.0},{"not_picked":["Hemokinesis","Immolate"],"picked":"Heavy Blade","floor":13.0},{"not_picked":["Armaments","Carnage"],"picked":"Burning Pact","floor":14.0},{"not_picked":["Corruption","Bludgeon"],"picked":"Barricade","floor":16.0},{"not_picked":["Second Wind","Burning Pact"],"picked":"Twin Strike","floor":18.0},{"not_picked":["Seeing Red","Battle Trance"],"picked":"Twin Strike+1","floor":20.0},{"not_picked":["Shrug It Off","Infernal Blade+1"],"picked":"Pommel Strike+1","floor":21.0},{"not_picked":["Anger","Havoc","Reckless Charge"],"picked":"SKIP","floor":24.0},{"not_picked":["Armaments","Havoc+1"],"picked":"Reaper","floor":28.0},{"not_picked":["True Grit","Wild Strike","Ghostly Armor"],"picked":"SKIP","floor":31.0}],"player_experience":281444,"relics_obtained":[{"floor":6.0,"key":"Incense Burner"},{"floor":8.0,"key":"Gambling Chip"},{"floor":13.0,"key":"The Courier"},{"floor":26.0,"key":"Pear"}],"event_choices":[{"damage_healed":0.0,"max_hp_gain":0.0,"max_hp_loss":0.0,"gold_gain":0.0,"event_name":"Living Wall","player_choice":"Grow","floor":2.0,"gold_loss":0.0,"damage_taken":0.0,"cards_upgraded":["Perfected Strike"]},{"damage_healed":0.0,"max_hp_gain":0.0,"max_hp_loss":0.0,"gold_gain":0.0,"event_name":"Dead Adventurer","player_choice":"Searched \u00270\u0027 times","floor":12.0,"gold_loss":0.0,"damage_taken":0.0},{"damage_healed":0.0,"max_hp_gain":0.0,"max_hp_loss":0.0,"gold_gain":0.0,"event_name":"Match and Keep!","player_choice":"3 cards matched","floor":19.0,"gold_loss":0.0,"damage_taken":0.0,"cards_obtained":["Juggernaut","Bash","Swift Strike"]},{"damage_healed":0.0,"max_hp_gain":0.0,"max_hp_loss":0.0,"gold_gain":0.0,"cards_transformed":["Juggernaut"],"event_name":"Transmorgrifier","player_choice":"Transformed","floor":25.0,"gold_loss":0.0,"damage_taken":0.0,"cards_obtained":["Rage"]},{"damage_healed":0.0,"max_hp_gain":0.0,"max_hp_loss":0.0,"gold_gain":99.0,"event_name":"Nest","player_choice":"Stole From Cult","floor":30.0,"gold_loss":0.0,"damage_taken":0.0}],"is_beta":false,"boss_relics":[{"not_picked":["SacredBark","Cursed Key"],"picked":"Coffee Dripper"}],"items_purged_floors":[22],"is_endless":false,"potions_floor_spawned":[5,6,8,13,18,24,28],"killed_by":"Champ","ascension_level":5}}