{"host":"blqtz7f1wyqlnbm9","time":1610678456,"event":{"mods":["BaseMod","Minty Spire (QoL Compilation)","Replay The Spire","StSLib"],"gold_per_floor":[112,112,31,46,60,78,99,117,198,198,198,373,47,62,62,62,62],"floor_reached":16,"language":"ZHS","playtime":436,"items_purged":["Doubt"],"score":108,"play_id":"f9d68b58-d46c-4cd9-b6c9-7fad1d53212f","local_time":"20210115104056","is_ascension_mode":true,"campfire_choices":[{"data":"Setup","floor":11,"key":"SMITH"},{"data":"Blade Dance","floor":15,"key":"SMITH"}],"circlet_count":0,"master_deck":["Strike_G","Strike_G","Strike_G","Strike_G","Strike_G","Defend_G","Defend_G","Defend_G","Defend_G","Defend_G","Survivor","Neutralize+1","Accuracy+1","Leg Sweep","Dagger Spray","ReplayTheSpireMod:Shiv Toss","Setup+1","Blade Dance+1","Well Laid Plans+1"],"relics":["Ring of the Snake","Golden Idol","Singing Bowl","HandDrill"],"acts_visited":["Exordium"],"potions_floor_usage":[7,16],"damage_taken":[{"damage":8,"enemies":"Jaw Worm","floor":1,"turns":6},{"damage":4,"enemies":"Small Slimes","floor":4,"turns":5},{"damage":10,"enemies":"2 Louse","floor":5,"turns":3},{"damage":11,"enemies":"2 Fungi Beasts","floor":6,"turns":3},{"damage":0,"enemies":"Looter","floor":7,"turns":3},{"damage":6,"enemies":"Red Slaver","floor":8,"turns":5},{"damage":0,"enemies":"Exordium Thugs","floor":14,"turns":4},{"damage":25,"enemies":"Hexaghost","floor":16,"turns":11}],"seed_played":"666320687927618077","potions_obtained":[{"floor":6,"key":"Fire Potion"},{"floor":8,"key":"SpeedPotion"},{"floor":14,"key":"SteroidPotion"}],"is_trial":false,"path_per_floor":["M","?","$","M","M","M","M","M","T","?","R","?","$","M","R","B"],"character_chosen":"THE_SILENT","items_purchased":["Leg Sweep","Blade Dance","Well Laid Plans+1","HandDrill"],"campfire_rested":0,"item_purchase_floors":[3,13,13,13],"current_hp_per_floor":[62,62,62,58,48,37,37,31,31,31,31,31,31,33,33,8,8],"gold":62,"neow_bonus":"UPGRADE_CARD","is_daily":false,"chose_seed":false,"campfire_upgraded":2,"win_rate":0.0,"timestamp":1610678456,"path_taken":["M","?","$","M","M","M","M","M","T","?","R","?","$","M","R","BOSS"],"items_purchased_type":["Card","Card","Card","Relic"],"build_version":"2020-12-22","purchased_purges":1,"victory":false,"max_hp_per_floor":[70,65,65,65,65,65,65,65,65,65,65,65,65,67,67,67,67],"card_choices":[{"not_picked":["Flying Knee","Deadly Poison"],"picked":"Accuracy","floor":1},{"not_picked":["Bane","Dagger Throw","Outmaneuver"],"picked":"SKIP","floor":4},{"not_picked":["Concentrate","Outmaneuver"],"picked":"Dagger Spray","floor":5},{"not_picked":["Dagger Spray","Malaise","ReplayTheSpireMod:Exploit Weakness"],"picked":"SKIP","floor":6},{"not_picked":["Toxin Wave","All Out Attack"],"picked":"ReplayTheSpireMod:Shiv Toss","floor":7},{"not_picked":["Sucker Punch","Deadly Poison"],"picked":"Setup","floor":8},{"not_picked":["Outmaneuver","PiercingWail","Tactician"],"picked":"Singing Bowl","floor":14}],"player_experience":208433,"relics_obtained":[{"floor":9,"key":"Singing Bowl"}],"event_choices":[{"damage_healed":0,"gold_gain":0,"player_choice":"Lose Max HP","damage_taken":0,"relics_obtained":["Golden Idol"],"max_hp_gain":0,"max_hp_loss":5,"event_name":"Golden Idol","floor":2,"gold_loss":0},{"damage_healed":0,"gold_gain":0,"player_choice":"Grow","damage_taken":0,"max_hp_gain":0,"max_hp_loss":0,"event_name":"Living Wall","floor":10,"gold_loss":0,"cards_upgraded":["Accuracy"]},{"damage_healed":0,"gold_gain":175,"player_choice":"AGREE","damage_taken":0,"max_hp_gain":0,"max_hp_loss":0,"event_name":"Liars Game","floor":12,"gold_loss":0,"cards_obtained":["Doubt"]}],"is_beta":false,"boss_relics":[],"items_purged_floors":[13],"is_endless":false,"potions_floor_spawned":[6,8,14],"killed_by":"Hexaghost","ascension_level":3}}