{"host":"Rowan","time":1610742405,"event":{"mods":["BaseMod","Minty Spire (QoL Compilation)"],"gold_per_floor":[116,65,79,91,91,124,139,150,200,211,211,222,222,235,235,235,235],"floor_reached":16,"language":"ENG","playtime":915,"items_purged":[],"score":106,"play_id":"57dd38d5-a317-4eec-94cb-4620d01ce185","local_time":"20210115122645","is_ascension_mode":false,"campfire_choices":[{"floor":11,"key":"RECALL"},{"floor":15,"key":"REST"}],"circlet_count":0,"master_deck":["Strike_G","Strike_G","Strike_G","Strike_G","Strike_G","Defend_G","Defend_G","Defend_G","Defend_G","Defend_G","Survivor","Neutralize","Outmaneuver","Poisoned Stab","Skewer+1","Blade Dance","Flying Knee","Outmaneuver","Noxious Fumes","PiercingWail"],"relics":["Snecko Eye","Matryoshka","Oddly Smooth Stone"],"acts_visited":["Exordium"],"potions_floor_usage":[6,6,8,10],"damage_taken":[{"damage":6,"enemies":"Cultist","floor":1,"turns":5},{"damage":0,"enemies":"Small Slimes","floor":3,"turns":4},{"damage":2,"enemies":"2 Louse","floor":4,"turns":3},{"damage":29,"enemies":"Gremlin Nob","floor":6,"turns":5},{"damage":7,"enemies":"Looter","floor":7,"turns":3},{"damage":0,"enemies":"2 Fungi Beasts","floor":8,"turns":3},{"damage":6,"enemies":"Blue Slaver","floor":10,"turns":4},{"damage":2,"enemies":"Red Slaver","floor":12,"turns":5},{"damage":4,"enemies":"Large Slime","floor":14,"turns":6},{"damage":43,"enemies":"The Guardian","floor":16,"turns":10}],"seed_played":"-4581436903274246022","potions_obtained":[{"floor":1,"key":"DuplicationPotion"},{"floor":3,"key":"AttackPotion"},{"floor":7,"key":"Fire Potion"}],"is_trial":false,"path_per_floor":["M","$","M","M","?","E","M","M","T","M","R","M","?","M","R","B"],"character_chosen":"THE_SILENT","items_purchased":["Block Potion"],"campfire_rested":1,"item_purchase_floors":[2],"current_hp_per_floor":[64,64,64,62,67,38,31,31,31,25,25,23,23,19,41,0,0],"gold":235,"neow_bonus":"BOSS_RELIC","is_daily":false,"chose_seed":false,"campfire_upgraded":0,"win_rate":0.0,"timestamp":1610742405,"path_taken":["M","$","?","M","?","E","M","M","T","M","R","M","?","?","R","BOSS"],"items_purchased_type":["Potion"],"build_version":"2020-12-18","purchased_purges":0,"victory":false,"max_hp_per_floor":[70,70,70,70,75,75,75,75,75,75,75,75,75,75,75,75,75],"card_choices":[{"not_picked":["Flechettes","Underhanded Strike"],"picked":"Outmaneuver","floor":1},{"not_picked":["Endless Agony","Deflect"],"picked":"Poisoned Stab","floor":3},{"not_picked":["PiercingWail","Cloak And Dagger"],"picked":"Skewer","floor":4},{"not_picked":["Cloak And Dagger","Dodge and Roll"],"picked":"Blade Dance","floor":6},{"not_picked":["Quick Slash","Backflip"],"picked":"Flying Knee","floor":7},{"not_picked":["Concentrate","Dodge and Roll"],"picked":"Outmaneuver","floor":8},{"not_picked":["Flechettes","Cloak And Dagger","Outmaneuver"],"picked":"SKIP","floor":10},{"not_picked":["Tactician","Catalyst"],"picked":"Noxious Fumes","floor":12},{"not_picked":["Underhanded Strike","Deflect"],"picked":"PiercingWail","floor":14}],"player_experience":384087,"relics_obtained":[{"floor":6,"key":"Matryoshka"},{"floor":9,"key":"Oddly Smooth Stone"}],"event_choices":[{"damage_healed":0,"gold_gain":0,"player_choice":"Donut","damage_taken":0,"max_hp_gain":5,"max_hp_loss":0,"event_name":"Big Fish","floor":5,"gold_loss":0},{"damage_healed":0,"gold_gain":0,"player_choice":"Forge","damage_taken":0,"max_hp_gain":0,"max_hp_loss":0,"event_name":"Accursed Blacksmith","floor":13,"gold_loss":0,"cards_upgraded":["Skewer"]}],"is_beta":true,"boss_relics":[],"items_purged_floors":[],"is_endless":false,"potions_floor_spawned":[1,3,4,7],"killed_by":"The Guardian","ascension_level":0}}