{"host":"rc0y5s0pznrxft0n","time":1610681348,"event":{"mods":["BaseMod","Downfall","Hermit","Minty Spire (QoL Compilation)","StSLib"],"gold_per_floor":[12,27,39,59,59,59,90,90,90,90,105,133,133,103,103,199,199,217,217,235,11,21,50,63,98,98,98,108,125,125,125],"floor_reached":30,"language":"ENG","playtime":1449,"items_purged":["Strike_P"],"score":322,"play_id":"82464c85-6ca9-4444-9fec-e8e4b59326f7","local_time":"20210114222908","is_ascension_mode":true,"campfire_choices":[{"data":"The Bomb","floor":6,"key":"SMITH"},{"floor":8,"key":"REST"},{"data":"Vigilance","floor":10,"key":"SMITH"},{"data":"Swivel","floor":13,"key":"SMITH"},{"data":"ForeignInfluence","floor":15,"key":"SMITH"},{"data":"Wallop","floor":27,"key":"SMITH"}],"circlet_count":0,"master_deck":["Strike_P","Strike_P","Strike_P","Defend_P","Defend_P","Defend_P","Defend_P","Vigilance+1","The Bomb+1","EmptyBody","CutThroughFate","Pray","Prostrate","ForeignInfluence+1","Wallop+1","Swivel+1","Devotion","Prostrate","Sanctity+1","Prostrate","Protect","ThirdEye"],"relics":["PureWater","Letter Opener","White Beast Statue","Busted Crown","Nloth\u0027s Gift","Guardian:PocketSentry","Frozen Egg 2","Bottled Tornado","InkBottle"],"acts_visited":["Exordium","TheCity"],"potions_floor_usage":[2,16,22,23,24,25,28],"damage_taken":[{"damage":12,"enemies":"Cultist","floor":1,"turns":3},{"damage":6,"enemies":"Jaw Worm","floor":2,"turns":4},{"damage":1,"enemies":"2 Louse","floor":3,"turns":4},{"damage":5,"enemies":"Exordium Thugs","floor":4,"turns":3},{"damage":10,"enemies":"Gremlin Nob","floor":7,"turns":4},{"damage":4,"enemies":"Red Slaver","floor":11,"turns":4},{"damage":0,"enemies":"Lagavulin","floor":12,"turns":4},{"damage":45,"enemies":"Hexaghost","floor":16,"turns":12},{"damage":0,"enemies":"3 Byrds","floor":18,"turns":3},{"damage":7,"enemies":"2 Thieves","floor":20,"turns":3},{"damage":0,"enemies":"Sentry and Sphere","floor":22,"turns":4},{"damage":3,"enemies":"Gremlin Leader","floor":23,"turns":6},{"damage":0,"enemies":"Snake Plant","floor":24,"turns":3},{"damage":22,"enemies":"Book of Stabbing","floor":25,"turns":6},{"damage":2,"enemies":"Snecko","floor":28,"turns":5},{"damage":12,"enemies":"Centurion and Healer","floor":29,"turns":6},{"damage":36,"enemies":"Snake Plant","floor":30,"turns":2}],"seed_played":"714614011660767727","potions_obtained":[{"floor":1,"key":"Swift Potion"},{"floor":12,"key":"Explosive Potion"},{"floor":14,"key":"Dexterity Potion"},{"floor":14,"key":"Energy Potion"},{"floor":16,"key":"GamblersBrew"},{"floor":18,"key":"Regen Potion"},{"floor":22,"key":"Block Potion"},{"floor":23,"key":"EssenceOfSteel"},{"floor":24,"key":"AttackPotion"},{"floor":25,"key":"BlessingOfTheForge"},{"floor":28,"key":"Explosive Potion"}],"is_trial":false,"path_per_floor":["M","M","M","M","?","R","E","R","T","R","M","E","R","?","R","B",null,"M","?","M","$","M","E","M","E","T","R","M","M","M"],"character_chosen":"WATCHER","items_purchased":["Guardian:PocketSentry"],"campfire_rested":1,"item_purchase_floors":[21],"current_hp_per_floor":[60,54,53,48,41,41,31,52,52,52,48,48,48,48,48,3,72,72,72,65,65,65,72,72,50,50,50,48,36,0,0],"gold":125,"neow_bonus":"RANDOM_COLORLESS_2","is_daily":false,"chose_seed":false,"campfire_upgraded":5,"win_rate":0.0,"timestamp":1610681348,"path_taken":["M","M","M","?","?","R","E","R","T","R","M","E","R","?","R","BOSS","M","?","M","$","M","E","M","E","T","R","M","?","?"],"items_purchased_type":["Relic"],"build_version":"2020-12-22","purchased_purges":1,"victory":false,"max_hp_per_floor":[72,72,72,72,72,72,72,72,72,72,72,72,72,72,72,72,72,72,72,72,72,72,72,72,72,72,72,72,72,72,72],"card_choices":[{"not_picked":["Sadistic Nature","Secret Technique"],"picked":"The Bomb","floor":0},{"not_picked":["EmptyMind","FollowUp"],"picked":"EmptyBody","floor":1},{"not_picked":["Prostrate","Halt"],"picked":"CutThroughFate","floor":2},{"not_picked":["PathToVictory","WreathOfFlame"],"picked":"Pray","floor":3},{"not_picked":["Consecrate","FearNoEvil"],"picked":"Prostrate","floor":4},{"not_picked":["Establishment","FlyingSleeves"],"picked":"ForeignInfluence","floor":7},{"not_picked":["Halt","BowlingBash"],"picked":"Wallop","floor":11},{"not_picked":["Devotion","CrushJoints"],"picked":"Swivel","floor":12},{"not_picked":["Wish","DeusExMachina"],"picked":"Devotion","floor":16},{"not_picked":[],"picked":"Prostrate","floor":18},{"not_picked":["JustLucky"],"picked":"SKIP","floor":20},{"not_picked":["FollowUp"],"picked":"SKIP","floor":22},{"not_picked":[],"picked":"Sanctity+1","floor":23},{"not_picked":[],"picked":"Prostrate","floor":24},{"not_picked":[],"picked":"Protect","floor":25},{"not_picked":["Sanctity"],"picked":"SKIP","floor":28},{"not_picked":[],"picked":"ThirdEye","floor":29}],"player_experience":821567,"relics_obtained":[{"floor":7,"key":"Letter Opener"},{"floor":9,"key":"Darkstone Periapt"},{"floor":12,"key":"White Beast Statue"},{"floor":23,"key":"Frozen Egg 2"},{"floor":25,"key":"Bottled Tornado"},{"floor":26,"key":"InkBottle"}],"event_choices":[{"cards_removed":["Eruption"],"damage_healed":0,"gold_gain":0,"player_choice":"Card Removal","damage_taken":7,"max_hp_gain":0,"max_hp_loss":0,"event_name":"Golden Wing","floor":5,"gold_loss":0},{"damage_healed":0,"gold_gain":0,"player_choice":"Bought 2 Potions","damage_taken":0,"max_hp_gain":0,"max_hp_loss":0,"event_name":"The Woman in Blue","floor":14,"gold_loss":0},{"damage_healed":0,"gold_gain":0,"player_choice":"Traded Relic","damage_taken":0,"relics_obtained":["Nloth\u0027s Gift"],"max_hp_gain":0,"max_hp_loss":0,"event_name":"N\u0027loth","floor":19,"relics_lost":["Darkstone Periapt"],"gold_loss":0}],"is_beta":false,"boss_relics":[{"not_picked":["Runic Pyramid","Black Star"],"picked":"Busted Crown"}],"items_purged_floors":[21],"is_endless":false,"potions_floor_spawned":[1,12,16,18,20,22,23,24,25,28,29],"killed_by":"Snake Plant","ascension_level":1}}