{"host":"17uzppmr1r5fe5jj","time":1610705926,"event":{"mods":["BaseMod","Minty Spire (QoL Compilation)","StSLib","TestMod","The Saiyan","[IsaacMod]ÒÔÈö¼âËþ"],"gold_per_floor":[89,110,129,172,247,247,247,247,247],"floor_reached":8,"language":"ZHS","playtime":353,"items_purged":[],"score":98,"play_id":"10211c18-befd-45a5-9e77-99ba159ca8b1","local_time":"20210115181846","daily_mods":["Green Cards","Heirloom","Flight","Elite Swarm"],"is_ascension_mode":false,"campfire_choices":[{"data":"Saiyan:PressOn","floor":6,"key":"SMITH"},{"data":"Saiyan:RuthlessBlow","floor":7,"key":"SMITH"}],"circlet_count":0,"master_deck":["Saiyan:SAIYA_Strike","Saiyan:SAIYA_Strike","Saiyan:SAIYA_Strike","Saiyan:SAIYA_Strike","Saiyan:SAIYA_Defend","Saiyan:SAIYA_Defend","Saiyan:SAIYA_Defend","Saiyan:SAIYA_Defend","Saiyan:EnergyBlast","Saiyan:KaioKen","Saiyan:RuthlessBlow+1","BettingIsNotGood","Saiyan:KiExplosion","Saiyan:PressOn+1","Concentrate"],"relics":["SaiyanSoul","SaiyanHeart","testmod-TestBox","HushsDoor","GuppysHead","testmod-HarvestTotem","Damocles","Happy Flower","CeramicFish","DeathBook","Blood Vial"],"acts_visited":["Exordium"],"potions_floor_usage":[8,8],"damage_taken":[{"damage":10,"enemies":"Small Slimes","floor":1,"turns":2},{"damage":0,"enemies":"Cultist","floor":2,"turns":2},{"damage":3,"enemies":"Jaw Worm","floor":3,"turns":4},{"damage":0,"enemies":"Large Slime","floor":4,"turns":2},{"damage":12,"enemies":"Gremlin Nob","floor":8,"turns":2}],"seed_played":"7194137148102147751","potions_obtained":[{"floor":1,"key":"BlessingOfTheForge"},{"floor":2,"key":"Strength Potion"}],"is_trial":true,"path_per_floor":["M","M","M","M","?","R","R","E"],"character_chosen":"SAIYAJIN","items_purchased":[],"campfire_rested":0,"item_purchase_floors":[],"current_hp_per_floor":[114,118,125,130,119,119,119,0,0],"gold":247,"neow_bonus":"","is_daily":false,"chose_seed":false,"campfire_upgraded":2,"win_rate":0.0,"timestamp":1610705926,"path_taken":["M","M","M","M","?","R","R","E"],"items_purchased_type":[],"build_version":"2020-12-22","purchased_purges":0,"victory":false,"max_hp_per_floor":[122,124,126,130,130,130,130,132,132],"card_choices":[{"not_picked":[],"picked":"BettingIsNotGood","floor":0},{"not_picked":["Deadly Poison","Outmaneuver"],"picked":"Bomb","floor":1},{"not_picked":["Bouncing Flask","Reflex"],"picked":"Saiyan:KiExplosion","floor":2},{"not_picked":["Calculated Gamble","Saiyan:ConcussiveBlow"],"picked":"Saiyan:PressOn","floor":3},{"not_picked":["Deadly Poison","Saiyan:WarmUp"],"picked":"Concentrate","floor":4}],"player_experience":112285,"relics_obtained":[{"floor":1,"key":"Happy Flower"},{"floor":2,"key":"CeramicFish"},{"floor":3,"key":"DeathBook"},{"floor":4,"key":"Blood Vial"}],"event_choices":[{"damage_healed":0,"gold_gain":75,"player_choice":"Gather Gold","damage_taken":11,"max_hp_gain":0,"max_hp_loss":0,"event_name":"World of Goop","floor":5,"gold_loss":0}],"is_beta":false,"boss_relics":[],"items_purged_floors":[],"is_endless":false,"potions_floor_spawned":[1,2],"killed_by":"Gremlin Nob","ascension_level":0}}