{"host":"guwca93h2ke9l2g3","time":1610698811,"event":{"mods":["100% Spire Juice","2.2 Compatiblity","Act Like it!","Arknights The Spire","Aspiration","BaseMod","Better Skull","ChefMod","Colored Powertips","Conspire","Dark Map","Downfall","Fox Events","GungeonMod","Halation","Hallownest","HololiveMod","Hubris","Infinite Spire","Lobotomy","LobotomyExtend","Marked Mod","Minty Spire (QoL Compilation)","Permanent Neow","Potionbrewer","Prisma Mod","Quick Restart","Relic Sorter","Relic Stats","Replay The Spire","Robot Space Explorer","Shade Mod","Spicy Shops","StSLib","The Alterego","The Animator","The Bug Knight","The Cursed","The Marked","The Mystic","The Necromancer","The Poker Player","TheVacant","TheWitcher","Waifu the Spire","WarShipGirlsR/????R mod","Yakumo Yukari mod","Yuri Mod","vexMod"],"gold_per_floor":[110,110,123,138,245,245,259,293,293,293,312,312,325,338,338,338,338],"floor_reached":16,"language":"ENG","playtime":911,"items_purged":[],"score":130,"play_id":"832595d1-3ee0-4910-a669-a5c58dd24f18","local_time":"20210115022011","is_ascension_mode":true,"campfire_choices":[{"data":"DemoMod:DoubleVision","floor":6.0,"key":"SMITH"},{"floor":12.0,"key":"RECALL"},{"floor":15.0,"key":"REST"}],"circlet_count":0,"master_deck":["DemoMod:Strike_Huntress","DemoMod:Strike_Huntress","DemoMod:Strike_Huntress","DemoMod:Defend_Huntress","DemoMod:Defend_Huntress","DemoMod:Defend_Huntress+1","DemoMod:Defend_Huntress+1","DemoMod:Roll","DemoMod:ManualReload","DemoMod:RustySidearm","DemoMod:CrossBow","DemoMod:TableTechRocket","alterego_mod:Impale","Mayhem","DemoMod:AWP","DemoMod:DoubleVision+1","DemoMod:Evolver"],"relics":["DemoMod:Dog","LetterFromLob","Simple Rune","DemoMod:SuperHotWatch","Gaze_r"],"acts_visited":["Exordium"],"potions_floor_usage":[16,16],"damage_taken":[{"damage":10.0,"enemies":"Small Slimes","floor":1.0,"turns":3.0},{"damage":0.0,"enemies":"Cultist","floor":3.0,"turns":2.0},{"damage":0.0,"enemies":"Jaw Worm","floor":4.0,"turns":1.0},{"damage":0.0,"enemies":"Large Slime","floor":7.0,"turns":5.0},{"damage":14.0,"enemies":"Gremlin Nob","floor":8.0,"turns":4.0},{"damage":21.0,"enemies":"Gremlin Gang","floor":10.0,"turns":5.0},{"damage":0.0,"enemies":"Gremlin Gang","floor":11.0,"turns":5.0},{"damage":0.0,"enemies":"Looter","floor":13.0,"turns":3.0},{"damage":0.0,"enemies":"Lots of Slimes","floor":14.0,"turns":4.0},{"damage":24,"enemies":"Hexaghost","floor":16,"turns":19}],"seed_played":"-4604076022175494618","potions_obtained":[{"floor":3.0,"key":"LifebloodPotion"},{"floor":8.0,"key":"Milkshake"},{"floor":13.0,"key":"potionbrewer:NoxiousPotion"},{"floor":14.0,"key":"Ancient Potion"}],"is_trial":false,"path_per_floor":["M","?","M","M","?","R","M","E","T","M","M","R","M","M","R","B"],"character_chosen":"HUNTRESS","items_purchased":[],"campfire_rested":1,"item_purchase_floors":[],"current_hp_per_floor":[60,60,60,60,38,38,38,24,24,3,3,3,3,3,24,0,0],"gold":338,"neow_bonus":"RANDOM_COLORLESS_2","is_daily":false,"chose_seed":false,"campfire_upgraded":1,"win_rate":0.0,"timestamp":1610698811,"path_taken":["M","?","M","M","?","R","?","E","T","M","M","R","M","M","R","BOSS"],"items_purchased_type":[],"build_version":"2020-12-22","purchased_purges":0,"victory":false,"max_hp_per_floor":[70,70,70,70,70,70,70,70,70,70,70,70,70,70,70,70,70],"relic_stats":{"counters":[10,51],"obtain_stats":[{"DemoMod:SuperHotWatch":8,"DemoMod:Dog":0,"Simple Rune":5,"DemoMod:GlassGuonStoneRelic":3,"LetterFromLob":1,"Gaze_r":10},{"DemoMod:SuperHotWatch":5,"DemoMod:Dog":0,"Simple Rune":3,"DemoMod:GlassGuonStoneRelic":2,"LetterFromLob":1,"Gaze_r":6},{"DemoMod:SuperHotWatch":15,"DemoMod:Dog":0,"Simple Rune":6,"DemoMod:GlassGuonStoneRelic":5,"LetterFromLob":3,"Gaze_r":20}]},"card_choices":[{"not_picked":["Violence","hubris:EnhanceAbility"],"picked":"Mayhem","floor":0.0},{"not_picked":["DemoMod:BoxingGlove","DemoMod:FastSwitch"],"picked":"DemoMod:AWP","floor":1.0},{"not_picked":["DemoMod:CombinedRifle","DemoMod:GunShield","DemoMod:MachoBrace"],"picked":"SKIP","floor":3.0},{"not_picked":["DemoMod:ConditionalReflex","DemoMod:GunstockTap"],"picked":"DemoMod:DoubleVision","floor":4.0},{"not_picked":["DemoMod:DirectionalPad","DemoMod:GunstockTap","DemoMod:FortunesFavor"],"picked":"SKIP","floor":7.0},{"not_picked":["DemoMod:BlackHoleGun","DemoMod:Replace","DemoMod:Polaris"],"picked":"SKIP","floor":8.0},{"not_picked":["DemoMod:ProbeStrike","DemoMod:FastSwitch","DemoMod:AC15"],"picked":"SKIP","floor":11.0},{"not_picked":["DemoMod:BoxingGlove","DemoMod:SkilledReload"],"picked":"DemoMod:Evolver","floor":13.0},{"not_picked":["DemoMod:MachoBrace","DemoMod:StickyCrossBow","DemoMod:Replace"],"picked":"SKIP","floor":14.0}],"player_experience":319811,"relics_obtained":[{"floor":1.0,"key":"LetterFromLob"},{"floor":8.0,"key":"DemoMod:SuperHotWatch"}],"event_choices":[{"damage_healed":0.0,"max_hp_gain":0.0,"max_hp_loss":0.0,"gold_gain":107.0,"event_name":"betterSkull:BetterSkull","player_choice":"GO RE ","floor":5.0,"gold_loss":0.0,"damage_taken":25.0,"cards_upgraded":[],"relics_obtained":["Simple Rune"]}],"is_beta":false,"boss_relics":[],"items_purged_floors":[],"is_endless":false,"potions_floor_spawned":[3,8,13,14],"killed_by":"Hexaghost","ascension_level":5}}