{"host":"1eo5f82aifdzd7pr","time":1610750691,"event":{"mods":["AchievementEnabler","BaseMod","Colored Map","Colored Powertips","DeckTracker","Marisa????????","Minty Spire (QoL Compilation)","StSLib","SuperFastMode"],"gold_per_floor":[119,139,159,173,248,248,267,267,267,267,283,296,309,70,70,168,168,184,109,129,149,13,13,32,52,52,52,52,62,79,91,91,189,189,202,220,232,232,247,247,247,247,247,157,175,194,213,228,228,228],"floor_reached":51,"language":"ENG","playtime":4024,"items_purged":["Defend_P"],"score":603,"play_id":"7b95abe3-a363-45ec-aeab-7e6c02bc9f65","local_time":"20210116004451","is_ascension_mode":false,"campfire_choices":[{"data":"Eruption","floor":6.0,"key":"SMITH"},{"data":"TalkToTheHand","floor":8.0,"key":"SMITH"},{"data":"TalkToTheHand","floor":10.0,"key":"SMITH"},{"floor":15.0,"key":"REST"},{"data":"Vault","floor":23.0,"key":"SMITH"},{"data":"Scrawl","floor":27.0,"key":"SMITH"},{"floor":32.0,"key":"REST"},{"data":"Devotion","floor":40.0,"key":"SMITH"},{"data":"Scrawl","floor":42.0,"key":"SMITH"},{"floor":49.0,"key":"REST"}],"circlet_count":0,"master_deck":["Strike_P","Strike_P","Defend_P","Defend_P+1","Eruption+1","Vigilance","BattleHymn","CutThroughFate","TalkToTheHand+1","TalkToTheHand+1","Wireheading","WheelKick","Scrawl+1","SpiritShield","FlurryOfBlows","InnerPeace+1","Vault+1","Perseverance","CutThroughFate+1","Devotion+1","Scrawl+1","EmptyMind","Parasite","MentalFortress+1","Bandage Up","FlurryOfBlows+1"],"relics":["PureWater"],"acts_visited":["Exordium","TheCity","TheBeyond"],"potions_floor_usage":[50,50,50],"damage_taken":[{"damage":0.0,"enemies":"Jaw Worm","floor":1.0,"turns":5.0},{"damage":5.0,"enemies":"2 Louse","floor":2.0,"turns":3.0},{"damage":5.0,"enemies":"Small Slimes","floor":3.0,"turns":4.0},{"damage":16.0,"enemies":"Gremlin Gang","floor":4.0,"turns":3.0},{"damage":0.0,"enemies":"Exordium Thugs","floor":7.0,"turns":3.0},{"damage":0.0,"enemies":"Blue Slaver","floor":11.0,"turns":4.0},{"damage":5.0,"enemies":"3 Louse","floor":12.0,"turns":2.0},{"damage":6.0,"enemies":"2 Fungi Beasts","floor":13.0,"turns":3.0},{"damage":8.0,"enemies":"The Guardian","floor":16.0,"turns":7.0},{"damage":9.0,"enemies":"Chosen","floor":18.0,"turns":5.0},{"damage":5.0,"enemies":"3 Byrds","floor":20.0,"turns":6.0},{"damage":15.0,"enemies":"Centurion and Healer","floor":21.0,"turns":7.0},{"damage":13.0,"enemies":"Snake Plant","floor":24.0,"turns":5.0},{"damage":0.0,"enemies":"Cultist and Chosen","floor":25.0,"turns":6.0},{"damage":4.0,"enemies":"3 Cultists","floor":29.0,"turns":6.0},{"damage":6.0,"enemies":"Snake Plant","floor":30.0,"turns":6.0},{"damage":3.0,"enemies":"Snecko","floor":31.0,"turns":4.0},{"damage":35.0,"enemies":"Automaton","floor":33.0,"turns":9.0},{"damage":4.0,"enemies":"Orb Walker","floor":35.0,"turns":4.0},{"damage":14.0,"enemies":"3 Shapes","floor":36.0,"turns":10.0},{"damage":16.0,"enemies":"Jaw Worm Horde","floor":37.0,"turns":5.0},{"damage":12.0,"enemies":"Writhing Mass","floor":39.0,"turns":8.0},{"damage":17.0,"enemies":"Sphere and 2 Shapes","floor":45.0,"turns":9.0},{"damage":2.0,"enemies":"Jaw Worm Horde","floor":46.0,"turns":6.0},{"damage":3.0,"enemies":"4 Shapes","floor":47.0,"turns":6.0},{"damage":2.0,"enemies":"Sphere and 2 Shapes","floor":48.0,"turns":6.0},{"damage":25,"enemies":"Time Eater","floor":50,"turns":13}],"seed_played":"7131057758074249179","potions_obtained":[{"floor":3.0,"key":"Swift Potion"},{"floor":11.0,"key":"PowerPotion"},{"floor":13.0,"key":"BottledMiracle"},{"floor":20.0,"key":"Energy Potion"},{"floor":21.0,"key":"LiquidMemories"},{"floor":28.0,"key":"Regen Potion"},{"floor":29.0,"key":"Ambrosia"},{"floor":30.0,"key":"Dexterity Potion"},{"floor":45.0,"key":"Dexterity Potion"},{"floor":46.0,"key":"Energy Potion"},{"floor":48.0,"key":"BlessingOfTheForge"}],"is_trial":false,"path_per_floor":["M","M","M","M","?","R","M","R","T","R","M","M","M","$","R","B",null,"M","?","M","M","$","R","M","M","T","R","?","M","M","M","R","B",null,"M","M","M","?","M","R","?","R","T","?","M","M","M","M","R","B",null],"character_chosen":"WATCHER","items_purchased":["Scrawl","Vault"],"campfire_rested":3,"item_purchase_floors":[14,22],"current_hp_per_floor":[72,67,62,46,35,35,35,35,35,35,35,30,24,24,45,37,72,63,63,58,43,43,43,30,30,30,30,30,26,35,32,53,18,72,68,54,38,38,26,26,26,26,26,26,13,15,16,18,39,18],"gold":228,"neow_bonus":"REMOVE_CARD","is_daily":false,"chose_seed":false,"campfire_upgraded":7,"win_rate":0.0,"timestamp":1610750691,"path_taken":["M","M","M","M","?","R","M","R","T","R","M","M","M","$","R","BOSS","M","?","M","M","$","R","M","M","T","R","?","M","M","M","R","BOSS","M","?","M","?","M","R","?","R","T","?","M","M","M","M","R","BOSS"],"items_purchased_type":["Card","Card"],"build_version":"2020-12-22","purchased_purges":1,"victory":true,"max_hp_per_floor":[72,72,72,72,72,72,72,72,72,72,72,72,72,72,72,72,72,72,72,72,72,72,72,72,72,72,72,72,72,72,72,72,72,72,72,72,72,72,72,72,72,72,72,72,72,72,72,72,72,72],"card_choices":[{"not_picked":["EmptyFist","FlyingSleeves","SashWhip"],"picked":"SKIP","floor":1.0},{"not_picked":["EmptyBody","LikeWater"],"picked":"BattleHymn","floor":2.0},{"not_picked":["Perseverance","Nirvana"],"picked":"CutThroughFate","floor":3.0},{"not_picked":["Wallop","FlyingSleeves"],"picked":"TalkToTheHand","floor":4.0},{"not_picked":["ThirdEye","WheelKick"],"picked":"TalkToTheHand","floor":7.0},{"not_picked":["Crescendo","Indignation","Evaluate"],"picked":"SKIP","floor":11.0},{"not_picked":["CrushJoints","Perseverance"],"picked":"Wireheading","floor":12.0},{"not_picked":["JustLucky","Halt"],"picked":"WheelKick","floor":13.0},{"not_picked":["Ragnarok","ConjureBlade"],"picked":"SpiritShield","floor":16.0},{"not_picked":["JustLucky","Study"],"picked":"FlurryOfBlows","floor":18.0},{"not_picked":["Nirvana","Halt+1"],"picked":"InnerPeace+1","floor":20.0},{"not_picked":["Pray","Consecrate","BowlingBash"],"picked":"SKIP","floor":21.0},{"not_picked":["CutThroughFate","FlyingSleeves","Evaluate"],"picked":"SKIP","floor":24.0},{"not_picked":["Crescendo","JustLucky"],"picked":"Perseverance","floor":25.0},{"not_picked":["EmptyBody+1","CrushJoints"],"picked":"CutThroughFate+1","floor":29.0},{"not_picked":["Evaluate+1","ClearTheMind","FlyingSleeves"],"picked":"SKIP","floor":30.0},{"not_picked":["Protect","Halt+1"],"picked":"Devotion","floor":31.0},{"not_picked":["SpiritShield","ConjureBlade"],"picked":"Scrawl","floor":33.0},{"not_picked":["Sanctity","ThirdEye"],"picked":"EmptyMind","floor":35.0},{"not_picked":["CutThroughFate","JustLucky","Prostrate"],"picked":"SKIP","floor":36.0},{"not_picked":["Crescendo+1","FlyingSleeves+1","WheelKick"],"picked":"SKIP","floor":37.0},{"not_picked":["Protect+1","Evaluate+1"],"picked":"MentalFortress+1","floor":39.0},{"not_picked":["Blind","Sadistic Nature"],"picked":"Bandage Up","floor":41.0},{"not_picked":["Vengeance+1","Crescendo+1","Halt"],"picked":"SKIP","floor":45.0},{"not_picked":["WreathOfFlame","ClearTheMind+1"],"picked":"FlurryOfBlows+1","floor":46.0},{"not_picked":["FollowUp","ThirdEye+1","WheelKick+1"],"picked":"SKIP","floor":47.0},{"not_picked":["CrushJoints+1","FollowUp","EmptyFist"],"picked":"SKIP","floor":48.0}],"player_experience":815306,"relics_obtained":[],"event_choices":[{"damage_healed":0.0,"max_hp_gain":0.0,"max_hp_loss":0.0,"gold_gain":75.0,"event_name":"World of Goop","player_choice":"Gather Gold","floor":5.0,"gold_loss":0.0,"damage_taken":11.0},{"cards_removed":["Strike_P"],"damage_healed":0.0,"max_hp_gain":0.0,"max_hp_loss":0.0,"gold_gain":0.0,"event_name":"Beggar","player_choice":"Gave Gold","floor":19.0,"gold_loss":75.0,"damage_taken":0.0},{"damage_healed":0.0,"max_hp_gain":0.0,"max_hp_loss":0.0,"gold_gain":0.0,"event_name":"Lab","player_choice":"Got Potions","floor":28.0,"gold_loss":0.0,"damage_taken":0.0},{"damage_healed":0.0,"max_hp_gain":0.0,"max_hp_loss":0.0,"gold_gain":0.0,"event_name":"Mysterious Sphere","player_choice":"Ignored","floor":38.0,"gold_loss":0.0,"damage_taken":0.0},{"damage_healed":0.0,"max_hp_gain":0.0,"max_hp_loss":0.0,"gold_gain":0.0,"event_name":"SensoryStone","player_choice":"Memory 1","floor":41.0,"gold_loss":0.0,"damage_taken":0.0},{"cards_removed":["Strike_P"],"damage_healed":0.0,"max_hp_gain":0.0,"max_hp_loss":0.0,"gold_gain":0.0,"event_name":"Designer","player_choice":"Upgrade and Remove","floor":44.0,"gold_loss":90.0,"damage_taken":0.0,"cards_upgraded":["Defend_P"]}],"is_beta":false,"boss_relics":[{"not_picked":["Pandora\u0027s Box","Empty Cage","Cursed Key"]},{"not_picked":["Sozu","SacredBark","VioletLotus"]}],"items_purged_floors":[14],"is_endless":false,"potions_floor_spawned":[3,11,13,20,21,29,30,31,45,46,48],"ascension_level":0}}