{"host":"gg","time":1610683043,"event":{"mods":["BaseMod","Colored Map","Googly Eyes","Minty Spire (QoL Compilation)","Permanent Neow","Relic Stats","The IronCluck"],"gold_per_floor":[116,116,116,133,46,46,79,97,97,47,80,80,114,94,94,168,168,181,14,14,14,14,43,43,76,76,76,132,184,184,20,20,123,123,168,168,4,22,67,67,130,172,172,234,234,287,150,207,207,232,262,262,262,31,60,60],"floor_reached":57,"language":"ENG","playtime":4200,"items_purged":["Pain","Writhe"],"score":3172,"play_id":"1a7f56cc-dc2a-42b5-b002-1698e1fd6edf","local_time":"20210114195723","is_ascension_mode":true,"campfire_choices":[{"data":"Wallop","floor":6.0,"key":"SMITH"},{"floor":12.0,"key":"REST"},{"data":"TalkToTheHand","floor":15.0,"key":"SMITH"},{"data":"CrushJoints","floor":32.0,"key":"SMITH"},{"data":"TalkToTheHand","floor":40.0,"key":"SMITH"},{"floor":49.0,"key":"RECALL"},{"data":"Wish","floor":53.0,"key":"SMITH"}],"circlet_count":0,"master_deck":["AscendersBane","Strike_P","Strike_P","Strike_P","Strike_P","Defend_P","Defend_P","Eruption","Vigilance","EmptyFist","CutThroughFate","Wallop+1","Adaptation","TalkToTheHand+1","Tantrum","Judgement","TalkToTheHand+1","Swivel","Wish+1","FearNoEvil","CrushJoints+1","Ragnarok","Wallop","Ragnarok","Wallop","ThirdEye+1","Ragnarok","WreathOfFlame+1","Wireheading","WaveOfTheHand","SpiritShield"],"relics":["Snecko Eye","Question Card","Juzu Bracelet","Gremlin Horn","Kunai","Mummified Hand","Vajra","Empty Cage","Bag of Marbles","Lantern","StrikeDummy","Toy Ornithopter","Blue Candle","MutagenicStrength","Ginger","Red Mask","Membership Card","Philosopher\u0027s Stone","WarpedTongs","Peace Pipe","Pantograph","Bottled Lightning","Blood Vial","PreservedInsect","Potion Belt","Centennial Puzzle","Sling","TungstenRod"],"acts_visited":["Exordium","TheCity","TheBeyond","TheEnding"],"potions_floor_usage":[56,56,56,56],"damage_taken":[{"damage":0.0,"enemies":"Small Slimes","floor":1.0,"turns":2.0},{"damage":0.0,"enemies":"Cultist","floor":4.0,"turns":3.0},{"damage":2.0,"enemies":"3 Sentries","floor":7.0,"turns":6.0},{"damage":0.0,"enemies":"2 Louse","floor":8.0,"turns":2.0},{"damage":16.0,"enemies":"Gremlin Nob","floor":11.0,"turns":4.0},{"damage":0.0,"enemies":"Lagavulin","floor":13.0,"turns":4.0},{"damage":21.0,"enemies":"Hexaghost","floor":16.0,"turns":9.0},{"damage":5.0,"enemies":"2 Thieves","floor":18.0,"turns":3.0},{"damage":7.0,"enemies":"Slavers","floor":23.0,"turns":3.0},{"damage":0.0,"enemies":"Gremlin Leader","floor":25.0,"turns":3.0},{"damage":10.0,"enemies":"Book of Stabbing","floor":28.0,"turns":2.0},{"damage":0.0,"enemies":"Masked Bandits","floor":29.0,"turns":1.0},{"damage":10.0,"enemies":"Champ","floor":33.0,"turns":9.0},{"damage":1.0,"enemies":"3 Shapes","floor":35.0,"turns":2.0},{"damage":0.0,"enemies":"3 Darklings","floor":38.0,"turns":2.0},{"damage":12.0,"enemies":"Sphere and 2 Shapes","floor":39.0,"turns":2.0},{"damage":2.0,"enemies":"Giant Head","floor":41.0,"turns":3.0},{"damage":0.0,"enemies":"Spire Growth","floor":42.0,"turns":2.0},{"damage":0.0,"enemies":"Reptomancer","floor":44.0,"turns":2.0},{"damage":1.0,"enemies":"Giant Head","floor":46.0,"turns":4.0},{"damage":0.0,"enemies":"Nemesis","floor":48.0,"turns":1.0},{"damage":37.0,"enemies":"Awakened One","floor":50.0,"turns":11.0},{"damage":36.0,"enemies":"Donu and Deca","floor":51.0,"turns":6.0},{"damage":0.0,"enemies":"Shield and Spear","floor":55.0,"turns":2.0},{"damage":76,"enemies":"The Heart","floor":56,"turns":10}],"seed_played":"1861286838487677388","potions_obtained":[{"floor":11.0,"key":"Fire Potion"},{"floor":13.0,"key":"Fire Potion"},{"floor":14.0,"key":"Regen Potion"},{"floor":16.0,"key":"LiquidMemories"},{"floor":35.0,"key":"SteroidPotion"},{"floor":41.0,"key":"Regen Potion"}],"is_trial":false,"path_per_floor":["M","?","?","M","$","R","E","M","T","?","E","R","E","?","R","B",null,"M","$","?","?","$","E","?","E","T","?","E","?","?","$","R","B",null,"M","?","$","M","M","R","E","M","T","E","T","E","$","E","R","B","B",null,"R","$","E","B",null],"character_chosen":"WATCHER","items_purchased":["Wallop","Bag of Marbles","Membership Card","Wallop","Ragnarok","PreservedInsect","Centennial Puzzle","DuplicationPotion","BottledMiracle","Sling"],"campfire_rested":1,"item_purchase_floors":[5,19,31,37,37,47,54,54,54,54],"current_hp_per_floor":[61,66,31,31,31,31,29,29,29,29,13,34,34,34,34,13,58,53,53,53,53,53,46,46,46,46,46,41,41,41,41,41,31,63,62,62,62,62,55,55,53,53,53,53,53,52,52,54,54,36,27,62,62,62,64,27],"gold":60,"neow_bonus":"BOSS_RELIC","is_daily":false,"chose_seed":false,"campfire_upgraded":5,"win_rate":0.0,"timestamp":1610683043,"path_taken":["M","?","?","M","$","R","E","M","T","?","E","R","E","?","R","BOSS","M","$","?","?","?","E","?","E","T","?","E","?","?","?","R","BOSS","M","?","?","M","M","R","E","M","T","E","?","E","$","E","R","BOSS","BOSS","R","$","E","BOSS"],"items_purchased_type":["Card","Relic","Relic","Card","Card","Relic","Relic","Potion","Potion","Relic"],"build_version":"2020-12-18","purchased_purges":2,"victory":true,"max_hp_per_floor":[68,73,73,73,73,73,73,73,73,73,73,73,73,73,73,73,73,73,73,73,73,73,73,73,73,73,73,73,73,73,73,73,73,73,73,73,73,73,73,73,73,73,73,73,73,73,73,73,73,73,73,73,73,73,73,73],"relic_stats":{"Gremlin Horn":[23,23],"counters":[25,98],"Blue Candle":[2],"PreservedInsect":127,"Juzu Bracelet":3,"Ginger":[6],"Question Card":21,"WarpedTongs":[45],"Peace Pipe":0,"Blood Vial":10,"Centennial Puzzle":[2],"Mummified Hand":[30],"Pantograph":49,"Snecko Eye":[183,148,189,192],"Kunai":[48],"obtain_stats":[{"Lantern":21,"Gremlin Horn":9,"Vajra":13,"Juzu Bracelet":7,"Ginger":28,"Empty Cage":17,"Sling":54,"Blood Vial":46,"Centennial Puzzle":54,"Mummified Hand":11,"Pantograph":44,"Philosopher\u0027s Stone":34,"Red Mask":29,"Kunai":10,"Potion Belt":48,"Blue Candle":26,"PreservedInsect":47,"Question Card":3,"WarpedTongs":36,"Peace Pipe":41,"MutagenicStrength":27,"Snecko Eye":0,"Bag of Marbles":19,"Membership Card":31,"Bottled Lightning":45,"PureWater":0,"StrikeDummy":23,"Toy Ornithopter":25,"TungstenRod":55},{"Lantern":8,"Gremlin Horn":4,"Vajra":6,"Juzu Bracelet":3,"Ginger":11,"Empty Cage":7,"Sling":23,"Blood Vial":20,"Centennial Puzzle":23,"Mummified Hand":5,"Pantograph":19,"Philosopher\u0027s Stone":13,"Red Mask":12,"Kunai":4,"Potion Belt":21,"Blue Candle":10,"PreservedInsect":20,"Question Card":1,"WarpedTongs":14,"Peace Pipe":17,"MutagenicStrength":10,"Snecko Eye":0,"Bag of Marbles":8,"Membership Card":12,"Bottled Lightning":19,"PureWater":0,"StrikeDummy":9,"Toy Ornithopter":10,"TungstenRod":24},{"Lantern":33,"Gremlin Horn":13,"Vajra":21,"Juzu Bracelet":11,"Ginger":41,"Empty Cage":30,"Sling":86,"Blood Vial":68,"Centennial Puzzle":86,"Mummified Hand":17,"Pantograph":64,"Philosopher\u0027s Stone":51,"Red Mask":42,"Kunai":13,"Potion Belt":69,"Blue Candle":39,"PreservedInsect":68,"Question Card":2,"WarpedTongs":53,"Peace Pipe":60,"MutagenicStrength":39,"Snecko Eye":0,"Bag of Marbles":33,"Membership Card":42,"Bottled Lightning":64,"PureWater":0,"StrikeDummy":36,"Toy Ornithopter":39,"TungstenRod":88}],"Toy Ornithopter":25,"TungstenRod":24},"card_choices":[{"not_picked":["JustLucky","Crescendo"],"picked":"EmptyFist","floor":1.0},{"not_picked":["BowlingBash","Prostrate","SashWhip"],"picked":"CutThroughFate","floor":4.0},{"not_picked":["ClearTheMind","WindmillStrike","Crescendo","WreathOfFlame"],"picked":"SKIP","floor":7.0},{"not_picked":["Study","ReachHeaven","Collect"],"picked":"Adaptation","floor":8.0},{"not_picked":["Consecrate","CrushJoints","Meditate"],"picked":"TalkToTheHand","floor":11.0},{"not_picked":["Scrawl","ThirdEye","EmptyMind"],"picked":"Tantrum","floor":13.0},{"not_picked":["MasterReality","Vault","ConjureBlade"],"picked":"Judgement","floor":16.0},{"not_picked":["BowlingBash","Consecrate","FlurryOfBlows","Crescendo"],"picked":"SKIP","floor":18.0},{"not_picked":["Evaluate","JustLucky","FlyingSleeves+1"],"picked":"Swivel","floor":23.0},{"not_picked":["FearNoEvil","EmptyBody","WaveOfTheHand"],"picked":"Wish","floor":25.0},{"not_picked":["JustLucky","LikeWater","Consecrate"],"picked":"FearNoEvil","floor":28.0},{"not_picked":["Wireheading","Collect","SashWhip"],"picked":"CrushJoints","floor":29.0},{"not_picked":["ConjureBlade","Brilliance","Blasphemy"],"picked":"Ragnarok","floor":33.0},{"not_picked":["Adaptation+1","JustLucky","BowlingBash","FollowUp"],"picked":"SKIP","floor":35.0},{"not_picked":["WreathOfFlame+1","Halt","Worship"],"picked":"Wallop","floor":38.0},{"not_picked":["EmptyFist+1","Evaluate","EmptyBody"],"picked":"ThirdEye+1","floor":39.0},{"not_picked":["Nirvana","PathToVictory","CrushJoints+1"],"picked":"Ragnarok","floor":41.0},{"not_picked":["BattleHymn","EmptyMind","Halt"],"picked":"WreathOfFlame+1","floor":42.0},{"not_picked":["FlyingSleeves+1","Indignation","Study","Pray"],"picked":"SKIP","floor":44.0},{"not_picked":["FollowUp","Indignation+1","CutThroughFate"],"picked":"Wireheading","floor":46.0},{"not_picked":["Consecrate","LikeWater","InnerPeace+1"],"picked":"WaveOfTheHand","floor":48.0},{"not_picked":["JustLucky","Collect","Prostrate"],"picked":"SpiritShield","floor":55.0}],"player_experience":1190666,"relics_obtained":[{"floor":7.0,"key":"Juzu Bracelet"},{"floor":9.0,"key":"Gremlin Horn"},{"floor":11.0,"key":"Mummified Hand"},{"floor":13.0,"key":"Vajra"},{"floor":23.0,"key":"StrikeDummy"},{"floor":25.0,"key":"Toy Ornithopter"},{"floor":26.0,"key":"Blue Candle"},{"floor":28.0,"key":"Ginger"},{"floor":29.0,"key":"Red Mask"},{"floor":41.0,"key":"Peace Pipe"},{"floor":44.0,"key":"Pantograph"},{"floor":45.0,"key":"Bottled Lightning"},{"floor":46.0,"key":"Blood Vial"},{"floor":48.0,"key":"Potion Belt"},{"floor":55.0,"key":"TungstenRod"}],"event_choices":[{"damage_healed":0.0,"max_hp_gain":5.0,"max_hp_loss":0.0,"gold_gain":0.0,"event_name":"Big Fish","player_choice":"Donut","floor":2.0,"gold_loss":0.0,"damage_taken":0.0},{"damage_healed":0.0,"max_hp_gain":0.0,"max_hp_loss":0.0,"gold_gain":0.0,"event_name":"Scrap Ooze","player_choice":"Success","floor":3.0,"gold_loss":0.0,"damage_taken":35.0,"relics_obtained":["Question Card"]},{"damage_healed":0.0,"max_hp_gain":0.0,"max_hp_loss":0.0,"gold_gain":0.0,"event_name":"WeMeetAgain","player_choice":"Paid Gold","floor":10.0,"gold_loss":50.0,"damage_taken":0.0,"relics_obtained":["Kunai"]},{"damage_healed":0.0,"max_hp_gain":0.0,"max_hp_loss":0.0,"gold_gain":0.0,"event_name":"The Woman in Blue","player_choice":"Bought 1 Potion","floor":14.0,"gold_loss":0.0,"damage_taken":0.0},{"damage_healed":0.0,"max_hp_gain":0.0,"max_hp_loss":0.0,"gold_gain":0.0,"event_name":"The Library","player_choice":"Read","floor":20.0,"gold_loss":0.0,"damage_taken":0.0,"cards_obtained":["TalkToTheHand"]},{"damage_healed":0.0,"max_hp_gain":0.0,"max_hp_loss":0.0,"gold_gain":0.0,"event_name":"The Mausoleum","player_choice":"Opened","floor":21.0,"gold_loss":0.0,"damage_taken":0.0,"relics_obtained":["Lantern"],"cards_obtained":["Writhe"]},{"damage_healed":0.0,"max_hp_gain":0.0,"max_hp_loss":0.0,"gold_gain":0.0,"event_name":"Drug Dealer","player_choice":"Inject Mutagens","floor":27.0,"gold_loss":0.0,"damage_taken":0.0,"relics_obtained":["MutagenicStrength"]},{"damage_healed":0.0,"max_hp_gain":0.0,"max_hp_loss":0.0,"gold_gain":0.0,"event_name":"Masked Bandits","player_choice":"Fought Bandits","floor":29.0,"gold_loss":0.0,"damage_taken":0.0},{"damage_healed":0.0,"max_hp_gain":0.0,"max_hp_loss":0.0,"gold_gain":0.0,"event_name":"Ghosts","player_choice":"Ignored","floor":30.0,"gold_loss":0.0,"damage_taken":0.0},{"damage_healed":0.0,"max_hp_gain":0.0,"max_hp_loss":0.0,"gold_gain":0.0,"event_name":"Accursed Blacksmith","player_choice":"Rummage","floor":36.0,"gold_loss":0.0,"damage_taken":0.0,"relics_obtained":["WarpedTongs"],"cards_obtained":["Pain"]}],"is_beta":true,"boss_relics":[{"not_picked":["Ectoplasm","Tiny House"],"picked":"Empty Cage"},{"not_picked":["Calling Bell","Astrolabe"],"picked":"Philosopher\u0027s Stone"}],"items_purged_floors":[37,47],"is_endless":false,"potions_floor_spawned":[11,13,16,18,25,35,41,46],"ascension_level":20}}