{"host":"7zdktqb5xjtif29d","time":1610738556,"event":{"mods":["AchievementEnabler","BaseMod","Colored Map","Colored Powertips","Highlight Path","Minty Spire (QoL Compilation)","Rare Cards Sparkle","SuperFastMode","Waifu the Spire","everything is the same but u backflip on backflip"],"gold_per_floor":[114,129,129,129,4,4,36,36,36,71,113,139,167,179,191,300,312,343,369,381,146,164,190,190,290,290,324,324,335,347,677,677,775,775,793,811,65,80,97,97,97],"floor_reached":40,"language":"ENG","playtime":1579,"items_purged":["Strike_B","Defend_B"],"score":554,"play_id":"2d02a732-24ed-494f-a1ab-22062ed40019","local_time":"20210115192236","is_ascension_mode":true,"campfire_choices":[{"data":"Zap","floor":6.0,"key":"SMITH"},{"data":"Barrage","floor":8.0,"key":"SMITH"},{"floor":15.0,"key":"REST"},{"floor":24.0,"key":"REST"},{"floor":28.0,"key":"REST"},{"floor":32.0,"key":"REST"}],"circlet_count":0,"master_deck":["Strike_B+1","Defend_B+1","Defend_B","Defend_B","Zap+1","Dualcast","Ball Lightning+1","Barrage+1","Melter+1","Ball Lightning+1","Conserve Battery+1","Barrage+1","Electrodynamics","Melter+1","Loop","Magnetism","Self Repair","Conserve Battery","Conserve Battery","Storm+1","Echo Form","Ball Lightning+1","Defragment","Sunder+1","Heatsinks","Barrage+1","Mayhem","Conserve Battery+1","Loop"],"relics":["Cracked Core","Molten Egg 2","Mercury Hourglass","MawBank","Odd Mushroom","Runic Pyramid","Pocketwatch","InkBottle","The Courier","Old Coin","Black Star","Whetstone","Art of War"],"acts_visited":["Exordium","TheCity","TheBeyond"],"potions_floor_usage":[40,40,40],"damage_taken":[{"damage":0.0,"enemies":"2 Louse","floor":1.0,"turns":3.0},{"damage":0.0,"enemies":"Small Slimes","floor":2.0,"turns":3.0},{"damage":13.0,"enemies":"Lagavulin","floor":7.0,"turns":5.0},{"damage":14.0,"enemies":"Gremlin Nob","floor":10.0,"turns":3.0},{"damage":13.0,"enemies":"The Mushroom Lair","floor":11.0,"turns":3.0},{"damage":1.0,"enemies":"Jaw Worm","floor":12.0,"turns":2.0},{"damage":2.0,"enemies":"3 Louse","floor":13.0,"turns":2.0},{"damage":10.0,"enemies":"Hexaghost","floor":16.0,"turns":6.0},{"damage":0.0,"enemies":"Chosen","floor":18.0,"turns":3.0},{"damage":8.0,"enemies":"3 Byrds","floor":19.0,"turns":3.0},{"damage":11.0,"enemies":"Snake Plant","floor":22.0,"turns":4.0},{"damage":57.0,"enemies":"Slavers","floor":23.0,"turns":4.0},{"damage":2.0,"enemies":"Book of Stabbing","floor":27.0,"turns":3.0},{"damage":9.0,"enemies":"Shelled Parasite and Fungi","floor":29.0,"turns":3.0},{"damage":12.0,"enemies":"Centurion and Healer","floor":30.0,"turns":4.0},{"damage":26.0,"enemies":"Slavers","floor":31.0,"turns":3.0},{"damage":41.0,"enemies":"Automaton","floor":33.0,"turns":9.0},{"damage":6.0,"enemies":"3 Shapes","floor":35.0,"turns":3.0},{"damage":11.0,"enemies":"3 Darklings","floor":36.0,"turns":4.0},{"damage":7.0,"enemies":"Sphere and 2 Shapes","floor":38.0,"turns":3.0},{"damage":13.0,"enemies":"Transient","floor":39.0,"turns":5.0},{"damage":97,"enemies":"Giant Head","floor":40,"turns":7}],"seed_played":"5839310494176417044","potions_obtained":[{"floor":1.0,"key":"SteroidPotion"},{"floor":7.0,"key":"SteroidPotion"},{"floor":12.0,"key":"PotionOfCapacity"},{"floor":16.0,"key":"DistilledChaos"},{"floor":19.0,"key":"FearPotion"},{"floor":29.0,"key":"DuplicationPotion"},{"floor":33.0,"key":"PowerPotion"},{"floor":35.0,"key":"Strength Potion"},{"floor":36.0,"key":"Fruit Juice"},{"floor":39.0,"key":"AttackPotion"}],"is_trial":false,"path_per_floor":["M","M","?","?","$","R","E","R","T","E","?","M","M","?","R","B",null,"M","M","?","$","M","E","R","?","T","E","R","M","M","E","R","B",null,"M","M","$","M","M","E"],"character_chosen":"DEFECT","items_purchased":["Barrage","Loop","Magnetism","Defragment","Fruit Juice","Sunder+1","Heatsinks","Whetstone","Barrage+1","Mayhem","Art of War"],"campfire_rested":4,"item_purchase_floors":[5,21,21,37,37,37,37,37,37,37,37],"current_hp_per_floor":[82,82,66,59,59,59,46,46,46,32,19,18,16,16,40,30,82,82,74,74,74,63,6,30,30,30,35,59,57,52,33,57,23,82,76,70,75,68,62,0,0],"gold":97,"neow_bonus":"TEN_PERCENT_HP_BONUS","is_daily":false,"chose_seed":false,"campfire_upgraded":2,"win_rate":0.0,"timestamp":1610738556,"path_taken":["M","M","?","?","$","R","E","R","T","E","?","M","M","?","R","BOSS","M","M","?","$","M","E","R","?","T","E","R","M","M","E","R","BOSS","M","?","$","M","M","E"],"items_purchased_type":["Card","Card","Card","Card","Potion","Card","Card","Relic","Card","Card","Relic"],"build_version":"2020-12-22","purchased_purges":2,"victory":false,"max_hp_per_floor":[82,82,82,82,82,82,82,82,82,82,82,82,82,82,82,82,82,82,82,82,82,82,82,82,82,82,82,82,82,82,82,82,82,82,82,87,92,92,92,92,92],"card_choices":[{"not_picked":["Heatsinks","Stack"],"picked":"Ball Lightning","floor":1.0},{"not_picked":["Hologram","Redo","Leap"],"picked":"SKIP","floor":2.0},{"not_picked":["Turbo","Multi-Cast","Fusion"],"picked":"SKIP","floor":7.0},{"not_picked":["Auto Shields","White Noise"],"picked":"Melter+1","floor":10.0},{"not_picked":["Go for the Eyes+1","Scrape+1"],"picked":"Ball Lightning+1","floor":11.0},{"not_picked":["Static Discharge","Go for the Eyes+1"],"picked":"Conserve Battery","floor":12.0},{"not_picked":["Hologram","Redo"],"picked":"Barrage+1","floor":13.0},{"not_picked":["Biased Cognition","Buffer"],"picked":"Electrodynamics","floor":16.0},{"not_picked":["Leap","Steam","Beam Cell+1"],"picked":"SKIP","floor":18.0},{"not_picked":["Leap","Sweeping Beam+1"],"picked":"Melter+1","floor":19.0},{"not_picked":["Compile Driver+1","Gash+1","Coolheaded+1"],"picked":"SKIP","floor":22.0},{"not_picked":["Core Surge+1","Beam Cell+1"],"picked":"Self Repair","floor":23.0},{"not_picked":["Sweeping Beam+1","Barrage+1"],"picked":"Conserve Battery","floor":27.0},{"not_picked":["Streamline+1","Steam"],"picked":"Conserve Battery","floor":29.0},{"not_picked":["Hologram","Beam Cell+1","Go for the Eyes+1"],"picked":"SKIP","floor":30.0},{"not_picked":["Gash+1","Rebound+1"],"picked":"Storm+1","floor":31.0},{"not_picked":["Fission","Reboot"],"picked":"Echo Form","floor":33.0},{"not_picked":["Reprogram+1","Fusion"],"picked":"Ball Lightning+1","floor":35.0},{"not_picked":["Beam Cell+1","Skim","Redo"],"picked":"SKIP","floor":36.0},{"not_picked":["Streamline+1","Lockon+1"],"picked":"Conserve Battery+1","floor":38.0},{"not_picked":["Redo+1","FTL+1"],"picked":"Loop","floor":39.0}],"player_experience":214991,"relics_obtained":[{"floor":7.0,"key":"Molten Egg 2"},{"floor":9.0,"key":"Mercury Hourglass"},{"floor":10.0,"key":"MawBank"},{"floor":11.0,"key":"Odd Mushroom"},{"floor":23.0,"key":"Pocketwatch"},{"floor":26.0,"key":"InkBottle"},{"floor":27.0,"key":"The Courier"},{"floor":31.0,"key":"Old Coin"}],"event_choices":[{"damage_healed":0.0,"max_hp_gain":0.0,"max_hp_loss":0.0,"gold_gain":0.0,"event_name":"Shining Light","player_choice":"Entered Light","floor":3.0,"gold_loss":0.0,"damage_taken":16.0,"cards_upgraded":["Strike_B","Defend_B"]},{"cards_removed":["Strike_B"],"damage_healed":0.0,"max_hp_gain":0.0,"max_hp_loss":0.0,"gold_gain":0.0,"event_name":"Golden Wing","player_choice":"Card Removal","floor":4.0,"gold_loss":0.0,"damage_taken":7.0},{"damage_healed":0.0,"max_hp_gain":0.0,"max_hp_loss":0.0,"gold_gain":0.0,"event_name":"Mushrooms","player_choice":"Fought Mushrooms","floor":11.0,"gold_loss":0.0,"damage_taken":0.0},{"damage_healed":0.0,"max_hp_gain":0.0,"max_hp_loss":0.0,"gold_gain":0.0,"event_name":"Living Wall","player_choice":"Grow","floor":14.0,"gold_loss":0.0,"damage_taken":0.0,"cards_upgraded":["Conserve Battery"]},{"cards_removed":["Strike_B"],"damage_healed":0.0,"max_hp_gain":0.0,"max_hp_loss":0.0,"gold_gain":0.0,"event_name":"Back to Basics","player_choice":"Elegance","floor":20.0,"gold_loss":0.0,"damage_taken":0.0},{"damage_healed":0.0,"max_hp_gain":0.0,"max_hp_loss":0.0,"gold_gain":100.0,"event_name":"Golden Shrine","player_choice":"Pray","floor":25.0,"gold_loss":0.0,"damage_taken":0.0}],"is_beta":false,"boss_relics":[{"not_picked":["Nuclear Battery","Empty Cage"],"picked":"Runic Pyramid"},{"not_picked":["Cursed Key","Tiny House"],"picked":"Black Star"}],"items_purged_floors":[5,37],"is_endless":false,"potions_floor_spawned":[1,7,12,16,19,29,33,35,36,39],"killed_by":"Giant Head","ascension_level":1}}