{"host":"37dk0reb6x0du8wx","time":1610709660,"event":{"mods":["BaseMod","Colored Map","DeckTracker","Minty Spire (QoL Compilation)","Quick Restart","StSLib"],"gold_per_floor":[116,116,116,132,158,192,192,225,225,101,101,142,155,195,195,315,315,334,353,104,104,104,104],"floor_reached":22,"language":"KOR","playtime":773,"items_purged":["Strike_B","Strike_B"],"score":282,"play_id":"bf7c1d30-afba-46c3-b951-a20685323c8e","local_time":"20210115202100","is_ascension_mode":true,"campfire_choices":[{"floor":7,"key":"REST"},{"floor":11,"key":"REST"},{"floor":15,"key":"REST"}],"circlet_count":0,"master_deck":["Strike_B","Strike_B","Defend_B","Defend_B","Defend_B","Defend_B","Zap","Dualcast","Chill","Leap","Reinforced Body","Doom and Gloom","Reinforced Body","Auto Shields"],"relics":["Cracked Core","NeowsBlessing","Strawberry","Golden Idol","Regal Pillow","Dream Catcher","Kunai","Question Card","Mummified Hand","Frozen Egg 2","Velvet Choker","Strange Spoon","Ornamental Fan"],"acts_visited":["Exordium","TheCity"],"potions_floor_usage":[8],"damage_taken":[{"damage":0,"enemies":"Cultist","floor":1,"turns":1},{"damage":0,"enemies":"Small Slimes","floor":4,"turns":1},{"damage":0,"enemies":"Lagavulin","floor":6,"turns":1},{"damage":10,"enemies":"3 Sentries","floor":8,"turns":10},{"damage":24,"enemies":"Lagavulin","floor":12,"turns":10},{"damage":0,"enemies":"Jaw Worm","floor":13,"turns":3},{"damage":11,"enemies":"3 Sentries","floor":14,"turns":9},{"damage":72,"enemies":"Slime Boss","floor":16,"turns":12},{"damage":3,"enemies":"Spheric Guardian","floor":18,"turns":6},{"damage":0,"enemies":"Shell Parasite","floor":19,"turns":6},{"damage":78,"enemies":"Masked Bandits","floor":22,"turns":7}],"seed_played":"7841715830095472834","potions_obtained":[{"floor":1,"key":"ColorlessPotion"},{"floor":13,"key":"EssenceOfSteel"},{"floor":14,"key":"FearPotion"},{"floor":16,"key":"Strength Potion"}],"is_trial":false,"path_per_floor":["M","?","?","M","T","E","R","E","T","$","R","E","M","E","R","B",null,"M","M","$","T","?"],"character_chosen":"DEFECT","items_purchased":["Leap","Strange Spoon"],"campfire_rested":3,"item_purchase_floors":[10,20],"current_hp_per_floor":[75,70,50,50,50,50,82,72,72,72,82,58,58,47,82,10,82,79,79,79,79,1,1],"gold":104,"neow_bonus":"THREE_ENEMY_KILL","is_daily":false,"chose_seed":false,"campfire_upgraded":0,"win_rate":0.0,"timestamp":1610709660,"path_taken":["M","?","?","M","?","E","R","E","T","$","R","E","M","E","R","BOSS","M","M","$","?","?"],"items_purchased_type":["Card","Relic"],"build_version":"2020-12-22","purchased_purges":2,"victory":false,"max_hp_per_floor":[75,82,82,82,82,82,82,82,82,82,82,82,82,82,82,82,82,82,82,82,82,82,82],"card_choices":[{"not_picked":["Recycle","Gash","Double Energy"],"picked":"SKIP","floor":1},{"not_picked":["Gash","Streamline","Barrage"],"picked":"SKIP","floor":4},{"not_picked":["Turbo","Undo","Compile Driver"],"picked":"SKIP","floor":6},{"not_picked":["Steam","Beam Cell"],"picked":"Chill","floor":7},{"not_picked":["Sweeping Beam","Barrage","Compile Driver"],"picked":"SKIP","floor":8},{"not_picked":["Blizzard","Go for the Eyes","Beam Cell"],"picked":"Reinforced Body","floor":11},{"not_picked":["Rainbow","Barrage","Stack","Redo"],"picked":"SKIP","floor":12},{"not_picked":["Hello World","Gash","Redo"],"picked":"Doom and Gloom","floor":13},{"not_picked":["Aggregate","Tempest","Sweeping Beam"],"picked":"Reinforced Body","floor":14},{"not_picked":["Doom and Gloom","Leap+1","Go for the Eyes"],"picked":"Auto Shields","floor":18},{"not_picked":["Stack","Storm+1","Rebound","Go for the Eyes+1"],"picked":"SKIP","floor":19}],"player_experience":164871,"relics_obtained":[{"floor":5,"key":"Regal Pillow"},{"floor":6,"key":"Dream Catcher"},{"floor":8,"key":"Kunai"},{"floor":9,"key":"Question Card"},{"floor":12,"key":"Mummified Hand"},{"floor":14,"key":"Frozen Egg 2"},{"floor":21,"key":"Ornamental Fan"}],"event_choices":[{"damage_healed":0,"gold_gain":0,"player_choice":"Success","damage_taken":12,"relics_obtained":["Strawberry"],"max_hp_gain":0,"max_hp_loss":0,"event_name":"Scrap Ooze","floor":2,"gold_loss":0},{"damage_healed":0,"gold_gain":0,"player_choice":"Take Damage","damage_taken":20,"relics_obtained":["Golden Idol"],"max_hp_gain":0,"max_hp_loss":0,"event_name":"Golden Idol","floor":3,"gold_loss":0},{"damage_healed":0,"gold_gain":0,"player_choice":"Fought Bandits","damage_taken":0,"max_hp_gain":0,"max_hp_loss":0,"event_name":"Masked Bandits","floor":22,"gold_loss":0}],"is_beta":false,"boss_relics":[{"not_picked":["Cursed Key","Inserter"],"picked":"Velvet Choker"}],"items_purged_floors":[10,20],"is_endless":false,"potions_floor_spawned":[1,13,14,16,18],"killed_by":"Masked Bandits","ascension_level":4}}