{"host":"8pjvbxl6xo882v42","time":1610709270,"event":{"mods":["AchievementEnabler","BaseMod","Minty Spire (QoL Compilation)","Replay The Spire","StSLib","The Cursed"],"gold_per_floor":[117,117,117,117,130,78,78,78,103,47,72,72,72,122,122,140,140,236,236,236,161,161,101,1,1,1],"floor_reached":25,"language":"FRA","playtime":831,"items_purged":["Normality","Voices"],"score":429,"play_id":"18f779cc-c610-4789-94bb-3757ff992c8a","local_time":"20210115121430","is_ascension_mode":true,"campfire_choices":[{"data":"Cleave","floor":8,"key":"SMITH"},{"data":"Pommel Strike","floor":13,"key":"SMITH"},{"data":"ReplayTheSpireMod:Corrosion Curse","floor":15,"key":"SMITH"}],"circlet_count":0,"master_deck":["AscendersBane","Strike_R","Strike_R","Strike_R","Strike_R","Defend_R","Defend_R","Defend_R","Defend_R","Bash+1","ReplayTheSpireMod:Corrosion Curse+1","ReplayTheSpireMod:Corrosion Curse","Perfected Strike+1","Cleave+1","Wild Strike","Pommel Strike+1","Flex","Impervious","Ghostly","Ghostly","Ghostly"],"relics":["Burning Blood","NeowsBlessing","Replay:Baseball","Red Skull","Golden Idol","Ring of Greed","Replay:Wax Seal","MealTicket","ReplayTheSpireMod:Ring of Exchange","Ectoplasm"],"acts_visited":["Exordium","TheCity"],"potions_floor_usage":[18,25],"damage_taken":[{"damage":0,"enemies":"Jaw Worm","floor":1,"turns":1},{"damage":0,"enemies":"Cultist","floor":5,"turns":1},{"damage":0,"enemies":"Gremlin Nob","floor":9,"turns":1},{"damage":4,"enemies":"Small Slimes","floor":16,"turns":3},{"damage":39,"enemies":"The Guardian","floor":18,"turns":8},{"damage":6,"enemies":"Chosen","floor":20,"turns":4},{"damage":2,"enemies":"2 Thieves","floor":23,"turns":4},{"damage":47,"enemies":"Gremlin Leader","floor":25,"turns":7}],"seed_played":"-1747382504002222345","potions_obtained":[{"floor":5,"key":"PowerPotion"},{"floor":9,"key":"Fire Potion"}],"is_trial":false,"path_per_floor":["M","?","PTL","PTL","M","$","?","R","E","$","T","?","R","?","R","M","R","B",null,"M","$","?","M","$","E"],"character_chosen":"IRONCLAD","items_purchased":["Cleave","Pommel Strike"],"campfire_rested":0,"item_purchase_floors":[6,10],"current_hp_per_floor":[74,74,74,74,75,75,75,75,75,75,75,49,49,49,49,51,73,40,66,66,75,37,37,37,0,0],"gold":1,"neow_bonus":"THREE_ENEMY_KILL","is_daily":false,"chose_seed":false,"campfire_upgraded":3,"win_rate":0.0,"timestamp":1610709270,"path_taken":["M","?","PTL","PTL","M","$","?","R","E","?","T","?","R","?","R","M","R","BOSS","M","$","?","M","$","E"],"items_purchased_type":["Card","Card"],"build_version":"2020-12-22","purchased_purges":2,"victory":false,"max_hp_per_floor":[75,75,75,75,75,75,75,75,75,75,75,75,75,75,75,75,75,75,75,75,75,37,37,37,37,37],"card_choices":[{"not_picked":["Heavy Blade","Entrench"],"picked":"ReplayTheSpireMod:Corrosion Curse","floor":1},{"not_picked":["Clash","Dark Embrace"],"picked":"Perfected Strike","floor":5},{"not_picked":["Perfected Strike","Headbutt"],"picked":"Wild Strike","floor":9},{"not_picked":["Clothesline","Carnage"],"picked":"Flex","floor":16},{"not_picked":["Berserk","Bludgeon"],"picked":"Impervious","floor":18},{"not_picked":["Entrench","True Grit","Warcry"],"picked":"SKIP","floor":20},{"not_picked":["Rupture","Clash","Body Slam"],"picked":"SKIP","floor":23}],"player_experience":327126,"relics_obtained":[{"floor":9,"key":"Replay:Baseball"},{"floor":11,"key":"Red Skull"},{"floor":14,"key":"Ring of Greed"},{"floor":14,"key":"Replay:Wax Seal"},{"floor":14,"key":"MealTicket"},{"floor":14,"key":"ReplayTheSpireMod:Ring of Exchange"}],"event_choices":[{"damage_healed":0,"gold_gain":0,"cards_transformed":["Strike_R"],"player_choice":"Transformed","damage_taken":0,"max_hp_gain":0,"max_hp_loss":0,"event_name":"Transmorgrifier","floor":2,"gold_loss":0,"cards_obtained":["ReplayTheSpireMod:Corrosion Curse"]},{"damage_healed":0,"gold_gain":0,"player_choice":"Grow","damage_taken":0,"max_hp_gain":0,"max_hp_loss":0,"event_name":"Living Wall","floor":7,"gold_loss":0,"cards_upgraded":["Bash"]},{"damage_healed":0,"gold_gain":0,"player_choice":"Take Damage","damage_taken":26,"relics_obtained":["Golden Idol"],"max_hp_gain":0,"max_hp_loss":0,"event_name":"Golden Idol","floor":12,"gold_loss":0},{"damage_healed":0,"gold_gain":0,"player_choice":"Became a Ghost","damage_taken":0,"max_hp_gain":0,"max_hp_loss":38,"event_name":"Ghosts","floor":22,"gold_loss":0,"cards_obtained":["Ghostly","Ghostly","Ghostly"]}],"is_beta":false,"boss_relics":[{"not_picked":["Runic Cube","Ooze Armor"],"picked":"Ectoplasm"}],"items_purged_floors":[21,24],"is_endless":false,"potions_floor_spawned":[5,9],"killed_by":"Gremlin Leader","ascension_level":19}}