{"host":"2pmmafybkq7zb6na","time":1610726855,"event":{"mods":["AchievementEnabler","BaseMod","Colored Map","Highlight Path","Minty Spire (QoL Compilation)","Quick Restart","StSLib","SuperFastMode"],"gold_per_floor":[114,131,144,157,176,176,192,192,192,192,48,60,90,40,40,136,136,146,71,71,71,71,71,71,71,71,71,71,86,97,197,197,296,296,315,315,329,329,348,348,398,398,398,422,322,333,333,208,208,208],"floor_reached":51,"language":"KOR","playtime":3366,"items_purged":["Defend_R","Defend_R","Strike_R"],"score":643,"play_id":"7611dfb7-aed6-486f-9e2f-7b175850c41c","local_time":"20210116010735","is_ascension_mode":false,"campfire_choices":[{"data":"Seeing Red","floor":6,"key":"SMITH"},{"data":"Enlightenment","floor":8,"key":"SMITH"},{"data":"Bash","floor":10,"key":"SMITH"},{"data":"Heavy Blade","floor":15,"key":"SMITH"},{"data":"Battle Trance","floor":23,"key":"SMITH"},{"data":"Demon Form","floor":25,"key":"SMITH"},{"data":"Inflame","floor":28,"key":"SMITH"},{"floor":32,"key":"REST"},{"floor":40,"key":"REST"},{"data":"Heavy Blade","floor":42,"key":"SMITH"},{"data":"Purity","floor":49,"key":"SMITH"}],"circlet_count":0,"master_deck":["Strike_R","Strike_R","Strike_R","Bash+1","Enlightenment+1","Clash","Shrug It Off+1","Battle Trance+1","Shrug It Off","Seeing Red+1","Cleave","Perfected Strike","Flex","Heavy Blade+1","Dual Wield+1","Flex","Demon Form+1","Inflame+1","Uppercut","Limit Break","Inflame","Purity+1","Heavy Blade+1"],"relics":["Burning Blood","Sundial","Orrery","War Paint","Philosopher\u0027s Stone","Nloth\u0027s Gift","Eternal Feather","Ginger","Bottled Flame","Runic Pyramid","Magic Flower","InkBottle","MealTicket"],"acts_visited":["Exordium","TheCity","TheBeyond"],"potions_floor_usage":[7,16,16,33,33,50,50],"damage_taken":[{"damage":9,"enemies":"2 Louse","floor":1,"turns":2},{"damage":0,"enemies":"Cultist","floor":2,"turns":3},{"damage":5,"enemies":"Jaw Worm","floor":3,"turns":4},{"damage":10,"enemies":"3 Louse","floor":4,"turns":3},{"damage":8,"enemies":"2 Fungi Beasts","floor":5,"turns":6},{"damage":12,"enemies":"Gremlin Gang","floor":7,"turns":5},{"damage":0,"enemies":"Large Slime","floor":12,"turns":5},{"damage":31,"enemies":"3 Sentries","floor":13,"turns":9},{"damage":33,"enemies":"Hexaghost","floor":16,"turns":10},{"damage":3,"enemies":"Shell Parasite","floor":18,"turns":3},{"damage":19,"enemies":"Spheric Guardian","floor":29,"turns":4},{"damage":13,"enemies":"Chosen and Byrds","floor":30,"turns":4},{"damage":31,"enemies":"Colosseum Slavers","floor":31,"turns":4},{"damage":8,"enemies":"Colosseum Nobs","floor":31,"turns":3},{"damage":43,"enemies":"Automaton","floor":33,"turns":7},{"damage":26,"enemies":"3 Darklings","floor":35,"turns":3},{"damage":19,"enemies":"Orb Walker","floor":37,"turns":3},{"damage":36,"enemies":"Transient","floor":39,"turns":5},{"damage":0,"enemies":"Mind Bloom Boss Battle","floor":41,"turns":5},{"damage":6,"enemies":"Maw","floor":46,"turns":3},{"damage":53,"enemies":"Time Eater","floor":50,"turns":4}],"seed_played":"4944283750298925035","potions_obtained":[{"floor":1,"key":"PowerPotion"},{"floor":4,"key":"SkillPotion"},{"floor":5,"key":"Dexterity Potion"},{"floor":12,"key":"Strength Potion"},{"floor":13,"key":"Weak Potion"},{"floor":29,"key":"FearPotion"},{"floor":30,"key":"BlessingOfTheForge"},{"floor":31,"key":"HeartOfIron"},{"floor":37,"key":"EssenceOfSteel"},{"floor":39,"key":"FairyPotion"}],"is_trial":false,"path_per_floor":["M","M","M","M","M","R","M","R","T","R","$","M","E","?","R","B",null,"M","$","?","?","?","R","?","R","T","$","R","M","M","?","R","B",null,"M","?","M","?","M","R","?","R","T","T","$","M","?","$","R","B",null],"character_chosen":"IRONCLAD","items_purchased":["Orrery"],"campfire_rested":2,"item_purchase_floors":[11],"current_hp_per_floor":[77,80,80,76,74,74,68,68,68,68,68,74,49,49,49,34,80,80,80,80,80,80,80,80,80,80,80,80,67,60,33,69,32,80,60,60,47,47,17,53,59,74,74,74,80,80,80,80,80,36],"gold":208,"neow_bonus":"RANDOM_COLORLESS","is_daily":false,"chose_seed":false,"campfire_upgraded":9,"win_rate":0.0,"timestamp":1610726855,"path_taken":["M","M","M","M","M","R","M","R","T","R","$","M","E","?","R","BOSS","M","$","?","?","?","R","?","R","T","$","R","?","M","?","R","BOSS","M","?","M","?","?","R","?","R","T","?","$","?","?","$","R","BOSS"],"items_purchased_type":["Relic"],"build_version":"2020-12-22","purchased_purges":3,"victory":true,"max_hp_per_floor":[80,80,80,80,80,80,80,80,80,80,80,80,80,80,80,80,80,80,80,80,80,80,80,80,80,80,80,80,80,80,80,80,80,80,80,80,80,80,80,80,80,80,80,80,80,80,80,80,80,80],"card_choices":[{"not_picked":["Panacea","Deep Breath"],"picked":"Enlightenment","floor":0},{"not_picked":["Body Slam","Searing Blow"],"picked":"Clash","floor":1},{"not_picked":["Iron Wave","Fire Breathing"],"picked":"Shrug It Off","floor":2},{"not_picked":["Clash","Disarm"],"picked":"Battle Trance","floor":3},{"not_picked":["Twin Strike","Spot Weakness"],"picked":"Shrug It Off","floor":4},{"not_picked":["Twin Strike","Sword Boomerang"],"picked":"Seeing Red","floor":5},{"not_picked":["Shrug It Off","Anger"],"picked":"Cleave","floor":7},{"not_picked":["Warcry","Fire Breathing"],"picked":"Perfected Strike","floor":11},{"not_picked":["Shockwave","Heavy Blade"],"picked":"Flex","floor":11},{"not_picked":["Sword Boomerang","Warcry"],"picked":"Heavy Blade","floor":11},{"not_picked":["Corruption","Warcry"],"picked":"Dual Wield","floor":11},{"not_picked":["Heavy Blade","Thunderclap","Headbutt"],"picked":"SKIP","floor":12},{"not_picked":["Rampage","Perfected Strike"],"picked":"Flex","floor":13},{"not_picked":["Impervious","Fiend Fire"],"picked":"Demon Form","floor":16},{"not_picked":["Warcry","Disarm","Dual Wield"],"picked":"SKIP","floor":18},{"not_picked":["Thunderclap","Fiend Fire","Anger"],"picked":"SKIP","floor":29},{"not_picked":["True Grit","Sword Boomerang","Brutality"],"picked":"SKIP","floor":30},{"not_picked":["Impervious","Feed"],"picked":"Limit Break","floor":33},{"not_picked":["Armaments","Dual Wield"],"picked":"Inflame","floor":35},{"not_picked":["Apotheosis","Flash of Steel"],"picked":"Purity","floor":36},{"not_picked":["Thunderclap+1","Perfected Strike","Pommel Strike"],"picked":"SKIP","floor":37},{"not_picked":["Second Wind+1","Limit Break","Perfected Strike+1"],"picked":"SKIP","floor":39},{"not_picked":["Cleave","Dual Wield"],"picked":"Heavy Blade","floor":41},{"not_picked":["Dropkick","Sword Boomerang","Intimidate"],"picked":"SKIP","floor":46}],"player_experience":29376,"relics_obtained":[{"floor":9,"key":"Sundial"},{"floor":13,"key":"War Paint"},{"floor":26,"key":"Eternal Feather"},{"floor":31,"key":"Ginger"},{"floor":31,"key":"Bottled Flame"},{"floor":41,"key":"Magic Flower"},{"floor":43,"key":"InkBottle"},{"floor":44,"key":"MealTicket"}],"event_choices":[{"damage_healed":0,"gold_gain":0,"player_choice":"Paid Gold","damage_taken":0,"relics_obtained":["Meat on the Bone"],"max_hp_gain":0,"max_hp_loss":0,"event_name":"WeMeetAgain","floor":14,"gold_loss":50},{"damage_healed":0,"gold_gain":0,"cards_transformed":["Strike_R","Defend_R"],"player_choice":"Became Test Subject","damage_taken":0,"max_hp_gain":0,"max_hp_loss":0,"event_name":"Drug Dealer","floor":20,"gold_loss":0,"cards_obtained":["Inflame","Uppercut"]},{"damage_healed":0,"gold_gain":0,"player_choice":"Ignored","damage_taken":0,"max_hp_gain":0,"max_hp_loss":0,"event_name":"Ghosts","floor":21,"gold_loss":0},{"damage_healed":0,"gold_gain":0,"player_choice":"Ignored","damage_taken":0,"max_hp_gain":0,"max_hp_loss":0,"event_name":"Vampires","floor":22,"gold_loss":0},{"damage_healed":0,"gold_gain":0,"player_choice":"Traded Relic","damage_taken":0,"relics_obtained":["Nloth\u0027s Gift"],"max_hp_gain":0,"max_hp_loss":0,"event_name":"N\u0027loth","floor":24,"relics_lost":["Meat on the Bone"],"gold_loss":0},{"damage_healed":0,"gold_gain":0,"player_choice":"Fight","damage_taken":0,"max_hp_gain":0,"max_hp_loss":0,"event_name":"Colosseum","floor":31,"gold_loss":0},{"damage_healed":0,"gold_gain":0,"player_choice":"Fought Nobs","damage_taken":0,"max_hp_gain":0,"max_hp_loss":0,"event_name":"Colosseum","floor":31,"gold_loss":0},{"damage_healed":0,"gold_gain":0,"player_choice":"Memory 1","damage_taken":0,"max_hp_gain":0,"max_hp_loss":0,"event_name":"SensoryStone","floor":36,"gold_loss":0},{"cards_removed":["Defend_R"],"damage_healed":0,"gold_gain":0,"player_choice":"Purged","damage_taken":0,"max_hp_gain":0,"max_hp_loss":0,"event_name":"Purifier","floor":38,"gold_loss":0},{"damage_healed":0,"gold_gain":0,"player_choice":"Fight","damage_taken":0,"max_hp_gain":0,"max_hp_loss":0,"event_name":"MindBloom","floor":41,"gold_loss":0},{"damage_healed":0,"gold_gain":0,"player_choice":"Ignored","damage_taken":0,"max_hp_gain":0,"max_hp_loss":0,"event_name":"Tomb of Lord Red Mask","floor":47,"gold_loss":0}],"is_beta":false,"boss_relics":[{"not_picked":["Busted Crown","Snecko Eye"],"picked":"Philosopher\u0027s Stone"},{"not_picked":["Astrolabe","Tiny House"],"picked":"Runic Pyramid"}],"items_purged_floors":[19,45,48],"is_endless":false,"potions_floor_spawned":[1,4,5,12,13,29,30,31,31,37,39,46],"ascension_level":0}}