{"host":"guwca93h2ke9l2g3","time":1610687664,"event":{"mods":["100% Spire Juice","2.2 Compatiblity","Act Like it!","Arknights The Spire","Aspiration","BaseMod","Better Skull","ChefMod","Colored Powertips","Conspire","Dark Map","Downfall","Fox Events","GungeonMod","Halation","Hallownest","HololiveMod","Hubris","Infinite Spire","Lobotomy","LobotomyExtend","Marked Mod","Minty Spire (QoL Compilation)","Permanent Neow","Potionbrewer","Prisma Mod","Quick Restart","Relic Sorter","Relic Stats","Replay The Spire","Robot Space Explorer","Shade Mod","Spicy Shops","StSLib","The Alterego","The Animator","The Bug Knight","The Cursed","The Marked","The Mystic","The Necromancer","The Poker Player","TheVacant","TheWitcher","Waifu the Spire","WarShipGirlsR/????R mod","Yakumo Yukari mod","Yuri Mod","vexMod"],"gold_per_floor":[116,134,148,148,163,169,180,180,180,191,191,354,364,382,382,408,408,408,433,433,433],"floor_reached":11,"language":"ENG","playtime":1284,"items_purged":[],"score":116,"play_id":"de7ec20f-9bf0-462d-a0e3-933ae6185b12","local_time":"20210114231424","is_ascension_mode":true,"campfire_choices":[{"floor":8,"key":"REST"},{"floor":6,"key":"RECALL"},{"floor":8,"key":"REST"}],"circlet_count":0,"master_deck":["DemoMod:Strike_Huntress","DemoMod:Strike_Huntress","DemoMod:Strike_Huntress","DemoMod:Defend_Huntress","DemoMod:Defend_Huntress","DemoMod:Defend_Huntress","DemoMod:Roll+1","DemoMod:ManualReload","DemoMod:RustySidearm+1","DemoMod:CrossBow","DemoMod:HuntsMan","DemoMod:BulletBore","DemoMod:Camera","DemoMod:HuntsMan","DemoMod:HuntsMan","DemoMod:ZorGun","DemoMod:Evolver","DemoMod:DirectionalPad"],"relics":["Bird Faced Urn","LetterFromLob","vexMod:DeviousBotling","Replay:Mystery Machine","Darkstone Periapt"],"acts_visited":["Exordium"],"potions_floor_usage":[5,11],"damage_taken":[{"damage":0,"enemies":"Small Slimes","floor":1,"turns":2},{"damage":5,"enemies":"2 Louse","floor":2,"turns":3},{"damage":1,"enemies":"Cultist","floor":3,"turns":3},{"damage":11,"enemies":"Exordium Wildlife","floor":5,"turns":2},{"damage":20,"enemies":"3 Sentries","floor":6,"turns":6},{"damage":16,"enemies":"Blue Slaver","floor":7,"turns":3},{"damage":2,"enemies":"2 Louse","floor":1,"turns":2},{"damage":2,"enemies":"Jaw Worm","floor":4,"turns":2},{"damage":6,"enemies":"Cultist","floor":5,"turns":3},{"damage":41,"enemies":"Lagavulin","floor":7,"turns":6},{"damage":17,"enemies":"Looter","floor":10,"turns":3},{"damage":13,"enemies":"Gremlin Nob","floor":11,"turns":3}],"seed_played":"4575380666812854513","potions_obtained":[{"floor":1,"key":"potionbrewer:DiscountPotion"},{"floor":7,"key":"Weak Potion"}],"is_trial":false,"path_per_floor":["M","M","M","?","M","E","M","R","T","M","M","?","?","M","M","R","E","R","T","M","E"],"character_chosen":"HUNTRESS","items_purchased":[],"campfire_rested":2,"item_purchase_floors":[],"current_hp_per_floor":[70,65,64,50,39,19,3,24,24,57,57,57,55,49,49,8,29,29,12,0,0],"gold":433,"neow_bonus":"BOSS_RELIC","is_daily":false,"chose_seed":false,"campfire_upgraded":0,"win_rate":0.0,"timestamp":1610687664,"path_taken":["M","M","M","?","M","E","M","R","T","M","M","?","?","?","M","R","E","R","T","M","E"],"items_purchased_type":[],"build_version":"2020-12-22","purchased_purges":0,"victory":false,"max_hp_per_floor":[70,70,70,70,70,70,70,70,70,70,70,70,70,70,70,70,70,70,70,70,70],"relic_stats":{"Darkstone Periapt":0,"counters":[12,37],"Bird Faced Urn":[0],"obtain_stats":[{"Darkstone Periapt":9,"DemoMod:Dog":0,"Bird Faced Urn":6,"vexMod:DeviousBotling":0,"DemoMod:GlassGuonStoneRelic":1,"LetterFromLob":1,"Replay:Mystery Machine":7},{"Darkstone Periapt":10,"DemoMod:Dog":0,"Bird Faced Urn":5,"vexMod:DeviousBotling":0,"DemoMod:GlassGuonStoneRelic":1,"LetterFromLob":1,"Replay:Mystery Machine":10},{"Darkstone Periapt":31,"DemoMod:Dog":0,"Bird Faced Urn":16,"vexMod:DeviousBotling":0,"DemoMod:GlassGuonStoneRelic":2,"LetterFromLob":2,"Replay:Mystery Machine":31}]},"card_choices":[{"not_picked":["DemoMod:SniperShot","DemoMod:CursedBullets","DemoMod:SAA"],"picked":"SKIP","floor":1},{"not_picked":["DemoMod:Ejector","DemoMod:JK47"],"picked":"DemoMod:HuntsMan","floor":2},{"not_picked":["DemoMod:SniperShot","DemoMod:JK47"],"picked":"DemoMod:BulletBore","floor":3},{"not_picked":["DemoMod:Replace","DemoMod:JK47"],"picked":"DemoMod:Camera","floor":5},{"not_picked":["DemoMod:TeaPot","DemoMod:PotionOfGunFriendShip"],"picked":"DemoMod:HuntsMan","floor":6},{"not_picked":["DemoMod:Ejector","DemoMod:HungryBullets"],"picked":"DemoMod:HuntsMan","floor":7},{"not_picked":["DemoMod:DoubleSwitch","DemoMod:SkilledReload"],"picked":"DemoMod:ZorGun","floor":1},{"not_picked":["DemoMod:SAA","DemoMod:AC15"],"picked":"DemoMod:Evolver","floor":4},{"not_picked":["DemoMod:AC15","DemoMod:ConditionalReflex","DemoMod:ChanceBullets"],"picked":"SKIP","floor":5},{"not_picked":["DemoMod:HungryBullets","DemoMod:TeaPot","DemoMod:Unmoved"],"picked":"SKIP","floor":7},{"not_picked":["DemoMod:HardPowerCard","DemoMod:JK47"],"picked":"DemoMod:DirectionalPad","floor":10}],"player_experience":306631,"relics_obtained":[{"floor":1,"key":"LetterFromLob"},{"floor":6,"key":"Bird Faced Urn"},{"floor":1,"key":"LetterFromLob"},{"floor":7,"key":"Replay:Mystery Machine"},{"floor":9,"key":"Darkstone Periapt"}],"event_choices":[{"damage_healed":0,"gold_gain":0,"player_choice":"Entered Light","damage_taken":14,"max_hp_gain":0,"max_hp_loss":0,"event_name":"Shining Light","floor":4,"gold_loss":0,"cards_upgraded":["DemoMod:Roll","DemoMod:RustySidearm"]},{"cards_removed":["DemoMod:Defend_Huntress"],"damage_healed":0,"gold_gain":0,"player_choice":"Forget","damage_taken":0,"max_hp_gain":0,"max_hp_loss":0,"event_name":"Living Wall","floor":2,"gold_loss":0}],"is_beta":false,"boss_relics":[],"items_purged_floors":[],"is_endless":false,"potions_floor_spawned":[1,7],"killed_by":"Gremlin Nob","ascension_level":5}}