{"host":"2qv44oxt58ptq59r","time":1610724140,"event":{"mods":["AchievementEnabler","BaseMod","Colored Powertips","Highlight Path","Minty Spire (QoL Compilation)","Permanent Neow","StSLib"],"gold_per_floor":[114,133,149,168,179,179,207,219,219,235,235,235,12,22,22,22,22],"floor_reached":16,"language":"ENG","playtime":1597,"items_purged":[],"score":106,"play_id":"63f456c7-9d95-420e-b9cb-cde070aa8559","local_time":"20210115152220","is_ascension_mode":false,"campfire_choices":[{"data":"Bash","floor":6.0,"key":"SMITH"},{"floor":15,"key":"REST"}],"circlet_count":0,"master_deck":["Strike_R","Strike_R","Strike_R","Strike_R","Strike_R","Defend_R","Defend_R","Defend_R","Defend_R","Bash+1","Impervious","Twin Strike","Exhume+1","Panache","Feel No Pain"],"relics":["Burning Blood","Peace Pipe","Meat on the Bone"],"acts_visited":["Exordium"],"potions_floor_usage":[16],"damage_taken":[{"damage":6.0,"enemies":"Cultist","floor":1.0,"turns":3.0},{"damage":4.0,"enemies":"Small Slimes","floor":2.0,"turns":4.0},{"damage":1.0,"enemies":"Jaw Worm","floor":3.0,"turns":5.0},{"damage":15.0,"enemies":"Exordium Wildlife","floor":4.0,"turns":5.0},{"damage":3.0,"enemies":"2 Fungi Beasts","floor":5.0,"turns":5.0},{"damage":26.0,"enemies":"Lagavulin","floor":7.0,"turns":5.0},{"damage":12.0,"enemies":"Blue Slaver","floor":8.0,"turns":4.0},{"damage":0.0,"enemies":"Large Slime","floor":10.0,"turns":5.0},{"damage":2.0,"enemies":"3 Louse","floor":14.0,"turns":3.0},{"damage":108,"enemies":"Hexaghost","floor":16,"turns":15}],"seed_played":"-6370486268108478565","potions_obtained":[{"floor":4.0,"key":"DistilledChaos"},{"floor":5.0,"key":"FearPotion"},{"floor":7.0,"key":"Fire Potion"},{"floor":8.0,"key":"Block Potion"}],"is_trial":false,"path_per_floor":["M","M","M","M","M","R","E","M","T","M","?","?","$","M","R","B"],"character_chosen":"IRONCLAD","items_purchased":["Panache","BloodPotion"],"campfire_rested":1,"item_purchase_floors":[13,13],"current_hp_per_floor":[88,88,88,79,82,82,62,56,56,62,62,62,62,66,88,0,0],"gold":22,"neow_bonus":"TEN_PERCENT_HP_BONUS","is_daily":false,"chose_seed":false,"campfire_upgraded":1,"win_rate":0.0,"timestamp":1610724140,"path_taken":["M","M","M","M","M","R","E","M","T","M","?","?","$","M","R","BOSS"],"items_purchased_type":["Card","Potion"],"build_version":"2020-12-22","purchased_purges":0,"victory":false,"max_hp_per_floor":[88,88,88,88,88,88,88,88,88,88,88,88,88,88,88,88,88],"card_choices":[{"not_picked":["Clothesline","Wild Strike","Perfected Strike"],"picked":"SKIP","floor":1.0},{"not_picked":["Flex","Body Slam","Second Wind"],"picked":"SKIP","floor":2.0},{"not_picked":["Heavy Blade","Sword Boomerang","Combust"],"picked":"SKIP","floor":3.0},{"not_picked":["Power Through","Cleave"],"picked":"Impervious","floor":4.0},{"not_picked":["Wild Strike","Warcry"],"picked":"Twin Strike","floor":5.0},{"not_picked":["Twin Strike","Armaments"],"picked":"Exhume","floor":7.0},{"not_picked":["Wild Strike","Havoc","Combust"],"picked":"SKIP","floor":8.0},{"not_picked":["Wild Strike","Flex","Immolate"],"picked":"SKIP","floor":10.0},{"not_picked":["Anger","Entrench"],"picked":"Feel No Pain","floor":14.0}],"player_experience":5347843,"relics_obtained":[{"floor":7.0,"key":"Peace Pipe"},{"floor":9.0,"key":"Meat on the Bone"}],"event_choices":[{"damage_healed":0.0,"max_hp_gain":0.0,"max_hp_loss":0.0,"gold_gain":0.0,"event_name":"Liars Game","player_choice":"Ignored","floor":11.0,"gold_loss":0.0,"damage_taken":0.0},{"damage_healed":0.0,"max_hp_gain":0.0,"max_hp_loss":0.0,"gold_gain":0.0,"event_name":"Living Wall","player_choice":"Grow","floor":12.0,"gold_loss":0.0,"damage_taken":0.0,"cards_upgraded":["Exhume"]}],"is_beta":false,"boss_relics":[],"items_purged_floors":[],"is_endless":false,"potions_floor_spawned":[4,5,7,8],"killed_by":"Hexaghost","ascension_level":0}}