{"host":"yvs6unqb0m2j26b0","time":1610749041,"event":{"mods":["AchievementEnabler","BaseMod","Colored Map","Colored Powertips","Minty Spire (QoL Compilation)"],"gold_per_floor":[119,129,129,143,143,187,187,200,200,238,238,238,301,320,320,451,451,464,485,535,500,57,57,107,157,181,18,68,86,86,106,106,204,204,222,322,338,349,399,399,449,449,496,572,589,639,9,28,28,28,28],"floor_reached":50,"language":"ENG","playtime":4915,"items_purged":["Defend_P","Apotheosis+1"],"score":550,"play_id":"06452358-ea38-4902-9930-00baa496cae3","local_time":"20210115201721","is_ascension_mode":false,"campfire_choices":[{"data":"LessonLearned","floor":7.0,"key":"SMITH"},{"floor":11.0,"key":"REST"},{"floor":15.0,"key":"REST"},{"data":"1","floor":23.0,"key":"LIFT"},{"data":"2","floor":30.0,"key":"LIFT"},{"data":"3","floor":32.0,"key":"LIFT"},{"data":"Apotheosis","floor":40,"key":"SMITH"},{"data":"Collect","floor":42,"key":"SMITH"},{"data":"Fasting2","floor":49,"key":"SMITH"}],"circlet_count":0,"master_deck":["Defend_P+1","Defend_P+1","Eruption+1","Vigilance+1","CrushJoints+1","Halt","Halt+1","LessonLearned+1","Collect+1","Conclude+1","Consecrate+1","CrushJoints+1","Ragnarok+1","CurseOfTheBell","FollowUp+1","Adaptation+1","FearNoEvil+1","FlurryOfBlows+1","DevaForm+1","Bite+1","Bite+1","Bite+1","Bite+1","Bite+1","FollowUp+1","SashWhip+1","Judgement+1","JustLucky+1","Halt+1","FollowUp+1","Consecrate+1","Consecrate+1","Forethought","Madness","Fasting2+1","Swivel","PathToVictory"],"relics":["PureWater","Bloody Idol","Bronze Scales","Molten Egg 2","Gambling Chip","SsserpentHead","Calling Bell","Oddly Smooth Stone","White Beast Statue","Mango","MealTicket","Girya","Juzu Bracelet","Whetstone","Coffee Dripper","TungstenRod","Pen Nib","Omamori","Vajra","Toy Ornithopter"],"acts_visited":["Exordium","TheCity","TheBeyond"],"potions_floor_usage":[35,36,50,50,50],"damage_taken":[{"damage":0.0,"enemies":"Cultist","floor":1.0,"turns":3.0},{"damage":1.0,"enemies":"Jaw Worm","floor":2.0,"turns":3.0},{"damage":0.0,"enemies":"Small Slimes","floor":4.0,"turns":2.0},{"damage":19.0,"enemies":"Gremlin Nob","floor":6.0,"turns":3.0},{"damage":18.0,"enemies":"2 Fungi Beasts","floor":8.0,"turns":3.0},{"damage":17.0,"enemies":"3 Sentries","floor":10.0,"turns":6.0},{"damage":3.0,"enemies":"Exordium Wildlife","floor":13.0,"turns":2.0},{"damage":8.0,"enemies":"Blue Slaver","floor":14.0,"turns":3.0},{"damage":22.0,"enemies":"Hexaghost","floor":16.0,"turns":6.0},{"damage":23.0,"enemies":"Spheric Guardian","floor":18.0,"turns":4.0},{"damage":1.0,"enemies":"Chosen","floor":19.0,"turns":3.0},{"damage":12.0,"enemies":"Centurion and Healer","floor":29.0,"turns":4.0},{"damage":15.0,"enemies":"Snake Plant","floor":31.0,"turns":3.0},{"damage":31.0,"enemies":"Automaton","floor":33.0,"turns":5.0},{"damage":0,"enemies":"3 Darklings","floor":35,"turns":2},{"damage":61,"enemies":"2 Orb Walkers","floor":36,"turns":3},{"damage":0,"enemies":"Orb Walker","floor":37,"turns":2},{"damage":5,"enemies":"Jaw Worm Horde","floor":38,"turns":4},{"damage":21,"enemies":"Sphere and 2 Shapes","floor":45,"turns":3},{"damage":23,"enemies":"Writhing Mass","floor":48,"turns":4},{"damage":97,"enemies":"Donu and Deca","floor":50,"turns":3}],"seed_played":"1232399963404848681","potions_obtained":[{"floor":1.0,"key":"FearPotion"},{"floor":2.0,"key":"CultistPotion"},{"floor":8.0,"key":"Dexterity Potion"},{"floor":10.0,"key":"DuplicationPotion"},{"floor":18.0,"key":"Block Potion"},{"floor":19.0,"key":"Explosive Potion"},{"floor":33.0,"key":"Strength Potion"},{"floor":35,"key":"BottledMiracle"},{"floor":36,"key":"BottledMiracle"},{"floor":38,"key":"DuplicationPotion"},{"floor":48,"key":"Regen Potion"}],"is_trial":false,"path_per_floor":["M","M","?","M","?","E","R","M","T","E","R","?","M","M","R","B",null,"M","M","?","?","$","R","?","?","T","$","?","M","R","M","R","B",null,"M","?","M","M","?","R","?","R","T","T","M","?","$","M","R","B"],"character_chosen":"WATCHER","items_purchased":["Juzu Bracelet","Apotheosis","FearNoEvil+1","DevaForm","Vajra","Madness","Fasting2","Toy Ornithopter","Swivel"],"campfire_rested":2,"item_purchase_floors":[22,22,22,27,47,47,47,47,47],"current_hp_per_floor":[79,78,59,59,59,40,40,22,22,5,28,28,25,17,40,18,93,70,69,69,69,84,84,84,84,89,93,65,65,65,61,61,44,65,65,12,20,26,31,31,36,36,41,51,38,43,58,43,43,0,0],"gold":28,"neow_bonus":"TEN_PERCENT_HP_BONUS","is_daily":false,"chose_seed":false,"campfire_upgraded":4,"win_rate":0.0,"timestamp":1610749041,"path_taken":["M","M","?","M","?","E","R","?","T","E","R","?","?","M","R","BOSS","M","M","?","?","?","R","?","?","T","$","?","M","R","M","R","BOSS","M","?","M","M","?","R","?","R","T","?","M","?","$","M","R","BOSS"],"items_purchased_type":["Relic","Card","Card","Card","Relic","Card","Card","Relic","Card"],"build_version":"2020-12-22","purchased_purges":2,"victory":false,"max_hp_per_floor":[79,79,79,79,79,79,79,79,79,79,79,79,79,79,79,79,93,93,93,93,93,93,93,93,93,93,93,65,65,65,65,65,65,65,65,65,65,65,65,65,65,65,65,65,65,65,65,65,65,65,65],"card_choices":[{"not_picked":["Pray","Study"],"picked":"CrushJoints","floor":1.0},{"not_picked":["FlyingSleeves","EmptyMind"],"picked":"Halt","floor":2.0},{"not_picked":["Protect","BowlingBash"],"picked":"Halt","floor":4.0},{"not_picked":["Halt","SignatureMove"],"picked":"LessonLearned","floor":6.0},{"not_picked":["Nirvana","CutThroughFate"],"picked":"Collect","floor":8.0},{"not_picked":["InnerPeace","Omniscience"],"picked":"Conclude+1","floor":10.0},{"not_picked":["Collect","Wallop+1"],"picked":"Consecrate+1","floor":13.0},{"not_picked":["CutThroughFate+1","CarveReality+1"],"picked":"CrushJoints+1","floor":14.0},{"not_picked":["Omniscience","Scrawl"],"picked":"Ragnarok+1","floor":16.0},{"not_picked":["CutThroughFate+1","ClearTheMind"],"picked":"FollowUp+1","floor":18.0},{"not_picked":["Evaluate","Protect"],"picked":"Adaptation+1","floor":19.0},{"not_picked":["WheelKick+1","Nirvana"],"picked":"FollowUp+1","floor":29.0},{"not_picked":["Adaptation","EmptyFist+1"],"picked":"SashWhip+1","floor":31.0},{"not_picked":["Vault","Scrawl"],"picked":"Judgement","floor":33.0},{"not_picked":["EmptyBody+1","PathToVictory"],"picked":"JustLucky+1","floor":35},{"not_picked":["Adaptation","JustLucky+1"],"picked":"Halt","floor":36},{"not_picked":["Halt","Study"],"picked":"FollowUp+1","floor":37},{"not_picked":["EmptyBody+1","Wallop+1"],"picked":"Consecrate+1","floor":38},{"not_picked":["Study+1","EmptyBody"],"picked":"Consecrate+1","floor":45},{"not_picked":["CutThroughFate+1","ConjureBlade"],"picked":"PathToVictory","floor":48}],"player_experience":50970,"relics_obtained":[{"floor":6.0,"key":"Bronze Scales"},{"floor":9.0,"key":"Molten Egg 2"},{"floor":10.0,"key":"Gambling Chip"},{"floor":17.0,"key":"Oddly Smooth Stone"},{"floor":17.0,"key":"White Beast Statue"},{"floor":17.0,"key":"Mango"},{"floor":26.0,"key":"Whetstone"},{"floor":36,"key":"TungstenRod"},{"floor":43,"key":"Pen Nib"},{"floor":44,"key":"Omamori"}],"event_choices":[{"damage_healed":0.0,"max_hp_gain":0.0,"max_hp_loss":0.0,"gold_gain":0.0,"event_name":"Golden Idol","player_choice":"Take Damage","floor":3.0,"gold_loss":0.0,"damage_taken":19.0,"relics_obtained":["Golden Idol"]},{"cards_removed":["Defend_P"],"damage_healed":0.0,"max_hp_gain":0.0,"max_hp_loss":0.0,"gold_gain":0.0,"event_name":"NoteForYourself","player_choice":"Took Card","floor":5.0,"gold_loss":0.0,"damage_taken":0.0,"cards_obtained":["Strike_G"]},{"damage_healed":0.0,"max_hp_gain":0.0,"max_hp_loss":0.0,"gold_gain":0.0,"event_name":"FaceTrader","player_choice":"Trade","floor":12.0,"gold_loss":0.0,"damage_taken":0.0,"relics_obtained":["SsserpentHead"]},{"damage_healed":0.0,"max_hp_gain":0.0,"max_hp_loss":0.0,"gold_gain":0.0,"event_name":"The Mausoleum","player_choice":"Opened","floor":20.0,"gold_loss":0.0,"damage_taken":0.0,"relics_obtained":["MealTicket"],"cards_obtained":["Writhe"]},{"damage_healed":0.0,"max_hp_gain":0.0,"max_hp_loss":0.0,"gold_gain":0.0,"event_name":"Addict","player_choice":"Obtained Relic","floor":21.0,"gold_loss":85.0,"damage_taken":0.0,"relics_obtained":["Girya"]},{"damage_healed":0.0,"max_hp_gain":0.0,"max_hp_loss":0.0,"gold_gain":0.0,"event_name":"The Library","player_choice":"Read","floor":24.0,"gold_loss":0.0,"damage_taken":0.0,"cards_obtained":["FlurryOfBlows"]},{"damage_healed":0.0,"max_hp_gain":0.0,"max_hp_loss":0.0,"gold_gain":0.0,"event_name":"Forgotten Altar","player_choice":"Gave Idol","floor":25.0,"relics_lost":["Golden Idol"],"gold_loss":0.0,"damage_taken":0.0,"relics_obtained":["Bloody Idol"]},{"damage_healed":0.0,"max_hp_gain":0.0,"max_hp_loss":28.0,"gold_gain":0.0,"event_name":"Vampires","player_choice":"Became a vampire","floor":28.0,"gold_loss":0.0,"damage_taken":0.0,"cards_obtained":["Bite","Bite","Bite","Bite","Bite"]},{"damage_healed":0,"gold_gain":0,"player_choice":"Fight","damage_taken":0,"max_hp_gain":0,"max_hp_loss":0,"event_name":"Mysterious Sphere","floor":36,"gold_loss":0},{"cards_removed":["Writhe"],"damage_healed":0,"gold_gain":0,"player_choice":"Removed Curses","damage_taken":0,"max_hp_gain":0,"max_hp_loss":0,"event_name":"Fountain of Cleansing","floor":39,"gold_loss":0},{"damage_healed":0,"gold_gain":0,"player_choice":"Upgraded","damage_taken":0,"max_hp_gain":0,"max_hp_loss":0,"event_name":"Upgrade Shrine","floor":41,"gold_loss":0,"cards_upgraded":["DevaForm"]},{"damage_healed":0,"gold_gain":0,"player_choice":"2 cards matched","damage_taken":0,"max_hp_gain":0,"max_hp_loss":0,"event_name":"Match and Keep!","floor":46,"gold_loss":0,"cards_obtained":["Forethought","Injury"]}],"is_beta":false,"boss_relics":[{"not_picked":["Ectoplasm","Sozu"],"picked":"Calling Bell"},{"not_picked":["SacredBark","Tiny House"],"picked":"Coffee Dripper"}],"items_purged_floors":[22,47],"is_endless":false,"potions_floor_spawned":[1,2,8,10,18,19,29,31,33,35,36,37,38,45,48],"killed_by":"Donu and Deca","ascension_level":0}}