{"host":"leop","time":1610686777,"event":{"mods":["ATMod(阿瑾Mod)","Act Like it!","BaseMod","GifTheSpireLib","Minty Spire (QoL Compilation)","MostiFishMod","Shop Mod","Spicy Shops","StSLib","TestMod","[IsaacMod]以撒尖塔","【遗物卡牌】REMEMod"],"gold_per_floor":[119,138,179,192,217,243,243,263,333,95,123,123,143,176,176,250,250,262,278,305,317,330,361,380,414,441,441,441,476,492,61,61,140,140,163,178,178,196,596,630,670,702,702,924,925,965,965,998,998,1012,1103],"floor_reached":52,"language":"ZHS","playtime":2886,"items_purged":["Strike_G","Strike_G"],"score":3290,"play_id":"fedd2b61-47bb-417f-9b6d-e98a96781e4f","local_time":"20210115125937","is_ascension_mode":true,"campfire_choices":[{"floor":15.0,"key":"RECALL"},{"floor":27.0,"key":"REST"},{"data":"Blade Dance","floor":32.0,"key":"SMITH"},{"data":"Footwork","floor":45.0,"key":"SMITH"},{"data":"Neutralize","floor":47.0,"key":"SMITH"},{"data":"Caltrops","floor":49.0,"key":"SMITH"}],"circlet_count":0,"master_deck":["AscendersBane","Strike_G","Strike_G","Defend_G","Defend_G","Defend_G","Defend_G","Defend_G","Survivor","Neutralize+1","SuicideKing","AT_ShrugMaster","Apotheosis+1","Blade Dance+1","Wraith Form v2+1","PiercingWail","Footwork+1","MostiFishMod:LethalBlade+1","Caltrops+1","REME_GrazeFinale+1","Reflex+1","Die Die Die+1","AT_EmpoweredMortalDraw+1","Backflip+1","Terror+1","Acrobatics+1","Phantasmal Killer+1","Tactician+1","AT_TearsDenial+1","REME_WheelOfFate+1","Acrobatics+1","Venomology+1"],"relics":["Ring of the Snake","DaveBox","REME_ComplimentaryCards","AT_ATBox","HushsDoor","testmod-IntensifyImprint","BrkXgEgg","D6","NeowsBlessing","SynthV:TestCard","SynthV:C4","AnarchistCookbook","Anchor","Toxic Egg 2","AT_MortalBlade","Red Mask","AT_ForceNature","SatanicBible","AT_ChloranthyRing","Pantograph","testmod-ThousandKnives","testmod-DeterminationOfClimber","MealTicket","HornCleat","Bag of Preparation","MoneyPower","BloodDonationBag","Ornamental Fan","Tingsha"],"acts_visited":["Exordium","TheCity","TheBeyond"],"potions_floor_usage":[51],"damage_taken":[{"damage":0.0,"enemies":"Small Slimes","floor":1.0,"turns":1.0},{"damage":0.0,"enemies":"Cultist","floor":2.0,"turns":1.0},{"damage":0.0,"enemies":"2 Louse","floor":4.0,"turns":1.0},{"damage":1.0,"enemies":"Lagavulin","floor":6.0,"turns":8.0},{"damage":4.0,"enemies":"Blue Slaver","floor":8.0,"turns":3.0},{"damage":5.0,"enemies":"3 Sentries","floor":11.0,"turns":4.0},{"damage":0.0,"enemies":"Looter","floor":13.0,"turns":3.0},{"damage":0.0,"enemies":"Lagavulin","floor":14.0,"turns":6.0},{"damage":10.0,"enemies":"Hexaghost","floor":16.0,"turns":4.0},{"damage":0.0,"enemies":"3 Byrds","floor":18.0,"turns":2.0},{"damage":0.0,"enemies":"Chosen","floor":19.0,"turns":3.0},{"damage":0.0,"enemies":"Masked Bandits","floor":20.0,"turns":3.0},{"damage":10.0,"enemies":"Snake Plant","floor":21.0,"turns":3.0},{"damage":0.0,"enemies":"3 Cultists","floor":22.0,"turns":2.0},{"damage":0.0,"enemies":"Book of Stabbing","floor":23.0,"turns":3.0},{"damage":8.0,"enemies":"Cultist and Chosen","floor":24.0,"turns":4.0},{"damage":23.0,"enemies":"REME_1_Revenger","floor":25.0,"turns":3.0},{"damage":0.0,"enemies":"Gremlin Leader","floor":29.0,"turns":4.0},{"damage":0.0,"enemies":"Centurion and Healer","floor":30.0,"turns":4.0},{"damage":19.0,"enemies":"Champ","floor":33.0,"turns":8.0},{"damage":0.0,"enemies":"3 Darklings","floor":35.0,"turns":1.0},{"damage":0.0,"enemies":"3 Shapes","floor":36.0,"turns":1.0},{"damage":0.0,"enemies":"Spire Growth","floor":38.0,"turns":1.0},{"damage":0.0,"enemies":"Reptomancer","floor":40.0,"turns":2.0},{"damage":0.0,"enemies":"Transient","floor":41.0,"turns":2.0},{"damage":0.0,"enemies":"Nemesis","floor":42.0,"turns":3.0},{"damage":0.0,"enemies":"Reptomancer","floor":46.0,"turns":1.0},{"damage":0.0,"enemies":"Mind Bloom Boss Battle","floor":48.0,"turns":1.0},{"damage":0.0,"enemies":"Time Eater","floor":50.0,"turns":4.0},{"damage":0,"enemies":"Donu and Deca","floor":51,"turns":1}],"seed_played":"4872704656029283422","potions_obtained":[{"floor":4.0,"key":"PowerPotion"},{"floor":6.0,"key":"PowerPotion"},{"floor":8.0,"key":"DuplicationPotion"}],"is_trial":false,"path_per_floor":["M","M","?","M","T","E","?","M","T","$","E","?","M","E","R","B",null,"M","M","?","M","M","E","M","E","T","R","?","E","M","$","R","B",null,"M","M","?","M","?","E","M","E","T","?","R","E","R","?","R","B","B",null],"character_chosen":"THE_SILENT","items_purchased":["MostiFishMod:LethalBlade+1","testmod-ThousandKnives"],"campfire_rested":1,"item_purchase_floors":[10,31],"current_hp_per_floor":[59,59,44,44,44,43,43,39,39,39,34,34,34,34,34,24,56,56,56,56,46,46,46,38,15,15,34,34,34,34,34,34,40,60,64,66,61,66,66,66,66,66,66,66,65,66,66,66,66,66,66],"gold":1103,"neow_bonus":"THREE_ENEMY_KILL","is_daily":false,"chose_seed":false,"campfire_upgraded":4,"win_rate":0.0,"timestamp":1610686777,"path_taken":["M","M","?","M","?","E","?","M","T","$","E","?","M","E","R","BOSS","BOSS","M","M","?","?","M","E","M","E","T","R","?","E","M","$","R","BOSS","M","M","?","M","?","E","M","E","T","?","R","E","R","?","R","BOSS","BOSS"],"items_purchased_type":["Card","Relic"],"build_version":"2020-12-18","purchased_purges":2,"victory":true,"max_hp_per_floor":[66,66,66,66,66,66,66,66,66,66,66,66,66,66,66,66,66,66,66,66,66,66,66,66,66,66,66,66,66,66,66,66,66,66,66,66,66,66,66,66,66,66,66,66,66,66,66,66,66,66,66],"card_choices":[{"not_picked":[],"picked":"SuicideKing","floor":0.0},{"not_picked":["Deadly Poison","Bomb"],"picked":"Blade Dance","floor":1.0},{"not_picked":["Quick Slash","Slice","Prepared","Outmaneuver"],"picked":"Wraith Form v2+1","floor":2.0},{"not_picked":["Poisoned Stab","Expertise","Distraction","Underhanded Strike"],"picked":"PiercingWail","floor":4.0},{"not_picked":["Prepared","Quick Slash","AT_FocusSwordFire","Dash","MostiFishMod:FrostNova"],"picked":"SKIP","floor":6.0},{"not_picked":["Predator","MostiFishMod:ThornCasing","Setup","Flying Knee"],"picked":"Footwork","floor":8.0},{"not_picked":["Poisoned Stab","AT_ShadowStep","Quick Slash","PiercingWail"],"picked":"Caltrops","floor":11.0},{"not_picked":["All Out Attack","Backflip","Dodge and Roll","Quick Slash"],"picked":"REME_GrazeFinale+1","floor":13.0},{"not_picked":["Dash","AT_WindRun+1","Predator","AT_ArcaneSupremacy"],"picked":"Reflex+1","floor":14.0},{"not_picked":["Tools of the Trade+1","AT_EssenceShift+1","Bullet Time+1","AT_KingSlayer+1"],"picked":"Die Die Die+1","floor":16.0},{"not_picked":["Dagger Spray","Slice+1","Riddle With Holes+1","AT_WindFlip+1"],"picked":"Backflip+1","floor":18.0},{"not_picked":["Skewer","Crippling Poison+1","Well Laid Plans","Bane","Sucker Punch+1"],"picked":"SKIP","floor":19.0},{"not_picked":["Flying Knee","Cloak And Dagger+1","Dagger Spray","Endless Agony","Storm of Steel+1"],"picked":"SKIP","floor":21.0},{"not_picked":["Cloak And Dagger+1","Outmaneuver+1","Dagger Throw+1","Prepared+1"],"picked":"Terror+1","floor":22.0},{"not_picked":["AT_WindRun+1","Finisher","Escape Plan+1","MostiFishMod:Neurotoxin+1","AT_WindFlip"],"picked":"SKIP","floor":23.0},{"not_picked":["Leg Sweep+1","Sucker Punch","AT_WindFlip","Flying Knee","Infinite Blades"],"picked":"SKIP","floor":24.0},{"not_picked":["Flying Knee","Deadly Poison+1","PiercingWail+1","All Out Attack"],"picked":"Acrobatics+1","floor":25.0},{"not_picked":["Noxious Fumes","Backflip+1","AT_KneejerkReflex","Blur+1","Sucker Punch+1"],"picked":"SKIP","floor":29.0},{"not_picked":["MostiFishMod:InvigoratingSolution+1","PiercingWail+1","MostiFishMod:PerfectParry+1","AT_WomanClash+1","Poisoned Stab"],"picked":"SKIP","floor":30.0},{"not_picked":["Tools of the Trade+1","MostiFishMod:Opportunism+1","AT_EssenceShift+1","MostiFishMod:Neurotoxin+1"],"picked":"Phantasmal Killer+1","floor":33.0},{"not_picked":["Terror+1","Sucker Punch","Slice","Deflect+1","Underhanded Strike"],"picked":"SKIP","floor":35.0},{"not_picked":["Dagger Spray","Bane","Acrobatics+1","PiercingWail+1"],"picked":"Tactician+1","floor":36.0},{"not_picked":["testmod-ShutDown+1","testmod-SubstituteBySubterfuge+1","MostiFishMod:SupremeArchaeology+1","REME_TwoStrings+1"],"picked":"AT_TearsDenial+1","floor":37.0},{"not_picked":["Secret Technique+1","testmod-HeadAttack+1","testmod-PowerStrike+1","testmod-PainDetonator"],"picked":"REME_WheelOfFate+1","floor":37.0},{"not_picked":["Bane","Crippling Poison+1","Outmaneuver+1","Flying Knee"],"picked":"Acrobatics+1","floor":38.0},{"not_picked":["Dagger Throw","Poisoned Stab","Acrobatics+1","Prepared+1"],"picked":"Venomology+1","floor":40.0},{"not_picked":["Backflip+1","AT_WindFlip","Underhanded Strike+1","MostiFishMod:PreservedThorns+1","MostiFishMod:PerfectParry+1"],"picked":"SKIP","floor":41.0},{"not_picked":["Acrobatics+1","Underhanded Strike","Reflex+1","Corpse Explosion+1","Eviscerate"],"picked":"SKIP","floor":42.0},{"not_picked":["Expertise+1","MostiFishMod:FrostNova+1","Acrobatics+1","AT_WindFlip","All Out Attack"],"picked":"SKIP","floor":46.0}],"player_experience":1075489,"relics_obtained":[{"floor":1.0,"key":"SynthV:TestCard"},{"floor":6.0,"key":"SynthV:C4"},{"floor":9.0,"key":"AnarchistCookbook"},{"floor":11.0,"key":"Anchor"},{"floor":14.0,"key":"Toxic Egg 2"},{"floor":20.0,"key":"Red Mask"},{"floor":23.0,"key":"AT_ForceNature"},{"floor":25.0,"key":"SatanicBible"},{"floor":26.0,"key":"AT_ChloranthyRing"},{"floor":29.0,"key":"Pantograph"},{"floor":40.0,"key":"HornCleat"},{"floor":42.0,"key":"MoneyPower"},{"floor":43.0,"key":"BloodDonationMachine"},{"floor":46.0,"key":"Ornamental Fan"},{"floor":48.0,"key":"Tingsha"}],"event_choices":[{"damage_healed":0.0,"max_hp_gain":0.0,"max_hp_loss":0.0,"gold_gain":0.0,"event_name":"给自己的盒子","player_choice":"Swap Relic","floor":7.0,"relics_lost":["DaveBox"],"gold_loss":0.0,"damage_taken":0.0,"relics_obtained":["DaveBox"]},{"cards_removed":["Strike_G"],"damage_healed":0.0,"max_hp_gain":0.0,"max_hp_loss":0.0,"gold_gain":0.0,"event_name":"Purifier","player_choice":"Purged","floor":12.0,"gold_loss":0.0,"damage_taken":0.0},{"damage_healed":0.0,"max_hp_gain":0.0,"max_hp_loss":0.0,"gold_gain":0.0,"event_name":"Masked Bandits","player_choice":"Fought Bandits","floor":20.0,"gold_loss":0.0,"damage_taken":0.0},{"damage_healed":0.0,"max_hp_gain":0.0,"max_hp_loss":0.0,"gold_gain":0.0,"event_name":"Vampires","player_choice":"Ignored","floor":28.0,"gold_loss":0.0,"damage_taken":0.0},{"damage_healed":0.0,"max_hp_gain":0.0,"max_hp_loss":0.0,"gold_gain":0.0,"event_name":"SensoryStone","player_choice":"Memory 3","floor":37.0,"gold_loss":0.0,"damage_taken":10.0},{"damage_healed":0.0,"max_hp_gain":0.0,"max_hp_loss":0.0,"gold_gain":400.0,"event_name":"恩洛斯的盘子","player_choice":"Sell","floor":39.0,"relics_lost":["testmod-TestBox"],"gold_loss":0.0,"damage_taken":0.0},{"damage_healed":0.0,"max_hp_gain":0.0,"max_hp_loss":0.0,"gold_gain":222.0,"event_name":"Tomb of Lord Red Mask","player_choice":"Wore Mask","floor":44.0,"gold_loss":0.0,"damage_taken":0.0},{"damage_healed":0.0,"max_hp_gain":0.0,"max_hp_loss":0.0,"gold_gain":0.0,"event_name":"MindBloom","player_choice":"Fight","floor":48.0,"gold_loss":0.0,"damage_taken":0.0}],"is_beta":true,"boss_relics":[{"not_picked":["testmod-BloodSacrificeSpiritualization","testmod-IncinerationGenerator"],"picked":"AT_MortalBlade"},{"not_picked":[]},{"not_picked":["Ring of the Serpent","GreenFoldingFan"],"picked":"testmod-DeterminationOfClimber"},{"not_picked":[]}],"items_purged_floors":[10,31],"is_endless":false,"potions_floor_spawned":[4,6,8,20,21,23,25,29,35,38,46],"ascension_level":20}}