{"host":"cv77zuuuekizn3ic","time":1610704061,"event":{"mods":["AchievementEnabler","Act Like it!","BaseMod","Gensokyo","Marisa£®ÏF”Í°°ƒß¿Ì…≥£©","Minty Spire (QoL Compilation)","StSLib","Waifu the Spire","everything is the same but u backflip on backflip","slay the spire mod where everything is the same but ironclad has a cowboy hat"],"gold_per_floor":[110,124,124,144,144,179,179,46,73,3,3,3,3],"floor_reached":12,"language":"ZHS","playtime":558,"items_purged":[],"score":139,"play_id":"a4d294ee-8cf3-4be7-9290-be1ad7cdc4ee","local_time":"20210115174741","is_ascension_mode":true,"campfire_choices":[{"data":"Footwork","floor":7,"key":"SMITH"},{"data":"Caltrops","floor":11,"key":"SMITH"}],"circlet_count":0,"master_deck":["AscendersBane","Strike_G","Strike_G","Strike_G","Strike_G","Strike_G","Defend_G","Defend_G","Defend_G+1","Defend_G+1","Defend_G","Survivor","After Image","Caltrops+1","Footwork+1","Prepared","Cloak And Dagger","Dagger Spray","Gensokyo:ScrapIron","Gensokyo:Shovel"],"relics":["Ring of the Snake","Gensokyo:Mercy","Toy Ornithopter","Nunchaku"],"acts_visited":["Exordium"],"potions_floor_usage":[4,6],"damage_taken":[{"damage":1.0,"enemies":"Gensokyo:Python","floor":1.0,"turns":4.0},{"damage":13.0,"enemies":"Gensokyo:2_Kodama","floor":2.0,"turns":8.0},{"damage":6,"enemies":"Gensokyo:3_Fairies","floor":4,"turns":5},{"damage":21,"enemies":"Gensokyo:Aya","floor":6,"turns":9},{"damage":34,"enemies":"Gensokyo:Mamizou","floor":12,"turns":18}],"seed_played":"-1555152847759556199","potions_obtained":[{"floor":1.0,"key":"Weak Potion"},{"floor":2.0,"key":"Fire Potion"}],"is_trial":false,"path_per_floor":["M","M","?","M","?","E","R","COS","T","?","R","E"],"character_chosen":"THE_SILENT","items_purchased":[],"campfire_rested":0,"item_purchase_floors":[],"current_hp_per_floor":[58,45,45,39,39,18,18,18,18,18,18,0,0],"gold":3,"neow_bonus":"ONE_RANDOM_RARE_CARD","is_daily":false,"chose_seed":false,"campfire_upgraded":2,"win_rate":0.0,"timestamp":1610704061,"path_taken":["M","M","?","M","?","E","R","COS","T","?","R","E"],"items_purchased_type":[],"build_version":"2020-12-22","purchased_purges":0,"victory":false,"max_hp_per_floor":[66,66,66,66,66,66,66,66,66,66,66,66,66],"card_choices":[{"not_picked":["Skewer","Masterful Stab"],"picked":"Caltrops","floor":1.0},{"not_picked":["Reflex","Deflect"],"picked":"Footwork","floor":2.0},{"not_picked":["Bane","Underhanded Strike"],"picked":"Prepared","floor":3},{"not_picked":["Deflect","Concentrate"],"picked":"Cloak And Dagger","floor":3},{"not_picked":["Sucker Punch","Leg Sweep"],"picked":"Dagger Spray","floor":4},{"not_picked":["Underhanded Strike","Skewer","Dodge and Roll"],"picked":"SKIP","floor":6}],"player_experience":910986,"relics_obtained":[{"floor":6,"key":"Toy Ornithopter"},{"floor":9,"key":"Nunchaku"}],"event_choices":[],"is_beta":false,"boss_relics":[],"items_purged_floors":[],"is_endless":false,"potions_floor_spawned":[1,2],"killed_by":"Gensokyo:Mamizou","ascension_level":19}}