{"host":"450g1opcost04h3o","time":1610750505,"event":{"mods":["BaseMod","Colored Powertips","Koishi","Marisa????????","Minty Spire (QoL Compilation)","Prisma Mod","StSLib","Td1madao Mod","The Servant 0.9.4","thorton"],"gold_per_floor":[125,161,34,67,67,121,121,160,185,237,237,271,271,271,271,295,295,295],"floor_reached":16,"language":"ENG","playtime":1102,"items_purged":["Normality"],"score":110,"play_id":"cd15281f-3be2-4782-a893-5165d4887e14","local_time":"20210115234145","is_ascension_mode":false,"campfire_choices":[{"floor":7,"key":"REST"},{"floor":11,"key":"REST"},{"floor":13,"key":"REST"},{"floor":15,"key":"REST"}],"circlet_count":0,"master_deck":["thethorton:Strike+1","thethorton:Strike","thethorton:Strike","thethorton:Strike+1","thethorton:Defend","thethorton:Defend","thethorton:Defend","thethorton:Defend","thethorton:Heckle","thethorton:CreditCard","thethorton:PennyToss+1","thethorton:PocketChange","thethorton:AngerMoment","thethorton:BusinessCard+1","thethorton:WhirlingBriefcase","thethorton:RunningFeint","thethorton:DesperateRun","thethorton:MomentaryBreak","thethorton:GoldBuffer"],"relics":["thethorton:CouragePotion","Whetstone","Lantern","Ancient Tea Set","Golden Idol"],"acts_visited":["Exordium"],"potions_floor_usage":[6,10,16,16,16],"damage_taken":[{"damage":13,"enemies":"Cultist","floor":1,"turns":6},{"damage":0,"enemies":"Jaw Worm","floor":2,"turns":4},{"damage":8,"enemies":"Small Slimes","floor":4,"turns":3},{"damage":7,"enemies":"Gremlin Nob","floor":6,"turns":3},{"damage":4,"enemies":"3 Louse","floor":8,"turns":3},{"damage":9,"enemies":"3 Sentries","floor":10,"turns":3},{"damage":36,"enemies":"Gremlin Gang","floor":12,"turns":5},{"damage":47,"enemies":"The Guardian","floor":16,"turns":10}],"seed_played":"-8082885855423730213","potions_obtained":[{"floor":6,"key":"EntropicBrew"},{"floor":8,"key":"EssenceOfSteel"},{"floor":12,"key":"Weak Potion"}],"is_trial":false,"path_per_floor":["M","M","$","M","?","E","R","M","T","E","R","M","R","?","R","B"],"character_chosen":"THE_THORT","items_purchased":["thethorton:BusinessCard"],"campfire_rested":4,"item_purchase_floors":[3],"current_hp_per_floor":[55,55,55,47,33,26,46,42,42,33,53,20,40,23,43,0,0,0],"gold":295,"neow_bonus":"ONE_RANDOM_RARE_CARD","is_daily":false,"chose_seed":false,"campfire_upgraded":0,"win_rate":0.0,"timestamp":1610750505,"path_taken":["M","?","$","M","?","E","R","M","T","E","R","M","R","?","R","BOSS"],"items_purchased_type":["Card"],"build_version":"2020-12-22","purchased_purges":1,"victory":false,"max_hp_per_floor":[68,68,68,68,68,68,68,68,68,68,68,68,68,68,68,68,68,68],"card_choices":[{"not_picked":["thethorton:ElbowSmash","thethorton:Distance"],"picked":"thethorton:PocketChange","floor":1},{"not_picked":["thethorton:BookBash","thethorton:Hindsight"],"picked":"thethorton:AngerMoment","floor":2},{"not_picked":["thethorton:Distance","thethorton:PocketChange"],"picked":"thethorton:WhirlingBriefcase","floor":4},{"not_picked":["thethorton:ROI","thethorton:AngerMoment"],"picked":"thethorton:RunningFeint","floor":6},{"not_picked":["thethorton:TakeAccounts","thethorton:BattleTrash"],"picked":"thethorton:DesperateRun","floor":8},{"not_picked":["thethorton:Distance","thethorton:CannonShot"],"picked":"thethorton:MomentaryBreak","floor":10},{"not_picked":["thethorton:OddChange","thethorton:CoffeeBlast"],"picked":"thethorton:GoldBuffer","floor":12}],"player_experience":103354,"relics_obtained":[{"floor":6,"key":"Whetstone"},{"floor":9,"key":"Lantern"},{"floor":10,"key":"Ancient Tea Set"}],"event_choices":[{"damage_healed":0,"gold_gain":0,"player_choice":"Entered Light","damage_taken":14,"max_hp_gain":0,"max_hp_loss":0,"event_name":"Shining Light","floor":5,"gold_loss":0,"cards_upgraded":["thethorton:BusinessCard","thethorton:PennyToss"]},{"damage_healed":0,"gold_gain":0,"player_choice":"Take Damage","damage_taken":17,"relics_obtained":["Golden Idol"],"max_hp_gain":0,"max_hp_loss":0,"event_name":"Golden Idol","floor":14,"gold_loss":0}],"is_beta":false,"boss_relics":[],"items_purged_floors":[3],"is_endless":false,"potions_floor_spawned":[6,8,12],"killed_by":"The Guardian","ascension_level":0}}