{"host":"vzugls1u57eppbds","time":1610733249,"event":{"mods":["AchievementEnabler","BaseMod","Better Third Choice","Minty Spire (QoL Compilation)","Relic Stats","Shop Mod","StSLib","The IronCluck"],"gold_per_floor":[119,119,197,215,47,77,77,93,93,119,29,12,25,38,38,141,141,160,160,109,121,137,137,137,137],"floor_reached":24,"language":"ENG","playtime":911,"items_purged":[],"score":338,"play_id":"cf3b92ca-1e0e-4db6-9ca3-01291226726a","local_time":"20210115185409","is_ascension_mode":true,"campfire_choices":[{"floor":7,"key":"REST"},{"data":"Barricade","floor":15,"key":"SMITH"},{"floor":23,"key":"REST"}],"circlet_count":0,"master_deck":["Strike_R+1","Strike_R+1","Strike_R+1","Strike_R+1","Strike_R+1","Defend_R+1","Defend_R+1","Defend_R+1","Defend_R+1","Bash","Barricade+1","Entrench","True Grit","Shrug It Off","Finesse","Flash of Steel","Battle Trance","Juggernaut+1","Body Slam","Shrug It Off","Iron Wave"],"relics":["Burning Blood","Orichalcum","Mercury Hourglass","Ornamental Fan","Bottled Tornado","Frozen Egg 2","SlaversCollar"],"acts_visited":["Exordium","TheCity"],"potions_floor_usage":[10,13,16,16],"damage_taken":[{"damage":1,"enemies":"Cultist","floor":1,"turns":4},{"damage":7,"enemies":"Jaw Worm","floor":4,"turns":3},{"damage":40,"enemies":"Gremlin Nob","floor":6,"turns":6},{"damage":0,"enemies":"Small Slimes","floor":8,"turns":3},{"damage":0,"enemies":"Lagavulin","floor":10,"turns":12},{"damage":11,"enemies":"Exordium Thugs","floor":12,"turns":4},{"damage":1,"enemies":"3 Louse","floor":13,"turns":3},{"damage":19,"enemies":"Lots of Slimes","floor":14,"turns":4},{"damage":44,"enemies":"Slime Boss","floor":16,"turns":16},{"damage":39,"enemies":"3 Byrds","floor":18,"turns":6},{"damage":6,"enemies":"Shell Parasite","floor":21,"turns":9},{"damage":24,"enemies":"Cultist and Chosen","floor":22,"turns":7},{"damage":54,"enemies":"Book of Stabbing","floor":24,"turns":8}],"seed_played":"-1942972135261671804","potions_obtained":[{"floor":1,"key":"SteroidPotion"},{"floor":6,"key":"BlessingOfTheForge"},{"floor":12,"key":"Weak Potion"},{"floor":13,"key":"BlessingOfTheForge"},{"floor":14,"key":"Swift Potion"},{"floor":18,"key":"FairyPotion"}],"is_trial":false,"path_per_floor":["M","T","T","M","$","E","R","M","T","E","$","M","M","M","R","B",null,"M","?","$","M","M","R","E"],"character_chosen":"IRONCLAD","items_purchased":["Shrug It Off","Finesse","Block Potion","Flash of Steel","Shrug It Off"],"campfire_rested":2,"item_purchase_floors":[5,5,5,11,20],"current_hp_per_floor":[72,72,72,71,71,37,58,64,64,70,70,65,70,57,57,19,59,26,26,26,26,8,29,0,0],"gold":137,"neow_bonus":"THREE_RARE_CARDS","is_daily":false,"chose_seed":false,"campfire_upgraded":1,"win_rate":0.0,"timestamp":1610733249,"path_taken":["M","?","?","M","$","E","R","M","T","E","?","M","M","?","R","BOSS","M","?","$","M","M","R","E"],"items_purchased_type":["Card","Card","Potion","Card","Card"],"build_version":"2020-12-22","purchased_purges":0,"victory":false,"max_hp_per_floor":[72,72,72,72,72,72,72,72,72,72,72,72,72,72,72,72,72,72,72,72,72,72,72,72,72],"relic_stats":{"counters":[13,84],"Ornamental Fan":[44],"Orichalcum":[30],"obtain_stats":[{"SlaversCollar":17,"Ornamental Fan":6,"Orichalcum":2,"Bottled Tornado":9,"Frozen Egg 2":10,"Burning Blood":0,"Mercury Hourglass":3},{"SlaversCollar":9,"Ornamental Fan":3,"Orichalcum":1,"Bottled Tornado":4,"Frozen Egg 2":5,"Burning Blood":0,"Mercury Hourglass":1},{"SlaversCollar":55,"Ornamental Fan":13,"Orichalcum":4,"Bottled Tornado":16,"Frozen Egg 2":28,"Burning Blood":0,"Mercury Hourglass":4}],"Burning Blood":67,"Mercury Hourglass":[335]},"card_choices":[{"not_picked":["Offering","Juggernaut"],"picked":"Barricade","floor":0},{"not_picked":["Metallicize","Body Slam"],"picked":"Entrench","floor":1},{"not_picked":["Cleave","Second Wind"],"picked":"True Grit","floor":4},{"not_picked":["True Grit","Thunderclap","Second Wind"],"picked":"SKIP","floor":6},{"not_picked":["Cleave","Perfected Strike","Reaper"],"picked":"SKIP","floor":8},{"not_picked":["Clash","Clothesline","Rage"],"picked":"SKIP","floor":10},{"not_picked":["Warcry","Inflame+1"],"picked":"Battle Trance","floor":12},{"not_picked":["Cleave","Dropkick","Heavy Blade"],"picked":"SKIP","floor":13},{"not_picked":["True Grit","Dark Embrace+1","Headbutt"],"picked":"SKIP","floor":14},{"not_picked":["Berserk+1","Limit Break"],"picked":"Juggernaut+1","floor":16},{"not_picked":["Warcry","Headbutt+1"],"picked":"Body Slam","floor":18},{"not_picked":["Clash+1","Pommel Strike","Anger+1"],"picked":"SKIP","floor":21},{"not_picked":["Perfected Strike+1","Wild Strike+1"],"picked":"Iron Wave","floor":22}],"player_experience":226340,"relics_obtained":[{"floor":2,"key":"Orichalcum"},{"floor":3,"key":"Mercury Hourglass"},{"floor":6,"key":"Ornamental Fan"},{"floor":9,"key":"Bottled Tornado"},{"floor":10,"key":"Frozen Egg 2"}],"event_choices":[{"damage_healed":0,"gold_gain":0,"player_choice":"Simplicity","damage_taken":0,"max_hp_gain":0,"max_hp_loss":9,"event_name":"betterThird:BetterWriting","floor":19,"gold_loss":0}],"is_beta":false,"boss_relics":[{"not_picked":["Snecko Eye","Mark of Pain"],"picked":"SlaversCollar"}],"items_purged_floors":[],"is_endless":false,"potions_floor_spawned":[1,6,12,13,14,18],"killed_by":"Book of Stabbing","ascension_level":9}}