{"host":"3qkmyeoym75lj4wn","time":1610734046,"event":{"mods":["2.2 Compatiblity","BaseMod","Block Reminder","Colored Powertips","Highlight Path","Minty Spire (QoL Compilation)","Permanent Neow","Potion Indicator Mod","Rare Cards Sparkle","Relic Stats","StSLib","Unceasing Turn Reminder"],"gold_per_floor":[116,116,116,127,127,162,162,162,189,189,223,223,250,264,264,338,338,349,114,14,14,75,75,20,35,58,108,108,108],"floor_reached":28,"language":"ENG","playtime":870,"items_purged":["Strike_R","Strike_R"],"score":464,"play_id":"28c5ea03-07cc-49d2-a4f3-305040e68588","local_time":"20210115180726","is_ascension_mode":true,"campfire_choices":[{"data":"Uppercut","floor":7,"key":"SMITH"},{"floor":10,"key":"REST"},{"data":"Spot Weakness","floor":12,"key":"SMITH"},{"data":"Cleave","floor":15,"key":"SMITH"},{"floor":23,"key":"REST"}],"circlet_count":0,"master_deck":["AscendersBane","Strike_R","Defend_R","Defend_R+1","Defend_R","Defend_R+1","Bash+1","Metallicize","Spot Weakness+1","Uppercut+1","Cleave+1","Pommel Strike","Limit Break","Shrug It Off+1","Pummel","Armaments","Intimidate"],"relics":["Burning Blood","Red Skull","War Paint","Mummified Hand","Ancient Tea Set","Bag of Preparation","Centennial Puzzle","Empty Cage","Sling","SsserpentHead"],"acts_visited":["Exordium","TheCity"],"potions_floor_usage":[11,13,16,18],"damage_taken":[{"damage":12,"enemies":"Jaw Worm","floor":1,"turns":3},{"damage":0,"enemies":"2 Louse","floor":4,"turns":4},{"damage":42,"enemies":"3 Sentries","floor":6,"turns":13},{"damage":6,"enemies":"Lagavulin","floor":11,"turns":7},{"damage":20,"enemies":"Gremlin Nob","floor":13,"turns":4},{"damage":0,"enemies":"Small Slimes","floor":14,"turns":2},{"damage":35,"enemies":"Slime Boss","floor":16,"turns":9},{"damage":44,"enemies":"3 Byrds","floor":18,"turns":5},{"damage":15,"enemies":"Spheric Guardian","floor":22,"turns":8},{"damage":0,"enemies":"Cultist and Chosen","floor":25,"turns":4},{"damage":49,"enemies":"Book of Stabbing","floor":28,"turns":5}],"seed_played":"-4081522878807448214","potions_obtained":[{"floor":6,"key":"SkillPotion"},{"floor":11,"key":"ElixirPotion"},{"floor":13,"key":"ColorlessPotion"},{"floor":16,"key":"FearPotion"},{"floor":25,"key":"Ancient Potion"}],"is_trial":false,"path_per_floor":["M","?","?","M","?","E","R","?","T","R","E","R","E","M","R","B",null,"M","$","$","?","M","R","$","M","T","?","E"],"character_chosen":"IRONCLAD","items_purchased":["Sling","Armaments"],"campfire_rested":2,"item_purchase_floors":[19,24],"current_hp_per_floor":[62,62,51,57,62,26,26,26,26,50,50,50,36,42,42,13,63,25,25,25,25,16,40,40,46,46,46,0,0],"gold":108,"neow_bonus":"RANDOM_COMMON_RELIC","is_daily":false,"chose_seed":false,"campfire_upgraded":3,"win_rate":0.0,"timestamp":1610734046,"path_taken":["M","?","?","M","?","E","R","?","T","R","E","R","E","M","R","BOSS","M","?","$","?","?","R","$","M","T","?","E"],"items_purchased_type":["Relic","Card"],"build_version":"2020-12-22","purchased_purges":2,"victory":false,"max_hp_per_floor":[75,75,75,75,80,80,80,80,80,80,80,80,80,80,80,80,80,80,80,80,80,80,80,80,80,80,80,80,80],"relic_stats":{"SsserpentHead":100,"Centennial Puzzle":[12],"counters":[11,64],"Mummified Hand":[7],"Bag of Preparation":[14],"War Paint":["Defend_R","Defend_R"],"obtain_stats":[{"SsserpentHead":21,"Centennial Puzzle":13,"Mummified Hand":6,"Bag of Preparation":11,"War Paint":3,"Ancient Tea Set":9,"Empty Cage":17,"Sling":19,"Burning Blood":0,"Red Skull":0},{"SsserpentHead":8,"Centennial Puzzle":5,"Mummified Hand":3,"Bag of Preparation":4,"War Paint":1,"Ancient Tea Set":3,"Empty Cage":7,"Sling":8,"Burning Blood":0,"Red Skull":0},{"SsserpentHead":47,"Centennial Puzzle":31,"Mummified Hand":20,"Bag of Preparation":27,"War Paint":3,"Ancient Tea Set":20,"Empty Cage":42,"Sling":47,"Burning Blood":0,"Red Skull":0}],"Burning Blood":60},"card_choices":[{"not_picked":["Twin Strike","Warcry"],"picked":"Metallicize","floor":1},{"not_picked":["Twin Strike","Rage"],"picked":"Spot Weakness","floor":4},{"not_picked":["Blood for Blood","Seeing Red"],"picked":"Uppercut","floor":6},{"not_picked":["Rupture","Bloodletting"],"picked":"Cleave","floor":11},{"not_picked":["Clothesline","Dual Wield"],"picked":"Pommel Strike","floor":13},{"not_picked":["Blood for Blood","Dark Embrace","Headbutt"],"picked":"SKIP","floor":14},{"not_picked":["Brutality","Berserk"],"picked":"Limit Break","floor":16},{"not_picked":["Rampage","Havoc"],"picked":"Shrug It Off+1","floor":18},{"not_picked":["Headbutt","Combust"],"picked":"Pummel","floor":22},{"not_picked":["Shrug It Off","Iron Wave"],"picked":"Intimidate","floor":25}],"player_experience":1681008,"relics_obtained":[{"floor":6,"key":"Mummified Hand"},{"floor":9,"key":"Ancient Tea Set"},{"floor":11,"key":"Bag of Preparation"},{"floor":13,"key":"Centennial Puzzle"}],"event_choices":[{"damage_healed":0,"gold_gain":0,"player_choice":"Grow","damage_taken":0,"max_hp_gain":0,"max_hp_loss":0,"event_name":"Living Wall","floor":2,"gold_loss":0,"cards_upgraded":["Bash"]},{"damage_healed":0,"gold_gain":0,"player_choice":"Success","damage_taken":11,"relics_obtained":["War Paint"],"max_hp_gain":0,"max_hp_loss":0,"event_name":"Scrap Ooze","floor":3,"gold_loss":0},{"damage_healed":0,"gold_gain":0,"player_choice":"Donut","damage_taken":0,"max_hp_gain":5,"max_hp_loss":0,"event_name":"Big Fish","floor":5,"gold_loss":0},{"damage_healed":0,"gold_gain":0,"player_choice":"0 cards matched","damage_taken":0,"max_hp_gain":0,"max_hp_loss":0,"event_name":"Match and Keep!","floor":8,"gold_loss":0,"cards_obtained":[]},{"damage_healed":0,"gold_gain":0,"player_choice":"Trade","damage_taken":0,"relics_obtained":["SsserpentHead"],"max_hp_gain":0,"max_hp_loss":0,"event_name":"FaceTrader","floor":21,"gold_loss":0},{"damage_healed":0,"gold_gain":0,"player_choice":"Ignored","damage_taken":0,"max_hp_gain":0,"max_hp_loss":0,"event_name":"Ghosts","floor":27,"gold_loss":0}],"is_beta":false,"boss_relics":[{"not_picked":["Fusion Hammer","Sozu"],"picked":"Empty Cage"}],"items_purged_floors":[19,20],"is_endless":false,"potions_floor_spawned":[6,11,13,16,25],"killed_by":"Book of Stabbing","ascension_level":20}}