{"host":"mi0eibewekhugwl1","time":1610700293,"event":{"mods":["AchievementEnabler","BaseMod","Colored Map","Colored Powertips","DeckTracker","Keyboard Shortcuts","Minty Spire (QoL Compilation)","Quick Restart","Rare Cards Sparkle","Relic Stats","StSLib","SuperFastMode","everything is the same but u backflip on backflip"],"gold_per_floor":[219,229,247,86,86,86,120,130,130,130,130,55,55,69,69,69,69],"floor_reached":16,"language":"KOR","playtime":255,"items_purged":["Havoc"],"score":200,"play_id":"1e1feffe-6773-40b3-85b7-16738b35d429","local_time":"20210115174453","is_ascension_mode":true,"campfire_choices":[{"data":"Bash","floor":6,"key":"SMITH"},{"data":"Cleave","floor":11,"key":"SMITH"},{"data":"Twin Strike","floor":13,"key":"SMITH"},{"data":"Clothesline","floor":15,"key":"SMITH"}],"circlet_count":0,"master_deck":["AscendersBane","Strike_R","Strike_R","Strike_R","Defend_R","Defend_R","Defend_R","Defend_R","Bash+1","Twin Strike+1","Battle Trance","Cleave+1","Clothesline+1"],"relics":["Burning Blood","Tiny Chest","HornCleat","Eternal Feather"],"acts_visited":["Exordium"],"potions_floor_usage":[7,16],"damage_taken":[{"damage":10,"enemies":"2 Louse","floor":1,"turns":3},{"damage":11,"enemies":"Cultist","floor":2,"turns":4},{"damage":16,"enemies":"Jaw Worm","floor":3,"turns":4},{"damage":47,"enemies":"Lagavulin","floor":7,"turns":7},{"damage":2,"enemies":"2 Fungi Beasts","floor":8,"turns":4},{"damage":0,"enemies":"Exordium Wildlife","floor":14,"turns":3},{"damage":44,"enemies":"The Guardian","floor":16,"turns":14}],"seed_played":"1972844452368532142","potions_obtained":[{"floor":3,"key":"BloodPotion"},{"floor":8,"key":"SkillPotion"},{"floor":14,"key":"BlessingOfTheForge"}],"is_trial":false,"path_per_floor":["M","M","M","$","?","R","E","M","T","?","R","$","R","M","R","B"],"character_chosen":"IRONCLAD","items_purchased":["Tiny Chest"],"campfire_rested":0,"item_purchase_floors":[4],"current_hp_per_floor":[64,59,49,49,42,42,16,20,20,20,26,26,32,38,44,0,0],"gold":69,"neow_bonus":"HUNDRED_GOLD","is_daily":false,"chose_seed":false,"campfire_upgraded":4,"win_rate":0.0,"timestamp":1610700293,"path_taken":["M","M","M","$","?","R","E","M","T","?","R","$","R","M","R","BOSS"],"items_purchased_type":["Relic"],"build_version":"2020-12-22","purchased_purges":1,"victory":false,"max_hp_per_floor":[75,75,75,75,75,75,75,75,75,75,75,75,75,75,75,75,75],"relic_stats":{"counters":[7,39],"Tiny Chest":0,"Eternal Feather":18,"obtain_stats":[{"HornCleat":7,"Tiny Chest":4,"Eternal Feather":9,"Burning Blood":0},{"HornCleat":4,"Tiny Chest":3,"Eternal Feather":5,"Burning Blood":0},{"HornCleat":18,"Tiny Chest":11,"Eternal Feather":22,"Burning Blood":0}],"Burning Blood":36},"card_choices":[{"not_picked":["Havoc","Rampage"],"picked":"Twin Strike","floor":1},{"not_picked":["Sword Boomerang","Reaper"],"picked":"Battle Trance","floor":2},{"not_picked":["Battle Trance","Iron Wave","Clothesline"],"picked":"SKIP","floor":3},{"not_picked":["Perfected Strike","Sword Boomerang","Clash"],"picked":"SKIP","floor":7},{"not_picked":["Demon Form","Feel No Pain"],"picked":"Cleave","floor":8},{"not_picked":["Thunderclap","Headbutt"],"picked":"Clothesline","floor":14}],"player_experience":1740229,"relics_obtained":[{"floor":7,"key":"HornCleat"},{"floor":9,"key":"Eternal Feather"}],"event_choices":[{"cards_removed":["Strike_R"],"damage_healed":0,"gold_gain":0,"player_choice":"Card Removal","damage_taken":7,"max_hp_gain":0,"max_hp_loss":0,"event_name":"Golden Wing","floor":5,"gold_loss":0},{"damage_healed":0,"gold_gain":0,"cards_transformed":["Strike_R"],"player_choice":"Transformed","damage_taken":0,"max_hp_gain":0,"max_hp_loss":0,"event_name":"Transmorgrifier","floor":10,"gold_loss":0,"cards_obtained":["Havoc"]}],"is_beta":false,"boss_relics":[],"items_purged_floors":[12],"is_endless":false,"potions_floor_spawned":[3,8,14],"killed_by":"The Guardian","ascension_level":20}}