{"host":"ydg0vn0pu4pubmdt","time":1610681355,"event":{"mods":["AchievementEnabler","BaseMod","Colored Map","Gold Saver","Minty Spire (QoL Compilation)","Quick Restart","SuperFastMode"],"gold_per_floor":[1004,1024,1038,791,866,898,898,933,933,933,933,946,946,963,963,963,963],"floor_reached":16,"language":"KOR","playtime":427,"items_purged":["Strike_G"],"score":121,"play_id":"d5459e71-c79c-462f-ab93-47e26d523de4","local_time":"20210115122915","is_ascension_mode":true,"campfire_choices":[{"floor":7.0,"key":"REST"},{"floor":11.0,"key":"REST"},{"data":"Footwork","floor":15.0,"key":"SMITH"}],"circlet_count":0,"master_deck":["Strike_G","Strike_G","Strike_G","Defend_G","Defend_G","Defend_G","Defend_G","Defend_G","Survivor","Neutralize","Writhe","Dagger Spray","Poisoned Stab","Blade Dance","Escape Plan","Acrobatics","Finesse","Backflip","Blade Dance","Choke","Footwork+1"],"relics":["Ring of the Snake","Calipers","Ice Cream","Bottled Flame","Unceasing Top"],"acts_visited":["Exordium"],"potions_floor_usage":[16,16],"damage_taken":[{"damage":0.0,"enemies":"Cultist","floor":1.0,"turns":5.0},{"damage":0.0,"enemies":"2 Louse","floor":2.0,"turns":2.0},{"damage":8.0,"enemies":"Small Slimes","floor":3.0,"turns":3.0},{"damage":37.0,"enemies":"Lagavulin","floor":6.0,"turns":7.0},{"damage":26.0,"enemies":"Gremlin Nob","floor":8.0,"turns":4.0},{"damage":11.0,"enemies":"Exordium Wildlife","floor":12.0,"turns":2.0},{"damage":0.0,"enemies":"Lots of Slimes","floor":14.0,"turns":2.0},{"damage":12,"enemies":"Hexaghost","floor":16,"turns":9}],"seed_played":"-1853539288172845535","potions_obtained":[{"floor":2.0,"key":"LiquidBronze"},{"floor":12.0,"key":"DistilledChaos"},{"floor":14.0,"key":"Dexterity Potion"}],"is_trial":false,"path_per_floor":["M","M","M","$","?","E","R","E","T","?","R","M","?","M","R","B"],"character_chosen":"THE_SILENT","items_purchased":["Escape Plan","Acrobatics","Finesse"],"campfire_rested":2,"item_purchase_floors":[4,4,4],"current_hp_per_floor":[70,70,62,62,51,14,35,9,9,9,30,19,12,12,12,0,0],"gold":963,"neow_bonus":"ONE_RARE_RELIC","is_daily":false,"chose_seed":false,"campfire_upgraded":1,"win_rate":0.0,"timestamp":1610681355,"path_taken":["M","M","?","$","?","E","R","E","T","?","R","M","?","M","R","BOSS"],"items_purchased_type":["Card","Card","Card"],"build_version":"2020-12-22","purchased_purges":1,"victory":false,"max_hp_per_floor":[70,70,70,70,70,70,70,70,70,70,70,70,70,70,70,70,70],"card_choices":[{"not_picked":["Quick Slash","Sucker Punch"],"picked":"Dagger Spray","floor":1.0},{"not_picked":["Underhanded Strike","Deadly Poison"],"picked":"Poisoned Stab","floor":2.0},{"not_picked":["Concentrate","Quick Slash"],"picked":"Blade Dance","floor":3.0},{"not_picked":["Tools of the Trade","Quick Slash"],"picked":"Backflip","floor":6.0},{"not_picked":["Distraction","PiercingWail"],"picked":"Blade Dance","floor":8.0},{"not_picked":["Expertise","Sucker Punch"],"picked":"Choke","floor":12.0},{"not_picked":["Crippling Poison","Dash"],"picked":"Footwork","floor":14.0}],"player_experience":340762,"relics_obtained":[{"floor":6.0,"key":"Ice Cream"},{"floor":8.0,"key":"Bottled Flame"},{"floor":9.0,"key":"Unceasing Top"}],"event_choices":[{"damage_healed":0.0,"max_hp_gain":0.0,"max_hp_loss":0.0,"gold_gain":75.0,"event_name":"World of Goop","player_choice":"Gather Gold","floor":5.0,"gold_loss":0.0,"damage_taken":11.0},{"damage_healed":0.0,"max_hp_gain":0.0,"max_hp_loss":0.0,"gold_gain":0.0,"event_name":"Scrap Ooze","player_choice":"Fled","floor":10.0,"gold_loss":0.0,"damage_taken":0.0},{"cards_removed":["Strike_G"],"damage_healed":0.0,"max_hp_gain":0.0,"max_hp_loss":0.0,"gold_gain":0.0,"event_name":"Golden Wing","player_choice":"Card Removal","floor":13.0,"gold_loss":0.0,"damage_taken":7.0}],"is_beta":false,"boss_relics":[],"items_purged_floors":[4],"is_endless":false,"potions_floor_spawned":[2,12,14],"killed_by":"Hexaghost","ascension_level":2}}