{"host":"wik2u884rt5bbues","time":1610744370,"event":{"mods":["AchievementEnabler","BaseMod","Colored Map","Colored Powertips","DeckTracker","Googly Eyes","Minty Spire (QoL Compilation)","Permanent Neow","Quick Restart","Shop Mod","StSLib","SuperFastMode"],"gold_per_floor":[118,118,43,58,72,86,86,115,115,129,6,21,21,196,196,301,301,286,83,97,97,97],"floor_reached":21,"language":"ENG","playtime":1312,"items_purged":["Strike_G","Defend_G"],"score":253,"play_id":"b5c24b89-66e6-422f-987c-e1363195c196","local_time":"20210115205930","is_ascension_mode":true,"campfire_choices":[{"data":"Catalyst","floor":13,"key":"SMITH"},{"floor":15,"key":"REST"}],"circlet_count":0,"master_deck":["Strike_G","Strike_G","Strike_G","Defend_G","Defend_G","Defend_G","Defend_G","Survivor","Neutralize","Sadistic Nature","Dodge and Roll","Poisoned Stab","Outmaneuver","Deadly Poison","Catalyst+1","Finesse","Slice","Envenom","Deflect","Bane","Footwork"],"relics":["Ring of the Snake","Vajra","Shuriken","Empty Cage"],"acts_visited":["Exordium","TheCity"],"potions_floor_usage":[8,16,18],"damage_taken":[{"damage":3.0,"enemies":"Jaw Worm","floor":1.0,"turns":4.0},{"damage":3.0,"enemies":"2 Louse","floor":4.0,"turns":3.0},{"damage":0.0,"enemies":"Small Slimes","floor":5.0,"turns":4.0},{"damage":3.0,"enemies":"Exordium Thugs","floor":6.0,"turns":5.0},{"damage":21,"enemies":"Gremlin Nob","floor":8,"turns":5},{"damage":1,"enemies":"Blue Slaver","floor":10,"turns":4},{"damage":7,"enemies":"Large Slime","floor":12,"turns":4},{"damage":38,"enemies":"Hexaghost","floor":16,"turns":10},{"damage":25,"enemies":"2 Thieves","floor":18,"turns":4},{"damage":28,"enemies":"Shell Parasite","floor":20,"turns":4},{"damage":15,"enemies":"Snake Plant","floor":21,"turns":2}],"seed_played":"-1667937751255454537","potions_obtained":[{"floor":4.0,"key":"GamblersBrew"},{"floor":5.0,"key":"Explosive Potion"},{"floor":8,"key":"Regen Potion"},{"floor":10,"key":"Weak Potion"}],"is_trial":false,"path_per_floor":["M","?","$","M","M","M","?","E","T","M","$","M","R","?","R","B",null,"M","$","M","M"],"character_chosen":"THE_SILENT","items_purchased":["Catalyst","Finesse","Bane","Footwork"],"campfire_rested":1,"item_purchase_floors":[11,11,19,19],"current_hp_per_floor":[60,53,53,50,50,47,52,31,31,30,30,23,23,23,43,5,52,41,41,13,0,0],"gold":97,"neow_bonus":"RANDOM_COLORLESS_2","is_daily":false,"chose_seed":false,"campfire_upgraded":1,"win_rate":0.0,"timestamp":1610744370,"path_taken":["M","?","$","M","M","M","?","E","T","M","$","M","R","?","R","BOSS","M","$","M","M"],"items_purchased_type":["Card","Card","Card","Card"],"build_version":"2020-12-22","purchased_purges":2,"victory":false,"max_hp_per_floor":[63,63,63,63,63,63,68,68,68,68,68,68,68,68,68,68,68,68,68,68,68,68],"card_choices":[{"not_picked":["Thinking Ahead","Panache"],"picked":"Sadistic Nature","floor":0.0},{"not_picked":["Well Laid Plans","Predator"],"picked":"Dodge and Roll","floor":1.0},{"not_picked":["Deflect","Dagger Throw"],"picked":"Poisoned Stab","floor":4.0},{"not_picked":["Riddle With Holes","Setup"],"picked":"Outmaneuver","floor":5.0},{"not_picked":["Dagger Spray","Concentrate","Deflect"],"picked":"SKIP","floor":6.0},{"not_picked":["Dagger Spray","Wraith Form v2"],"picked":"Deadly Poison","floor":8},{"not_picked":["Quick Slash","Sucker Punch","Outmaneuver"],"picked":"SKIP","floor":10},{"not_picked":["Flying Knee","Riddle With Holes"],"picked":"Slice","floor":12},{"not_picked":["After Image","Tools of the Trade"],"picked":"Envenom","floor":16},{"not_picked":["Cloak And Dagger","Sucker Punch"],"picked":"Deflect","floor":18},{"not_picked":["Flying Knee","Masterful Stab","PiercingWail"],"picked":"SKIP","floor":20}],"player_experience":774437,"relics_obtained":[{"floor":8,"key":"Shuriken"}],"event_choices":[{"damage_healed":0.0,"max_hp_gain":0.0,"max_hp_loss":0.0,"gold_gain":0.0,"event_name":"Scrap Ooze","player_choice":"Success","floor":2.0,"gold_loss":0.0,"damage_taken":7.0,"relics_obtained":["Vajra"]},{"damage_healed":0.0,"max_hp_gain":5.0,"max_hp_loss":0.0,"gold_gain":0.0,"event_name":"Big Fish","player_choice":"Donut","floor":7.0,"gold_loss":0.0,"damage_taken":0.0},{"damage_healed":0,"gold_gain":175,"player_choice":"AGREE","damage_taken":0,"max_hp_gain":0,"max_hp_loss":0,"event_name":"Liars Game","floor":14,"gold_loss":0,"cards_obtained":["Doubt"]}],"is_beta":false,"boss_relics":[{"not_picked":["Tiny House","Astrolabe"],"picked":"Empty Cage"}],"items_purged_floors":[3,19],"is_endless":false,"potions_floor_spawned":[4,5,8,10],"killed_by":"Snake Plant","ascension_level":8}}