{"host":"v1m5rkjj38qutr02","time":1610681170,"event":{"mods":["Act Like it!","BaseMod","Challenge The Spire","Conspire","Gensokyo","GungeonMod","Hallownest","Minty Spire (QoL Compilation)","Replay The Spire","StSLib","The Bug Knight","Youmu£®ªÍ∆«—˝√Œ£©"],"gold_per_floor":[117,130,51,51,51,86,86,49,124,124,124],"floor_reached":10,"language":"ZHS","playtime":119,"items_purged":[],"score":134,"play_id":"64c59ddc-93f3-401b-a097-a9bc8eda388d","local_time":"20210115112610","is_ascension_mode":true,"campfire_choices":[],"circlet_count":0,"master_deck":["AscendersBane","Strike_B","Strike_B","Strike_B","Strike_B","Defend_B","Defend_B","Defend_B","Defend_B","Zap","Dualcast","Capacitor","Defragment","Steam Power","White Noise"],"relics":["Cracked Core","NeowsBlessing","DemoMod:AgedBell","Replay:Multitool","conspire:BottledYoYo"],"acts_visited":["Exordium"],"potions_floor_usage":[],"damage_taken":[{"damage":0.0,"enemies":"Jaw Worm","floor":1.0,"turns":1.0},{"damage":0.0,"enemies":"Small Slimes","floor":2.0,"turns":1.0},{"damage":0,"enemies":"Lagavulin","floor":6,"turns":1},{"damage":25,"enemies":"3 Sentries","floor":10,"turns":4}],"seed_played":"7431339295423948676","potions_obtained":[{"floor":1.0,"key":"SteroidPotion"},{"floor":6,"key":"GamblersBrew"}],"is_trial":false,"path_per_floor":["M","M","$","?","?","E","?","$","T","E"],"character_chosen":"DEFECT","items_purchased":["Defragment","White Noise"],"campfire_rested":0,"item_purchase_floors":[3,8],"current_hp_per_floor":[68,68,68,68,61,61,61,61,61,36,36],"gold":124,"neow_bonus":"THREE_ENEMY_KILL","is_daily":false,"chose_seed":false,"campfire_upgraded":0,"win_rate":0.0,"timestamp":1610681170,"path_taken":["M","M","$","?","?","E","?","$","T","E"],"items_purchased_type":["Card","Card"],"build_version":"2020-12-22","purchased_purges":0,"victory":false,"max_hp_per_floor":[75,75,75,75,75,75,75,75,75,75,75],"card_choices":[{"not_picked":["Rebound","Cold Snap","BasicCrystalCard"],"picked":"SKIP","floor":1.0},{"not_picked":["Glacier","Blizzard"],"picked":"Capacitor","floor":2.0},{"not_picked":["Blizzard","Coolheaded"],"picked":"Steam Power","floor":6}],"player_experience":409654,"relics_obtained":[{"floor":6,"key":"Replay:Multitool"},{"floor":9,"key":"conspire:BottledYoYo"}],"event_choices":[{"damage_healed":0,"gold_gain":0,"player_choice":"Box","damage_taken":0,"relics_obtained":["DemoMod:AgedBell"],"max_hp_gain":0,"max_hp_loss":0,"event_name":"Big Fish","floor":4,"gold_loss":0,"cards_obtained":["Regret"]},{"cards_removed":["Regret"],"damage_healed":0,"gold_gain":0,"player_choice":"Card Removal","damage_taken":7,"max_hp_gain":0,"max_hp_loss":0,"event_name":"Golden Wing","floor":5,"gold_loss":0},{"damage_healed":0,"gold_gain":0,"player_choice":"Disagree","damage_taken":0,"max_hp_gain":0,"max_hp_loss":0,"event_name":"conspire:LoneGhost","floor":7,"gold_loss":0}],"is_beta":false,"boss_relics":[],"items_purged_floors":[],"is_endless":false,"potions_floor_spawned":[1,6],"killed_by":"3 Sentries","ascension_level":10}}