{"host":"e4wnmsyty9uvvtwf","time":1610727174,"event":{"mods":["Act Like it!","BaseMod","Colored Map","Colored Powertips","Gensokyo","Koishi","Minty Spire (QoL Compilation)","Rare Cards Sparkle","StSLib"],"gold_per_floor":[118,118,128,139,239,273,273,198,245,114,114,130,149,361,361,464,464,483,355,355,371,79,114,114,145,145,161,161,471,491,139,139,440,440,452,1,11,11,11,11,37,49,61,73,85,124,136,148,160,172],"floor_reached":51,"language":"ZHS","playtime":2485,"items_purged":["Writhe","Shame"],"score":1120,"play_id":"8ee0333a-8a93-4752-98d7-3c44cfaa0b90","local_time":"20210116001254","is_ascension_mode":true,"campfire_choices":[{"data":"Koishi:HauntingSlash","floor":7,"key":"SMITH"},{"data":"Koishi:ImGoingToCallYouNow","floor":15,"key":"SMITH"},{"data":"Koishi:MindStellarRelief","floor":28,"key":"SMITH"},{"data":"Koishi:MentalBreakdown","floor":32,"key":"SMITH"},{"data":"Koishi:PerfectMindControl","floor":40,"key":"SMITH"},{"data":"Koishi:StingingMind","floor":42,"key":"SMITH"},{"data":"Koishi:GeneticsOfTheUnconscious","floor":44,"key":"SMITH"},{"data":"Koishi:RuptureMind","floor":49,"key":"SMITH"}],"circlet_count":0,"master_deck":["Koishi:BasicStrike","Koishi:BasicDefend","Koishi:BasicDefend","Koishi:BasicDefend","Koishi:BasicDefend+1","Koishi:Provoke","Koishi:HauntingSlash+1","Koishi:HeartStoppingHorror+1","Koishi:DanmakuParanoia","Koishi:YoukaiPolygraph","Koishi:ImGoingToCallYouNow+1","Koishi:StingingMind+1","Koishi:MindStellarRelief+1","Koishi:BloodcurdlingScream","Enlightenment+1","Koishi:UnseenTerror+1","Koishi:YoukaiPolygraph+1","Koishi:ImGoingToCallYouNow+1","Koishi:Possession","Koishi:VengefulSpirit","Koishi:DNAsFlaw","Koishi:MentalBreakdown+1","Koishi:UnconsciousUrges+1","Koishi:PerfectMindControl+1","Koishi:EmbryosDream+1","Koishi:GeneticsOfTheUnconscious+1","Koishi:RuptureMind+1","Gensokyo:LifeSpringInfinity+1"],"relics":["Koishi:ImaginaryFriend","Koishi:BloodstainedWhiteRose","Smiling Mask","Gensokyo:Mercy","Happy Flower","Empty Cage","DollysMirror","Oddly Smooth Stone","Blood Vial","Mercury Hourglass","Old Coin","Nunchaku","Sling","Tiny Chest","Black Star","ClockworkSouvenir","Koishi:LettersToReimu","Torii","MawBank","Anchor","Kunai","Lantern","The Courier","Singing Bowl","Mummified Hand"],"acts_visited":["Exordium","Gensokyo:Gensokyo","Gensokyo:Gensokyoer"],"potions_floor_usage":[33,50],"damage_taken":[{"damage":0,"enemies":"Gensokyo:Python","floor":1,"turns":5},{"damage":2,"enemies":"Gensokyo:2_Kodama","floor":3,"turns":4},{"damage":7,"enemies":"Gensokyo:3_Fairies","floor":4,"turns":5},{"damage":15,"enemies":"Gensokyo:Mamizou","floor":6,"turns":8},{"damage":11,"enemies":"Gensokyo:Kitsune","floor":12,"turns":6},{"damage":6,"enemies":"Gensokyo:VengefulSpirit","floor":13,"turns":7},{"damage":10,"enemies":"Gensokyo:2_Rabbits","floor":14,"turns":7},{"damage":14,"enemies":"Gensokyo:Kokoro","floor":16,"turns":7},{"damage":0,"enemies":"Gensokyo:Chomper","floor":18,"turns":4},{"damage":28,"enemies":"Gensokyo:3_Dogs","floor":21,"turns":5},{"damage":33,"enemies":"Gensokyo:Tenshi","floor":23,"turns":3},{"damage":23,"enemies":"Gensokyo:Reisen","floor":25,"turns":4},{"damage":15,"enemies":"Gensokyo:Swordslinger","floor":27,"turns":4},{"damage":21,"enemies":"Gensokyo:Wraith","floor":29,"turns":4},{"damage":10,"enemies":"Gensokyo:Monolith_and_Dog","floor":30,"turns":5},{"damage":30,"enemies":"Gensokyo:Kaguya","floor":33,"turns":11},{"damage":28,"enemies":"Gensokyo:3_Boulders","floor":35,"turns":5},{"damage":16,"enemies":"Gensokyo:3_Bats","floor":37,"turns":4},{"damage":0,"enemies":"Gensokyo:Doremy","floor":41,"turns":6},{"damage":28,"enemies":"Gensokyo:Kasen","floor":46,"turns":5},{"damage":1,"enemies":"Gensokyo:Kasen","floor":48,"turns":6},{"damage":0,"enemies":"Gensokyo:Shinki","floor":50,"turns":12}],"seed_played":"7128451027965429513","potions_obtained":[{"floor":3,"key":"Energy Potion"},{"floor":6,"key":"Strength Potion"},{"floor":12,"key":"SkillPotion"},{"floor":37,"key":"DuplicationPotion"}],"is_trial":false,"path_per_floor":["M","?","M","M","?","E","R","$","T","COS","?","M","M","M","R","B",null,"M","$","?","M","COS","E","?","E","T","M","R","M","M","$","R","B",null,"M","COS","M","?","?","R","E","R","T","R","?","E","T","?","R","B",null],"character_chosen":"KOISHI","items_purchased":["Enlightenment","Koishi:UnseenTerror","Sling","Tiny Chest"],"campfire_rested":0,"item_purchase_floors":[19,19,31,31],"current_hp_per_floor":[56,56,54,48,48,34,34,34,34,34,34,28,33,43,43,60,60,60,60,60,58,58,60,60,60,60,60,60,51,60,60,60,47,57,60,60,60,36,36,36,60,60,60,60,60,60,60,60,60,60],"gold":184,"neow_bonus":"THREE_RARE_CARDS","is_daily":false,"chose_seed":false,"campfire_upgraded":8,"win_rate":0.0,"timestamp":1610727174,"path_taken":["M","?","?","M","?","E","R","$","T","COS","?","M","M","M","R","BOSS","M","$","?","M","COS","E","?","E","T","?","R","M","M","$","R","BOSS","M","COS","M","?","?","R","E","R","T","R","?","E","?","?","R","BOSS"],"items_purchased_type":["Card","Card","Relic","Relic"],"build_version":"2020-12-22","purchased_purges":2,"victory":true,"max_hp_per_floor":[60,60,60,60,60,60,60,60,60,60,60,60,60,60,60,60,60,60,60,60,60,60,60,60,60,60,60,60,60,60,60,60,60,60,60,60,60,60,60,60,60,60,60,60,60,60,60,60,60,60],"card_choices":[{"not_picked":["Koishi:FormlessExistence","Koishi:ImGoingToCallYouNow"],"picked":"Koishi:HeartStoppingHorror","floor":0},{"not_picked":["Koishi:GeneticsOfTheUnconscious","Koishi:HeartfeltFancy"],"picked":"Koishi:HeartAttack","floor":1},{"not_picked":["Koishi:Catatonia","Koishi:PhantomStrike"],"picked":"Koishi:RacingHeart","floor":3},{"not_picked":["Koishi:DreadfulBlow","Koishi:BloodcurdlingScream"],"picked":"Koishi:DanmakuParanoia","floor":4},{"not_picked":["Koishi:Jaunt","Koishi:ReflexRadar"],"picked":"Koishi:YoukaiPolygraph","floor":6},{"not_picked":["Koishi:PhantomStrike","Koishi:Vanish","Koishi:FreudianInstinct"],"picked":"SKIP","floor":12},{"not_picked":["Koishi:FadingMemory","Koishi:SuperEgo"],"picked":"Koishi:ImGoingToCallYouNow","floor":13},{"not_picked":["Koishi:Prune","Koishi:UnansweredLove"],"picked":"Koishi:EmbersOfLove","floor":13},{"not_picked":["Koishi:UnconsciousUprising","Koishi:SuperEgo"],"picked":"Koishi:StingingMind","floor":14},{"not_picked":["Koishi:RollingInRichesHeart","Koishi:HeartStoppingHorror"],"picked":"Koishi:MindStellarRelief","floor":16},{"not_picked":["Koishi:Prune+1","Koishi:UnconsciousUprising+1"],"picked":"Koishi:BloodcurdlingScream","floor":18},{"not_picked":["Koishi:GhostParty","Koishi:Possession"],"picked":"Koishi:YoukaiPolygraph+1","floor":21},{"not_picked":["Koishi:CatchAndRose","Koishi:RacingHeart","Koishi:StrangeCloudFist"],"picked":"SKIP","floor":23},{"not_picked":["Koishi:BramblyRoseGarden","Koishi:HeartfeltFancy"],"picked":"Koishi:VengefulSpirit","floor":25},{"not_picked":["Koishi:UnansweredLove+1","Koishi:HeartfeltFancy"],"picked":"Koishi:DNAsFlaw","floor":27},{"not_picked":["Koishi:UnansweredLove+1","Koishi:ReleaseOfTheId"],"picked":"Koishi:MentalBreakdown","floor":29},{"not_picked":["Koishi:EmbersOfLove","Koishi:LastRemote"],"picked":"Koishi:UnconsciousUrges+1","floor":30},{"not_picked":["Koishi:FormlessExistence","Koishi:HeartStoppingHorror"],"picked":"Koishi:PerfectMindControl","floor":33},{"not_picked":["Koishi:SubterraneanRose","Koishi:Jaunt+1"],"picked":"Koishi:EmbryosDream+1","floor":35},{"not_picked":["Koishi:CatchAndRose","Koishi:UnansweredLove+1"],"picked":"Koishi:GeneticsOfTheUnconscious","floor":37},{"not_picked":["Koishi:IdleWhim","Koishi:GhostParty","Koishi:RacingHeart"],"picked":"SKIP","floor":41},{"not_picked":["Koishi:ParalyzingFear+1","Koishi:UnconsciousUprising"],"picked":"Koishi:RuptureMind","floor":46},{"not_picked":["Gensokyo:UnhurriedMind+1","Gensokyo:HouraiInAPot+1"],"picked":"Gensokyo:LifeSpringInfinity+1","floor":48}],"player_experience":536241,"relics_obtained":[{"floor":6,"key":"Koishi:BloodstainedWhiteRose"},{"floor":9,"key":"Smiling Mask"},{"floor":23,"key":"Oddly Smooth Stone"},{"floor":25,"key":"Blood Vial"},{"floor":26,"key":"Mercury Hourglass"},{"floor":41,"key":"MawBank"},{"floor":41,"key":"Anchor"},{"floor":43,"key":"Kunai"},{"floor":46,"key":"The Courier"},{"floor":46,"key":"Singing Bowl"},{"floor":47,"key":"Mummified Hand"}],"event_choices":[],"is_beta":false,"boss_relics":[{"not_picked":["Ectoplasm","Sozu"],"picked":"Empty Cage"},{"not_picked":["Coffee Dripper","Runic Dome"],"picked":"Black Star"}],"items_purged_floors":[8,31],"is_endless":false,"potions_floor_spawned":[3,6,12,18,23,29,30,37,46],"ascension_level":6}}