{"host":"d7fiu2yjkssjxoz6","time":1610676421,"event":{"mods":["AchievementEnabler","BaseMod","Duelist Mod","GifTheSpireLib","Minty Spire (QoL Compilation)","StSLib"],"gold_per_floor":[143,161,171,189,189,189,204,204,257,267,217,242,242,269,269,368,368,384,384,417,429,443,443,443],"floor_reached":23,"language":"ENG","playtime":1020,"items_purged":[],"score":248,"play_id":"0677ab16-8fb6-40c5-9f20-0f2174315516","local_time":"20210114180701","is_ascension_mode":true,"campfire_choices":[{"data":"theDuelist:NaturiaForest","floor":6,"key":"SMITH"},{"data":"theDuelist:NaturiaEggplant","floor":8,"key":"SMITH"},{"floor":13,"key":"REST"},{"data":"Thinking Ahead","floor":15,"key":"SMITH"}],"circlet_count":0,"master_deck":["theDuelist:CastleWalls","theDuelist:CastleWalls","theDuelist:NaturiaBeast+1","theDuelist:NaturiaCliff+1","theDuelist:NaturiaRock+1","theDuelist:NaturiaTulip+1","theDuelist:Sparks","theDuelist:Sparks","theDuelist:Sparks","theDuelist:NaturiaDragonfly+1","theDuelist:NaturiaForest+1","Finesse","theDuelist:NaturiaDragonfly+1","theDuelist:NaturiaEggplant+1","Thinking Ahead+1","theDuelist:Fissure","theDuelist:NaturiaCherries","theDuelist:NaturiaHorneedle","theDuelist:NaturiaStinkbug+1","Ghostly","Ghostly","Ghostly","Ghostly","Ghostly","theDuelist:NaturiaBrambi","theDuelist:ConvulsionNature+1"],"relics":["theDuelist:MillenniumPuzzle","theDuelist:CardPoolRelic","theDuelist:CardPoolBasicRelic","theDuelist:BoosterPackPoolRelic","theDuelist:CardPoolAddRelic","theDuelist:CardPoolMinusRelic","theDuelist:CardPoolSaveRelic","theDuelist:CardPoolOptionsRelic","War Paint","theDuelist:MillenniumRing","Gremlin Horn","theDuelist:SummonAnchor","Runic Pyramid"],"acts_visited":["Exordium","TheCity"],"potions_floor_usage":[12],"damage_taken":[{"damage":1,"enemies":"Cultist","floor":1,"turns":4},{"damage":6,"enemies":"2 Louse","floor":2,"turns":3},{"damage":3,"enemies":"Jaw Worm","floor":3,"turns":4},{"damage":9,"enemies":"Large Slime","floor":4,"turns":5},{"damage":8,"enemies":"Exordium Thugs","floor":7,"turns":4},{"damage":2,"enemies":"Looter","floor":10,"turns":3},{"damage":7,"enemies":"3 Sentries","floor":12,"turns":4},{"damage":5,"enemies":"Lagavulin","floor":14,"turns":7},{"damage":21,"enemies":"Slime Boss","floor":16,"turns":6},{"damage":0,"enemies":"Chosen","floor":18,"turns":4},{"damage":4,"enemies":"3 Byrds","floor":21,"turns":3},{"damage":11,"enemies":"Centurion and Healer","floor":22,"turns":6},{"damage":25,"enemies":"Slavers","floor":23,"turns":3}],"seed_played":"-4169096379098486254","potions_obtained":[{"floor":1,"key":"theDuelist:SummonArmorPotion"},{"floor":4,"key":"SkillPotion"},{"floor":7,"key":"theDuelist:LavaBottle"},{"floor":12,"key":"GamblersBrew"}],"is_trial":false,"path_per_floor":["M","M","M","M","?","R","M","R","T","M","?","E","R","E","R","B",null,"M","?","?","M","M","E"],"character_chosen":"THE_DUELIST","items_purchased":[],"campfire_rested":1,"item_purchase_floors":[],"current_hp_per_floor":[79,73,70,61,61,61,53,53,53,51,51,44,68,63,63,42,80,80,40,40,36,25,0,0],"gold":443,"neow_bonus":"RANDOM_COMMON_RELIC","is_daily":false,"chose_seed":false,"campfire_upgraded":3,"win_rate":0.0,"timestamp":1610676421,"path_taken":["M","M","M","M","?","R","M","R","T","M","?","E","R","E","R","BOSS","M","?","?","M","?","E"],"items_purchased_type":[],"build_version":"2020-12-22","purchased_purges":0,"victory":false,"max_hp_per_floor":[80,80,80,80,80,80,80,80,80,80,80,80,80,80,80,80,80,80,40,40,40,40,40,40],"card_choices":[{"not_picked":["theDuelist:NaturiaCliff","theDuelist:NaturiaTulip","theDuelist:NaturiaSunflower","theDuelist:NaturiaBrambi"],"picked":"theDuelist:NaturiaDragonfly","floor":1},{"not_picked":["theDuelist:DemiseLand","theDuelist:WildNatureRelease","theDuelist:SpacetimeTranscendence","theDuelist:FossilExcavation"],"picked":"theDuelist:NaturiaForest","floor":2},{"not_picked":["Discovery","Dramatic Entrance","Mind Blast"],"picked":"Finesse","floor":3},{"not_picked":["theDuelist:NaturiaSunflower","theDuelist:NaturiaTulip","theDuelist:NaturiaMarron","theDuelist:NaturiaParadizo"],"picked":"theDuelist:NaturiaDragonfly","floor":4},{"not_picked":["theDuelist:NaturiaHydrangea","theDuelist:NaturiaDragonfly","theDuelist:NaturiaCliff","theDuelist:Alpacaribou"],"picked":"theDuelist:NaturiaEggplant","floor":7},{"not_picked":["Chrysalis","Flash of Steel","Panacea"],"picked":"Thinking Ahead","floor":10},{"not_picked":["theDuelist:AttackTheMoon","theDuelist:HammerShot","theDuelist:WingedKuriboh","theDuelist:GraniteLoyalist"],"picked":"theDuelist:Fissure","floor":12},{"not_picked":["theDuelist:NaturiaHydrangea","theDuelist:NaturiaCliff","theDuelist:NaturiaRagweed","theDuelist:Spore"],"picked":"theDuelist:NaturiaCherries","floor":14},{"not_picked":["theDuelist:SeismicShockwave","theDuelist:NaturiaBarkion","theDuelist:HuntingInstinct","theDuelist:Wildfire"],"picked":"theDuelist:NaturiaHorneedle","floor":16},{"not_picked":["theDuelist:NaturiaHydrangea","theDuelist:Spore","theDuelist:NaturiaSunflower","theDuelist:NaturiaLeodrake"],"picked":"theDuelist:NaturiaStinkbug+1","floor":18},{"not_picked":["theDuelist:NaturiaHydrangea","theDuelist:NaturiaEggplant","theDuelist:NaturiaDragonfly+1","theDuelist:NaturiaCliff"],"picked":"theDuelist:NaturiaBrambi","floor":21},{"not_picked":["theDuelist:NaturiaEggplant","theDuelist:FossilDig","theDuelist:NaturiaAntjaw","theDuelist:NaturiaHydrangea+1"],"picked":"theDuelist:ConvulsionNature+1","floor":22}],"player_experience":169991,"relics_obtained":[{"floor":12,"key":"Gremlin Horn"},{"floor":14,"key":"theDuelist:SummonAnchor"}],"event_choices":[{"damage_healed":0,"gold_gain":0,"player_choice":"Took item - Received: Millennium Ring","duelist":true,"damage_taken":0,"max_hp_gain":0,"max_hp_loss":0,"event_name":"Millennium Items","floor":5,"gold_loss":0},{"cards_removed":["theDuelist:CursedBill"],"damage_healed":0,"gold_gain":0,"player_choice":"Card Removal","damage_taken":0,"max_hp_gain":0,"max_hp_loss":0,"event_name":"The Cleric","floor":11,"gold_loss":50},{"damage_healed":0,"gold_gain":0,"player_choice":"Became a Ghost","damage_taken":0,"max_hp_gain":0,"max_hp_loss":40,"event_name":"Ghosts","floor":19,"gold_loss":0,"cards_obtained":["Ghostly","Ghostly","Ghostly","Ghostly","Ghostly"]},{"damage_healed":0,"gold_gain":0,"player_choice":"Sold Castle Walls for 33 Gold.","duelist":true,"damage_taken":0,"max_hp_gain":0,"max_hp_loss":0,"event_name":"Card Trader","floor":20,"gold_loss":0}],"is_beta":false,"boss_relics":[{"not_picked":["theDuelist:ElectricKey","Snecko Eye"],"picked":"Runic Pyramid"}],"items_purged_floors":[],"is_endless":false,"potions_floor_spawned":[1,4,7,12,21],"killed_by":"Slavers","ascension_level":2}}