{"host":"ek3xvuouaw6vk9if","time":1610686126,"event":{"mods":["BaseMod","BetterRewards","GungeonMod","Minty Spire (QoL Compilation)","Permanent Neow","Quick Restart","Relic Stats","Replay The Spire","StSLib"],"gold_per_floor":[110,123,143,68,16,49,64,99,147,209,209,209,12,28,28,129,129,146,245,245,145,159,201,201,243,268,325,65,65,65,65,65,65,65,184,184,209,199,74,106,126,126,183,223,223,223,243,253,262,262,262,262],"floor_reached":53,"language":"ENG","playtime":2691,"items_purged":["DemoMod:Strike_Huntress","DemoMod:Strike_Huntress","DemoMod:Strike_Huntress"],"score":1071,"play_id":"7a51a029-8d12-4efe-9428-1983ae08326a","local_time":"20210114234846","is_ascension_mode":true,"campfire_choices":[{"data":"DemoMod:ChanceBullets","floor":11,"key":"SMITH"},{"data":"DemoMod:TableSutra","floor":15,"key":"SMITH"},{"floor":24,"key":"REST"},{"floor":34,"key":"REST"},{"data":"DemoMod:ManualReload","floor":42,"key":"SMITH"},{"floor":51,"key":"REST"}],"circlet_count":0,"master_deck":["DemoMod:Defend_Huntress","DemoMod:Defend_Huntress","DemoMod:Defend_Huntress","DemoMod:Defend_Huntress","DemoMod:Roll","DemoMod:ManualReload+1","DemoMod:RustySidearm","DemoMod:CrossBow","DemoMod:GunShield","DemoMod:GunShield","DemoMod:BoxingGlove+1","DemoMod:ChanceBullets+1","DemoMod:ShadowBullets+1","DemoMod:TableSutra+1","DemoMod:AWP","DemoMod:FastSwitch","DemoMod:AWP+1","DemoMod:PotionOfGunFriendShip","DemoMod:SuppressiveFire","DemoMod:FeignSurrender","DemoMod:EasyReloadBullets+1","DemoMod:PotionOfGunFriendShip+1","Master of Strategy","Master of Strategy","DemoMod:Unmoved","DemoMod:Behold!","DemoMod:HungryBullets+1","DemoMod:SkilledReload+1","Jack Of All Trades","DemoMod:SAA","DemoMod:HardPowerCard","DemoMod:MachoBrace+1","Parasite","DemoMod:HuntsMan+1","DemoMod:ConditionalReflex+1","DemoMod:ChanceBullets+1"],"relics":["DemoMod:Dog","DemoMod:GnawedKey","Pantograph","Replay:Bottled Flurry","CaptainsWheel","Blue Doll","DemoMod:ChaffGrenade","Orichalcum","Sozu","Shovel","DemoMod:Unsteady","Blood Vial","CeramicFish","DemoMod:PoisonVial","Frozen Egg 2","Meat on the Bone","Replay:Bronze Core","DemoMod:VorpalBullet","HornCleat"],"acts_visited":["Exordium","TheCity","TheBeyond"],"potions_floor_usage":[6,16,16,35],"damage_taken":[{"damage":1,"enemies":"Cultist","floor":1,"turns":3},{"damage":6,"enemies":"Jaw Worm","floor":2,"turns":3},{"damage":0,"enemies":"Small Slimes","floor":3,"turns":2},{"damage":29,"enemies":"Gremlin Nob","floor":6,"turns":4},{"damage":0,"enemies":"2 Fungi Beasts","floor":7,"turns":5},{"damage":0,"enemies":"Replay:BlueRogue","floor":8,"turns":2},{"damage":0,"enemies":"3 Louse","floor":14,"turns":3},{"damage":12,"enemies":"Hexaghost","floor":16,"turns":6},{"damage":4,"enemies":"Shell Parasite","floor":18,"turns":4},{"damage":0,"enemies":"Spheric Guardian","floor":22,"turns":3},{"damage":44,"enemies":"Slavers","floor":23,"turns":6},{"damage":15,"enemies":"Gremlin Leader","floor":25,"turns":6},{"damage":35,"enemies":"Pondfish","floor":35,"turns":10},{"damage":5,"enemies":"Orb Walker","floor":37,"turns":3},{"damage":2,"enemies":"3 Darklings","floor":40,"turns":6},{"damage":2,"enemies":"Sphere and 2 Shapes","floor":41,"turns":3},{"damage":34,"enemies":"2 Orb Walkers","floor":43,"turns":5},{"damage":12,"enemies":"Writhing Mass","floor":44,"turns":6},{"damage":11,"enemies":"Spire Growth","floor":47,"turns":2},{"damage":13,"enemies":"Jaw Worm Horde","floor":48,"turns":4},{"damage":3,"enemies":"Replay:Hell Engine","floor":52,"turns":8}],"seed_played":"8203005335458141916","potions_obtained":[{"floor":1,"key":"Adrenaline Potion"},{"floor":3,"key":"Strength Potion"},{"floor":6,"key":"Strength Potion"},{"floor":8,"key":"Fire Potion"}],"is_trial":false,"path_per_floor":["M","M","M","$","?","E","M","E","T","?","R","?","$","M","R","B",null,"M","?","?","$","M","E","R","E","T","?","$","?","PTL","PTL","T","?","R","B",null,"M","?","$","M","M","R","?","M","T","?","M","M","?","$","R","B",null],"character_chosen":"HUNTRESS","items_purchased":["DemoMod:SkilledReload","DemoMod:GnawedKey","DemoMod:GunShield","DemoMod:BoxingGlove+1","DemoMod:AWP+1","Orichalcum","DemoMod:PotionOfGunFriendShip+1","Master of Strategy","DemoMod:Unmoved","DemoMod:SkilledReload+1","Jack Of All Trades"],"campfire_rested":3,"item_purchase_floors":[0,0,0,0,13,13,28,28,28,39,39],"current_hp_per_floor":[69,63,63,63,63,34,34,34,34,34,34,34,34,34,34,47,70,66,66,66,66,66,22,43,30,30,2,2,2,2,2,2,2,23,15,70,65,65,65,65,65,65,33,23,23,23,26,27,27,27,48,67],"gold":262,"neow_bonus":"","is_daily":false,"chose_seed":false,"campfire_upgraded":3,"win_rate":0.0,"timestamp":1610686126,"path_taken":["M","M","M","?","?","E","?","E","T","?","R","?","$","M","R","BOSS","M","?","?","$","M","E","R","E","T","?","$","?","PTL","PTL","?","?","R","BOSS","M","?","$","M","M","R","?","M","T","?","?","M","?","?","R","BOSS"],"items_purchased_type":["Card","Relic","Card","Card","Card","Relic","Card","Card","Card","Card","Card"],"build_version":"2020-12-22","purchased_purges":3,"victory":true,"max_hp_per_floor":[70,70,70,70,70,70,70,70,70,70,70,70,70,70,70,70,70,70,70,70,70,70,70,70,70,70,70,70,70,70,70,70,70,70,70,70,70,70,70,70,70,70,70,70,70,70,70,70,70,70,70,70],"relic_stats":{"Sozu":6,"Blood Vial":18,"Shovel":0,"counters":[44,184],"Pantograph":70,"CeramicFish":153,"Orichalcum":[30],"obtain_stats":[{"Golden Egg":46,"Regal Pillow":26,"Calipers":0,"DemoMod:PoisonVial":26,"CeramicFish":25,"Blue Doll":7,"DemoMod:GlassGuonStoneRelic":4,"Replay:Multitool":36,"Sozu":17,"Blood Vial":23,"Replay:Bandana":12,"Shovel":20,"HornCleat":45,"Pantograph":5,"Replay:Bronze Core":36,"Prayer Wheel":14,"HandDrill":41,"DemoMod:GnawedKey":0,"Replay:Bottled Flurry":6,"ReplayTheSpireMod:Ninjato":9,"DemoMod:Dog":0,"DemoMod:OrangeGuonStone":25,"DemoMod:ChaffGrenade":12,"DemoMod:WeirdEgg":32,"Orichalcum":13,"Frozen Egg 2":27,"Mercury Hourglass":43,"Bottled Flame":20,"CaptainsWheel":8,"Shuriken":24,"MutagenicStrength":21,"Pandora\u0027s Box":34,"Bag of Marbles":3,"ReplayTheSpireMod:TigerMarble":13,"TungstenRod":29,"DemoMod:Unsteady":20,"DemoMod:VorpalBullet":43,"Meat on the Bone":47},{"Golden Egg":21,"Regal Pillow":11,"Calipers":0,"DemoMod:PoisonVial":35,"CeramicFish":35,"Blue Doll":4,"DemoMod:GlassGuonStoneRelic":3,"Replay:Multitool":17,"Sozu":31,"Blood Vial":34,"Replay:Bandana":5,"Shovel":32,"HornCleat":41,"Pantograph":26,"Replay:Bronze Core":36,"Prayer Wheel":6,"HandDrill":18,"DemoMod:GnawedKey":23,"Replay:Bottled Flurry":27,"ReplayTheSpireMod:Ninjato":4,"DemoMod:Dog":0,"DemoMod:OrangeGuonStone":11,"DemoMod:ChaffGrenade":29,"DemoMod:WeirdEgg":35,"Orichalcum":29,"Frozen Egg 2":35,"Mercury Hourglass":19,"Bottled Flame":9,"CaptainsWheel":29,"Shuriken":11,"MutagenicStrength":9,"Pandora\u0027s Box":15,"Bag of Marbles":2,"ReplayTheSpireMod:TigerMarble":5,"TungstenRod":13,"DemoMod:Unsteady":32,"DemoMod:VorpalBullet":40,"Meat on the Bone":42},{"Golden Egg":71,"Regal Pillow":28,"Calipers":0,"DemoMod:PoisonVial":137,"CeramicFish":137,"Blue Doll":11,"DemoMod:GlassGuonStoneRelic":9,"Replay:Multitool":59,"Sozu":118,"Blood Vial":131,"Replay:Bandana":12,"Shovel":122,"HornCleat":170,"Pantograph":98,"Replay:Bronze Core":147,"Prayer Wheel":17,"HandDrill":62,"DemoMod:GnawedKey":90,"Replay:Bottled Flurry":102,"ReplayTheSpireMod:Ninjato":11,"DemoMod:Dog":0,"DemoMod:OrangeGuonStone":28,"DemoMod:ChaffGrenade":109,"DemoMod:WeirdEgg":137,"Orichalcum":109,"Frozen Egg 2":137,"Mercury Hourglass":64,"Bottled Flame":22,"CaptainsWheel":109,"Shuriken":28,"MutagenicStrength":22,"Pandora\u0027s Box":54,"Bag of Marbles":7,"ReplayTheSpireMod:TigerMarble":12,"TungstenRod":35,"DemoMod:Unsteady":122,"DemoMod:VorpalBullet":164,"Meat on the Bone":171}],"Meat on the Bone":24},"card_choices":[{"not_picked":["DemoMod:CursedBullets","DemoMod:Unmoved","DemoMod:FastSwitch"],"picked":"SKIP","floor":1},{"not_picked":["DemoMod:Unmoved","DemoMod:DoubleSwitch"],"picked":"DemoMod:ChanceBullets","floor":2},{"not_picked":["DemoMod:DirectionalPad","DemoMod:PotionOfGunFriendShip"],"picked":"DemoMod:ShadowBullets","floor":3},{"not_picked":["DemoMod:ZorGun","DemoMod:FortunesFavor"],"picked":"DemoMod:TableSutra","floor":6},{"not_picked":["DemoMod:Unmoved","DemoMod:GunstockTap"],"picked":"DemoMod:AWP","floor":7},{"not_picked":["DemoMod:Unity","DemoMod:Unmoved"],"picked":"DemoMod:FastSwitch","floor":8},{"not_picked":["DemoMod:BattleInHaste","DemoMod:BoxingGlove"],"picked":"DemoMod:PotionOfGunFriendShip","floor":14},{"not_picked":["DemoMod:GunslingerForm","DemoMod:BalloonGun"],"picked":"DemoMod:SuppressiveFire","floor":16},{"not_picked":["DemoMod:StickyCrossBow","DemoMod:GunstockTap","DemoMod:DirectionalPad"],"picked":"SKIP","floor":18},{"not_picked":["DemoMod:Camera","DemoMod:Unmoved","DemoMod:CursedBullets"],"picked":"SKIP","floor":22},{"not_picked":["DemoMod:AWP","DemoMod:GunslingerForm","DemoMod:FastSwitch"],"picked":"SKIP","floor":23},{"not_picked":["DemoMod:Polaris","DemoMod:TeaPot+1"],"picked":"DemoMod:FeignSurrender","floor":25},{"not_picked":["DemoMod:AC15+1","DemoMod:SAA"],"picked":"DemoMod:EasyReloadBullets+1","floor":27},{"not_picked":["DemoMod:GunslingerForm+1","DemoMod:FullFirepower"],"picked":"DemoMod:Behold!","floor":35},{"not_picked":["DemoMod:AC15+1","DemoMod:MegaHand"],"picked":"DemoMod:HungryBullets+1","floor":37},{"not_picked":["DemoMod:Polaris+1","DemoMod:FastSwitch"],"picked":"DemoMod:SAA","floor":40},{"not_picked":["DemoMod:Purify","DemoMod:ConditionalReflex"],"picked":"DemoMod:HardPowerCard","floor":41},{"not_picked":["DemoMod:BoxingGlove","DemoMod:HuntsMan+1"],"picked":"DemoMod:MachoBrace+1","floor":43},{"not_picked":["DemoMod:PotionOfGunFriendShip+1","DemoMod:LifeOrb"],"picked":"DemoMod:HuntsMan+1","floor":44},{"not_picked":["DemoMod:TeaPot+1","DemoMod:PotionOfGunFriendShip+1"],"picked":"DemoMod:ConditionalReflex+1","floor":47},{"not_picked":["DemoMod:AC15+1","DemoMod:Unmoved","DemoMod:StickyCrossBow+1"],"picked":"SKIP","floor":48}],"player_experience":516079,"relics_obtained":[{"floor":6,"key":"Replay:Bottled Flurry"},{"floor":8,"key":"CaptainsWheel"},{"floor":9,"key":"Blue Doll"},{"floor":23,"key":"Blood Vial"},{"floor":25,"key":"CeramicFish"},{"floor":26,"key":"DemoMod:PoisonVial"},{"floor":27,"key":"Frozen Egg 2"},{"floor":32,"key":"DemoMod:WeirdEgg"},{"floor":43,"key":"DemoMod:VorpalBullet"},{"floor":45,"key":"HornCleat"}],"event_choices":[{"damage_healed":0,"gold_gain":0,"player_choice":"Paid Gold","damage_taken":0,"relics_obtained":["Pantograph"],"max_hp_gain":0,"max_hp_loss":0,"event_name":"WeMeetAgain","floor":5,"gold_loss":52},{"damage_healed":0,"gold_gain":62,"player_choice":"Gained Gold","damage_taken":0,"max_hp_gain":0,"max_hp_loss":0,"event_name":"Golden Wing","floor":10,"gold_loss":0},{"damage_healed":0,"gold_gain":0,"player_choice":"Searched \u00271\u0027 times","damage_taken":0,"relics_obtained":["DemoMod:ChaffGrenade"],"max_hp_gain":0,"max_hp_loss":0,"event_name":"Dead Adventurer","floor":12,"gold_loss":0},{"damage_healed":0,"gold_gain":99,"player_choice":"Stole From Cult","damage_taken":0,"max_hp_gain":0,"max_hp_loss":0,"event_name":"Nest","floor":19,"gold_loss":0},{"damage_healed":0,"gold_gain":0,"player_choice":"Ignored","damage_taken":0,"max_hp_gain":0,"max_hp_loss":0,"event_name":"The Mausoleum","floor":29,"gold_loss":0},{"damage_healed":0,"gold_gain":0,"player_choice":"Fight","damage_taken":0,"max_hp_gain":0,"max_hp_loss":0,"event_name":"Mysterious Sphere","floor":43,"gold_loss":0},{"damage_healed":0,"gold_gain":0,"player_choice":"Upgraded","damage_taken":0,"max_hp_gain":0,"max_hp_loss":0,"event_name":"Upgrade Shrine","floor":46,"gold_loss":0,"cards_upgraded":["DemoMod:ShadowBullets"]},{"damage_healed":0,"gold_gain":0,"player_choice":"Copied","damage_taken":0,"max_hp_gain":0,"max_hp_loss":0,"event_name":"Duplicator","floor":49,"gold_loss":0,"cards_obtained":["DemoMod:ChanceBullets"]}],"is_beta":false,"boss_relics":[{"not_picked":["Kintsugi","Coffee Dripper"],"picked":"Sozu"},{"not_picked":["Abe\u0027s Treasure","ChewingGum"],"picked":"Replay:Bronze Core"}],"items_purged_floors":[4,21,28],"is_endless":false,"potions_floor_spawned":[1,3,6,8,18,22,25,37,41,44],"ascension_level":1}}