{"host":"msmkw03x1o7nq45i","time":1610730179,"event":{"mods":["AchievementEnabler","BaseMod","Bestiary","Colored Powertips","GifTheSpireLib","Highlight Path","Minty Spire (QoL Compilation)","Random Character Button","StSLib","everything is the same but u backflip on backflip"],"gold_per_floor":[111,111,122,141,153,153,164,177,202,214,314,314,344,357,357,461,461,476,50,66,81,81,81,115,115,115],"floor_reached":25,"language":"ENG","playtime":1455,"items_purged":[],"score":363,"play_id":"4df6b62a-982f-441b-920b-0b1f682b0a86","local_time":"20210115190259","is_ascension_mode":true,"campfire_choices":[{"data":"All Out Attack","floor":6,"key":"SMITH"},{"data":"Dash","floor":12,"key":"SMITH"},{"data":"Skewer","floor":15,"key":"SMITH"},{"data":"Wraith Form v2","floor":23,"key":"SMITH"}],"circlet_count":0,"master_deck":["AscendersBane","Survivor","Neutralize","Leg Sweep+1","Quick Slash","Sucker Punch","All Out Attack+1","Dash+1","Skewer+1","Bouncing Flask+1","Wraith Form v2+1","Flechettes","Crippling Poison+1","Blade Dance+1","Tools of the Trade","Backstab","Phantasmal Killer+1","Tools of the Trade","Reflex+1","Reflex+1","Envenom","Deflect+1","Night Terror+1","PiercingWail+1","Night Terror+1","Acrobatics+1"],"relics":["Velvet Choker","War Paint","Toxic Egg 2","Pandora\u0027s Box","Akabeko","Medical Kit","Happy Flower"],"acts_visited":["Exordium","TheCity"],"potions_floor_usage":[13,18,21,24],"damage_taken":[{"damage":0,"enemies":"Cultist","floor":1,"turns":4},{"damage":0,"enemies":"Small Slimes","floor":3,"turns":4},{"damage":0,"enemies":"2 Louse","floor":4,"turns":3},{"damage":0,"enemies":"Looter","floor":5,"turns":4},{"damage":9,"enemies":"Exordium Wildlife","floor":7,"turns":5},{"damage":6,"enemies":"Large Slime","floor":8,"turns":4},{"damage":0,"enemies":"Looter","floor":10,"turns":3},{"damage":6,"enemies":"Lagavulin","floor":13,"turns":5},{"damage":0,"enemies":"Exordium Wildlife","floor":14,"turns":3},{"damage":14,"enemies":"The Guardian","floor":16,"turns":10},{"damage":11,"enemies":"2 Thieves","floor":18,"turns":3},{"damage":0,"enemies":"Spheric Guardian","floor":20,"turns":1},{"damage":4,"enemies":"Cultist and Chosen","floor":21,"turns":4},{"damage":20,"enemies":"Book of Stabbing","floor":24,"turns":5},{"damage":12,"enemies":"Chosen and Byrds","floor":25,"turns":1}],"seed_played":"5680769427679613106","potions_obtained":[{"floor":1,"key":"DuplicationPotion"},{"floor":3,"key":"FearPotion"},{"floor":13,"key":"SkillPotion"},{"floor":20,"key":"Block Potion"}],"is_trial":false,"path_per_floor":["M","?","M","M","M","R","M","M","T","M","?","R","E","M","R","B",null,"M","$","M","M","?","R","E","M"],"character_chosen":"THE_SILENT","items_purchased":["Akabeko","Night Terror+1","PiercingWail+1","Medical Kit"],"campfire_rested":0,"item_purchase_floors":[19,19,19,19],"current_hp_per_floor":[63,63,63,63,63,63,54,48,48,48,48,48,42,42,42,28,60,49,49,49,45,32,32,12,0,0],"gold":115,"neow_bonus":"BOSS_RELIC","is_daily":false,"chose_seed":false,"campfire_upgraded":4,"win_rate":0.0,"timestamp":1610730179,"path_taken":["M","?","?","M","M","R","M","M","T","M","?","R","E","M","R","BOSS","M","$","M","M","?","R","E","M"],"items_purchased_type":["Relic","Card","Card","Relic"],"build_version":"2020-12-22","purchased_purges":0,"victory":false,"max_hp_per_floor":[70,70,70,70,70,70,70,70,70,70,70,70,70,70,70,70,70,70,70,70,70,75,75,75,75,75],"card_choices":[{"not_picked":["Bane","Finisher"],"picked":"Leg Sweep","floor":1},{"not_picked":["Blade Dance","Prepared"],"picked":"Quick Slash","floor":3},{"not_picked":["Deflect","Backflip"],"picked":"Sucker Punch","floor":4},{"not_picked":["Prepared","Blade Dance"],"picked":"All Out Attack","floor":5},{"not_picked":["Dagger Spray","Underhanded Strike"],"picked":"Dash","floor":7},{"not_picked":["Storm of Steel","Predator","Setup"],"picked":"SKIP","floor":8},{"not_picked":["Cloak And Dagger","Sucker Punch","Underhanded Strike"],"picked":"SKIP","floor":10},{"not_picked":["Bane","Dagger Throw"],"picked":"Skewer","floor":13},{"not_picked":["Flechettes","Outmaneuver+1"],"picked":"Bouncing Flask+1","floor":14},{"not_picked":["Malaise+1","Storm of Steel+1"],"picked":"Wraith Form v2","floor":16},{"not_picked":["Quick Slash","Dagger Throw"],"picked":"Deflect+1","floor":18},{"not_picked":["Cloak And Dagger+1","Deflect+1","Concentrate+1"],"picked":"SKIP","floor":20},{"not_picked":["Crippling Poison+1","Acrobatics+1"],"picked":"Night Terror+1","floor":21},{"not_picked":["Leg Sweep+1","All Out Attack"],"picked":"Acrobatics+1","floor":24}],"player_experience":379703,"relics_obtained":[{"floor":9,"key":"War Paint"},{"floor":13,"key":"Toxic Egg 2"},{"floor":24,"key":"Happy Flower"}],"event_choices":[{"damage_healed":0,"gold_gain":0,"player_choice":"Upgraded","damage_taken":0,"max_hp_gain":0,"max_hp_loss":0,"event_name":"Upgrade Shrine","floor":2,"gold_loss":0,"cards_upgraded":["Leg Sweep"]},{"damage_healed":0,"gold_gain":100,"player_choice":"Pray","damage_taken":0,"max_hp_gain":0,"max_hp_loss":0,"event_name":"Golden Shrine","floor":11,"gold_loss":0},{"damage_healed":0,"gold_gain":0,"player_choice":"Shed Blood","damage_taken":18,"max_hp_gain":5,"max_hp_loss":0,"event_name":"Forgotten Altar","floor":22,"gold_loss":0}],"is_beta":false,"boss_relics":[{"not_picked":["Empty Cage","Philosopher\u0027s Stone"],"picked":"Pandora\u0027s Box"}],"items_purged_floors":[],"is_endless":false,"potions_floor_spawned":[1,3,5,13,20],"killed_by":"Chosen and Byrds","ascension_level":12}}