{"host":"ygfasg9u7olr7skw","time":1610734737,"event":{"mods":["AchievementEnabler","BaseMod","Better Note","Better Vampires","Colored Powertips","Minty Spire (QoL Compilation)","Replay The Spire","Spicy Shops","StSLib","The IronCluck"],"gold_per_floor":[117,129,129,8,24,24,40,40,40,54,54,54,54,72,72,195,195,213,238,253,7,7,7,26,26,26,39,39,39,52,71,71,195,195,208,231,31,49,49,49,49,74,100,100,31,64,64,79,79,79],"floor_reached":51,"language":"ENG","playtime":2863,"items_purged":["Strike_B","Shame","Voices"],"score":839,"play_id":"6464a454-c4ba-4568-a4f6-f0ed3481192e","local_time":"20210115131857","is_ascension_mode":true,"campfire_choices":[{"data":"Zap","floor":6,"key":"SMITH"},{"data":"Zap","floor":8,"key":"SMITH"},{"data":"Hologram","floor":12,"key":"SMITH"},{"data":"Dualcast","floor":15,"key":"SMITH"},{"data":"Go for the Eyes","floor":23,"key":"SMITH"},{"floor":25,"key":"REST"},{"data":"Beam Cell","floor":29,"key":"SMITH"},{"floor":32,"key":"REST"},{"floor":40,"key":"REST"},{"floor":44,"key":"REST"},{"floor":49,"key":"REST"}],"circlet_count":0,"master_deck":["Defend_B","Defend_B","Defend_B","Defend_B","Zap+1","Go for the Eyes+1","Gash","Gash","Hologram+1","Sweeping Beam+1","Gash","Beam Cell+1","Gash+1","Scrape+1","Gash+1","Skim","Beam Cell+1","Gash+1","Gash"],"relics":["Cracked Core","Pear","Golden Idol","ReplayTheSpireMod:CursedCoin","Replay:Mystery Machine","Bronze Scales","Oddly Smooth Stone","Kintsugi","Thread and Needle","Prayer Wheel","Replay:Antivirus Software","Lizard Tail","Whetstone"],"acts_visited":["Exordium","TheCity","TheBeyond"],"potions_floor_usage":[16,16,20,27,27,36,38,46,50],"damage_taken":[{"damage":0,"enemies":"Small Slimes","floor":1,"turns":1},{"damage":0,"enemies":"Cultist","floor":2,"turns":2},{"damage":0,"enemies":"2 Louse","floor":5,"turns":1},{"damage":8,"enemies":"Large Slime","floor":7,"turns":3},{"damage":0,"enemies":"Gremlin Gang","floor":10,"turns":2},{"damage":0,"enemies":"Exordium Wildlife","floor":14,"turns":1},{"damage":73,"enemies":"Fading Forest","floor":16,"turns":11},{"damage":23,"enemies":"3 Byrds","floor":18,"turns":4},{"damage":39,"enemies":"2 Thieves","floor":19,"turns":4},{"damage":15,"enemies":"Snake Plant","floor":20,"turns":4},{"damage":28,"enemies":"Sentry and Sphere","floor":24,"turns":4},{"damage":19,"enemies":"Snecko","floor":27,"turns":4},{"damage":12,"enemies":"Chosen and Byrds","floor":30,"turns":4},{"damage":40,"enemies":"Snake Plant","floor":31,"turns":4},{"damage":43,"enemies":"Champ","floor":33,"turns":8},{"damage":14,"enemies":"Orb Walker","floor":35,"turns":4},{"damage":17,"enemies":"3 Darklings","floor":36,"turns":4},{"damage":21,"enemies":"4 Shapes","floor":38,"turns":5},{"damage":18,"enemies":"Writhing Mass","floor":42,"turns":3},{"damage":24,"enemies":"Nemesis","floor":46,"turns":6},{"damage":10,"enemies":"Jaw Worm Horde","floor":48,"turns":3},{"damage":63,"enemies":"Time Eater","floor":50,"turns":7}],"seed_played":"8180537127736738350","potions_obtained":[{"floor":5,"key":"AttackPotion"},{"floor":10,"key":"Adrenaline Potion"},{"floor":18,"key":"FocusPotion"},{"floor":20,"key":"Fruit Juice"},{"floor":24,"key":"EssenceOfSteel"},{"floor":31,"key":"SpeedPotion"},{"floor":33,"key":"Strength Potion"},{"floor":36,"key":"Swift Potion"},{"floor":42,"key":"Fire Potion"},{"floor":48,"key":"CultistPotion"}],"is_trial":false,"path_per_floor":["M","M","?","$","M","R","M","R","T","M","?","R","?","M","R","B",null,"M","M","M","$","?","R","M","R","T","M","$","R","M","M","R","B",null,"M","M","$","M","?","R","$","M","T","R","$","E","?","M","R","B",null],"character_chosen":"DEFECT","items_purchased":["Gash","ReplayTheSpireMod:CursedCoin","Replay:Mystery Machine","Gash","Bronze Scales","Thread and Needle","Lizard Tail"],"campfire_rested":5,"item_purchase_floors":[4,21,21,21,21,37,45],"current_hp_per_floor":[75,75,75,75,75,75,67,67,77,77,77,77,77,77,77,4,79,56,17,7,7,94,94,66,94,94,75,75,75,63,23,51,8,94,80,63,63,42,42,70,70,52,52,80,80,56,56,46,74,11],"gold":79,"neow_bonus":"ONE_RANDOM_RARE_CARD","is_daily":false,"chose_seed":false,"campfire_upgraded":6,"win_rate":0.0,"timestamp":1610734737,"path_taken":["M","M","?","$","M","R","M","R","T","?","?","R","?","M","R","BOSS","M","M","M","$","?","R","M","R","T","?","$","R","M","M","R","BOSS","M","M","$","M","?","R","?","M","T","R","$","E","?","M","R","BOSS"],"items_purchased_type":["Card","Relic","Relic","Card","Relic","Relic","Relic"],"build_version":"2020-12-22","purchased_purges":3,"victory":true,"max_hp_per_floor":[75,75,75,75,75,75,75,75,85,85,79,79,79,79,79,79,79,79,79,84,84,94,94,94,94,94,94,94,94,94,94,94,94,94,94,94,94,94,94,94,94,94,94,94,94,94,94,94,94,94],"card_choices":[{"not_picked":["Fusion","Turbo"],"picked":"Go for the Eyes","floor":1},{"not_picked":["Redo","Cold Snap"],"picked":"Gash","floor":2},{"not_picked":["Undo","Recycle"],"picked":"Hologram","floor":5},{"not_picked":["Hologram","BasicCrystalCard","Consume"],"picked":"SKIP","floor":7},{"not_picked":["Hello World","Echo Form"],"picked":"Sweeping Beam","floor":10},{"not_picked":["Stack","Panic Button","Compile Driver"],"picked":"SKIP","floor":14},{"not_picked":["Steam","Lockon","Force Field+1"],"picked":"SKIP","floor":18},{"not_picked":["Force Field","Chill","Aggregate"],"picked":"SKIP","floor":19},{"not_picked":["ReplaySolidLightProjector","Conserve Battery","Go for the Eyes"],"picked":"SKIP","floor":20},{"not_picked":["Capacitor","Cold Snap"],"picked":"Beam Cell","floor":24},{"not_picked":["Coolheaded","Consume","FTL"],"picked":"SKIP","floor":27},{"not_picked":["BasicCrystalCard+1","Double Energy"],"picked":"Gash+1","floor":30},{"not_picked":["Redo","ReplayGash"],"picked":"Scrape+1","floor":31},{"not_picked":["Meteor Strike","Fission"],"picked":"ReplayTheSpireMod:Fabricate Wheel","floor":33},{"not_picked":["Redo+1","Defragment"],"picked":"Gash+1","floor":35},{"not_picked":["Panic Button+1","White Noise"],"picked":"Skim","floor":36},{"not_picked":["Streamline","ReplayTheSpireMod:System Scan+1"],"picked":"Beam Cell+1","floor":38},{"not_picked":["Go for the Eyes+1","Ball Lightning"],"picked":"Gash","floor":38},{"not_picked":["Panic Button","Beam Cell+1","Stack+1"],"picked":"SKIP","floor":42},{"not_picked":["FIFO Queue","ReplayTheSpireMod:Repulse","Buffer"],"picked":"SKIP","floor":42},{"not_picked":["Ball Lightning+1","ReplaySolidLightProjector","Doom and Gloom"],"picked":"SKIP","floor":46},{"not_picked":["Auto Shields+1","Cold Snap"],"picked":"Gash","floor":48},{"not_picked":["Streamline","Doom and Gloom+1","ReplayTheSpireMod:Reroute Power+1"],"picked":"SKIP","floor":48}],"player_experience":297912,"relics_obtained":[{"floor":9,"key":"Pear"},{"floor":26,"key":"Oddly Smooth Stone"},{"floor":43,"key":"Replay:Antivirus Software"},{"floor":46,"key":"Whetstone"}],"event_choices":[{"damage_healed":0,"gold_gain":0,"player_choice":"1 cards matched","damage_taken":0,"max_hp_gain":0,"max_hp_loss":0,"event_name":"Match and Keep!","floor":3,"gold_loss":0,"cards_obtained":["Zap"]},{"damage_healed":0,"gold_gain":0,"player_choice":"Lose Max HP","damage_taken":0,"relics_obtained":["Golden Idol"],"max_hp_gain":0,"max_hp_loss":6,"event_name":"Golden Idol","floor":11,"gold_loss":0},{"cards_removed":["ReplayTheSpireMod:Omega Cannon"],"damage_healed":77,"gold_gain":0,"player_choice":"Offered Rare","damage_taken":0,"max_hp_gain":10,"max_hp_loss":0,"event_name":"Bonfire Elementals","floor":22,"gold_loss":0},{"cards_removed":["Clumsy"],"damage_healed":0,"gold_gain":0,"player_choice":"Card Removal","damage_taken":0,"max_hp_gain":0,"max_hp_loss":0,"event_name":"Wheel of Change","floor":39,"gold_loss":0},{"damage_healed":0,"gold_gain":0,"player_choice":"Ignored","damage_taken":0,"max_hp_gain":0,"max_hp_loss":0,"event_name":"Transmorgrifier","floor":47,"gold_loss":0}],"is_beta":false,"boss_relics":[{"not_picked":["Pandora\u0027s Box","Inserter","Ring of Chaos"]},{"not_picked":["Abe\u0027s Treasure","Fusion Hammer"],"picked":"Kintsugi"}],"items_purged_floors":[4,21,37],"is_endless":false,"potions_floor_spawned":[5,10,18,20,24,31,33,36,42,48],"ascension_level":3}}