{"host":"v9oq5ccz01n9mezq","time":1610673384,"event":{"mods":["BaseMod","Colored Map","Minty Spire (QoL Compilation)"],"gold_per_floor":[118,130,130,144,144,144,164,164,187,262,276,319,319,355,355,483,483,504,504,151,111,127,168,168,189,189,189,12,12,25,50,50,180,180,193,193,193,256,270,308,308,321,321,321,337,355,370,404,404,404,404],"floor_reached":50,"language":"ENG","playtime":7091,"items_purged":["Defend_P","Strike_P"],"score":547,"play_id":"2a5bc9e1-e628-4d80-9ca8-6964d43178be","local_time":"20210114201624","is_ascension_mode":false,"campfire_choices":[{"data":"Eruption","floor":6.0,"key":"SMITH"},{"data":"DevaForm","floor":8.0,"key":"SMITH"},{"floor":13.0,"key":"REST"},{"data":"EmptyFist","floor":15.0,"key":"SMITH"},{"floor":24,"key":"REST"},{"data":"EmptyBody","floor":27,"key":"SMITH"},{"data":"ThirdEye","floor":29,"key":"SMITH"},{"data":"Ragnarok","floor":32,"key":"SMITH"},{"data":"Consecrate","floor":41,"key":"SMITH"},{"floor":44,"key":"REST"},{"data":"Establishment","floor":49,"key":"SMITH"}],"circlet_count":0,"master_deck":["Strike_P","Strike_P","Strike_P","Defend_P","Defend_P","Defend_P","Eruption+1","Vigilance+1","DevaForm+1","Evaluate+1","EmptyFist+1","Halt","Prostrate","JustLucky","Consecrate+1","ConjureBlade","FollowUp+1","ThirdEye+1","Weave","ClearTheMind+1","WindmillStrike+1","EmptyBody+1","Swivel","Worship+1","Ragnarok+1","Conclude+1","EmptyFist+1","Protect+1","CrushJoints+1","Establishment+1","Pray"],"relics":["HolyWater","Golden Idol","Nunchaku","Happy Flower","Odd Mushroom","Runic Pyramid","Damaru","Regal Pillow","Toy Ornithopter","CaptainsWheel","Gambling Chip","Mummified Hand","Pen Nib"],"acts_visited":["Exordium","TheCity","TheBeyond"],"potions_floor_usage":[25,33,40,40,46,48,48,50],"damage_taken":[{"damage":0.0,"enemies":"2 Louse","floor":1.0,"turns":2.0},{"damage":11.0,"enemies":"Small Slimes","floor":2.0,"turns":4.0},{"damage":0.0,"enemies":"Cultist","floor":4.0,"turns":2.0},{"damage":9.0,"enemies":"Lots of Slimes","floor":7.0,"turns":5.0},{"damage":0.0,"enemies":"2 Fungi Beasts","floor":11.0,"turns":2.0},{"damage":9.0,"enemies":"3 Sentries","floor":12.0,"turns":11.0},{"damage":2.0,"enemies":"The Mushroom Lair","floor":14.0,"turns":5.0},{"damage":40.0,"enemies":"Hexaghost","floor":16.0,"turns":9.0},{"damage":1.0,"enemies":"Spheric Guardian","floor":18.0,"turns":5.0},{"damage":0.0,"enemies":"3 Byrds","floor":22.0,"turns":5.0},{"damage":51.0,"enemies":"Gremlin Leader","floor":23.0,"turns":9.0},{"damage":1,"enemies":"Cultist and Chosen","floor":25,"turns":6},{"damage":3,"enemies":"Snecko","floor":30,"turns":5},{"damage":0,"enemies":"Centurion and Healer","floor":31,"turns":6},{"damage":28,"enemies":"Automaton","floor":33,"turns":8},{"damage":38,"enemies":"3 Darklings","floor":35,"turns":6},{"damage":0,"enemies":"Mind Bloom Boss Battle","floor":38,"turns":4},{"damage":0,"enemies":"3 Shapes","floor":39,"turns":4},{"damage":3,"enemies":"Nemesis","floor":40,"turns":5},{"damage":51,"enemies":"Jaw Worm Horde","floor":42,"turns":4},{"damage":0,"enemies":"Spire Growth","floor":45,"turns":4},{"damage":5,"enemies":"Transient","floor":46,"turns":5},{"damage":4,"enemies":"Writhing Mass","floor":47,"turns":5},{"damage":0,"enemies":"Reptomancer","floor":48,"turns":6},{"damage":51,"enemies":"Donu and Deca","floor":50,"turns":7}],"seed_played":"1525610946750550500","potions_obtained":[{"floor":1.0,"key":"SpeedPotion"},{"floor":7.0,"key":"EntropicBrew"},{"floor":12.0,"key":"DuplicationPotion"},{"floor":16.0,"key":"Block Potion"},{"floor":23.0,"key":"Swift Potion"},{"floor":31,"key":"DuplicationPotion"},{"floor":33,"key":"DuplicationPotion"},{"floor":38,"key":"SkillPotion"},{"floor":42,"key":"GamblersBrew"},{"floor":46,"key":"AttackPotion"},{"floor":47,"key":"Swift Potion"},{"floor":48,"key":"StancePotion"}],"is_trial":false,"path_per_floor":["M","M","?","M","?","R","M","R","T","?","M","E","R","?","R","B",null,"M","?","$","?","M","E","R","M","T","R","$","R","M","M","R","B",null,"M","?","?","?","M","E","R","M","T","R","M","M","M","E","R","B"],"character_chosen":"WATCHER","items_purchased":["Damaru","ThirdEye","Weave","Swivel"],"campfire_rested":3,"item_purchase_floors":[20,20,20,28],"current_hp_per_floor":[72,61,61,61,61,61,52,52,52,41,41,32,52,50,50,10,67,66,66,66,66,66,15,50,49,49,49,49,49,46,46,46,23,67,29,29,59,59,59,59,59,8,8,40,40,40,36,46,46,0,0],"gold":404,"neow_bonus":"ONE_RANDOM_RARE_CARD","is_daily":false,"chose_seed":false,"campfire_upgraded":8,"win_rate":0.0,"timestamp":1610673384,"path_taken":["M","M","?","M","?","R","M","R","T","?","M","E","R","?","R","BOSS","M","?","$","?","M","E","R","?","T","R","$","R","M","?","R","BOSS","M","?","?","?","M","E","R","M","T","R","M","M","M","E","R","BOSS"],"items_purchased_type":["Relic","Card","Card","Card"],"build_version":"2020-12-22","purchased_purges":2,"victory":false,"max_hp_per_floor":[72,72,72,72,67,67,67,67,67,67,67,67,67,67,67,67,67,67,67,67,67,67,67,67,67,67,67,67,67,67,67,67,67,67,67,67,59,59,59,59,59,59,59,59,59,59,59,59,59,59,59],"card_choices":[{"not_picked":["Wallop","CutThroughFate"],"picked":"Evaluate","floor":1.0},{"not_picked":["FlyingSleeves","Weave"],"picked":"EmptyFist","floor":2.0},{"not_picked":["WaveOfTheHand","SandsOfTime"],"picked":"Halt","floor":4.0},{"not_picked":["FlyingSleeves","PathToVictory"],"picked":"Prostrate","floor":7.0},{"not_picked":["Scrawl","Study"],"picked":"JustLucky","floor":11.0},{"not_picked":["CrushJoints","PathToVictory","BowlingBash"],"picked":"SKIP","floor":12.0},{"not_picked":["FlurryOfBlows","ClearTheMind"],"picked":"Consecrate","floor":14.0},{"not_picked":["Omniscience","DevaForm"],"picked":"ConjureBlade","floor":16.0},{"not_picked":["Weave","FearNoEvil"],"picked":"FollowUp+1","floor":18.0},{"not_picked":["Evaluate","Crescendo"],"picked":"ClearTheMind+1","floor":22.0},{"not_picked":["PathToVictory","Nirvana"],"picked":"WindmillStrike+1","floor":23.0},{"not_picked":["ClearTheMind","PathToVictory"],"picked":"EmptyBody","floor":25},{"not_picked":["Evaluate","WindmillStrike"],"picked":"Worship+1","floor":30},{"not_picked":["EmptyFist","ThirdEye"],"picked":"Ragnarok","floor":31},{"not_picked":["Scrawl","Ragnarok"],"picked":"MasterReality","floor":33},{"not_picked":["CrushJoints+1","JustLucky+1"],"picked":"Conclude+1","floor":35},{"not_picked":["ThirdEye+1","Evaluate"],"picked":"EmptyFist+1","floor":38},{"not_picked":["FollowUp","CarveReality+1"],"picked":"Protect+1","floor":39},{"not_picked":["EmptyFist+1","JustLucky","PathToVictory+1"],"picked":"SKIP","floor":40},{"not_picked":["Consecrate","ThirdEye","FlyingSleeves+1"],"picked":"SKIP","floor":42},{"not_picked":["Vengeance","JustLucky"],"picked":"CrushJoints+1","floor":45},{"not_picked":["Consecrate+1","SashWhip+1"],"picked":"Establishment","floor":46},{"not_picked":["FollowUp","FearNoEvil+1"],"picked":"Pray","floor":47},{"not_picked":["FlyingSleeves","JustLucky+1","Crescendo"],"picked":"SKIP","floor":48}],"player_experience":72615,"relics_obtained":[{"floor":9.0,"key":"Nunchaku"},{"floor":12.0,"key":"Happy Flower"},{"floor":14.0,"key":"Odd Mushroom"},{"floor":23.0,"key":"Regal Pillow"},{"floor":26,"key":"Toy Ornithopter"},{"floor":38,"key":"CaptainsWheel"},{"floor":40,"key":"Gambling Chip"},{"floor":43,"key":"Mummified Hand"},{"floor":48,"key":"Pen Nib"}],"event_choices":[{"damage_healed":0.0,"max_hp_gain":0.0,"max_hp_loss":0.0,"gold_gain":0.0,"event_name":"Liars Game","player_choice":"Ignored","floor":3.0,"gold_loss":0.0,"damage_taken":0.0},{"damage_healed":0.0,"max_hp_gain":0.0,"max_hp_loss":5.0,"gold_gain":0.0,"event_name":"Golden Idol","player_choice":"Lose Max HP","floor":5.0,"gold_loss":0.0,"damage_taken":0.0,"relics_obtained":["Golden Idol"]},{"damage_healed":0.0,"max_hp_gain":0.0,"max_hp_loss":0.0,"gold_gain":75.0,"event_name":"World of Goop","player_choice":"Gather Gold","floor":10.0,"gold_loss":0.0,"damage_taken":11.0},{"damage_healed":0.0,"max_hp_gain":0.0,"max_hp_loss":0.0,"gold_gain":0.0,"event_name":"Mushrooms","player_choice":"Fought Mushrooms","floor":14.0,"gold_loss":0.0,"damage_taken":0.0},{"damage_healed":0.0,"max_hp_gain":0.0,"max_hp_loss":0.0,"gold_gain":0.0,"event_name":"Vampires","player_choice":"Ignored","floor":19.0,"gold_loss":0.0,"damage_taken":0.0},{"damage_healed":0.0,"max_hp_gain":0.0,"max_hp_loss":0.0,"gold_gain":0.0,"event_name":"Designer","player_choice":"Upgraded Two","floor":21.0,"gold_loss":40.0,"damage_taken":0.0,"cards_upgraded":["Evaluate","Vigilance"]},{"cards_removed":["MasterReality"],"damage_healed":0,"gold_gain":0,"player_choice":"Removed Power","damage_taken":0,"max_hp_gain":0,"max_hp_loss":0,"event_name":"Falling","floor":36,"gold_loss":0},{"damage_healed":59,"gold_gain":0,"player_choice":"Heal","damage_taken":0,"max_hp_gain":0,"max_hp_loss":8,"event_name":"The Moai Head","floor":37,"gold_loss":0},{"damage_healed":0,"gold_gain":0,"player_choice":"Fight","damage_taken":0,"max_hp_gain":0,"max_hp_loss":0,"event_name":"MindBloom","floor":38,"gold_loss":0}],"is_beta":false,"boss_relics":[{"not_picked":["Pandora\u0027s Box","Velvet Choker"],"picked":"Runic Pyramid"},{"not_picked":["Fusion Hammer","Sozu"],"picked":"HolyWater"}],"items_purged_floors":[20,28],"is_endless":false,"potions_floor_spawned":[1,7,12,16,23,31,33,38,42,46,47,48],"killed_by":"Donu and Deca","ascension_level":0}}