{"host":"5l3fd535wdxfzl1g","time":1610729897,"event":{"mods":["2.2 Compatiblity","AchievementEnabler","BaseMod","Better Third Choice","Better Vampires","Colored Powertips","Downfall","Minty Spire (QoL Compilation)","Quick Restart","Rare Cards Sparkle","StSLib","UnlockEverythingMod"],"gold_per_floor":[99,99,99,99,249,276,301,149,170,186,186,186,186,217,233,338,338,338,353,366,386,386,386,386,411,411,296,296,313,313,333,350,453,453,453,465,518,538,538,111,111,111,132,149,174,174,192,205,218,218],"floor_reached":51,"language":"ZHS","playtime":2864,"items_purged":["Slimebound:Icky","Guardian:Gem_Red","Guardian:TemporalStrike"],"score":878,"play_id":"ef786dd4-5c3e-4dcc-bd55-5d829925c655","local_time":"20210116005817","is_ascension_mode":false,"campfire_choices":[{"data":"Guardian:TwinSlam","floor":1.0,"key":"SMITH"},{"floor":13.0,"key":"REST"},{"data":"Guardian:CurlUp","floor":18.0,"key":"SMITH"},{"data":"Guardian:PrismaticBeam","floor":23.0,"key":"SMITH"},{"data":"Guardian:CrystalBeam","floor":26.0,"key":"SMITH"},{"data":"Guardian:Suspension","floor":28.0,"key":"SMITH"},{"data":"Guardian:ArmoredProtocol","floor":35.0,"key":"SMITH"},{"data":"Guardian:BaubleBeam","floor":42.0,"key":"SMITH"},{"data":"Guardian:PrismaticBarrier","floor":46.0,"key":"SMITH"}],"circlet_count":0,"master_deck":["Guardian:CurlUp+1","Guardian:TwinSlam+1","Guardian:PrismaticBeam+1","Guardian:Gem_Green","Guardian:Gem_Green","Guardian:SphericShield","Guardian:CrystalBeam+1","Guardian:ArmoredProtocol+1","Guardian:Planning+1","Guardian:Clone","Guardian:Suspension+1","Guardian:BaubleBeam+1","Guardian:PrismaticBarrier+1","Guardian:CrystalBeam+1","Guardian:Emergency+1","Guardian:Gem_Fragmented"],"relics":["Guardian:ModeShifter","downfall:HeartsMalice","CaptainsWheel","Bag of Preparation","Odd Mushroom","Sundial","Guardian:PickAxe","Meat on the Bone","Pandora\u0027s Box","Anchor","Black Star","StoneCalendar","Unceasing Top","FossilizedHelix","Calipers","Gremlin Horn","Ice Cream"],"acts_visited":["Exordium","TheCity","TheBeyond"],"potions_floor_usage":[50],"damage_taken":[{"damage":0.0,"enemies":"Jaw Worm","floor":2.0,"turns":1.0},{"damage":0.0,"enemies":"3 Sentries","floor":6.0,"turns":1.0},{"damage":0.0,"enemies":"downfall:FleeingMerchant","floor":8.0,"turns":1.0},{"damage":7.0,"enemies":"The Mushroom Lair","floor":9.0,"turns":4.0},{"damage":0.0,"enemies":"2 Louse","floor":10.0,"turns":2.0},{"damage":9.0,"enemies":"2 Louse","floor":12.0,"turns":6.0},{"damage":14.0,"enemies":"Gremlin Nob","floor":14.0,"turns":5.0},{"damage":0.0,"enemies":"Small Slimes","floor":15.0,"turns":4.0},{"damage":24.0,"enemies":"downfall:Defect","floor":16.0,"turns":6.0},{"damage":18.0,"enemies":"Shell Parasite","floor":19.0,"turns":6.0},{"damage":1.0,"enemies":"3 Byrds","floor":20.0,"turns":3.0},{"damage":8.0,"enemies":"Centurion and Healer","floor":21.0,"turns":8.0},{"damage":25.0,"enemies":"Book of Stabbing","floor":25.0,"turns":6.0},{"damage":0.0,"enemies":"downfall:FleeingMerchant","floor":27.0,"turns":4.0},{"damage":0.0,"enemies":"Shelled Parasite and Fungi","floor":29.0,"turns":4.0},{"damage":0.0,"enemies":"Chosen and Byrds","floor":31.0,"turns":3.0},{"damage":21.0,"enemies":"Snake Plant","floor":32.0,"turns":4.0},{"damage":17.0,"enemies":"downfall:Silent","floor":33.0,"turns":6.0},{"damage":1.0,"enemies":"3 Shapes","floor":36.0,"turns":4.0},{"damage":4.0,"enemies":"2 Orb Walkers","floor":37.0,"turns":4.0},{"damage":3.0,"enemies":"Orb Walker","floor":38.0,"turns":4.0},{"damage":0.0,"enemies":"downfall:FleeingMerchant","floor":40.0,"turns":4.0},{"damage":0.0,"enemies":"downfall:FleeingMerchant","floor":43.0,"turns":2.0},{"damage":0.0,"enemies":"Writhing Mass","floor":44.0,"turns":4.0},{"damage":0.0,"enemies":"Giant Head","floor":45.0,"turns":4.0},{"damage":0.0,"enemies":"Maw","floor":47.0,"turns":5.0},{"damage":0.0,"enemies":"4 Shapes","floor":48.0,"turns":5.0},{"damage":0,"enemies":"3 Darklings","floor":49,"turns":3},{"damage":0,"enemies":"downfall:Ironclad","floor":50,"turns":6}],"seed_played":"2299091351020153253","potions_obtained":[{"floor":6.0,"key":"champ:CounterPotion"},{"floor":10.0,"key":"AttackPotion"},{"floor":14.0,"key":"Strength Potion"},{"floor":16.0,"key":"FearPotion"},{"floor":19.0,"key":"Fire Potion"},{"floor":20.0,"key":"ColorlessPotion"},{"floor":31.0,"key":"DuplicationPotion"},{"floor":38.0,"key":"EssenceOfSteel"},{"floor":44.0,"key":"Dexterity Potion"},{"floor":48,"key":"Weak Potion"}],"is_trial":false,"path_per_floor":["R","M","?","?","?","E","T","$","?","M","?","?","R","E","M","B",null,"R","M","M","M","?","R","T","E","R","$","R","M","?","M","M","B",null,"R","M","?","M","?","$","T","R","$","M","E","R","M","M","M","B",null],"character_chosen":"GUARDIAN","items_purchased":["Guardian:Gem_Crimson","Unceasing Top","Calipers"],"campfire_rested":1,"item_purchase_floors":[8,40,43],"current_hp_per_floor":[80,80,80,85,85,85,85,85,78,78,60,3,28,14,26,14,85,85,67,66,58,58,58,58,45,45,45,45,45,45,45,36,31,85,85,84,80,77,95,95,95,95,95,95,95,95,95,95,95,95],"gold":218,"neow_bonus":"THREE_ENEMY_KILL","is_daily":false,"chose_seed":false,"campfire_upgraded":8,"win_rate":0.0,"timestamp":1610729897,"path_taken":["R","M","?","?","?","E","T","?","?","M","?","?","R","E","M","BOSS","R","M","M","M","?","R","T","E","R","$","R","M","?","?","M","BOSS","R","M","?","M","?","$","T","R","$","?","E","R","M","M","M","BOSS"],"items_purchased_type":["Card","Relic","Relic"],"build_version":"2020-12-22","purchased_purges":3,"victory":true,"max_hp_per_floor":[80,80,80,85,85,85,85,85,85,85,85,85,85,85,85,85,85,85,85,85,85,85,85,85,85,85,85,85,85,85,85,85,85,85,85,85,85,85,95,95,95,95,95,95,95,95,95,95,95,95],"card_choices":[{"not_picked":["Guardian:Gem_Lightblue","Guardian:Suspension","Guardian:Incinerate"],"picked":"SKIP","floor":2.0},{"not_picked":["Guardian:TemporalShield","Guardian:CrystalBeam","Guardian:PolyBeam"],"picked":"SKIP","floor":6.0},{"not_picked":["Guardian:VentSteam","Guardian:Planning"],"picked":"Guardian:Gem_Blue","floor":8.0},{"not_picked":["Guardian:Planning","Guardian:ArmoredProtocol"],"picked":"Guardian:PrismaticBeam","floor":10.0},{"not_picked":["Guardian:WalkerClaw","Guardian:TimeBomb","Guardian:FloatingOrbs"],"picked":"SKIP","floor":14.0},{"not_picked":["Guardian:TemporalStrike","Guardian:Gem_Green","Guardian:ChargeCore"],"picked":"SKIP","floor":15.0},{"not_picked":["Guardian:FloatingOrbs","Guardian:TemporalStrike","Guardian:Recover"],"picked":"SKIP","floor":19.0},{"not_picked":["Guardian:Gem_Red","Guardian:Gem_Fragmented"],"picked":"Guardian:Planning+1","floor":20.0},{"not_picked":["Guardian:Gem_Lightblue","Guardian:PrimingBeam"],"picked":"Guardian:Clone","floor":21.0},{"not_picked":["Guardian:Reroute+1","Guardian:Gem_Green","Guardian:StasisField"],"picked":"SKIP","floor":25.0},{"not_picked":["Guardian:FierceBash","Guardian:WalkerClaw"],"picked":"Guardian:Suspension","floor":27.0},{"not_picked":["Guardian:WalkerClaw","Guardian:ChargeUp","Guardian:DecasProtection"],"picked":"SKIP","floor":29.0},{"not_picked":["Guardian:WalkerClaw","Guardian:ChargeUp","Guardian:DecasProtection"],"picked":"SKIP","floor":29.0},{"not_picked":["Guardian:Clone","Guardian:PrimingBeam","Guardian:TemporalStrike+1"],"picked":"SKIP","floor":31.0},{"not_picked":["Guardian:Gem_Fragmented","Guardian:Gem_Green","Guardian:Clone"],"picked":"SKIP","floor":32.0},{"not_picked":["Guardian:StasisStrike","Guardian:FierceBash"],"picked":"Guardian:BaubleBeam","floor":33.0},{"not_picked":["Guardian:Gem_Lightblue","Guardian:Gem_Purple"],"picked":"Guardian:Gem_White","floor":36.0},{"not_picked":["Guardian:RefractedBeam+1","Guardian:ShieldCharger+1"],"picked":"Guardian:PrismaticBarrier","floor":37.0},{"not_picked":["Guardian:Recover","Guardian:ChargeCore+1","Guardian:GatlingBeam"],"picked":"SKIP","floor":38.0},{"not_picked":["Guardian:ShieldCharger+1","Guardian:MultiBeam"],"picked":"Guardian:Gem_White","floor":40.0},{"not_picked":["Guardian:RefractedBeam+1","Guardian:Recover"],"picked":"Guardian:CrystalBeam+1","floor":43.0},{"not_picked":["Guardian:Suspension","Guardian:TimeCapacitor"],"picked":"Guardian:Emergency+1","floor":44.0},{"not_picked":["Guardian:Clone+1","Guardian:TimeSifter","Guardian:BronzeOrb+1"],"picked":"SKIP","floor":45.0},{"not_picked":["Guardian:Gem_Cyan","Guardian:Planning+1"],"picked":"Guardian:Gem_Fragmented","floor":47.0},{"not_picked":["Guardian:Incinerate","Guardian:ShieldSpikes","Guardian:Clone"],"picked":"SKIP","floor":48},{"not_picked":["Guardian:VentSteam+1","Guardian:Suspension","Guardian:TemporalStrike"],"picked":"SKIP","floor":49}],"player_experience":103745,"relics_obtained":[{"floor":6.0,"key":"CaptainsWheel"},{"floor":7.0,"key":"Bag of Preparation"},{"floor":9.0,"key":"Odd Mushroom"},{"floor":14.0,"key":"Meat on the Bone"},{"floor":25.0,"key":"Anchor"},{"floor":37.0,"key":"StoneCalendar"},{"floor":41.0,"key":"FossilizedHelix"},{"floor":45.0,"key":"Gremlin Horn"},{"floor":45.0,"key":"Ice Cream"}],"event_choices":[{"damage_healed":0.0,"max_hp_gain":5.0,"max_hp_loss":0.0,"gold_gain":0.0,"event_name":"Big Fish","player_choice":"Donut","floor":4.0,"gold_loss":0.0,"damage_taken":0.0},{"damage_healed":0.0,"max_hp_gain":0.0,"max_hp_loss":0.0,"gold_gain":0.0,"event_name":"Mushrooms","player_choice":"Fought Mushrooms","floor":9.0,"gold_loss":0.0,"damage_taken":0.0},{"damage_healed":0.0,"max_hp_gain":0.0,"max_hp_loss":0.0,"gold_gain":0.0,"event_name":"betterThird:BetterScrap","player_choice":"Relic ","floor":11.0,"gold_loss":0.0,"damage_taken":18.0,"cards_obtained":["Steam Power"]},{"damage_healed":0.0,"max_hp_gain":0.0,"max_hp_loss":0.0,"gold_gain":0.0,"event_name":"Mysterious Sphere","player_choice":"Fight","floor":37.0,"gold_loss":0.0,"damage_taken":0.0},{"cards_removed":["Guardian:HyperBeam_Guardian"],"damage_healed":8.0,"max_hp_gain":10.0,"max_hp_loss":0.0,"gold_gain":0.0,"event_name":"Bonfire Elementals","player_choice":"Offered Rare","floor":39.0,"gold_loss":0.0,"damage_taken":0.0}],"is_beta":false,"boss_relics":[{"not_picked":["Empty Cage","Runic Dome"],"picked":"Pandora\u0027s Box"},{"not_picked":["Sozu","SlaversCollar"],"picked":"Black Star"}],"items_purged_floors":[8,27,40],"is_endless":false,"potions_floor_spawned":[6,10,14,16,19,20,29,31,38,44,45,48],"ascension_level":0}}