{"host":"chv1qanoipyt46jc","time":1610681131,"event":{"mods":["2.2 Compatiblity","AchievementEnabler","BaseMod","BetterRewards","CapriCore","Card Filter","Evolution","Gold Saver","Grow up Mod","Minty Spire (QoL Compilation)","Rare Cards Sparkle","Relic Filter","Remove Card Discount Mod","Reorder Act Four","StSLib"],"gold_per_floor":[931,948,966,983,981,981,1001,1021,1021,1021,1021,1061,1077,1077,1077,1201,1201,1225,1248,1271,1292,1292,1323,1323,1336,1362,1384,1422,1420,1440,1465,1465,1590,1590,1606,1622,1641,1641,1655,1655,1655,1655,1655,1678,1696,1759,1759,1789,1789,1789,1789,1789,1789,1825,1825],"floor_reached":56,"language":"ENG","playtime":798,"items_purged":["Survivor","Neutralize","Backflip","Dagger Spray","Dagger Spray","Backflip","Dagger Spray","Backflip","Dagger Spray","Dagger Spray","Flechettes+1","Choke","Prepared+1"],"score":1622,"play_id":"70435fdc-4b5f-4610-bc55-b0144b85d0e0","local_time":"20210114212531","is_ascension_mode":false,"campfire_choices":[{"data":"Grand Finale","floor":6.0,"key":"SMITH"},{"floor":10.0,"key":"RECALL"},{"data":"Noxious Fumes","floor":15.0,"key":"SMITH"},{"data":"Adrenaline","floor":24.0,"key":"SMITH"},{"data":"Grand Finale","floor":32,"key":"SMITH"},{"data":"Adrenaline","floor":49,"key":"SMITH"}],"circlet_count":0,"master_deck":["Grand Finale+1","Corpse Explosion+1","Adrenaline+1","Grand Finale+1","Adrenaline+1"],"relics":["Ring of the Snake","EVO:Axolotl","Medical Kit","Astrolabe","Odd Mushroom","Golden Idol","Bag of Preparation","Runic Dome","Vajra","CeramicFish","Coffee Dripper","The Courier","Calipers","Eternal Feather"],"acts_visited":["Exordium","TheCity","TheBeyond","TheEnding"],"potions_floor_usage":[55,55,55],"damage_taken":[{"damage":0.0,"enemies":"2 Louse","floor":1.0,"turns":1.0},{"damage":0.0,"enemies":"Jaw Worm","floor":2.0,"turns":1.0},{"damage":0.0,"enemies":"Small Slimes","floor":3.0,"turns":1.0},{"damage":0.0,"enemies":"Blue Slaver","floor":4.0,"turns":1.0},{"damage":0.0,"enemies":"Exordium Thugs","floor":7.0,"turns":1.0},{"damage":0.0,"enemies":"The Mushroom Lair","floor":8.0,"turns":1.0},{"damage":0.0,"enemies":"3 Sentries","floor":12.0,"turns":1.0},{"damage":0.0,"enemies":"Gremlin Gang","floor":13.0,"turns":1.0},{"damage":84.0,"enemies":"Hexaghost","floor":16.0,"turns":4.0},{"damage":0.0,"enemies":"Spheric Guardian","floor":18.0,"turns":1.0},{"damage":0.0,"enemies":"3 Byrds","floor":19.0,"turns":1.0},{"damage":0.0,"enemies":"Snake Plant","floor":20.0,"turns":1.0},{"damage":0.0,"enemies":"Chosen and Byrds","floor":21.0,"turns":1.0},{"damage":0.0,"enemies":"Gremlin Leader","floor":23.0,"turns":2.0},{"damage":0.0,"enemies":"Sentry and Sphere","floor":25.0,"turns":1.0},{"damage":0.0,"enemies":"Centurion and Healer","floor":27.0,"turns":1.0},{"damage":0.0,"enemies":"Slavers","floor":28.0,"turns":1.0},{"damage":0,"enemies":"Cultist and Chosen","floor":30,"turns":1},{"damage":0,"enemies":"Shelled Parasite and Fungi","floor":31,"turns":1},{"damage":0,"enemies":"Automaton","floor":33,"turns":2},{"damage":0,"enemies":"3 Shapes","floor":35,"turns":1},{"damage":0,"enemies":"3 Darklings","floor":36,"turns":1},{"damage":6,"enemies":"4 Shapes","floor":37,"turns":1},{"damage":0,"enemies":"Jaw Worm Horde","floor":39,"turns":1},{"damage":0,"enemies":"Sphere and 2 Shapes","floor":44,"turns":1},{"damage":0,"enemies":"Maw","floor":45,"turns":2},{"damage":0,"enemies":"2 Orb Walkers","floor":46,"turns":1},{"damage":0,"enemies":"Transient","floor":48,"turns":5},{"damage":21,"enemies":"Time Eater","floor":50,"turns":2},{"damage":0,"enemies":"Shield and Spear","floor":54,"turns":1},{"damage":89,"enemies":"The Heart","floor":55,"turns":5}],"seed_played":"159779475561247204","potions_obtained":[{"floor":1.0,"key":"AttackPotion"},{"floor":7.0,"key":"EssenceOfSteel"},{"floor":12.0,"key":"Fire Potion"},{"floor":25.0,"key":"Fruit Juice"},{"floor":48,"key":"Poison Potion"}],"is_trial":false,"path_per_floor":["M","M","M","M","$","R","M","?","T","R","?","E","M","?","R","B",null,"M","M","M","M","?","E","R","M","T","M","E","$","M","M","R","B",null,"M","M","M","?","M","R","$","?","T","M","M","?","?","M","R","B",null,"$","R","E","B",null],"character_chosen":"THE_SILENT","items_purchased":["Noxious Fumes","Noxious Fumes","Grand Finale","Medical Kit"],"campfire_rested":0,"item_purchase_floors":[0,0,0,0],"current_hp_per_floor":[50,60,70,80,90,100,110,120,130,140,105,115,125,135,145,71,252,262,272,282,292,302,312,322,337,347,357,367,377,387,397,407,417,427,437,447,451,461,471,481,491,501,511,521,531,541,551,561,571,560,597,607,617,627,548],"gold":1825,"neow_bonus":"","is_daily":false,"chose_seed":false,"campfire_upgraded":5,"win_rate":0.0,"timestamp":1610681131,"path_taken":["M","M","M","M","$","R","M","?","T","R","?","E","M","?","R","BOSS","M","M","M","M","?","E","R","M","T","M","E","$","M","M","R","BOSS","M","M","M","?","M","R","$","?","T","?","M","?","?","M","R","BOSS","$","R","E","BOSS"],"items_purchased_type":["Card","Card","Card","Relic"],"build_version":"2020-12-22","purchased_purges":13,"victory":true,"max_hp_per_floor":[92,102,112,122,132,142,152,162,172,182,192,202,212,222,232,242,252,262,272,282,292,302,312,322,337,347,357,367,377,387,397,407,417,427,437,447,457,467,477,487,497,507,517,527,537,547,557,567,577,587,597,607,617,627,637],"card_choices":[{"not_picked":["Prepared","Dagger Throw","Deflect"],"picked":"SKIP","floor":1.0},{"not_picked":["Flying Knee","Predator","Prepared"],"picked":"SKIP","floor":2.0},{"not_picked":["Acrobatics","Heel Hook","Well Laid Plans"],"picked":"SKIP","floor":3.0},{"not_picked":["Prepared","Quick Slash","Envenom"],"picked":"SKIP","floor":4.0},{"not_picked":["Dagger Throw","Backflip","Blade Dance"],"picked":"SKIP","floor":7.0},{"not_picked":["Tactician","Escape Plan","Sucker Punch"],"picked":"SKIP","floor":12.0},{"not_picked":["Prepared","Quick Slash","Deadly Poison"],"picked":"SKIP","floor":13.0},{"not_picked":["Doppelganger","Corpse Explosion"],"picked":"Adrenaline","floor":16.0},{"not_picked":["Backflip","Slice","Underhanded Strike"],"picked":"SKIP","floor":18.0},{"not_picked":["Dash+1","Deadly Poison","Blade Dance"],"picked":"SKIP","floor":19.0},{"not_picked":["Expertise","Deadly Poison","Backflip+1"],"picked":"SKIP","floor":20.0},{"not_picked":["Finisher","Poisoned Stab","Dagger Spray+1"],"picked":"SKIP","floor":21.0},{"not_picked":["Dash","Calculated Gamble","Slice"],"picked":"SKIP","floor":23.0},{"not_picked":["Noxious Fumes+1","Bane","All Out Attack"],"picked":"SKIP","floor":25.0},{"not_picked":["Acrobatics","Dagger Spray+1"],"picked":"Grand Finale","floor":27.0},{"not_picked":["Dagger Spray+1","Choke","Quick Slash"],"picked":"SKIP","floor":28},{"not_picked":["Slice+1","Dagger Throw","Accuracy"],"picked":"SKIP","floor":30},{"not_picked":["Acrobatics","Choke","Backstab"],"picked":"SKIP","floor":31},{"not_picked":["Calculated Gamble","Choke+1","Bane+1"],"picked":"SKIP","floor":35},{"not_picked":["Blur","Deadly Poison+1","Finisher"],"picked":"SKIP","floor":36},{"not_picked":["Sucker Punch","Prepared","All Out Attack"],"picked":"SKIP","floor":37},{"not_picked":["Accuracy+1","Sucker Punch","Quick Slash+1"],"picked":"SKIP","floor":39},{"not_picked":["Sucker Punch+1","Choke+1","Escape Plan"],"picked":"SKIP","floor":44},{"not_picked":["Underhanded Strike+1","Accuracy","Quick Slash+1"],"picked":"SKIP","floor":45},{"not_picked":["Accuracy+1","Heel Hook+1"],"picked":"Adrenaline","floor":48},{"not_picked":["Escape Plan","Deflect+1","All Out Attack+1"],"picked":"SKIP","floor":54}],"player_experience":311372,"relics_obtained":[{"floor":8.0,"key":"Odd Mushroom"},{"floor":12.0,"key":"Bag of Preparation"},{"floor":23.0,"key":"Vajra"},{"floor":26.0,"key":"CeramicFish"},{"floor":43,"key":"The Courier"},{"floor":46,"key":"Calipers"},{"floor":54,"key":"Eternal Feather"}],"event_choices":[{"damage_healed":0.0,"max_hp_gain":0.0,"max_hp_loss":0.0,"gold_gain":0.0,"event_name":"Mushrooms","player_choice":"Fought Mushrooms","floor":8.0,"gold_loss":0.0,"damage_taken":0.0},{"damage_healed":0.0,"max_hp_gain":0.0,"max_hp_loss":0.0,"gold_gain":0.0,"event_name":"Golden Idol","player_choice":"Take Damage","floor":11.0,"gold_loss":0.0,"damage_taken":45.0,"relics_obtained":["Golden Idol"]},{"damage_healed":0.0,"max_hp_gain":0.0,"max_hp_loss":0.0,"gold_gain":0.0,"event_name":"Scrap Ooze","player_choice":"Fled","floor":14.0,"gold_loss":0.0,"damage_taken":0.0},{"damage_healed":0.0,"max_hp_gain":0.0,"max_hp_loss":0.0,"gold_gain":0.0,"event_name":"Cursed Tome","player_choice":"Ignored","floor":22.0,"gold_loss":0.0,"damage_taken":0.0},{"damage_healed":0,"gold_gain":0,"player_choice":"Ignored","damage_taken":0,"max_hp_gain":0,"max_hp_loss":0,"event_name":"Tomb of Lord Red Mask","floor":38,"gold_loss":0},{"damage_healed":0,"gold_gain":0,"player_choice":"Ignored","damage_taken":0,"max_hp_gain":0,"max_hp_loss":0,"event_name":"Transmorgrifier","floor":42,"gold_loss":0},{"damage_healed":0,"gold_gain":0,"player_choice":"Fight","damage_taken":0,"max_hp_gain":0,"max_hp_loss":0,"event_name":"Mysterious Sphere","floor":46,"gold_loss":0},{"cards_removed":["Noxious Fumes"],"damage_healed":0,"gold_gain":0,"player_choice":"Removed Power","damage_taken":0,"max_hp_gain":0,"max_hp_loss":0,"event_name":"Falling","floor":47,"gold_loss":0}],"is_beta":false,"boss_relics":[{"not_picked":["WristBlade","Empty Cage"],"picked":"Runic Dome"},{"not_picked":["Pandora\u0027s Box","Calling Bell"],"picked":"Coffee Dripper"}],"items_purged_floors":[0,0,0,0,0,0,0,0,0,0,0,5,29],"is_endless":false,"potions_floor_spawned":[1,7,12,16,18,21,23,25,36,39,44,48],"ascension_level":0}}