{"host":"bhhjkloc4kd9nqc5","time":1610730154,"event":{"mods":["Act Like it!","BaseMod","Chen","Gensokyo","Infinite Spire","Koishi","Lobotomy","LobotomyExtend","Marisa????????","Minty Spire (QoL Compilation)","Onozuka Komachi Mod","Remilia??????","Replay The Spire","RumiaBox-????????","StSLib","The Administrix","The Cursed","The Gatherer","Yakumo Yukari mod","Yuri Mod","Yuyuko","slay the spire mod where everything is the same but ironclad has a cowboy hat"],"gold_per_floor":[119,119,136,136,156,187,198,225,225,225,257,277,277,32,32,130,180,195,3,15,15,28,28,43,43,68,82,82,111,128,146,146,250,250,283,283,321,353,453,453,508,508,531,581,639,609,682,738,738,890,890,956,956,1029,1098,1172,1243,1328,1438,1438,1438,1532,1638,1638,1738,1738,1908,1908,1908,1908,2028,2162,2287,2287,2426,2426,2426,2416,2416],"floor_reached":78,"language":"ENG","playtime":6435,"items_purged":["Koishi:BasicDefend"],"score":1530,"play_id":"f19ffeda-f2a4-4d40-956f-2ccfa5497ca0","local_time":"20210116020234","is_ascension_mode":false,"campfire_choices":[{"data":"Koishi:SubconsciousSweep","floor":10.0,"key":"SMITH"},{"data":"Koishi:SubconsciousSweep","floor":15.0,"key":"SMITH"},{"data":"Koishi:RorschachInDanmaku","floor":23.0,"key":"SMITH"},{"data":"Koishi:SubterraneanRose","floor":28.0,"key":"SMITH"},{"floor":32.0,"key":"DIG"},{"floor":40,"key":"DIG"},{"floor":42,"key":"DIG"},{"floor":49,"key":"DIG"},{"floor":64,"key":"DIG"},{"floor":66,"key":"DIG"},{"floor":74,"key":"DIG"},{"floor":76,"key":"DIG"}],"circlet_count":0,"master_deck":["Koishi:BasicStrike","Koishi:BasicStrike","Koishi:BasicStrike+1","Koishi:BasicDefend","Koishi:BasicDefend","Koishi:Provoke+1","Koishi:HauntingSlash","Koishi:Jaunt","Koishi:SubconsciousSweep+1","Koishi:RacingHeart+1","Koishi:SubterraneanRose+1","Koishi:MindNumbingTerror","Koishi:SubterraneanRose","Koishi:SubconsciousSweep+1","Koishi:ParalyzingFear+1","Koishi:SubterraneanRose+1","Koishi:ImGoingToCallYouNow","Koishi:PhantomStrike+1","Koishi:UnconsciousUprising+1","Koishi:UnconsciousUprising","Koishi:RorschachInDanmaku+1","Koishi:SubterraneanRose+1","Koishi:BramblyRoseGarden+1","Koishi:FleetingPhantom","infinitespire:Starlight","Koishi:FleetingPhantom","Koishi:SubterraneanRose","Koishi:StingingMind+1","Koishi:Heartbroken","Koishi:BramblyRoseGarden","Koishi:SubterraneanRose+1","Koishi:SubterraneanRose","Koishi:UnconsciousUprising","Koishi:SubterraneanRose","Koishi:UnconsciousUrges+1","Koishi:Jaunt+1","Koishi:Catatonia+1","Koishi:MassHysteria+1","Koishi:MassHysteria","Koishi:PhantomBarrier","Koishi:IdleWhim","Koishi:SubconsciousSweep+1","Koishi:SpiritedAway+1","Koishi:IdleWhim","Koishi:UnconsciousUrges","Koishi:SubconsciousSweep+1","Koishi:SubterraneanRose","Koishi:RorschachInDanmaku"],"relics":["Koishi:ImaginaryFriend","PreservedInsect","LetterFromLob","TungstenRod","Shuriken","Bottled Flame","infinitespire:FocusingShard","Molten Egg 2","Onion Ring","Tiny House","Omamori","Sozu","TheAbacus","infinitespire:Lucky Rock","Shovel","Peace Pipe","infinitespire:EvilPickle","Calling Bell","SecretRecord","Pantograph","Centennial Puzzle","Turnip","Gremlin Horn","Replay:Rubber Ducky","Gremlin Food","Replay:Wax Seal","Simple Rune","Potion Belt","Replay:Ancient Bell","Koishi:AHoleWhereASisterShouldBe","infinitespire:ShieldingShard","Calipers","infinitespire:Eraser","SSSystem","infinitespire:BottledMercury","infinitespire:EmpoweringShard","Snecko Heart","War Paint","Whetstone","PlanX"],"acts_visited":["Exordium","TheCity","TheBeyond","Gensokyo:Gensokyo","Gensokyo:Gensokyoer"],"potions_floor_usage":[50],"damage_taken":[{"damage":0.0,"enemies":"Small Slimes","floor":1.0,"turns":5.0},{"damage":11.0,"enemies":"Jaw Worm","floor":3.0,"turns":3.0},{"damage":6.0,"enemies":"Cultist","floor":5.0,"turns":3.0},{"damage":0.0,"enemies":"Gremlin Nob","floor":6.0,"turns":3.0},{"damage":9.0,"enemies":"Gremlin Gang","floor":7.0,"turns":4.0},{"damage":0.0,"enemies":"Replay:BlueRogue","floor":8.0,"turns":6.0},{"damage":4.0,"enemies":"Gremlin Nob","floor":11.0,"turns":4.0},{"damage":0.0,"enemies":"2 Fungi Beasts","floor":12.0,"turns":1.0},{"damage":0.0,"enemies":"Hexaghost","floor":16.0,"turns":7.0},{"damage":0.0,"enemies":"Spheric Guardian","floor":18.0,"turns":3.0},{"damage":10.0,"enemies":"Shell Parasite","floor":20.0,"turns":4.0},{"damage":0.0,"enemies":"Snake Plant","floor":22.0,"turns":4.0},{"damage":9.0,"enemies":"Snecko","floor":24.0,"turns":6.0},{"damage":1.0,"enemies":"Centurion and Healer","floor":27.0,"turns":9.0},{"damage":22.0,"enemies":"Nightmare","floor":29.0,"turns":7.0},{"damage":3.0,"enemies":"Snake Plant","floor":30.0,"turns":3.0},{"damage":19.0,"enemies":"Snecko","floor":31.0,"turns":6.0},{"damage":22.0,"enemies":"Pondfish","floor":33.0,"turns":11.0},{"damage":13.0,"enemies":"3 Darklings","floor":35.0,"turns":3.0},{"damage":0.0,"enemies":"Orb Walker","floor":37.0,"turns":3.0},{"damage":35.0,"enemies":"Writhing Mass","floor":38.0,"turns":7.0},{"damage":19.0,"enemies":"infinitespire:Three Voidlings","floor":39.0,"turns":4.0},{"damage":2.0,"enemies":"Nightmare_Alpha","floor":39.0,"turns":7.0},{"damage":10,"enemies":"R_Hoarder","floor":41,"turns":10},{"damage":11,"enemies":"Sphere and 2 Shapes","floor":44,"turns":6},{"damage":42,"enemies":"Spire Growth","floor":45,"turns":6},{"damage":7,"enemies":"Nemesis","floor":47,"turns":7},{"damage":0,"enemies":"Transient","floor":48,"turns":5},{"damage":70,"enemies":"Replay:Hell Engine","floor":50,"turns":14},{"damage":0,"enemies":"Gensokyo:Gryphon","floor":52,"turns":2},{"damage":0,"enemies":"Gensokyo:2_Kodama","floor":54,"turns":2},{"damage":0,"enemies":"Gensokyo:Python","floor":55,"turns":3},{"damage":0,"enemies":"Gensokyo:2_Rabbits","floor":56,"turns":2},{"damage":0,"enemies":"Gensokyo:Mamizou","floor":57,"turns":7},{"damage":0,"enemies":"Gensokyo:LivingMonolith","floor":58,"turns":3},{"damage":0,"enemies":"Gensokyo:Aya","floor":59,"turns":2},{"damage":0,"enemies":"Gensokyo:Python_and_Kodama","floor":62,"turns":3},{"damage":0,"enemies":"Gensokyo:5_Fairies","floor":63,"turns":2},{"damage":0,"enemies":"Gensokyo:VengefulSpirit","floor":65,"turns":4},{"damage":0,"enemies":"Gensokyo:Yukari","floor":67,"turns":7},{"damage":21,"enemies":"Gensokyo:AngelMirror","floor":71,"turns":2},{"damage":0,"enemies":"Gensokyo:3_Dogs","floor":72,"turns":3},{"damage":4,"enemies":"Gensokyo:Wraith","floor":73,"turns":4},{"damage":20,"enemies":"Gensokyo:Slime_Group","floor":75,"turns":3},{"damage":65,"enemies":"Gensokyo:Swordslinger","floor":78,"turns":2}],"seed_played":"8937186625018658659","potions_obtained":[{"floor":3.0,"key":"SteroidPotion"},{"floor":5.0,"key":"Ancient Potion"},{"floor":8.0,"key":"Languid Potion"},{"floor":12.0,"key":"AttackPotion"},{"floor":16.0,"key":"Fire Potion"},{"floor":17.0,"key":"Swift Potion"},{"floor":18.0,"key":"Block Potion"}],"is_trial":false,"path_per_floor":["M","?","M","?","M","E","M","E","T","R","E","M","T","$","R","B",null,"M","$","M","AVR","M","R","M","?","T","M","R","NM","M","M","R","B",null,"M","?","M","M","?","R","E","R","T","M","M","?","E","M","R","B",null,"M","?","M","M","M","E","M","E","T","?","M","M","R","M","R","B",null,"M","?","M","M","M","R","M","R","T","M"],"character_chosen":"KOISHI","items_purchased":["Onion Ring","Koishi:UnconsciousUprising","Omamori"],"campfire_rested":0,"item_purchase_floors":[14,19,19],"current_hp_per_floor":[60,60,51,56,53,58,51,56,56,56,54,54,54,54,54,58,70,70,70,61,61,64,64,60,60,60,70,70,62,63,57,57,53,70,70,70,70,49,70,70,70,70,70,59,44,44,60,70,70,7,70,70,77,77,77,77,77,77,77,77,48,48,48,48,48,48,77,77,77,77,67,73,75,75,59,59,59,0,0],"gold":2416,"neow_bonus":"RANDOM_COMMON_RELIC","is_daily":false,"chose_seed":false,"campfire_upgraded":4,"win_rate":0.0,"timestamp":1610730154,"path_taken":["M","?","M","?","M","E","M","E","T","R","E","M","?","$","R","BOSS","M","?","?","AVR","?","R","?","?","T","M","R","NM","M","?","R","BOSS","M","?","M","M","?","R","E","R","T","M","M","?","E","?","R","BOSS","M","?","M","M","M","E","M","E","T","?","M","M","R","?","R","BOSS","M","?","M","M","M","R","M","R","T","?"],"items_purchased_type":["Relic","Card","Relic"],"build_version":"2020-12-22","purchased_purges":1,"victory":false,"max_hp_per_floor":[60,60,60,65,65,65,65,65,65,65,65,65,65,65,65,65,70,70,70,70,70,70,70,70,70,70,70,70,70,70,70,70,70,70,70,70,70,70,70,70,70,70,70,70,70,70,70,70,70,70,70,70,77,77,77,77,77,77,77,77,77,77,77,77,77,77,77,77,77,77,77,77,77,77,77,77,77,77,77],"card_choices":[{"not_picked":["Koishi:UnansweredLove","Koishi:FleetingPhantom"],"picked":"Koishi:Jaunt","floor":1.0},{"not_picked":["Koishi:UnansweredLove","Koishi:Bloodlust"],"picked":"Koishi:RacingHeart","floor":3.0},{"not_picked":["Koishi:FleetingPhantom","Koishi:CatchAndRose"],"picked":"Koishi:SubterraneanRose","floor":5.0},{"not_picked":["Koishi:SuperEgo","Koishi:StrangeCloudFist"],"picked":"Koishi:MindNumbingTerror","floor":6.0},{"not_picked":["Koishi:RacingHeart","Koishi:GeneticsOfTheUnconscious"],"picked":"Koishi:SubterraneanRose","floor":7.0},{"not_picked":["Koishi:SpiritedAway","Koishi:IdleWhim"],"picked":"Koishi:SubconsciousSweep","floor":8.0},{"not_picked":["Koishi:MindStellarRelief","Koishi:VengefulSpirit"],"picked":"Koishi:ParalyzingFear","floor":11.0},{"not_picked":["Koishi:SpiritedAway","Koishi:PhantomStrike"],"picked":"Koishi:SubterraneanRose","floor":12.0},{"not_picked":["Koishi:GrowingPain+1","Koishi:ConditionedTeleport"],"picked":"Koishi:ImGoingToCallYouNow","floor":16.0},{"not_picked":["Koishi:StingingMind+1","Koishi:BloodcurdlingScream+1"],"picked":"Koishi:PhantomStrike+1","floor":17.0},{"not_picked":["Koishi:SprinkleStarAndHeart","Koishi:DanmakuParanoia+1"],"picked":"Koishi:UnconsciousUprising","floor":18.0},{"not_picked":["Koishi:RollingInRichesHeart","Koishi:IdleWhim"],"picked":"Koishi:RorschachInDanmaku","floor":20.0},{"not_picked":["Koishi:PhantomBarrier","Koishi:StingingMind+1"],"picked":"Koishi:SubterraneanRose","floor":22.0},{"not_picked":["Koishi:YoukaiPolygraph+1","Koishi:SpiritedAway+1"],"picked":"Koishi:BramblyRoseGarden+1","floor":24.0},{"not_picked":["Koishi:Prune+1","Koishi:ParalyzingFear+1"],"picked":"Koishi:FleetingPhantom","floor":27.0},{"not_picked":["infinitespire:FinalStrike","ReplayTheSpireMod:Echoes of Time"],"picked":"infinitespire:Starlight","floor":29.0},{"not_picked":["Koishi:Catatonia+1","Koishi:ApparitionsStalkTheNight"],"picked":"Koishi:FleetingPhantom","floor":29.0},{"not_picked":["Koishi:UnseenTerror+1","Koishi:Vanish"],"picked":"Koishi:SubterraneanRose","floor":30.0},{"not_picked":["Koishi:CatchAndRose","Koishi:UnansweredLove"],"picked":"Koishi:StingingMind+1","floor":31.0},{"not_picked":["Koishi:MindStellarRelief","Koishi:RollingInRichesHeart"],"picked":"Koishi:Heartbroken","floor":33.0},{"not_picked":["Koishi:FourthEye+1","Koishi:CatchAndRose+1"],"picked":"Koishi:BramblyRoseGarden","floor":35.0},{"not_picked":["Koishi:CatchAndRose","Koishi:RacingHeart+1"],"picked":"Koishi:SubterraneanRose+1","floor":37.0},{"not_picked":["Koishi:Bloodlust+1","Koishi:UnansweredLove"],"picked":"Koishi:SubterraneanRose","floor":38.0},{"not_picked":["Koishi:StingingMind+1","Koishi:PhantomStrike+1"],"picked":"Koishi:UnconsciousUprising","floor":39},{"not_picked":["Koishi:BloodcurdlingScream+1","Koishi:DNAsFlaw+1"],"picked":"Koishi:SubterraneanRose","floor":41},{"not_picked":["Koishi:RacingHeart+1","Koishi:Vanish+1"],"picked":"Koishi:UnconsciousUrges+1","floor":44},{"not_picked":["Koishi:Vanish+1","Koishi:TraumaticStroke+1"],"picked":"Koishi:Jaunt+1","floor":45},{"not_picked":["Koishi:ReflexRadar+1","Koishi:RacingHeart+1"],"picked":"Koishi:Catatonia+1","floor":47},{"not_picked":["Koishi:DanmakuParanoia","Koishi:RacingHeart+1"],"picked":"Koishi:MassHysteria+1","floor":48},{"not_picked":["Parasite","Regret"],"picked":"Shame","floor":51},{"not_picked":["Looming Evil","ReplayTheSpireMod:Splinters"],"picked":"Gensokyo:ImpossibleRequest","floor":51},{"not_picked":["Wraith","infinitespire:Pacifist"],"picked":"Decay","floor":51},{"not_picked":["Koishi:RacingHeart+1","Koishi:UnansweredLove"],"picked":"Koishi:MassHysteria","floor":52},{"not_picked":["Koishi:UnconsciousUprising","Koishi:SubterraneanRose"],"picked":"Koishi:PhantomBarrier","floor":54},{"not_picked":["Koishi:BloodcurdlingScream+1","Koishi:ReflexRadar"],"picked":"Koishi:IdleWhim","floor":55},{"not_picked":["Koishi:FleetingPhantom","Koishi:Possession"],"picked":"Koishi:SubconsciousSweep+1","floor":56},{"not_picked":["Koishi:EmbryosDream","Koishi:GrowingPain+1"],"picked":"Koishi:SpiritedAway+1","floor":57},{"not_picked":["Koishi:RacingHeart+1","Koishi:DreadfulBlow+1","Koishi:EmbryosDream"],"picked":"SKIP","floor":58},{"not_picked":["Koishi:UnseenTerror+1","Koishi:TremblingHands+1","Koishi:StingingMind+1"],"picked":"SKIP","floor":59},{"not_picked":["Koishi:UnseenTerror+1","Koishi:ReflexRadar"],"picked":"Koishi:IdleWhim","floor":62},{"not_picked":["Koishi:TerrifyingSpectre","Koishi:DreadfulBlow+1"],"picked":"Koishi:UnconsciousUrges","floor":63},{"not_picked":["Koishi:UnansweredLove","Koishi:HeartfeltFancy","Koishi:LastRemote+1"],"picked":"SKIP","floor":65},{"not_picked":["Koishi:PhantomStrike+1","Koishi:PhantomBarrier+1","Koishi:PhilosophyOfTheDespised"],"picked":"SKIP","floor":71},{"not_picked":["Koishi:IdleWhim","Koishi:LastRemote+1"],"picked":"Koishi:SubconsciousSweep+1","floor":72},{"not_picked":["Koishi:Prune+1","Koishi:DNAsFlaw+1"],"picked":"Koishi:SubterraneanRose","floor":73},{"not_picked":["Koishi:UnansweredLove","Koishi:UnconsciousUrges"],"picked":"Koishi:RorschachInDanmaku","floor":75}],"player_experience":234161,"relics_obtained":[{"floor":1.0,"key":"LetterFromLob"},{"floor":6.0,"key":"TungstenRod"},{"floor":8.0,"key":"Shuriken"},{"floor":9.0,"key":"Bottled Flame"},{"floor":11.0,"key":"infinitespire:FocusingShard"},{"floor":13.0,"key":"Molten Egg 2"},{"floor":26.0,"key":"infinitespire:Lucky Rock"},{"floor":29.0,"key":"Shovel"},{"floor":32.0,"key":"Peace Pipe"},{"floor":34.0,"key":"SecretRecord"},{"floor":34.0,"key":"Pantograph"},{"floor":34.0,"key":"Centennial Puzzle"},{"floor":39,"key":"Turnip"},{"floor":40,"key":"Gremlin Horn"},{"floor":41,"key":"Replay:Rubber Ducky"},{"floor":42,"key":"Gremlin Food"},{"floor":43,"key":"Replay:Wax Seal"},{"floor":47,"key":"Simple Rune"},{"floor":49,"key":"Potion Belt"},{"floor":57,"key":"infinitespire:Eraser"},{"floor":59,"key":"SSSystem"},{"floor":64,"key":"infinitespire:BottledMercury"},{"floor":66,"key":"infinitespire:EmpoweringShard"},{"floor":74,"key":"War Paint"},{"floor":76,"key":"Whetstone"},{"floor":77,"key":"PlanX"}],"event_choices":[{"damage_healed":0.0,"max_hp_gain":0.0,"max_hp_loss":0.0,"gold_gain":0.0,"cards_transformed":["Koishi:BasicStrike"],"event_name":"Living Wall","player_choice":"Change","floor":2.0,"gold_loss":0.0,"damage_taken":0.0,"cards_obtained":["Koishi:SubconsciousSweep"]},{"damage_healed":0.0,"max_hp_gain":5.0,"max_hp_loss":0.0,"gold_gain":0.0,"event_name":"Big Fish","player_choice":"Donut","floor":4.0,"gold_loss":0.0,"damage_taken":0.0},{"damage_healed":0.0,"max_hp_gain":0.0,"max_hp_loss":0.0,"gold_gain":0.0,"event_name":"Accursed Blacksmith","player_choice":"Forge","floor":25.0,"gold_loss":0.0,"damage_taken":0.0,"cards_upgraded":["Koishi:SubterraneanRose"]},{"damage_healed":0,"gold_gain":0,"player_choice":"Forge","damage_taken":0,"max_hp_gain":0,"max_hp_loss":0,"event_name":"Accursed Blacksmith","floor":39,"gold_loss":0,"cards_upgraded":["Koishi:SubterraneanRose"]},{"damage_healed":0,"gold_gain":0,"player_choice":"Bought 2 Potions","damage_taken":0,"max_hp_gain":0,"max_hp_loss":0,"event_name":"The Woman in Blue","floor":46,"gold_loss":0}],"is_beta":false,"boss_relics":[{"not_picked":["Snecko Eye","Velvet Choker"],"picked":"Tiny House"},{"not_picked":["Busted Crown","Koishi:ColorfulDays"],"picked":"Calling Bell"},{"not_picked":["ReplayTheSpireMod:SealedPack","EasyGame_NEW"],"picked":"Replay:Ancient Bell"},{"not_picked":["Strawberry","Juzu Bracelet"],"picked":"Koishi:AHoleWhereASisterShouldBe"},{"not_picked":["Mummified Hand","Divine Protection"],"picked":"infinitespire:ShieldingShard"},{"not_picked":["CaptainsWheel","Torii"],"picked":"Calipers"},{"not_picked":["AddBug","Coffee Dripper"],"picked":"Snecko Heart"}],"items_purged_floors":[21],"is_endless":true,"potions_floor_spawned":[3,5,8,12,16,18,24,27,37,38,44,45,47,50,52,56,63,65,72,75],"killed_by":"Gensokyo:Swordslinger","ascension_level":0}}