{"host":"873t0y8ybyo38pfq","time":1610743059,"event":{"mods":["BaseMod","Bestiary","Colored Map","Colored Powertips","Highlight Path","Minty Spire (QoL Compilation)","Quick Restart","RNG Fix","Rare Cards Sparkle","Relic Stats","StSLib"],"gold_per_floor":[109,30,30,30,41,74,92,117,140,159,159,177,11,11,11,89,89,109,109,34,53,72,97,116,145,223,248,248,279,279,293,293,371,421,438,5,18,18,35,66,66,91,91,110,122,157,174,193,193,193,193,193],"floor_reached":51,"language":"ENG","playtime":4111,"items_purged":["Strike_B","Strike_B"],"score":2158,"play_id":"15f5f731-9c19-4c23-a1bb-b655a4ebeeb5","local_time":"20210115153739","is_ascension_mode":true,"campfire_choices":[{"floor":11,"key":"REST"},{"data":"Reinforced Body","floor":15,"key":"SMITH"},{"floor":28,"key":"REST"},{"floor":32,"key":"REST"},{"floor":41,"key":"RECALL"},{"floor":49,"key":"REST"}],"circlet_count":0,"master_deck":["AscendersBane","Strike_B+1","Strike_B+1","Defend_B+1","Defend_B+1","Defend_B","Defend_B","Zap","Dualcast","Ball Lightning","Ball Lightning","Conserve Battery+1","Reinforced Body+1","Echo Form","Coolheaded","Electrodynamics","Turbo+1","Ghostly","Ghostly","Ghostly","Sunder","Capacitor","Thunder Strike","Buffer+1","Necronomicurse","Hologram","Machine Learning+1","Conserve Battery+1","Capacitor+1","Core Surge","Consume","Creative AI+1"],"relics":["Cracked Core","NeowsBlessing","Pocketwatch","Torii","Pen Nib","Bag of Marbles","War Paint","Fusion Hammer","Happy Flower","Sundial","Cables","Frozen Egg 2","Symbiotic Virus","Necronomicon","Tiny House","Orichalcum","DataDisk","Anchor","StoneCalendar","Toy Ornithopter"],"acts_visited":["Exordium","TheCity","TheBeyond"],"potions_floor_usage":[8,16,16,27,29,40,51],"damage_taken":[{"damage":0,"enemies":"Jaw Worm","floor":1,"turns":1},{"damage":0,"enemies":"Cultist","floor":5,"turns":1},{"damage":0,"enemies":"Gremlin Nob","floor":6,"turns":1},{"damage":1,"enemies":"2 Louse","floor":7,"turns":2},{"damage":2,"enemies":"3 Sentries","floor":8,"turns":5},{"damage":12,"enemies":"Exordium Thugs","floor":10,"turns":3},{"damage":1,"enemies":"Blue Slaver","floor":12,"turns":3},{"damage":0,"enemies":"Slime Boss","floor":16,"turns":5},{"damage":0,"enemies":"3 Byrds","floor":18,"turns":2},{"damage":1,"enemies":"Shell Parasite","floor":21,"turns":5},{"damage":4,"enemies":"Shelled Parasite and Fungi","floor":22,"turns":5},{"damage":1,"enemies":"Gremlin Leader","floor":23,"turns":5},{"damage":1,"enemies":"Centurion and Healer","floor":24,"turns":5},{"damage":3,"enemies":"Slavers","floor":25,"turns":2},{"damage":1,"enemies":"Gremlin Leader","floor":27,"turns":5},{"damage":27,"enemies":"Book of Stabbing","floor":29,"turns":6},{"damage":0,"enemies":"Snecko","floor":31,"turns":3},{"damage":0,"enemies":"Automaton","floor":33,"turns":6},{"damage":1,"enemies":"3 Darklings","floor":35,"turns":5},{"damage":0,"enemies":"Orb Walker","floor":37,"turns":3},{"damage":0,"enemies":"3 Darklings","floor":39,"turns":4},{"damage":0,"enemies":"Giant Head","floor":40,"turns":8},{"damage":0,"enemies":"Nemesis","floor":42,"turns":7},{"damage":0,"enemies":"Maw","floor":44,"turns":7},{"damage":0,"enemies":"Spire Growth","floor":45,"turns":4},{"damage":0,"enemies":"Giant Head","floor":46,"turns":8},{"damage":0,"enemies":"Sphere and 2 Shapes","floor":47,"turns":4},{"damage":0,"enemies":"4 Shapes","floor":48,"turns":4},{"damage":0,"enemies":"Time Eater","floor":50,"turns":9},{"damage":53,"enemies":"Awakened One","floor":51,"turns":11}],"seed_played":"-971021066945086966","potions_obtained":[{"floor":6,"key":"SteroidPotion"},{"floor":10,"key":"SteroidPotion"},{"floor":21,"key":"SkillPotion"},{"floor":27,"key":"Regen Potion"},{"floor":29,"key":"Energy Potion"},{"floor":31,"key":"DistilledChaos"},{"floor":35,"key":"PotionOfCapacity"},{"floor":44,"key":"AttackPotion"}],"is_trial":false,"path_per_floor":["M","$","?","?","M","E","M","E","T","M","R","M","$","?","R","B",null,"M","?","$","M","M","E","M","E","T","E","R","E","?","M","R","B",null,"M","$","M","?","M","E","R","E","T","M","M","E","M","M","R","B","B"],"character_chosen":"DEFECT","items_purchased":["Ball Lightning","Fire Potion","War Paint","Orichalcum","DataDisk"],"campfire_rested":4,"item_purchase_floors":[2,2,13,36,36],"current_hp_per_floor":[64,64,69,43,43,43,42,40,40,28,50,49,49,26,26,26,64,64,38,38,37,33,32,31,28,28,27,38,25,4,4,15,15,37,36,36,36,36,36,36,36,36,36,36,36,36,36,36,41,41,0,0],"gold":193,"neow_bonus":"THREE_ENEMY_KILL","is_daily":false,"chose_seed":false,"campfire_upgraded":1,"win_rate":0.0,"timestamp":1610743059,"path_taken":["M","$","?","?","M","E","M","E","T","M","R","M","?","?","R","BOSS","M","?","?","M","M","E","M","E","T","E","R","E","?","M","R","BOSS","M","$","M","?","M","E","R","E","T","M","M","E","M","M","R","BOSS","BOSS"],"items_purchased_type":["Card","Potion","Relic","Relic","Relic"],"build_version":"2020-12-22","purchased_purges":2,"victory":false,"max_hp_per_floor":[71,71,76,76,76,76,76,76,76,76,76,76,76,76,76,76,76,76,38,38,38,38,38,38,38,38,38,38,38,38,38,38,38,43,43,43,43,41,41,41,41,41,41,41,41,41,41,41,41,41,41,41],"relic_stats":{"Torii":22,"Happy Flower":[33],"counters":[30,139],"StoneCalendar":[156],"Pen Nib":[15],"War Paint":["Defend_B","Conserve Battery"],"Orichalcum":[252],"Cables":[82,67,2,13,0],"Sundial":[12],"Necronomicon":[24],"obtain_stats":[{"Tiny House":34,"NeowsBlessing":0,"Torii":6,"Happy Flower":23,"StoneCalendar":42,"Pen Nib":8,"War Paint":13,"Frozen Egg 2":27,"Orichalcum":36,"Cables":26,"DataDisk":36,"Anchor":40,"Sundial":25,"Fusion Hammer":17,"Bag of Marbles":9,"Necronomicon":30,"Cracked Core":0,"Symbiotic Virus":29,"Toy Ornithopter":46,"Pocketwatch":4},{"Tiny House":18,"NeowsBlessing":0,"Torii":3,"Happy Flower":12,"StoneCalendar":23,"Pen Nib":5,"War Paint":7,"Frozen Egg 2":15,"Orichalcum":19,"Cables":14,"DataDisk":19,"Anchor":22,"Sundial":14,"Fusion Hammer":8,"Bag of Marbles":5,"Necronomicon":16,"Cracked Core":0,"Symbiotic Virus":16,"Toy Ornithopter":26,"Pocketwatch":1},{"Tiny House":65,"NeowsBlessing":0,"Torii":3,"Happy Flower":38,"StoneCalendar":92,"Pen Nib":10,"War Paint":16,"Frozen Egg 2":50,"Orichalcum":70,"Cables":45,"DataDisk":70,"Anchor":85,"Sundial":45,"Fusion Hammer":21,"Bag of Marbles":10,"Necronomicon":56,"Cracked Core":0,"Symbiotic Virus":56,"Toy Ornithopter":111,"Pocketwatch":1}],"Toy Ornithopter":0,"Pocketwatch":[232]},"card_choices":[{"not_picked":["Capacitor","Chill"],"picked":"Ball Lightning","floor":1},{"not_picked":["Barrage","Sunder"],"picked":"Conserve Battery","floor":5},{"not_picked":["Hologram","Storm","Rebound"],"picked":"SKIP","floor":6},{"not_picked":["Auto Shields","Fusion","Turbo"],"picked":"SKIP","floor":7},{"not_picked":["Blizzard","Auto Shields"],"picked":"Reinforced Body","floor":8},{"not_picked":["Defragment","Compile Driver"],"picked":"Echo Form","floor":10},{"not_picked":["Steam","Leap"],"picked":"Coolheaded","floor":12},{"not_picked":["Buffer","Machine Learning"],"picked":"Electrodynamics","floor":16},{"not_picked":["Cold Snap","Hologram"],"picked":"Turbo+1","floor":18},{"not_picked":["Redo","Compile Driver"],"picked":"Sunder","floor":21},{"not_picked":["Rebound","Blizzard","Aggregate"],"picked":"SKIP","floor":22},{"not_picked":["Turbo","Reinforced Body"],"picked":"Capacitor","floor":23},{"not_picked":["Static Discharge","Beam Cell"],"picked":"Thunder Strike","floor":24},{"not_picked":["Conserve Battery","Rebound","Barrage"],"picked":"SKIP","floor":25},{"not_picked":["Static Discharge+1","Cold Snap"],"picked":"Buffer+1","floor":27},{"not_picked":["Ball Lightning","Conserve Battery","Sweeping Beam"],"picked":"SKIP","floor":29},{"not_picked":["Aggregate","Gash"],"picked":"Hologram","floor":31},{"not_picked":["Fission","Hyperbeam"],"picked":"Machine Learning+1","floor":33},{"not_picked":["Streamline","Stack"],"picked":"Conserve Battery+1","floor":35},{"not_picked":["Compile Driver+1","Redo","Rebound"],"picked":"SKIP","floor":37},{"not_picked":["Recycle","Fusion","Hologram+1"],"picked":"SKIP","floor":39},{"not_picked":["Beam Cell","Chaos"],"picked":"Capacitor+1","floor":40},{"not_picked":["Reinforced Body+1","Ball Lightning"],"picked":"Core Surge","floor":42},{"not_picked":["Capacitor+1","Fusion+1"],"picked":"Consume","floor":44},{"not_picked":["Ball Lightning+1","Steam Power","Fusion+1"],"picked":"SKIP","floor":45},{"not_picked":["Hyperbeam","Self Repair+1","Ball Lightning+1"],"picked":"SKIP","floor":46},{"not_picked":["Sweeping Beam","Barrage","Ball Lightning"],"picked":"SKIP","floor":47},{"not_picked":["Steam","Streamline"],"picked":"Creative AI+1","floor":48}],"player_experience":1643517,"relics_obtained":[{"floor":6,"key":"Torii"},{"floor":8,"key":"Pen Nib"},{"floor":9,"key":"Bag of Marbles"},{"floor":23,"key":"Happy Flower"},{"floor":25,"key":"Sundial"},{"floor":26,"key":"Cables"},{"floor":27,"key":"Frozen Egg 2"},{"floor":29,"key":"Symbiotic Virus"},{"floor":30,"key":"Necronomicon"},{"floor":40,"key":"Anchor"},{"floor":42,"key":"StoneCalendar"},{"floor":46,"key":"Toy Ornithopter"}],"event_choices":[{"damage_healed":0,"gold_gain":0,"player_choice":"Donut","damage_taken":0,"max_hp_gain":5,"max_hp_loss":0,"event_name":"Big Fish","floor":3,"gold_loss":0},{"damage_healed":0,"gold_gain":0,"player_choice":"Success","damage_taken":26,"relics_obtained":["Pocketwatch"],"max_hp_gain":0,"max_hp_loss":0,"event_name":"Scrap Ooze","floor":4,"gold_loss":0},{"damage_healed":0,"gold_gain":0,"player_choice":"Entered Light","damage_taken":23,"max_hp_gain":0,"max_hp_loss":0,"event_name":"Shining Light","floor":14,"gold_loss":0,"cards_upgraded":["Strike_B","Defend_B"]},{"damage_healed":0,"gold_gain":0,"player_choice":"Became a Ghost","damage_taken":0,"max_hp_gain":0,"max_hp_loss":38,"event_name":"Ghosts","floor":19,"gold_loss":0,"cards_obtained":["Ghostly","Ghostly","Ghostly"]},{"damage_healed":0,"gold_gain":0,"player_choice":"Obtained Book","damage_taken":21,"max_hp_gain":0,"max_hp_loss":0,"event_name":"Cursed Tome","floor":30,"gold_loss":0},{"damage_healed":0,"gold_gain":0,"player_choice":"Max HP","damage_taken":0,"max_hp_gain":0,"max_hp_loss":2,"event_name":"Winding Halls","floor":38,"gold_loss":0}],"is_beta":false,"boss_relics":[{"not_picked":["Inserter","Black Star"],"picked":"Fusion Hammer"},{"not_picked":["SacredBark","Calling Bell"],"picked":"Tiny House"}],"items_purged_floors":[20,36],"is_endless":false,"potions_floor_spawned":[6,7,10,12,21,27,29,31,35,39,44,45],"killed_by":"Awakened One","ascension_level":20}}