{"host":"fiyb7gvx7tok3jeh","time":1610738493,"event":{"mods":["BaseMod","Colored Map","Colored Powertips","DeckTracker","Googly Eyes","Highlight Path","Minty Spire (QoL Compilation)"],"gold_per_floor":[112,112,127,137,9,41,66,94,94,125,125,125,142,153,153,255,255,268,183,183,28,47,47,104,461,488,506,541,558,203,233,233,337,337,378,57,57,70,70,70,70,87,136,161,161],"floor_reached":44,"language":"ENG","playtime":2232,"items_purged":["Pain","Defend_P","MasterReality"],"score":701,"play_id":"bb2e5d99-5fd9-4994-92ef-fc3f4a69946d","local_time":"20210115212133","is_ascension_mode":true,"campfire_choices":[{"data":"Scrawl","floor":12,"key":"SMITH"},{"data":"Dramatic Entrance","floor":15,"key":"SMITH"},{"data":"Dramatic Entrance","floor":23,"key":"SMITH"},{"floor":32,"key":"REST"},{"floor":40,"key":"RECALL"}],"circlet_count":0,"master_deck":["Strike_P","Strike_P","Strike_P","Strike_P","Defend_P+1","Defend_P","Eruption+1","Vigilance+1","Dramatic Entrance+1","Sanctity","CrushJoints+1","Dramatic Entrance+1","Study","Indignation","ClearTheMind","Scrawl+1","Wish","Halt","Halt","EmptyMind","Crescendo","Vengeance","FearNoEvil+1","Halt","Panache","Vengeance","ClearTheMind+1","DeusExMachina","Halt+1","Wallop","Halt","Adaptation","Decay","EmptyFist"],"relics":["PureWater","WarpedTongs","Blood Vial","Whetstone","Ancient Tea Set","CloakClasp","War Paint","Sozu","CaptainsWheel","Red Mask","Old Coin","Orichalcum","StoneCalendar","Fusion Hammer","Art of War"],"acts_visited":["Exordium","TheCity","TheBeyond"],"potions_floor_usage":[8,8,16,24],"damage_taken":[{"damage":0,"enemies":"Cultist","floor":1,"turns":2},{"damage":0,"enemies":"2 Louse","floor":3,"turns":1},{"damage":2,"enemies":"Small Slimes","floor":4,"turns":3},{"damage":0,"enemies":"3 Sentries","floor":6,"turns":2},{"damage":24,"enemies":"Gremlin Nob","floor":8,"turns":5},{"damage":0,"enemies":"Lagavulin","floor":10,"turns":4},{"damage":0,"enemies":"Looter","floor":13,"turns":1},{"damage":0,"enemies":"Large Slime","floor":14,"turns":1},{"damage":9,"enemies":"Slime Boss","floor":16,"turns":7},{"damage":0,"enemies":"Chosen","floor":18,"turns":1},{"damage":0,"enemies":"3 Byrds","floor":22,"turns":3},{"damage":0,"enemies":"Masked Bandits","floor":24,"turns":2},{"damage":6,"enemies":"Gremlin Leader","floor":25,"turns":4},{"damage":0,"enemies":"Snake Plant","floor":27,"turns":2},{"damage":0,"enemies":"Snecko","floor":28,"turns":4},{"damage":18,"enemies":"Shelled Parasite and Fungi","floor":29,"turns":2},{"damage":10,"enemies":"Slavers","floor":31,"turns":4},{"damage":15,"enemies":"Collector","floor":33,"turns":7},{"damage":4,"enemies":"Orb Walker","floor":35,"turns":2},{"damage":0,"enemies":"3 Shapes","floor":38,"turns":3},{"damage":52,"enemies":"Transient","floor":42,"turns":5},{"damage":23,"enemies":"Sphere and 2 Shapes","floor":44,"turns":5}],"seed_played":"-9185825704101213901","potions_obtained":[{"floor":3,"key":"ColorlessPotion"},{"floor":4,"key":"Block Potion"},{"floor":14,"key":"SneckoOil"},{"floor":16,"key":"Explosive Potion"}],"is_trial":false,"path_per_floor":["M","?","M","M","$","E","T","E","T","E","?","R","M","M","R","B",null,"M","?","?","$","M","R","?","E","T","M","M","M","$","E","R","B",null,"M","$","?","M","$","R","?","M","T","M"],"character_chosen":"WATCHER","items_purchased":["Dramatic Entrance","Study","EmptyMind","Panache","Vengeance","Wallop","Halt","Adaptation"],"campfire_rested":1,"item_purchase_floors":[5,5,21,30,30,36,36,36],"current_hp_per_floor":[72,72,72,70,70,70,70,48,48,50,50,50,52,54,54,47,72,72,72,59,59,61,61,63,59,59,61,63,47,47,39,62,49,77,73,73,73,75,75,75,73,21,21,0,0],"gold":161,"neow_bonus":"RANDOM_COLORLESS","is_daily":false,"chose_seed":false,"campfire_upgraded":3,"win_rate":0.0,"timestamp":1610738493,"path_taken":["M","?","?","M","$","E","?","E","T","E","?","R","?","M","R","BOSS","M","?","?","$","M","R","?","E","T","M","?","M","$","E","R","BOSS","M","$","?","M","?","R","?","M","T","M"],"items_purchased_type":["Card","Card","Card","Card","Card","Card","Card","Card"],"build_version":"2020-12-22","purchased_purges":3,"victory":false,"max_hp_per_floor":[72,72,72,72,72,72,72,72,72,72,72,72,72,72,72,72,72,72,72,77,77,77,77,77,77,77,77,77,77,77,77,77,77,77,77,77,77,77,77,77,73,73,73,73,73],"card_choices":[{"not_picked":["Enlightenment","Swift Strike"],"picked":"Dramatic Entrance","floor":0},{"not_picked":["DeceiveReality","Perseverance"],"picked":"Sanctity","floor":1},{"not_picked":["LikeWater","Collect","Halt"],"picked":"SKIP","floor":3},{"not_picked":["Fasting2","Protect"],"picked":"CrushJoints","floor":4},{"not_picked":["FollowUp","CutThroughFate"],"picked":"Indignation","floor":6},{"not_picked":["Worship","SignatureMove"],"picked":"ClearTheMind","floor":8},{"not_picked":["FlyingSleeves","Study"],"picked":"Scrawl","floor":10},{"not_picked":["Crescendo","JustLucky"],"picked":"Halt","floor":13},{"not_picked":["Perseverance","FlurryOfBlows"],"picked":"Halt","floor":14},{"not_picked":["Ragnarok","SpiritShield"],"picked":"MasterReality","floor":16},{"not_picked":["Halt","Swivel","CutThroughFate"],"picked":"SKIP","floor":18},{"not_picked":["Fasting2","ThirdEye","Indignation"],"picked":"SKIP","floor":22},{"not_picked":["FearNoEvil","Consecrate"],"picked":"Crescendo","floor":24},{"not_picked":["BowlingBash","EmptyFist"],"picked":"Vengeance","floor":25},{"not_picked":["Sanctity","CrushJoints","ReachHeaven"],"picked":"SKIP","floor":27},{"not_picked":["FlurryOfBlows","ForeignInfluence"],"picked":"FearNoEvil+1","floor":28},{"not_picked":["ThirdEye","CrushJoints"],"picked":"Halt","floor":29},{"not_picked":["WaveOfTheHand","Ragnarok"],"picked":"ClearTheMind+1","floor":31},{"not_picked":["Brilliance","ConjureBlade"],"picked":"DeusExMachina","floor":33},{"not_picked":["BowlingBash","Protect+1"],"picked":"Halt+1","floor":35},{"not_picked":["Protect","ThirdEye+1","ClearTheMind+1"],"picked":"SKIP","floor":38},{"not_picked":["SignatureMove","Weave+1"],"picked":"EmptyFist","floor":42}],"player_experience":256139,"relics_obtained":[{"floor":6,"key":"Blood Vial"},{"floor":7,"key":"Whetstone"},{"floor":8,"key":"Ancient Tea Set"},{"floor":9,"key":"CloakClasp"},{"floor":10,"key":"War Paint"},{"floor":24,"key":"Red Mask"},{"floor":25,"key":"Old Coin"},{"floor":26,"key":"Orichalcum"},{"floor":31,"key":"StoneCalendar"},{"floor":43,"key":"Art of War"}],"event_choices":[{"damage_healed":0,"gold_gain":0,"player_choice":"Rummage","damage_taken":0,"relics_obtained":["WarpedTongs"],"max_hp_gain":0,"max_hp_loss":0,"event_name":"Accursed Blacksmith","floor":2,"gold_loss":0,"cards_obtained":["Pain"]},{"damage_healed":0,"gold_gain":0,"cards_transformed":["Defend_P"],"player_choice":"Transformed","damage_taken":0,"max_hp_gain":0,"max_hp_loss":0,"event_name":"Transmorgrifier","floor":11,"gold_loss":0,"cards_obtained":["Wish"]},{"damage_healed":0,"gold_gain":0,"player_choice":"Obtained Relic","damage_taken":0,"relics_obtained":["CaptainsWheel"],"max_hp_gain":0,"max_hp_loss":0,"event_name":"Addict","floor":19,"gold_loss":85},{"damage_healed":0,"gold_gain":0,"player_choice":"Shed Blood","damage_taken":18,"max_hp_gain":5,"max_hp_loss":0,"event_name":"Forgotten Altar","floor":20,"gold_loss":0},{"damage_healed":0,"gold_gain":0,"player_choice":"Fought Bandits","damage_taken":0,"max_hp_gain":0,"max_hp_loss":0,"event_name":"Masked Bandits","floor":24,"gold_loss":0},{"damage_healed":0,"gold_gain":0,"player_choice":"Cursed","damage_taken":0,"max_hp_gain":0,"max_hp_loss":0,"event_name":"Wheel of Change","floor":37,"gold_loss":0,"cards_obtained":["Decay"]},{"damage_healed":0,"gold_gain":0,"player_choice":"Max HP","damage_taken":0,"max_hp_gain":0,"max_hp_loss":4,"event_name":"Winding Halls","floor":41,"gold_loss":0}],"is_beta":false,"boss_relics":[{"not_picked":["Philosopher\u0027s Stone","Busted Crown"],"picked":"Sozu"},{"not_picked":["HolyWater","SlaversCollar"],"picked":"Fusion Hammer"}],"items_purged_floors":[21,30,36],"is_endless":false,"potions_floor_spawned":[3,4,14,16,22,25,29],"killed_by":"Sphere and 2 Shapes","ascension_level":3}}