{"host":"v1m5rkjj38qutr02","time":1610680646,"event":{"mods":["Act Like it!","BaseMod","Challenge The Spire","Conspire","Gensokyo","GungeonMod","Hallownest","Minty Spire (QoL Compilation)","Replay The Spire","StSLib","The Bug Knight","Youmu£®ªÍ∆«—˝√Œ£©"],"gold_per_floor":[113,113,43,43,62,92,92,31,31,31,31,51,61,87,87,191,191,175,193,40,40,40,40],"floor_reached":22,"language":"ZHS","playtime":411,"items_purged":["conspire:NecroticWound"],"score":348,"play_id":"69b70c28-ed60-45eb-b124-7cd2ba28897e","local_time":"20210115111725","is_ascension_mode":true,"campfire_choices":[{"data":"White Noise","floor":7.0,"key":"SMITH"},{"data":"FIFO Queue","floor":10.0,"key":"SMITH"},{"data":"Loop","floor":15.0,"key":"SMITH"}],"circlet_count":0,"master_deck":["AscendersBane","Strike_B","Strike_B","Strike_B","Strike_B","Defend_B","Defend_B","Defend_B","Defend_B","Zap","Dualcast","Loop+1","White Noise+1","Hologram","FIFO Queue+1","Chaos+1","Electrodynamics","Heatsinks+1","Coolheaded"],"relics":["Cracked Core","NeowsBlessing","Regal Pillow","DemoMod:MemoryAlloy","ReplayTheSpireMod:CursedCoin","Replay:Ringing Soul","Replay:Mystery Machine","ChewingGum","DemoMod:GlassGuonStoneRelic","Orichalcum"],"acts_visited":["Exordium","TheCity"],"potions_floor_usage":[],"damage_taken":[{"damage":0.0,"enemies":"Small Slimes","floor":1.0,"turns":1.0},{"damage":0.0,"enemies":"Jaw Worm","floor":5.0,"turns":1.0},{"damage":0.0,"enemies":"Gremlin Nob","floor":6.0,"turns":1.0},{"damage":0.0,"enemies":"Cultist","floor":12.0,"turns":4.0},{"damage":0.0,"enemies":"Red Slaver","floor":13.0,"turns":3.0},{"damage":39.0,"enemies":"Hexaghost","floor":16.0,"turns":8.0},{"damage":29,"enemies":"2 Thieves","floor":18,"turns":4},{"damage":22,"enemies":"conspire:HollyBat","floor":19,"turns":6},{"damage":0,"enemies":"Centurion and Healer","floor":22,"turns":1}],"seed_played":"-1548293466299871159","potions_obtained":[{"floor":1.0,"key":"Adrenaline Potion"},{"floor":5.0,"key":"BlessingOfTheForge"},{"floor":12.0,"key":"Block Potion"},{"floor":18,"key":"FearPotion"},{"floor":19,"key":"SteroidPotion"}],"is_trial":false,"path_per_floor":["M","?","$","?","M","E","R","$","T","R","$","M","M","T","R","B",null,"M","M","$","?","M"],"character_chosen":"DEFECT","items_purchased":["Loop","ReplayTheSpireMod:CursedCoin","FIFO Queue","Chaos+1","Orichalcum"],"campfire_rested":0,"item_purchase_floors":[3,8,8,8,20],"current_hp_per_floor":[68,68,68,61,61,61,61,61,61,61,61,61,61,61,61,25,65,39,20,20,20,20,20],"gold":40,"neow_bonus":"THREE_ENEMY_KILL","is_daily":false,"chose_seed":false,"campfire_upgraded":3,"win_rate":0.0,"timestamp":1610680645,"path_taken":["M","?","$","?","M","E","R","$","T","R","?","M","?","?","R","BOSS","M","M","$","?","M"],"items_purchased_type":["Card","Relic","Card","Card","Relic"],"build_version":"2020-12-22","purchased_purges":1,"victory":false,"max_hp_per_floor":[75,75,75,75,75,75,75,75,75,75,75,75,75,75,75,78,78,81,84,84,84,84,84],"card_choices":[{"not_picked":["Redo","Leap","Glacier"],"picked":"SKIP","floor":1.0},{"not_picked":["BasicCrystalCard","Steam"],"picked":"White Noise","floor":5.0},{"not_picked":["ReplayTheSpireMod:Repulse","Compile Driver"],"picked":"Hologram","floor":6.0},{"not_picked":["Go for the Eyes","Lockon","Barrage"],"picked":"SKIP","floor":12.0},{"not_picked":["Compile Driver","Sweeping Beam","Mirror Shield"],"picked":"SKIP","floor":13.0},{"not_picked":["ReplayTheSpireMod:Fabricate Wheel","Echo Form"],"picked":"Electrodynamics","floor":16.0},{"not_picked":["Go for the Eyes","Hologram"],"picked":"Heatsinks+1","floor":18},{"not_picked":["Scrape","Sweeping Beam"],"picked":"Coolheaded","floor":19}],"player_experience":408894,"relics_obtained":[{"floor":6.0,"key":"DemoMod:MemoryAlloy"},{"floor":9.0,"key":"Replay:Ringing Soul"},{"floor":14.0,"key":"Replay:Mystery Machine"}],"event_choices":[{"damage_healed":0.0,"max_hp_gain":0.0,"max_hp_loss":0.0,"gold_gain":0.0,"event_name":"Big Fish","player_choice":"Box","floor":2.0,"gold_loss":0.0,"damage_taken":0.0,"relics_obtained":["Regal Pillow"],"cards_obtained":["Regret"]},{"cards_removed":["Regret"],"damage_healed":0.0,"max_hp_gain":0.0,"max_hp_loss":0.0,"gold_gain":0.0,"event_name":"Golden Wing","player_choice":"Card Removal","floor":4.0,"gold_loss":0.0,"damage_taken":7.0},{"damage_healed":0,"gold_gain":0,"player_choice":"Ignored","damage_taken":0,"max_hp_gain":0,"max_hp_loss":0,"event_name":"Vampires","floor":21,"gold_loss":0}],"is_beta":false,"boss_relics":[{"not_picked":["Replay:Wanted Poster","Pandora\u0027s Box"],"picked":"ChewingGum"}],"items_purged_floors":[8],"is_endless":false,"potions_floor_spawned":[1,5,12,18,19],"killed_by":"Centurion and Healer","ascension_level":10}}