{"host":"6b00v7211em4ihns","time":1610699276,"event":{"mods":["BaseMod","Bestiary","Better Match","Card Forge","Filter the Spire","Minty Spire (QoL Compilation)","Relic Stats","Spicy Shops","StSLib","Swap Starting Deck Mod"],"gold_per_floor":[112,122,140,155,167,193,193,212,212,212,236,236,297,327,327,402,402,417,417,435,17,33,33,64,83,83,113,125,125,125],"floor_reached":29,"language":"ENG","playtime":1488,"items_purged":[],"score":704,"play_id":"9e851963-f076-49ef-93d3-91a071bd1ced","local_time":"20210115082756","is_ascension_mode":true,"campfire_choices":[{"data":"Eviscerate","floor":7,"key":"SMITH"},{"data":"Underhanded Strike","floor":10,"key":"SMITH"},{"floor":12,"key":"REST"},{"data":"Underhanded Strike","floor":15,"key":"SMITH"},{"floor":23,"key":"RECALL"}],"circlet_count":0,"master_deck":["AscendersBane","Underhanded Strike","Underhanded Strike+1","Underhanded Strike+1","Eviscerate+1","Acrobatics","Backflip","Backflip","Backflip","Backflip","Prepared","Acrobatics","PiercingWail","Acrobatics","Grand Finale","Grand Finale","Acrobatics","Tools of the Trade"],"relics":["Ring of the Snake","Hammer of Thor","Seething Fire","Anvil of the Gods","swapstartingdeckmod:Bellows","Pen Nib","Odd Mushroom","Blue Candle","Lantern","Fusion Hammer","Ninja Scroll","DollysMirror","Bag of Marbles","Boot","Gremlin Horn","Paper Crane"],"acts_visited":["Exordium","TheCity"],"potions_floor_usage":[11,13,29],"damage_taken":[{"damage":0,"enemies":"2 Louse","floor":1,"turns":1},{"damage":0,"enemies":"Jaw Worm","floor":2,"turns":1},{"damage":0,"enemies":"Small Slimes","floor":3,"turns":2},{"damage":8,"enemies":"Gremlin Gang","floor":4,"turns":3},{"damage":18,"enemies":"Red Slaver","floor":5,"turns":5},{"damage":0,"enemies":"Gremlin Nob","floor":6,"turns":2},{"damage":0,"enemies":"3 Louse","floor":8,"turns":2},{"damage":0,"enemies":"The Mushroom Lair","floor":11,"turns":2},{"damage":5,"enemies":"3 Sentries","floor":13,"turns":2},{"damage":10,"enemies":"3 Sentries","floor":14,"turns":2},{"damage":20,"enemies":"Hexaghost","floor":16,"turns":4},{"damage":0,"enemies":"Spheric Guardian","floor":18,"turns":1},{"damage":0,"enemies":"Chosen","floor":20,"turns":1},{"damage":0,"enemies":"Snecko","floor":22,"turns":1},{"damage":5,"enemies":"Gremlin Leader","floor":24,"turns":2},{"damage":0,"enemies":"Centurion and Healer","floor":25,"turns":1},{"damage":0,"enemies":"Slavers","floor":27,"turns":1},{"damage":0,"enemies":"Snake Plant","floor":28,"turns":1},{"damage":8,"enemies":"Chosen and Byrds","floor":29,"turns":3}],"seed_played":"2618278834888126791","potions_obtained":[{"floor":2,"key":"Energy Potion"},{"floor":4,"key":"Regen Potion"},{"floor":11,"key":"LiquidMemories"},{"floor":14,"key":"Strength Potion"},{"floor":25,"key":"BlessingOfTheForge"}],"is_trial":false,"path_per_floor":["M","M","M","M","M","E","R","M","T","R","?","R","?","E","R","B",null,"M","?","M","$","M","R","E","M","T","E","M","M"],"character_chosen":"THE_SILENT","items_purchased":["DollysMirror","Bag of Marbles","Acrobatics"],"campfire_rested":1,"item_purchase_floors":[21,21,21],"current_hp_per_floor":[59,59,59,51,33,33,33,33,33,33,38,57,52,42,42,22,55,55,55,55,55,55,55,50,50,50,50,50,42,42],"gold":125,"neow_bonus":"","is_daily":false,"chose_seed":false,"campfire_upgraded":3,"win_rate":0.0,"timestamp":1610699276,"path_taken":["M","M","M","M","M","E","R","M","T","R","?","R","?","E","R","BOSS","M","?","M","$","M","R","E","M","T","E","?","M"],"items_purchased_type":["Relic","Relic","Card"],"build_version":"2020-12-22","purchased_purges":0,"victory":false,"max_hp_per_floor":[66,66,66,66,66,66,66,66,66,66,66,66,66,66,66,66,66,66,66,66,66,66,66,66,66,66,66,66,66,66],"relic_stats":{"Gremlin Horn":[1,1],"counters":[19,37],"Blue Candle":[0],"Pen Nib":[9],"Boot":[5],"obtain_stats":[{"Lantern":14,"Gremlin Horn":26,"Blue Candle":13,"Hammer of Thor":0,"swapstartingdeckmod:Bellows":0,"Pen Nib":6,"Seething Fire":0,"Odd Mushroom":11,"Paper Crane":27,"Boot":24,"Anvil of the Gods":0,"Ninja Scroll":19,"DollysMirror":21,"Fusion Hammer":17,"Bag of Marbles":21,"Ring of the Snake":0},{"Lantern":10,"Gremlin Horn":16,"Blue Candle":9,"Hammer of Thor":0,"swapstartingdeckmod:Bellows":0,"Pen Nib":6,"Seething Fire":0,"Odd Mushroom":8,"Paper Crane":17,"Boot":15,"Anvil of the Gods":0,"Ninja Scroll":12,"DollysMirror":13,"Fusion Hammer":11,"Bag of Marbles":13,"Ring of the Snake":0},{"Lantern":22,"Gremlin Horn":32,"Blue Candle":20,"Hammer of Thor":0,"swapstartingdeckmod:Bellows":0,"Pen Nib":14,"Seething Fire":0,"Odd Mushroom":18,"Paper Crane":33,"Boot":31,"Anvil of the Gods":0,"Ninja Scroll":27,"DollysMirror":28,"Fusion Hammer":26,"Bag of Marbles":28,"Ring of the Snake":0}],"Ring of the Snake":[38]},"card_choices":[{"not_picked":["PiercingWail","Choke"],"picked":"Acrobatics","floor":1},{"not_picked":["Masterful Stab","Deflect","Poisoned Stab"],"picked":"SKIP","floor":2},{"not_picked":["Backflip","Flying Knee","Setup"],"picked":"SKIP","floor":3},{"not_picked":["Deadly Poison","Distraction"],"picked":"PiercingWail","floor":4},{"not_picked":["Dagger Throw","Poisoned Stab","Choke"],"picked":"SKIP","floor":5},{"not_picked":["Predator","Glass Knife","Infinite Blades"],"picked":"SKIP","floor":6},{"not_picked":["Deadly Poison","Deflect"],"picked":"Acrobatics","floor":8},{"not_picked":["Deadly Poison","Dash","Predator"],"picked":"SKIP","floor":14},{"not_picked":["Adrenaline","Burst"],"picked":"Grand Finale","floor":16},{"not_picked":["Deflect","Poisoned Stab","Acrobatics"],"picked":"SKIP","floor":18},{"not_picked":["Quick Slash","PiercingWail","Deflect"],"picked":"SKIP","floor":20},{"not_picked":["Distraction","Caltrops","Dagger Throw"],"picked":"SKIP","floor":22},{"not_picked":["Underhanded Strike+1","Riddle With Holes"],"picked":"Tools of the Trade","floor":24},{"not_picked":["Setup","Outmaneuver","Escape Plan"],"picked":"SKIP","floor":25},{"not_picked":["Footwork","Deflect","Deadly Poison"],"picked":"SKIP","floor":27},{"not_picked":["Setup","Flying Knee+1","Deadly Poison"],"picked":"SKIP","floor":28}],"player_experience":2497710,"relics_obtained":[{"floor":6,"key":"Pen Nib"},{"floor":11,"key":"Odd Mushroom"},{"floor":13,"key":"Blue Candle"},{"floor":14,"key":"Lantern"},{"floor":24,"key":"Boot"},{"floor":26,"key":"Gremlin Horn"},{"floor":27,"key":"Paper Crane"}],"event_choices":[{"damage_healed":0,"gold_gain":0,"player_choice":"Fought Mushrooms","damage_taken":0,"max_hp_gain":0,"max_hp_loss":0,"event_name":"Mushrooms","floor":11,"gold_loss":0},{"damage_healed":0,"gold_gain":0,"player_choice":"Searched \u00271\u0027 times","damage_taken":0,"max_hp_gain":0,"max_hp_loss":0,"event_name":"Dead Adventurer","floor":13,"gold_loss":0},{"damage_healed":0,"gold_gain":0,"player_choice":"Gave Potion","damage_taken":0,"relics_obtained":["Ninja Scroll"],"max_hp_gain":0,"max_hp_loss":0,"event_name":"WeMeetAgain","floor":19,"gold_loss":0}],"is_beta":false,"boss_relics":[{"not_picked":["SlaversCollar","Ectoplasm"],"picked":"Fusion Hammer"}],"items_purged_floors":[],"is_endless":false,"potions_floor_spawned":[2,4,5,11,14,16,25,27],"killed_by":"Chosen and Byrds","ascension_level":20}}