{"host":"ibonnlq6s1c814xj","time":1610739805,"event":{"mods":["BaseMod","BetterRewards","Minty Spire (QoL Compilation)","Shop Mod","【功能Mod】聪明的最终Boss","【遗物卡牌】REMEMod"],"gold_per_floor":[111,111,36,61,236,186,186,227,227,270,291,330,9,23,23,148,148,168,183,196,196,3,47,47,72,98,98,98,98,98,119,119,119,119],"floor_reached":33,"language":"ZHS","playtime":1499,"items_purged":["Berserk","Strike_R","Strike_R"],"score":348,"play_id":"bfd7e64e-b9c8-4fb7-b6cc-03b496dbb790","local_time":"20210116034325","is_ascension_mode":true,"campfire_choices":[{"data":"Infernal Blade","floor":15,"key":"SMITH"},{"data":"True Grit","floor":24,"key":"SMITH"},{"data":"Rupture","floor":27,"key":"SMITH"},{"floor":30,"key":"REST"},{"data":"Exhume","floor":32,"key":"SMITH"}],"circlet_count":0,"master_deck":["Defend_R","Defend_R","Defend_R","Defend_R","Bash","Metallicize","Feel No Pain","Rage","Iron Wave","Infernal Blade+1","True Grit+1","Rupture+1","REME_FearOfPain","Immolate","Fire Breathing+1","Feed+1","Metallicize+1","Spot Weakness","Body Slam+1","Combust","Exhume+1"],"relics":["Burning Blood","REME_ComplimentaryCards","NeowsBlessing","Golden Idol","Gambling Chip","Omamori","Lantern","Bottled Lightning","MerchantsRug","Astrolabe","Strawberry","Centennial Puzzle","Unceasing Top"],"acts_visited":["Exordium","TheCity"],"potions_floor_usage":[10,12,16,23,25,31],"damage_taken":[{"damage":0,"enemies":"Jaw Worm","floor":1,"turns":1},{"damage":0,"enemies":"2 Louse","floor":4,"turns":1},{"damage":0,"enemies":"3 Sentries","floor":8,"turns":2},{"damage":23,"enemies":"Gremlin Nob","floor":10,"turns":5},{"damage":0,"enemies":"Cultist","floor":11,"turns":5},{"damage":11,"enemies":"Lagavulin","floor":12,"turns":8},{"damage":5,"enemies":"2 Fungi Beasts","floor":14,"turns":4},{"damage":43,"enemies":"Slime Boss","floor":16,"turns":18},{"damage":39,"enemies":"Spheric Guardian","floor":18,"turns":8},{"damage":5,"enemies":"3 Byrds","floor":19,"turns":6},{"damage":6,"enemies":"Snecko","floor":20,"turns":6},{"damage":42,"enemies":"Slavers","floor":23,"turns":5},{"damage":24,"enemies":"Centurion and Healer","floor":25,"turns":8},{"damage":15,"enemies":"Snake Plant","floor":31,"turns":6},{"damage":44,"enemies":"Collector","floor":33,"turns":8}],"seed_played":"-5758771848588642959","potions_obtained":[{"floor":1,"key":"BloodPotion"},{"floor":8,"key":"Regen Potion"},{"floor":11,"key":"LiquidMemories"},{"floor":14,"key":"Energy Potion"},{"floor":19,"key":"Energy Potion"},{"floor":25,"key":"HeartOfIron"}],"is_trial":false,"path_per_floor":["M","?","$","M","?","?","?","E","T","E","M","E","$","M","R","B",null,"M","M","M","?","$","E","R","M","T","R","$","T","R","M","R","B"],"character_chosen":"IRONCLAD","items_purchased":["MerchantsRug","Rupture","Combust"],"campfire_rested":1,"item_purchase_floors":[13,13,22],"current_hp_per_floor":[80,60,60,66,66,66,66,72,72,67,73,68,68,69,69,48,80,51,56,60,60,60,31,31,17,17,17,17,17,47,38,38,0,0],"gold":119,"neow_bonus":"THREE_ENEMY_KILL","is_daily":false,"chose_seed":false,"campfire_upgraded":4,"win_rate":0.0,"timestamp":1610739805,"path_taken":["M","?","$","M","?","?","?","E","T","E","M","E","$","M","R","BOSS","M","?","M","?","$","E","R","M","T","R","?","?","R","M","R","BOSS"],"items_purchased_type":["Relic","Card","Card"],"build_version":"2020-12-22","purchased_purges":3,"victory":false,"max_hp_per_floor":[80,80,80,80,80,80,80,80,80,80,80,80,80,80,80,80,80,84,88,92,92,92,99,99,103,103,103,103,103,103,103,103,103,103],"card_choices":[{"not_picked":["Reckless Charge","Clash"],"picked":"Metallicize","floor":1},{"not_picked":["Anger","Body Slam"],"picked":"Feel No Pain","floor":4},{"not_picked":["Iron Wave","Shrug It Off"],"picked":"Rage","floor":8},{"not_picked":["Headbutt","Anger"],"picked":"Iron Wave","floor":10},{"not_picked":["Thunderclap","Havoc"],"picked":"Infernal Blade","floor":11},{"not_picked":["Wild Strike","Perfected Strike"],"picked":"True Grit","floor":12},{"not_picked":["Disarm","Anger"],"picked":"REME_FearOfPain","floor":14},{"not_picked":["REME_TheLastStrike","Corruption"],"picked":"Immolate","floor":16},{"not_picked":["Clothesline","Anger+1","Uppercut+1"],"picked":"SKIP","floor":18},{"not_picked":["Clash","Wild Strike"],"picked":"Spot Weakness","floor":19},{"not_picked":["Intimidate+1","True Grit+1"],"picked":"Body Slam+1","floor":20},{"not_picked":["Warcry","REME_ACTH","Perfected Strike"],"picked":"SKIP","floor":23},{"not_picked":["Havoc+1","REME_Scribble","True Grit"],"picked":"SKIP","floor":25},{"not_picked":["Intimidate","Rupture"],"picked":"Exhume","floor":31}],"player_experience":243084,"relics_obtained":[{"floor":8,"key":"Gambling Chip"},{"floor":9,"key":"Omamori"},{"floor":10,"key":"Lantern"},{"floor":12,"key":"Bottled Lightning"},{"floor":23,"key":"Strawberry"},{"floor":26,"key":"Centennial Puzzle"},{"floor":29,"key":"Unceasing Top"}],"event_choices":[{"damage_healed":0,"gold_gain":0,"player_choice":"Take Damage","damage_taken":20,"relics_obtained":["Golden Idol"],"max_hp_gain":0,"max_hp_loss":0,"event_name":"Golden Idol","floor":2,"gold_loss":0},{"damage_healed":0,"gold_gain":175,"player_choice":"AGREE","damage_taken":0,"max_hp_gain":0,"max_hp_loss":0,"event_name":"Liars Game","floor":5,"gold_loss":0,"cards_obtained":["Doubt"]},{"cards_removed":["Doubt","Doubt"],"damage_healed":0,"gold_gain":0,"player_choice":"Removed Curses","damage_taken":0,"max_hp_gain":0,"max_hp_loss":0,"event_name":"Fountain of Cleansing","floor":7,"gold_loss":0},{"damage_healed":0,"gold_gain":0,"player_choice":"Ignored","damage_taken":0,"max_hp_gain":0,"max_hp_loss":0,"event_name":"Ghosts","floor":21,"gold_loss":0}],"is_beta":false,"boss_relics":[{"not_picked":["Fusion Hammer","SlaversCollar"],"picked":"Astrolabe"}],"items_purged_floors":[3,13,22],"is_endless":false,"potions_floor_spawned":[1,8,11,14,19,25],"killed_by":"Collector","ascension_level":1}}