{"host":"94qggqh0xz0sp6ai","time":1610750183,"event":{"mods":["Abigail Mod","Act Like it!","BaseMod","CapriCore","Downfall","Friendly Minions","Gensokyo","Hermit","Jorbs\u0027s Wanderer Trilogy","Koishi","Marisa（霧雨　魔理沙）","Minty Spire (QoL Compilation)","Permanent Neow","Reimu（博??梦）","StSLib","The Alterego","The Construct","The Cursed","The Hierophant","The Immortal","The Marked","The Servant 0.9.4","TheBandit","Waifu the Spire"],"gold_per_floor":[110,110,19,19,29,29,29,42,42,42,83,106,106,106,106,235,235,255,280,293,140,156,156,199,299,344,344,359,359,387,406,406,541,541,570,579,579,79,107,107,156,156,156,194,194,194,194,213,213,213,213],"floor_reached":50,"language":"ENG","playtime":1565,"items_purged":["Regret","Wraith"],"score":570,"play_id":"48c9e869-c22e-48d9-9ffa-5598499b2743","local_time":"20210115163623","is_ascension_mode":true,"campfire_choices":[{"data":"theMarked:MysticalArsenal","floor":7,"key":"SMITH"},{"data":"theMarked:WardOff","floor":10,"key":"SMITH"},{"data":"theMarked:Generate","floor":13,"key":"SMITH"},{"floor":15,"key":"REST"},{"floor":23,"key":"REST"},{"floor":27,"key":"REST"},{"floor":32,"key":"REST"},{"data":"theMarked:ComboAttacks","floor":40,"key":"SMITH"},{"floor":42,"key":"REST"},{"data":"theMarked:StartUp","floor":45,"key":"SMITH"},{"data":"theMarked:Vacuum","floor":47,"key":"SMITH"},{"floor":49,"key":"REST"}],"circlet_count":0,"master_deck":["theMarked:Strike+1","theMarked:Defend+1","theMarked:Defend+1","theMarked:Defend","theMarked:Defend","theMarked:SoldierOfQuellstein+1","theMarked:ContemptForTheProud+1","theMarked:MysticalArsenal+1","theMarked:WardOff+1","theMarked:Abjuration","theMarked:Generate+1","theMarked:TakeOffHeels+1","theMarked:Convert+1","theMarked:ShockingTouch+1","theMarked:SoldierForm+1","theMarked:DeterminationOfTheMarked","theMarked:ResourceFulStrike","theMarked:Polarize+1","theMarked:StartUp+1","theMarked:ComboAttacks+1","theMarked:Vacuum+1","theMarked:Parkour+1","theMarked:Seal","theMarked:Abjuration"],"relics":["theMarked:ArtifactOfAir","Smiling Mask","Golden Idol","Ginger","RuthlessExorcism:ReiMu","Astrolabe","Whetstone","Kunai","CeramicFish","SlaversCollar","Meat on the Bone","WingedGreaves","Mastiff:ReiMu","Bottled Flame","construct:RocketBooster","Eternal Feather"],"acts_visited":["Exordium","TheCity","TheBeyond"],"potions_floor_usage":[24,28,30,31,35,41,41,50,50],"damage_taken":[{"damage":0,"enemies":"Jaw Worm","floor":1,"turns":3},{"damage":0,"enemies":"2 Louse","floor":5,"turns":2},{"damage":1,"enemies":"Cultist","floor":8,"turns":3},{"damage":16,"enemies":"3 Sentries","floor":11,"turns":8},{"damage":0,"enemies":"Large Slime","floor":12,"turns":3},{"damage":17,"enemies":"The Guardian","floor":16,"turns":6},{"damage":2,"enemies":"Chosen","floor":18,"turns":5},{"damage":1,"enemies":"Shell Parasite","floor":19,"turns":3},{"damage":11,"enemies":"Snake Plant","floor":20,"turns":2},{"damage":27,"enemies":"Snecko","floor":22,"turns":4},{"damage":32,"enemies":"Slavers","floor":24,"turns":6},{"damage":28,"enemies":"Cultist and Chosen","floor":28,"turns":5},{"damage":0,"enemies":"Sentry and Sphere","floor":30,"turns":3},{"damage":0,"enemies":"Centurion and Healer","floor":31,"turns":4},{"damage":19,"enemies":"Champ","floor":33,"turns":7},{"damage":16,"enemies":"Orb Walker","floor":35,"turns":3},{"damage":12,"enemies":"3 Shapes","floor":39,"turns":6},{"damage":32,"enemies":"Reptomancer","floor":41,"turns":6},{"damage":32,"enemies":"Giant Head","floor":44,"turns":7},{"damage":12,"enemies":"Sphere and 2 Shapes","floor":48,"turns":5},{"damage":70,"enemies":"Donu and Deca","floor":50,"turns":5}],"seed_played":"-338402340019648734","potions_obtained":[{"floor":12,"key":"SteroidPotion"},{"floor":16,"key":"BlessingOfTheForge"},{"floor":22,"key":"ColorlessPotion"},{"floor":24,"key":"Energy Potion"},{"floor":29,"key":"Slimebound:ThreeZeroPotion"},{"floor":30,"key":"champ:CounterPotion"},{"floor":31,"key":"MagicPotion:ReiMu"},{"floor":35,"key":"BlessingOfTheForge"},{"floor":39,"key":"SkillPotion"},{"floor":44,"key":"ColorlessPotion"}],"is_trial":false,"path_per_floor":["M","?","$","?","M","?","R","M","T","R","E","M","R","?","R","B",null,"M","M","M","$","M","R","E","?","T","R","M","?","M","M","R","B",null,"M","?","?","$","M","R","E","R","T","E","R","?","R","M","R","B"],"character_chosen":"THE_DEFAULT","items_purchased":["theMarked:MysticalArsenal","Whetstone","WingedGreaves","Mastiff:ReiMu"],"campfire_rested":6,"item_purchase_floors":[3,21,38,38],"current_hp_per_floor":[70,70,70,70,70,53,53,52,52,52,36,36,36,22,43,26,70,68,67,56,56,29,50,18,18,18,39,11,11,11,11,32,13,70,54,54,54,54,42,42,22,43,43,23,38,38,50,38,70,0,0],"gold":213,"neow_bonus":"UPGRADE_CARD","is_daily":false,"chose_seed":false,"campfire_upgraded":6,"win_rate":0.0,"timestamp":1610750183,"path_taken":["M","?","$","?","?","?","R","M","T","R","E","M","R","?","R","BOSS","M","M","M","$","M","R","E","?","T","R","?","?","M","M","R","BOSS","M","?","?","$","?","R","E","R","T","E","R","?","R","M","R","BOSS"],"items_purchased_type":["Card","Relic","Relic","Relic"],"build_version":"2020-12-22","purchased_purges":2,"victory":false,"max_hp_per_floor":[70,70,70,70,70,70,70,70,70,70,70,70,70,70,70,70,70,70,70,70,70,70,70,70,70,70,70,70,70,70,70,70,70,70,70,70,70,70,70,70,70,70,70,70,70,70,70,70,70,70,70],"card_choices":[{"not_picked":["theMarked:Parkour","theMarked:ResourceFulStrike"],"picked":"theMarked:ContemptForTheProud","floor":1},{"not_picked":["theMarked:WastefulAttack","theMarked:GodGivenPower","theMarked:Improvise"],"picked":"SKIP","floor":5},{"not_picked":["theMarked:Convert","theMarked:BanishingStrike"],"picked":"theMarked:WardOff","floor":8},{"not_picked":["theMarked:Improvise","theMarked:HeightenedSenses"],"picked":"theMarked:Abjuration","floor":11},{"not_picked":["theMarked:LightningStrikesTwice","theMarked:WastefulDefense"],"picked":"theMarked:Generate","floor":12},{"not_picked":["theMarked:Snap","theMarked:ChannelForce"],"picked":"theMarked:TakeOffHeels","floor":16},{"not_picked":["theMarked:Aftermath","theMarked:ReduceFriction"],"picked":"theMarked:DeterminationOfTheMarked","floor":18},{"not_picked":["theMarked:Overthink","theMarked:Electrify"],"picked":"theMarked:ResourceFulStrike","floor":19},{"not_picked":["theMarked:GodGivenPower","theMarked:Panic+1"],"picked":"theMarked:Polarize+1","floor":20},{"not_picked":["theMarked:ParalyzingBlade","theMarked:SwordAndMagic"],"picked":"theMarked:StartUp","floor":22},{"not_picked":["theMarked:ResourceFulStrike","theMarked:Opportunist"],"picked":"theMarked:ComboAttacks","floor":24},{"not_picked":["theMarked:Convert","theMarked:CreepingChasm","theMarked:ComboAttacks"],"picked":"SKIP","floor":28},{"not_picked":["theMarked:GodGivenPower","theMarked:Frustration"],"picked":"theMarked:ElementalBlade","floor":30},{"not_picked":["theMarked:Opportunist","theMarked:ReduceFriction","theMarked:Static+1"],"picked":"SKIP","floor":31},{"not_picked":["theMarked:SuspiciousRaven","theMarked:TurnInvisible"],"picked":"theMarked:Vacuum","floor":33},{"not_picked":["theMarked:KeepCalmAndFightOn","theMarked:WastefulAttack+1"],"picked":"theMarked:Parkour+1","floor":35},{"not_picked":["theMarked:HeightenedSenses","theMarked:WastefulAttack+1"],"picked":"theMarked:Seal","floor":39},{"not_picked":["theMarked:ChainLightning","theMarked:Frustration+1"],"picked":"theMarked:Abjuration","floor":41},{"not_picked":["theMarked:TwofoldDefense","theMarked:Panic","theMarked:TakeCover+1"],"picked":"SKIP","floor":44},{"not_picked":["theMarked:Overthink+1","theMarked:Static+1","theMarked:TwofoldDefense"],"picked":"SKIP","floor":48}],"player_experience":1383887,"relics_obtained":[{"floor":9,"key":"Ginger"},{"floor":11,"key":"RuthlessExorcism:ReiMu"},{"floor":24,"key":"Kunai"},{"floor":26,"key":"CeramicFish"},{"floor":41,"key":"Bottled Flame"},{"floor":43,"key":"construct:RocketBooster"},{"floor":44,"key":"Eternal Feather"}],"event_choices":[{"damage_healed":0,"gold_gain":0,"player_choice":"Box","damage_taken":0,"relics_obtained":["Smiling Mask"],"max_hp_gain":0,"max_hp_loss":0,"event_name":"Big Fish","floor":2,"gold_loss":0,"cards_obtained":["Regret"]},{"cards_removed":["theMarked:Strike"],"damage_healed":0,"gold_gain":0,"player_choice":"Offered Basic","damage_taken":0,"max_hp_gain":0,"max_hp_loss":0,"event_name":"Bonfire Elementals","floor":4,"gold_loss":0},{"damage_healed":0,"gold_gain":0,"player_choice":"Take Damage","damage_taken":17,"relics_obtained":["Golden Idol"],"max_hp_gain":0,"max_hp_loss":0,"event_name":"Golden Idol","floor":6,"gold_loss":0},{"damage_healed":0,"gold_gain":0,"player_choice":"Entered Light","damage_taken":14,"max_hp_gain":0,"max_hp_loss":0,"event_name":"Shining Light","floor":14,"gold_loss":0,"cards_upgraded":["theMarked:Defend","theMarked:Defend"]},{"damage_healed":0,"gold_gain":100,"player_choice":"Pray","damage_taken":0,"max_hp_gain":0,"max_hp_loss":0,"event_name":"Golden Shrine","floor":25,"gold_loss":0},{"damage_healed":0,"gold_gain":0,"player_choice":"Got Potions","damage_taken":0,"max_hp_gain":0,"max_hp_loss":0,"event_name":"Lab","floor":29,"gold_loss":0},{"damage_healed":0,"gold_gain":0,"player_choice":"Ignored","damage_taken":0,"max_hp_gain":0,"max_hp_loss":0,"event_name":"OrinTheCat","floor":36,"gold_loss":0},{"damage_healed":0,"gold_gain":0,"player_choice":"Gave Potion","damage_taken":0,"relics_obtained":["Meat on the Bone"],"max_hp_gain":0,"max_hp_loss":0,"event_name":"WeMeetAgain","floor":37,"gold_loss":0},{"cards_removed":["theMarked:ElementalBlade"],"damage_healed":0,"gold_gain":0,"player_choice":"Removed Skill","damage_taken":0,"max_hp_gain":0,"max_hp_loss":0,"event_name":"Falling","floor":46,"gold_loss":0}],"is_beta":false,"boss_relics":[{"not_picked":["theMarked:BronzeBlade","Pandora\u0027s Box"],"picked":"Astrolabe"},{"not_picked":["Coffee Dripper","SacredBark"],"picked":"SlaversCollar"}],"items_purged_floors":[3,38],"is_endless":false,"potions_floor_spawned":[12,16,22,24,30,31,35,39,44],"killed_by":"Donu and Deca","ascension_level":2}}