{"host":"dh4nu8nelr2izibb","time":1610689981,"event":{"mods":["Act Like it!","BaseMod","Better Third Choice","Card Forge","Curses Come First","Displayed Cursed Tome","HololiveMod","Marisa????????","Minty Spire (QoL Compilation)","Puzzle Mod","Quick Restart","Relic Filter","StSLib","The Marked","The Poker Player","The Servant 0.9.4","WarShipGirlsR/????R mod","Yakumo Yukari mod"],"gold_per_floor":[109,126,146,165,179,179,179,179],"floor_reached":7,"language":"ENG","playtime":310,"items_purged":[],"score":90,"play_id":"f3117b2a-22a9-4e69-b965-ab4c25f3dde1","local_time":"20210115005301","is_ascension_mode":true,"campfire_choices":[{"floor":6,"key":"REST"}],"circlet_count":0,"master_deck":["AscendersBane","Strike_G","Strike_G","Strike_G","Strike_G","Defend_G","Defend_G","Defend_G","Defend_G","Survivor","Neutralize+1","Bullet Time","Blade Dance","Deflect","Endless Agony","Leg Sweep"],"relics":["Ring of the Snake","Hammer of Thor","Seething Fire","Anvil of the Gods"],"acts_visited":["Exordium"],"potions_floor_usage":[7],"damage_taken":[{"damage":12.0,"enemies":"Jaw Worm","floor":1.0,"turns":5.0},{"damage":1.0,"enemies":"Cultist","floor":2.0,"turns":4.0},{"damage":0.0,"enemies":"Small Slimes","floor":3.0,"turns":3.0},{"damage":2.0,"enemies":"Exordium Wildlife","floor":4.0,"turns":4.0},{"damage":25,"enemies":"Exordium Thugs","floor":5,"turns":8},{"damage":19,"enemies":"Gremlin Nob","floor":7,"turns":4}],"seed_played":"-1951036995774210863","potions_obtained":[{"floor":1.0,"key":"Dexterity Potion"},{"floor":5,"key":"Fire Potion"}],"is_trial":false,"path_per_floor":["M","M","M","M","M","R","E"],"character_chosen":"THE_SILENT","items_purchased":[],"campfire_rested":1,"item_purchase_floors":[],"current_hp_per_floor":[47,46,46,44,19,38,19,19],"gold":179,"neow_bonus":"ONE_RANDOM_RARE_CARD","is_daily":false,"chose_seed":false,"campfire_upgraded":0,"win_rate":0.0,"timestamp":1610689981,"path_taken":["M","M","M","M","M","R","E"],"items_purchased_type":[],"build_version":"2020-12-22","purchased_purges":0,"victory":false,"max_hp_per_floor":[66,66,66,66,66,66,66,66],"card_choices":[{"not_picked":["Backstab","PiercingWail"],"picked":"Blade Dance","floor":1.0},{"not_picked":["Prepared","Deadly Poison","Outmaneuver"],"picked":"SKIP","floor":2.0},{"not_picked":["Catalyst","Well Laid Plans"],"picked":"Deflect","floor":3.0},{"not_picked":["Slice","Deadly Poison"],"picked":"Endless Agony","floor":4.0},{"not_picked":["Quick Slash","Blade Dance"],"picked":"Leg Sweep","floor":5}],"player_experience":1136365,"relics_obtained":[],"event_choices":[],"is_beta":false,"boss_relics":[],"items_purged_floors":[],"is_endless":false,"potions_floor_spawned":[1,5],"killed_by":"Gremlin Nob","ascension_level":20}}