{"host":"bw00wb7p5bw58om7","time":1610751055,"event":{"mods":["Act Like it!","BaseMod","Downfall","Gensokyo","Koishi","KomeijiMod","Luminous","Marisa????????","Minty Spire (QoL Compilation)","Onozuka Komachi Mod","Permanent Neow","Prisma Mod","Reimu??????","Remilia??????","StSLib","The Animator","The Druid","The Exalted","The Jungle","The Mystic","The Problem Sleuth","The Senshi","The Servant 0.9.4","The Wild Card","TheArtist","Wandering Minibosses"],"gold_per_floor":[172,172,172,182,197,230,230,246,269,282,301,311,171,181,181,181,181],"floor_reached":16,"language":"ENG","playtime":723,"items_purged":[],"score":106,"play_id":"0eee0b77-1b07-4c23-b844-f02f678b8cc5","local_time":"20210115225055","is_ascension_mode":false,"campfire_choices":[{"data":"Culling","floor":7,"key":"SMITH"},{"floor":15,"key":"REST"}],"circlet_count":0,"master_deck":["Strike_Remiria","Strike_Remiria","Strike_Remiria","Strike_Remiria","Defend_Remirira","Defend_Remirira","Defend_Remirira","Defend_Remirira","Absorbed","Scratch","Culling+1","PartStrengthen","DemonsDinnerFork_Remiria","RedtheNightlessCastle","Feint","LifeBreak","Feint","NaturallyHealing","ThirstForBlood"],"relics":["ThirstyCrossSpe","RuthlessExorcism:ReiMu","PreservedInsect","Shovel"],"acts_visited":["Gensokyo:Gensokyo"],"potions_floor_usage":[],"damage_taken":[{"damage":0,"enemies":"Gensokyo:3_Fairies","floor":1,"turns":3},{"damage":9,"enemies":"Gensokyo:Python","floor":4,"turns":6},{"damage":0,"enemies":"Gensokyo:Gryphon","floor":5,"turns":4},{"damage":26,"enemies":"Gensokyo:Mamizou","floor":6,"turns":8},{"damage":11,"enemies":"Gensokyo:VengefulSpirit","floor":8,"turns":5},{"damage":7,"enemies":"Gensokyo:2_Rabbits","floor":10,"turns":2},{"damage":0,"enemies":"Gensokyo:LivingMonolith","floor":11,"turns":2},{"damage":9,"enemies":"Gensokyo:Kitsune","floor":12,"turns":2},{"damage":0,"enemies":"Gensokyo:Python_and_Kodama","floor":14,"turns":2},{"damage":71,"enemies":"Gensokyo:Reimu","floor":16,"turns":7}],"seed_played":"9209884549827408026","potions_obtained":[{"floor":0,"key":"Weak Potion"},{"floor":0,"key":"BlessingOfTheForge"},{"floor":0,"key":"Ancient Potion"},{"floor":11,"key":"bronze:BurnAndBuffPotion"}],"is_trial":false,"path_per_floor":["M","?","$","M","M","E","R","M","T","M","M","M","?","M","R","B"],"character_chosen":"RemiriaScarlet","items_purchased":[],"campfire_rested":1,"item_purchase_floors":[],"current_hp_per_floor":[100,100,100,91,91,65,65,54,54,47,47,38,38,38,68,0,0],"gold":181,"neow_bonus":"THREE_SMALL_POTIONS","is_daily":false,"chose_seed":false,"campfire_upgraded":1,"win_rate":0.0,"timestamp":1610751055,"path_taken":["M","?","?","M","M","E","R","M","T","M","M","M","?","?","R","BOSS"],"items_purchased_type":[],"build_version":"2020-12-22","purchased_purges":0,"victory":false,"max_hp_per_floor":[100,100,100,100,100,100,100,100,100,100,100,100,100,100,100,100,100],"card_choices":[{"not_picked":["BathedInBlood","FateEnsemble"],"picked":"Culling","floor":1},{"not_picked":["SeparateFleshBlood","RocketKickup"],"picked":"PartStrengthen","floor":4},{"not_picked":["TricksterDevil","PartStrengthen"],"picked":"DemonsDinnerFork_Remiria","floor":5},{"not_picked":["DamonLordCradle_Remiria","BloodPact"],"picked":"RedtheNightlessCastle","floor":6},{"not_picked":["YoungDemonLord","Offensive"],"picked":"Feint","floor":8},{"not_picked":["ScarletNetherworld","Paradox"],"picked":"LifeBreak","floor":10},{"not_picked":["DamonLordCradle_Remiria","BloodPact"],"picked":"Feint","floor":11},{"not_picked":["BloodPact","DoubleEdge"],"picked":"NaturallyHealing","floor":12},{"not_picked":["Impregnable","StigmaNizer"],"picked":"ThirstForBlood","floor":14}],"player_experience":260105,"relics_obtained":[{"floor":6,"key":"RuthlessExorcism:ReiMu"},{"floor":9,"key":"PreservedInsect"}],"event_choices":[],"is_beta":false,"boss_relics":[],"items_purged_floors":[],"is_endless":false,"potions_floor_spawned":[4,5,6,10,11],"killed_by":"Gensokyo:Reimu","ascension_level":0}}