{"host":"yuhy0i501zzmn1iz","time":1610676276,"event":{"mods":["AchievementEnabler","AlwaysNeverKeys","BaseMod","Bestiary","Better Match","Better Third Choice","Curses Come First","Downfall","Minty Spire (QoL Compilation)","StSLib","slay the spire mod where everything is the same but ironclad has a cowboy hat"],"gold_per_floor":[116,116,39,58,58,99,112,136,159,159,197,197,35,35,35,161,161,186,186,211,226,226,226,240,240,240],"floor_reached":25,"language":"ENG","playtime":1456,"items_purged":["Injury"],"score":264,"play_id":"9556e5a9-7313-43b6-be88-41ba1a507c48","local_time":"20210114210436","is_ascension_mode":true,"campfire_choices":[{"floor":10.0,"key":"REST"},{"floor":12,"key":"REST"},{"data":"expansioncontent:AwakenDeath","floor":15,"key":"SMITH"},{"data":"Footwork","floor":23,"key":"SMITH"}],"circlet_count":0,"master_deck":["Strike_G","Strike_G","Strike_G","Strike_G+1","Defend_G","Defend_G","Defend_G","Defend_G","Defend_G","Survivor","Neutralize+1","CurseOfTheBell","Well Laid Plans","Choke","Footwork+1","Deflect","Prepared","Quick Slash","expansioncontent:AwakenDeath+1","Burst","Eviscerate+1","Prepared","Blur"],"relics":["Ancient Tea Set","Eternal Feather","FossilizedHelix","Golden Idol","Potion Belt","Pen Nib","Bag of Marbles","Whetstone","SacredBark","Nloth\u0027s Gift"],"acts_visited":["Exordium","TheCity"],"potions_floor_usage":[16,18,21],"damage_taken":[{"damage":5.0,"enemies":"Cultist","floor":1.0,"turns":6.0},{"damage":3.0,"enemies":"Small Slimes","floor":4.0,"turns":3.0},{"damage":50.0,"enemies":"Lagavulin","floor":6.0,"turns":11.0},{"damage":1.0,"enemies":"Jaw Worm","floor":7.0,"turns":5.0},{"damage":0.0,"enemies":"Blue Slaver","floor":8.0,"turns":5.0},{"damage":33,"enemies":"3 Sentries","floor":11,"turns":14},{"damage":35,"enemies":"The Guardian","floor":16,"turns":16},{"damage":64,"enemies":"3 Byrds","floor":18,"turns":9},{"damage":11,"enemies":"Shell Parasite","floor":20,"turns":5},{"damage":31,"enemies":"Shelled Parasite and Fungi","floor":21,"turns":6},{"damage":35,"enemies":"Snecko","floor":24,"turns":8},{"damage":51,"enemies":"3 Cultists","floor":25,"turns":5}],"seed_played":"3640943709496104841","potions_obtained":[{"floor":6.0,"key":"Poison Potion"},{"floor":11,"key":"DistilledChaos"},{"floor":16,"key":"Fire Potion"},{"floor":21,"key":"Ancient Potion"}],"is_trial":false,"path_per_floor":["M","$","$","M","?","E","M","M","T","R","E","R","$","T","R","B",null,"M","?","M","M","?","R","M","M"],"character_chosen":"THE_SILENT","items_purchased":["Choke","expansioncontent:AwakenDeath"],"campfire_rested":2,"item_purchase_floors":[3,13],"current_hp_per_floor":[65,65,65,62,62,12,11,11,11,41,8,41,41,41,53,18,57,58,58,47,16,16,28,17,0,0],"gold":240,"neow_bonus":"BOSS_RELIC","is_daily":false,"chose_seed":false,"campfire_upgraded":2,"win_rate":0.0,"timestamp":1610676276,"path_taken":["M","?","$","M","?","E","M","M","T","R","E","R","?","?","R","BOSS","M","?","?","M","?","R","M","?"],"items_purchased_type":["Card","Card"],"build_version":"2020-12-22","purchased_purges":1,"victory":false,"max_hp_per_floor":[70,70,70,70,70,70,70,70,70,70,70,70,70,70,70,70,70,70,70,70,70,70,70,70,70,70],"card_choices":[{"not_picked":["Sucker Punch","Skewer"],"picked":"Well Laid Plans","floor":1.0},{"not_picked":["PiercingWail","Dagger Spray"],"picked":"Footwork","floor":4.0},{"not_picked":["Heel Hook","Dagger Spray"],"picked":"Deflect","floor":6.0},{"not_picked":["Doppelganger","Bane","Underhanded Strike"],"picked":"SKIP","floor":7.0},{"not_picked":["Distraction","Skewer"],"picked":"Prepared","floor":8.0},{"not_picked":["Flechettes","Dagger Throw"],"picked":"Quick Slash","floor":11},{"not_picked":["Bullet Time","Wraith Form v2"],"picked":"Burst","floor":16},{"not_picked":["Catalyst+1","Dagger Spray"],"picked":"Eviscerate+1","floor":18},{"not_picked":["Bane","Sucker Punch+1","Dash"],"picked":"SKIP","floor":20},{"not_picked":["Outmaneuver","Distraction"],"picked":"Prepared","floor":21},{"not_picked":["Quick Slash","Acrobatics"],"picked":"Blur","floor":24}],"player_experience":289588,"relics_obtained":[{"floor":0.0,"key":"Ancient Tea Set"},{"floor":0.0,"key":"Eternal Feather"},{"floor":0.0,"key":"FossilizedHelix"},{"floor":6.0,"key":"Potion Belt"},{"floor":9.0,"key":"Pen Nib"},{"floor":11,"key":"Bag of Marbles"},{"floor":14,"key":"Whetstone"}],"event_choices":[{"damage_healed":0.0,"max_hp_gain":0.0,"max_hp_loss":0.0,"gold_gain":0.0,"event_name":"Golden Idol","player_choice":"Take Wound","floor":5.0,"gold_loss":0.0,"damage_taken":0.0,"relics_obtained":["Golden Idol"],"cards_obtained":["Injury"]},{"damage_healed":0,"gold_gain":0,"player_choice":"Traded Relic","damage_taken":0,"relics_obtained":["Nloth\u0027s Gift"],"max_hp_gain":0,"max_hp_loss":0,"event_name":"N\u0027loth","floor":19,"relics_lost":["Calling Bell"],"gold_loss":0},{"cards_removed":["Strike_G"],"damage_healed":0,"gold_gain":0,"player_choice":"Purged","damage_taken":0,"max_hp_gain":0,"max_hp_loss":0,"event_name":"Purifier","floor":22,"gold_loss":0}],"is_beta":false,"boss_relics":[{"not_picked":["Black Star","Sozu"],"picked":"SacredBark"}],"items_purged_floors":[13],"is_endless":false,"potions_floor_spawned":[6,11,16,21],"killed_by":"3 Cultists","ascension_level":5}}