{"host":"y3h3n3f7seyagppx","time":1610745742,"event":{"mods":["AlwaysNeverKeys","BaseMod","Better Vampires","Colored Powertips","DeckTracker","Emptier Cage","Minty Spire (QoL Compilation)","Permanent Neow","Quick Restart","Rare Cards Sparkle","Relic Sorter","Relic Stats","StSLib","Transform Curses"],"gold_per_floor":[113,131,131,131,149,184,204,235,235,235,249,249,264,293,293,293,293],"floor_reached":16,"language":"ENG","playtime":1480,"items_purged":[],"score":244,"play_id":"f4590dca-1c47-49ea-a91c-0d75ba2cc797","local_time":"20210115162222","is_ascension_mode":true,"campfire_choices":[{"data":"Armaments","floor":10.0,"key":"SMITH"},{"floor":12,"key":"REST"},{"data":"Bash","floor":15,"key":"SMITH"}],"circlet_count":0,"master_deck":["AscendersBane","Strike_R","Strike_R","Strike_R+1","Strike_R","Defend_R","Defend_R","Defend_R","Defend_R","Bash+1","Dropkick+1","Clothesline","Armaments+1","Flame Barrier","Metallicize"],"relics":["Burning Blood","Singing Bowl","Letter Opener","WingedGreaves","Thread and Needle"],"acts_visited":["Exordium"],"potions_floor_usage":[11,14,16,16],"damage_taken":[{"damage":14.0,"enemies":"Jaw Worm","floor":1.0,"turns":5.0},{"damage":12.0,"enemies":"Small Slimes","floor":2.0,"turns":4.0},{"damage":0.0,"enemies":"Cultist","floor":5.0,"turns":2.0},{"damage":35.0,"enemies":"3 Sentries","floor":6.0,"turns":10.0},{"damage":1.0,"enemies":"2 Fungi Beasts","floor":7.0,"turns":3.0},{"damage":33.0,"enemies":"Gremlin Nob","floor":8.0,"turns":5.0},{"damage":17,"enemies":"Gremlin Gang","floor":11,"turns":8},{"damage":6,"enemies":"Large Slime","floor":13,"turns":9},{"damage":13,"enemies":"Lagavulin","floor":14,"turns":10},{"damage":36,"enemies":"Hexaghost","floor":16,"turns":12}],"seed_played":"5026383679892211008","potions_obtained":[{"floor":2.0,"key":"Weak Potion"},{"floor":5.0,"key":"Ancient Potion"},{"floor":6.0,"key":"Weak Potion"},{"floor":11,"key":"ElixirPotion"},{"floor":13,"key":"SkillPotion"},{"floor":14,"key":"LiquidBronze"}],"is_trial":false,"path_per_floor":["M","M","?","?","M","E","M","E","T","R","M","R","M","E","R","B"],"character_chosen":"IRONCLAD","items_purchased":[],"campfire_rested":1,"item_purchase_floors":[],"current_hp_per_floor":[60,54,31,75,75,46,51,24,24,24,15,38,40,35,35,0,0],"gold":293,"neow_bonus":"REMOVE_CARD","is_daily":false,"chose_seed":false,"campfire_upgraded":2,"win_rate":0.0,"timestamp":1610745742,"path_taken":["M","M","?","?","M","E","M","E","T","R","M","R","M","E","R","BOSS"],"items_purchased_type":[],"build_version":"2020-12-22","purchased_purges":0,"victory":false,"max_hp_per_floor":[75,75,75,75,75,75,75,75,75,75,77,77,79,81,81,81,81],"relic_stats":{"Singing Bowl":6,"counters":[10,68],"Letter Opener":[10],"obtain_stats":[{"Singing Bowl":6,"Thread and Needle":14,"WingedGreaves":9,"Letter Opener":8,"Burning Blood":0},{"Singing Bowl":4,"Thread and Needle":9,"WingedGreaves":6,"Letter Opener":6,"Burning Blood":0},{"Singing Bowl":21,"Thread and Needle":56,"WingedGreaves":29,"Letter Opener":29,"Burning Blood":0}],"Burning Blood":48},"card_choices":[{"not_picked":["Warcry","Blood for Blood"],"picked":"Dropkick","floor":1.0},{"not_picked":["Feel No Pain","Body Slam"],"picked":"Combust","floor":2.0},{"not_picked":["Infernal Blade","Pommel Strike"],"picked":"Clothesline","floor":5.0},{"not_picked":["Second Wind","Twin Strike"],"picked":"Armaments","floor":6.0},{"not_picked":["Cleave","Combust"],"picked":"Flame Barrier","floor":7.0},{"not_picked":["Blood for Blood","Perfected Strike"],"picked":"Metallicize","floor":8.0},{"not_picked":["Body Slam","Double Tap","Whirlwind"],"picked":"Singing Bowl","floor":11},{"not_picked":["Burning Pact","Body Slam","Clothesline"],"picked":"Singing Bowl","floor":13},{"not_picked":["Burning Pact","Intimidate","Rage"],"picked":"Singing Bowl","floor":14}],"player_experience":21018468,"relics_obtained":[{"floor":6.0,"key":"Singing Bowl"},{"floor":8.0,"key":"Letter Opener"},{"floor":9.0,"key":"WingedGreaves"},{"floor":14,"key":"Thread and Needle"}],"event_choices":[{"damage_healed":0.0,"max_hp_gain":0.0,"max_hp_loss":0.0,"gold_gain":0.0,"event_name":"Shining Light","player_choice":"Entered Light","floor":3.0,"gold_loss":0.0,"damage_taken":23.0,"cards_upgraded":["Dropkick","Strike_R"]},{"cards_removed":["Combust"],"damage_healed":44.0,"max_hp_gain":0.0,"max_hp_loss":0.0,"gold_gain":0.0,"event_name":"Bonfire Elementals","player_choice":"Offered Uncommon","floor":4.0,"gold_loss":0.0,"damage_taken":0.0}],"is_beta":false,"boss_relics":[],"items_purged_floors":[],"is_endless":false,"potions_floor_spawned":[2,5,6,11,13,14],"killed_by":"Hexaghost","ascension_level":20}}