{"host":"v1m5rkjj38qutr02","time":1610680909,"event":{"mods":["Act Like it!","BaseMod","Challenge The Spire","Conspire","Gensokyo","GungeonMod","Hallownest","Minty Spire (QoL Compilation)","Replay The Spire","StSLib","The Bug Knight","Youmu£®ªÍ∆«—˝√Œ£©"],"gold_per_floor":[112,112,126,301,94,122,122,135,158,172,184,259,259,259],"floor_reached":13,"language":"ZHS","playtime":238,"items_purged":["Doubt"],"score":165,"play_id":"f0957ac5-e1db-4cc5-87b7-36431230e638","local_time":"20210115112149","is_ascension_mode":true,"campfire_choices":[{"data":"Storm","floor":7,"key":"SMITH"}],"circlet_count":0,"master_deck":["AscendersBane","Strike_B","Strike_B","Strike_B","Strike_B","Defend_B","Defend_B","Defend_B","Defend_B","Zap","Dualcast","Turbo","Storm+1","Coolheaded","Thunder Strike","Ball Lightning"],"relics":["Cracked Core","NeowsBlessing","Pet Ghost","PreservedInsect"],"acts_visited":["Exordium"],"potions_floor_usage":[11,13],"damage_taken":[{"damage":0,"enemies":"Small Slimes","floor":1,"turns":1},{"damage":0,"enemies":"Cultist","floor":3,"turns":1},{"damage":0,"enemies":"Lagavulin","floor":6,"turns":2},{"damage":6,"enemies":"2 Louse","floor":8,"turns":2},{"damage":1,"enemies":"2 Fungi Beasts","floor":10,"turns":4},{"damage":0,"enemies":"Large Slime","floor":11,"turns":6},{"damage":2,"enemies":"Gremlin Nob","floor":13,"turns":3}],"seed_played":"-2183337525538318676","potions_obtained":[{"floor":1,"key":"Toxic Potion"},{"floor":3,"key":"PowerPotion"},{"floor":10,"key":"EssenceOfDarkness"}],"is_trial":false,"path_per_floor":["M","?","M","?","$","E","R","M","T","M","M","?","E"],"character_chosen":"DEFECT","items_purchased":["Turbo","Storm"],"campfire_rested":0,"item_purchase_floors":[5,5],"current_hp_per_floor":[68,68,68,68,68,68,68,62,62,61,61,50,48,48],"gold":259,"neow_bonus":"THREE_ENEMY_KILL","is_daily":false,"chose_seed":false,"campfire_upgraded":1,"win_rate":0.0,"timestamp":1610680909,"path_taken":["M","?","?","?","$","E","R","M","T","M","M","?","E"],"items_purchased_type":["Card","Card"],"build_version":"2020-12-22","purchased_purges":1,"victory":false,"max_hp_per_floor":[75,75,75,75,75,75,75,75,75,75,75,75,75,75],"card_choices":[{"not_picked":["Glacier","Go for the Eyes","FTL"],"picked":"SKIP","floor":1},{"not_picked":["Rip and Tear","Stack","Gash"],"picked":"SKIP","floor":3},{"not_picked":["Barrage","Stack"],"picked":"Coolheaded","floor":6},{"not_picked":["Redo","Coolheaded","Stack"],"picked":"SKIP","floor":8},{"not_picked":["FIFO Queue","Recycle"],"picked":"Thunder Strike","floor":10},{"not_picked":["Redo","Barrage"],"picked":"Ball Lightning","floor":11}],"player_experience":409312,"relics_obtained":[{"floor":6,"key":"Pet Ghost"},{"floor":9,"key":"PreservedInsect"}],"event_choices":[{"damage_healed":0,"gold_gain":0,"player_choice":"Bought 0 Potions","damage_taken":0,"max_hp_gain":0,"max_hp_loss":0,"event_name":"The Woman in Blue","floor":2,"gold_loss":0},{"damage_healed":0,"gold_gain":175,"player_choice":"AGREE","damage_taken":0,"max_hp_gain":0,"max_hp_loss":0,"event_name":"Liars Game","floor":4,"gold_loss":0,"cards_obtained":["Doubt"]},{"damage_healed":0,"gold_gain":75,"player_choice":"Gather Gold","damage_taken":11,"max_hp_gain":0,"max_hp_loss":0,"event_name":"World of Goop","floor":12,"gold_loss":0}],"is_beta":false,"boss_relics":[],"items_purged_floors":[5],"is_endless":false,"potions_floor_spawned":[1,3,10],"killed_by":"Gremlin Nob","ascension_level":10}}