{"host":"sav7uxregyirlf69","time":1610723295,"event":{"mods":["AchievementEnabler","BaseMod","Colored Map","DeckTracker","Keyboard Shortcuts","Minty Spire (QoL Compilation)","READ ME - Guardian Mod","StSLib","SuperFastMode"],"gold_per_floor":[112,112,131,150,163,163,190,190,190,221,221,233,253,317,317,393,393,408,437,43,313,325,359,375,395,418,518,533,563,563,580,580,654,654,667,667,667],"floor_reached":36,"language":"KOR","playtime":815,"items_purged":[],"score":907,"play_id":"8496d0e9-68a2-46aa-8216-7d024fb0180a","local_time":"20210116000815","is_ascension_mode":true,"campfire_choices":[{"data":"Perfected Strike","floor":6,"key":"SMITH"},{"data":"Bash","floor":8,"key":"SMITH"},{"data":"Perfected Strike","floor":11,"key":"SMITH"},{"data":"Dual Wield","floor":15,"key":"SMITH"},{"data":"Battle Trance","floor":30,"key":"SMITH"},{"data":"Perfected Strike","floor":32,"key":"SMITH"}],"circlet_count":0,"master_deck":["AscendersBane","Strike_R","Strike_R","Strike_R","Strike_R","Strike_R","Defend_R","Defend_R","Defend_R","Defend_R","Bash+1","Perfected Strike+1","Wild Strike","Battle Trance+1","Warcry","Perfected Strike+1","Feed","Dual Wield+1","Twin Strike","Offering","Twin Strike","Twin Strike","Perfected Strike","Shrug It Off","Perfected Strike+1","Wild Strike","Corruption+1"],"relics":["Black Blood","Peace Pipe","Self Forming Clay","Singing Bowl","Orichalcum","Red Mask","Question Card","Frozen Egg 2","Tiny Chest","TungstenRod","Blue Candle","Bag of Preparation","Black Star"],"acts_visited":["Exordium","TheCity","TheBeyond"],"potions_floor_usage":[19,23,24,29,33,33],"damage_taken":[{"damage":9,"enemies":"Jaw Worm","floor":1,"turns":4},{"damage":4,"enemies":"Small Slimes","floor":3,"turns":3},{"damage":1,"enemies":"Cultist","floor":4,"turns":3},{"damage":4,"enemies":"Large Slime","floor":5,"turns":5},{"damage":35,"enemies":"Lagavulin","floor":7,"turns":7},{"damage":8,"enemies":"Gremlin Nob","floor":10,"turns":3},{"damage":2,"enemies":"2 Fungi Beasts","floor":12,"turns":3},{"damage":11,"enemies":"Looter","floor":13,"turns":2},{"damage":8,"enemies":"Gremlin Nob","floor":14,"turns":3},{"damage":44,"enemies":"Hexaghost","floor":16,"turns":9},{"damage":11,"enemies":"Spheric Guardian","floor":18,"turns":3},{"damage":37,"enemies":"Masked Bandits","floor":19,"turns":6},{"damage":11,"enemies":"Chosen","floor":22,"turns":4},{"damage":19,"enemies":"Gremlin Leader","floor":23,"turns":3},{"damage":10,"enemies":"Centurion and Healer","floor":24,"turns":3},{"damage":24,"enemies":"Snecko","floor":25,"turns":4},{"damage":7,"enemies":"Colosseum Slavers","floor":27,"turns":3},{"damage":6,"enemies":"Colosseum Nobs","floor":27,"turns":3},{"damage":10,"enemies":"Snake Plant","floor":28,"turns":2},{"damage":13,"enemies":"Slavers","floor":29,"turns":4},{"damage":5,"enemies":"Centurion and Healer","floor":31,"turns":3},{"damage":38,"enemies":"Collector","floor":33,"turns":7},{"damage":81,"enemies":"3 Darklings","floor":35,"turns":10},{"damage":23,"enemies":"Mind Bloom Boss Battle","floor":36,"turns":6}],"seed_played":"-6805212987068828624","potions_obtained":[{"floor":5,"key":"HeartOfIron"},{"floor":7,"key":"SpeedPotion"},{"floor":22,"key":"Regen Potion"},{"floor":24,"key":"SteroidPotion"},{"floor":28,"key":"Strength Potion"},{"floor":29,"key":"AttackPotion"},{"floor":31,"key":"Energy Potion"}],"is_trial":false,"path_per_floor":["M","?","M","M","M","R","E","R","T","E","R","M","M","?","R","B",null,"M","?","$","?","M","E","M","M","T","?","M","E","R","M","R","B",null,"M","?"],"character_chosen":"IRONCLAD","items_purchased":["Question Card","Twin Strike","Block Potion"],"campfire_rested":0,"item_purchase_floors":[20,20,20],"current_hp_per_floor":[65,70,72,77,79,79,50,50,50,48,48,52,50,51,51,13,68,72,52,52,25,26,28,30,23,23,36,40,42,42,54,54,28,90,23,0,0],"gold":667,"neow_bonus":"THREE_CARDS","is_daily":false,"chose_seed":false,"campfire_upgraded":6,"win_rate":0.0,"timestamp":1610723295,"path_taken":["M","?","M","M","M","R","E","R","T","E","R","M","M","?","R","BOSS","M","?","$","?","M","E","M","?","T","?","M","E","R","M","R","BOSS","M","?"],"items_purchased_type":["Relic","Card","Potion"],"build_version":"2020-12-22","purchased_purges":0,"victory":false,"max_hp_per_floor":[75,80,80,80,80,80,80,80,80,80,80,80,83,86,86,86,86,89,94,94,94,94,94,94,99,99,101,103,106,106,111,111,111,111,113,113,113],"card_choices":[{"not_picked":["Clash","Sword Boomerang"],"picked":"Perfected Strike","floor":0},{"not_picked":["Iron Wave","Twin Strike"],"picked":"Wild Strike","floor":1},{"not_picked":["Rage","Cleave","Flex"],"picked":"SKIP","floor":3},{"not_picked":["Iron Wave","Warcry"],"picked":"Battle Trance","floor":4},{"not_picked":["Sword Boomerang","Rampage","True Grit"],"picked":"SKIP","floor":5},{"not_picked":["Combust","Rage"],"picked":"Warcry","floor":7},{"not_picked":["Rage","Sword Boomerang"],"picked":"Perfected Strike","floor":10},{"not_picked":["Anger","Cleave"],"picked":"Feed","floor":12},{"not_picked":["Entrench","True Grit"],"picked":"Dual Wield","floor":13},{"not_picked":["Ghostly Armor","Clash"],"picked":"Twin Strike","floor":14},{"not_picked":["Feed","Immolate"],"picked":"Offering","floor":16},{"not_picked":["Infernal Blade","Sword Boomerang"],"picked":"Twin Strike","floor":18},{"not_picked":["Clash","Intimidate","Body Slam"],"picked":"Singing Bowl","floor":19},{"not_picked":["Headbutt","Infernal Blade+1","Flex"],"picked":"Perfected Strike","floor":22},{"not_picked":["Clothesline","Heavy Blade","Rampage"],"picked":"Shrug It Off","floor":23},{"not_picked":["Burning Pact+1","Combust+1","Anger+1"],"picked":"Perfected Strike","floor":24},{"not_picked":["Iron Wave","Cleave","Anger","Reckless Charge"],"picked":"Singing Bowl","floor":25},{"not_picked":["Entrench+1","Metallicize+1","Immolate","Warcry+1"],"picked":"Singing Bowl","floor":27},{"not_picked":["Whirlwind","Twin Strike","Rage","Battle Trance"],"picked":"Singing Bowl","floor":28},{"not_picked":["Iron Wave","Burning Pact","True Grit"],"picked":"Wild Strike","floor":29},{"not_picked":["Headbutt","Twin Strike","Anger","Combust+1"],"picked":"Singing Bowl","floor":31},{"not_picked":["Berserk+1","Reaper","Brutality+1"],"picked":"Corruption+1","floor":33},{"not_picked":["Entrench+1","Sword Boomerang","Clothesline","Havoc"],"picked":"Singing Bowl","floor":35}],"player_experience":1287313,"relics_obtained":[{"floor":7,"key":"Peace Pipe"},{"floor":9,"key":"Self Forming Clay"},{"floor":10,"key":"Singing Bowl"},{"floor":14,"key":"Orichalcum"},{"floor":19,"key":"Red Mask"},{"floor":23,"key":"Frozen Egg 2"},{"floor":26,"key":"Tiny Chest"},{"floor":27,"key":"TungstenRod"},{"floor":27,"key":"Blue Candle"},{"floor":29,"key":"Bag of Preparation"}],"event_choices":[{"damage_healed":0,"gold_gain":0,"player_choice":"Donut","damage_taken":0,"max_hp_gain":5,"max_hp_loss":0,"event_name":"Big Fish","floor":2,"gold_loss":0},{"damage_healed":0,"gold_gain":0,"player_choice":"Searched \u00271\u0027 times","damage_taken":0,"max_hp_gain":0,"max_hp_loss":0,"event_name":"Dead Adventurer","floor":14,"gold_loss":0},{"damage_healed":0,"gold_gain":0,"player_choice":"Fought Bandits","damage_taken":0,"max_hp_gain":0,"max_hp_loss":0,"event_name":"Masked Bandits","floor":19,"gold_loss":0},{"damage_healed":0,"gold_gain":270,"player_choice":"GOLD GOLD GOLD ","damage_taken":27,"max_hp_gain":0,"max_hp_loss":0,"event_name":"Knowing Skull","floor":21,"potions_obtained":[],"gold_loss":0,"cards_obtained":[]},{"damage_healed":0,"gold_gain":0,"player_choice":"Fight","damage_taken":0,"max_hp_gain":0,"max_hp_loss":0,"event_name":"Colosseum","floor":27,"gold_loss":0},{"damage_healed":0,"gold_gain":0,"player_choice":"Fought Nobs","damage_taken":0,"max_hp_gain":0,"max_hp_loss":0,"event_name":"Colosseum","floor":27,"gold_loss":0},{"damage_healed":0,"gold_gain":0,"player_choice":"Fight","damage_taken":0,"max_hp_gain":0,"max_hp_loss":0,"event_name":"MindBloom","floor":36,"gold_loss":0}],"is_beta":false,"boss_relics":[{"not_picked":["Calling Bell","SacredBark"],"picked":"Black Blood"},{"not_picked":["Tiny House","Runic Pyramid"],"picked":"Black Star"}],"items_purged_floors":[],"is_endless":false,"potions_floor_spawned":[5,7,12,13,18,22,24,28,29,31],"killed_by":"Mind Bloom Boss Battle","ascension_level":20}}