{"host":"7zdktqb5xjtif29d","time":1610736308,"event":{"mods":["AchievementEnabler","BaseMod","Colored Map","Colored Powertips","Highlight Path","Minty Spire (QoL Compilation)","Rare Cards Sparkle","SuperFastMode","Waifu the Spire","everything is the same but u backflip on backflip"],"gold_per_floor":[110,126,145,155,230,230,230,230],"floor_reached":7,"language":"ENG","playtime":268,"items_purged":[],"score":45,"play_id":"588689b1-76c1-4567-92e0-6d61137385b0","local_time":"20210115184508","is_ascension_mode":true,"campfire_choices":[{"floor":6,"key":"REST"}],"circlet_count":0,"master_deck":["Strike_B","Strike_B","Strike_B","Strike_B","Defend_B","Defend_B","Defend_B","Defend_B","Zap","Dualcast","Doubt","Echo Form"],"relics":["Cracked Core","Du-Vu Doll"],"acts_visited":["Exordium"],"potions_floor_usage":[4],"damage_taken":[{"damage":4,"enemies":"2 Louse","floor":1,"turns":3},{"damage":12,"enemies":"Small Slimes","floor":2,"turns":4},{"damage":10,"enemies":"Jaw Worm","floor":3,"turns":4},{"damage":20,"enemies":"Gremlin Gang","floor":4,"turns":7},{"damage":67,"enemies":"Gremlin Nob","floor":7,"turns":5}],"seed_played":"309183451913592746","potions_obtained":[{"floor":1,"key":"FocusPotion"},{"floor":3,"key":"Regen Potion"}],"is_trial":false,"path_per_floor":["M","M","M","M","?","R","E"],"character_chosen":"DEFECT","items_purchased":[],"campfire_rested":1,"item_purchase_floors":[],"current_hp_per_floor":[71,59,49,44,33,55,0,0],"gold":230,"neow_bonus":"ONE_RARE_RELIC","is_daily":false,"chose_seed":false,"campfire_upgraded":0,"win_rate":0.0,"timestamp":1610736308,"path_taken":["M","M","M","M","?","R","E"],"items_purchased_type":[],"build_version":"2020-12-22","purchased_purges":0,"victory":false,"max_hp_per_floor":[75,75,75,75,75,75,75,75],"card_choices":[{"not_picked":["Compile Driver","Stack","Cold Snap"],"picked":"SKIP","floor":1},{"not_picked":["Go for the Eyes","Compile Driver","Static Discharge"],"picked":"SKIP","floor":2},{"not_picked":["Streamline","Compile Driver","Beam Cell"],"picked":"SKIP","floor":3},{"not_picked":["Compile Driver","Cold Snap"],"picked":"Echo Form","floor":4}],"player_experience":214401,"relics_obtained":[],"event_choices":[{"damage_healed":0,"gold_gain":75,"player_choice":"Gather Gold","damage_taken":11,"max_hp_gain":0,"max_hp_loss":0,"event_name":"World of Goop","floor":5,"gold_loss":0}],"is_beta":false,"boss_relics":[],"items_purged_floors":[],"is_endless":false,"potions_floor_spawned":[1,3],"killed_by":"Gremlin Nob","ascension_level":1}}