{"host":"ek3xvuouaw6vk9if","time":1610690309,"event":{"mods":["BaseMod","BetterRewards","GungeonMod","Minty Spire (QoL Compilation)","Permanent Neow","Quick Restart","Relic Stats","Replay The Spire","StSLib"],"gold_per_floor":[116,127,138,138,156,156,181,195,271,271,312,328,366,409,409,589,589,605,605,631,631,730,730,744,744,771,415,458,499,530,530,530,650,650,690,690,764,324,376,376,428,520,520,430,136,136,171,215,215,241],"floor_reached":51,"language":"ENG","playtime":2968,"items_purged":["DemoMod:Strike_Huntress","DemoMod:RustySidearm","DemoMod:CrossBow"],"score":1432,"play_id":"fb5a027d-55ee-482b-9583-aca6b8297852","local_time":"20210115005829","is_ascension_mode":true,"campfire_choices":[{"floor":15,"key":"REST"},{"data":"DemoMod:StickyCrossBow","floor":23,"key":"SMITH"},{"floor":32,"key":"REST"},{"floor":40,"key":"REST"},{"floor":46,"key":"REST"},{"floor":49,"key":"REST"}],"circlet_count":0,"master_deck":["DemoMod:Defend_Huntress","DemoMod:Defend_Huntress+1","DemoMod:Defend_Huntress","DemoMod:Defend_Huntress","DemoMod:Roll","DemoMod:ManualReload","DemoMod:StickyCrossBow","DemoMod:DoubleSwitch","DemoMod:SAA","DemoMod:BattleInHaste","DemoMod:HuntsMan","DemoMod:ShadowBullets","DemoMod:SpreadAmmo","DemoMod:SpreadAmmo","DemoMod:ConditionalReflex","DemoMod:ZorGun","DemoMod:DarkMarker","DemoMod:StickyCrossBow+1","DemoMod:ChanceBullets+1","DemoMod:PracticeMakesPerfect","DemoMod:StickyCrossBow+1","DemoMod:MachoBrace","DemoMod:Gungine","DemoMod:GunslingerForm","DemoMod:ChanceBullets+1","DemoMod:BulletBore","DemoMod:ZorGun+1","DemoMod:ChanceBullets+1"],"relics":["DemoMod:Dog","Bloody Idol","Onion Ring","HornCleat","Eternal Feather","Blue Doll","Black Star","Replay:Bandana","Singing Bowl","Smiling Mask","ReplayTheSpireMod:Ninjato","Fusion Hammer","DemoMod:ResourcefulSack","Strawberry","Orichalcum","DemoMod:MonsterBlood","DemoMod:Plus1Bullets","DollysMirror","Happy Flower"],"acts_visited":["Exordium","TheCity","TheBeyond"],"potions_floor_usage":[11,13,16,28,28,28,33,42,50,50,50],"damage_taken":[{"damage":0,"enemies":"Cultist","floor":1,"turns":2},{"damage":1,"enemies":"Jaw Worm","floor":2,"turns":6},{"damage":3,"enemies":"2 Louse","floor":3,"turns":3},{"damage":23,"enemies":"Lots of Slimes","floor":5,"turns":5},{"damage":2,"enemies":"Blue Slaver","floor":7,"turns":2},{"damage":1,"enemies":"Looter","floor":8,"turns":3},{"damage":14,"enemies":"Lagavulin","floor":11,"turns":5},{"damage":0,"enemies":"2 Fungi Beasts","floor":12,"turns":2},{"damage":0,"enemies":"Blue Slaver","floor":13,"turns":8},{"damage":0,"enemies":"Gremlin Nob","floor":14,"turns":3},{"damage":41,"enemies":"Fading Forest","floor":16,"turns":11},{"damage":12,"enemies":"Chosen","floor":18,"turns":3},{"damage":29,"enemies":"Shell Parasite","floor":20,"turns":6},{"damage":18,"enemies":"Cultist and Chosen","floor":24,"turns":6},{"damage":12,"enemies":"Book of Stabbing","floor":28,"turns":6},{"damage":0,"enemies":"Centurion and Healer","floor":29,"turns":3},{"damage":26,"enemies":"Shelled Parasite and Fungi","floor":30,"turns":5},{"damage":0,"enemies":"Pondfish","floor":33,"turns":6},{"damage":0,"enemies":"3 Darklings","floor":35,"turns":3},{"damage":3,"enemies":"Mind Bloom Boss Battle","floor":37,"turns":4},{"damage":7,"enemies":"Orb Walker","floor":39,"turns":4},{"damage":0,"enemies":"Sphere and 2 Shapes","floor":41,"turns":4},{"damage":47,"enemies":"Giant Head","floor":42,"turns":9},{"damage":18,"enemies":"Spire Growth","floor":47,"turns":4},{"damage":0,"enemies":"Transient","floor":48,"turns":5},{"damage":82,"enemies":"Awakened One","floor":50,"turns":10}],"seed_played":"-1734114886826272023","potions_obtained":[{"floor":1,"key":"PowerPotion"},{"floor":5,"key":"Elixir"},{"floor":7,"key":"Block Potion"},{"floor":11,"key":"Weak Potion"},{"floor":12,"key":"AttackPotion"},{"floor":16,"key":"SpeedPotion"},{"floor":18,"key":"ColorlessPotion"},{"floor":29,"key":"Weak Potion"},{"floor":37,"key":"Swift Potion"},{"floor":41,"key":"BlessingOfTheForge"},{"floor":42,"key":"EssenceOfSteel"}],"is_trial":false,"path_per_floor":["M","M","M","?","M","?","M","M","T","?","E","M","?","E","R","B",null,"M","?","M","?","?","R","M","?","T","$","E","M","M","?","R","B",null,"M","?","?","$","M","R","M","E","T","?","$","R","M","M","R","B",null],"character_chosen":"HUNTRESS","items_purchased":["DemoMod:StickyCrossBow","Singing Bowl","Strawberry","DemoMod:ChanceBullets+1","LiquidMemories","DemoMod:BulletBore","DollysMirror","Happy Flower"],"campfire_rested":5,"item_purchase_floors":[0,27,38,38,38,38,45,45],"current_hp_per_floor":[70,69,66,66,43,43,41,40,40,33,19,19,19,19,47,6,65,53,53,24,24,24,36,18,18,23,23,16,33,12,12,44,49,67,69,69,71,78,78,80,82,47,47,47,47,88,77,84,93,11],"gold":241,"neow_bonus":"","is_daily":false,"chose_seed":false,"campfire_upgraded":1,"win_rate":0.0,"timestamp":1610690309,"path_taken":["M","M","?","?","M","?","M","M","T","?","E","M","?","E","R","BOSS","M","?","?","?","?","R","M","?","T","$","E","M","M","?","R","BOSS","M","?","?","$","M","R","M","E","T","?","$","R","M","M","R","BOSS"],"items_purchased_type":["Card","Relic","Relic","Card","Potion","Card","Relic","Relic"],"build_version":"2020-12-22","purchased_purges":3,"victory":true,"max_hp_per_floor":[70,70,70,70,70,65,65,65,65,65,65,65,65,65,65,65,65,65,65,65,65,65,65,65,65,65,65,65,67,67,67,67,67,67,69,69,71,78,80,80,82,89,89,89,89,89,91,93,93,93],"relic_stats":{"Singing Bowl":14,"Happy Flower":[6],"counters":[37,191],"Bloody Idol":58,"Eternal Feather":59,"Black Star":2,"Orichalcum":[12],"Smiling Mask":75,"obtain_stats":[{"Torii":0,"Singing Bowl":27,"Enchiridion":21,"Blue Doll":17,"DemoMod:Plus1Bullets":50,"DemoMod:GlassGuonStoneRelic":3,"Smiling Mask":28,"Nunchaku":6,"Replay:Bandana":26,"HornCleat":11,"DemoMod:MonsterBlood":42,"DollysMirror":45,"Strawberry":38,"Fusion Hammer":34,"DemoMod:JetPack":17,"ReplayTheSpireMod:Ninjato":28,"DemoMod:Dog":0,"Happy Flower":45,"Golden Idol":6,"Blue Candle":9,"DemoMod:WeirdEgg":43,"Eternal Feather":13,"Orichalcum":42,"Replay:Arrowhead":17,"Du-Vu Doll":8,"Calling Bell":17,"Bloody Idol":25,"Onion Ring":9,"Black Star":17,"Membership Card":19,"DemoMod:ResourcefulSack":37},{"Torii":0,"Singing Bowl":25,"Enchiridion":10,"Blue Doll":8,"DemoMod:Plus1Bullets":37,"DemoMod:GlassGuonStoneRelic":2,"Smiling Mask":26,"Nunchaku":4,"Replay:Bandana":25,"HornCleat":18,"DemoMod:MonsterBlood":34,"DollysMirror":34,"Strawberry":31,"Fusion Hammer":29,"DemoMod:JetPack":8,"ReplayTheSpireMod:Ninjato":26,"DemoMod:Dog":0,"Happy Flower":34,"Golden Idol":15,"Blue Candle":5,"DemoMod:WeirdEgg":34,"Eternal Feather":20,"Orichalcum":34,"Replay:Arrowhead":8,"Du-Vu Doll":5,"Calling Bell":8,"Bloody Idol":25,"Onion Ring":17,"Black Star":22,"Membership Card":9,"DemoMod:ResourcefulSack":31},{"Torii":0,"Singing Bowl":128,"Enchiridion":57,"Blue Doll":48,"DemoMod:Plus1Bullets":183,"DemoMod:GlassGuonStoneRelic":7,"Smiling Mask":134,"Nunchaku":25,"Replay:Bandana":128,"HornCleat":89,"DemoMod:MonsterBlood":172,"DollysMirror":172,"Strawberry":155,"Fusion Hammer":148,"DemoMod:JetPack":48,"ReplayTheSpireMod:Ninjato":134,"DemoMod:Dog":0,"Happy Flower":172,"Golden Idol":79,"Blue Candle":29,"DemoMod:WeirdEgg":172,"Eternal Feather":99,"Orichalcum":172,"Replay:Arrowhead":48,"Du-Vu Doll":29,"Calling Bell":48,"Bloody Idol":128,"Onion Ring":84,"Black Star":113,"Membership Card":52,"DemoMod:ResourcefulSack":155}]},"card_choices":[{"not_picked":["DemoMod:AC15","DemoMod:GunShield"],"picked":"DemoMod:DoubleSwitch","floor":1},{"not_picked":["DemoMod:GunstockTap","DemoMod:FeignSurrender"],"picked":"DemoMod:SAA","floor":2},{"not_picked":["DemoMod:TripleGun","DemoMod:BoxingGlove"],"picked":"DemoMod:BattleInHaste","floor":3},{"not_picked":["DemoMod:Unity","DemoMod:BattleInHaste"],"picked":"DemoMod:HuntsMan","floor":5},{"not_picked":["DemoMod:FortunesFavor","DemoMod:HardPowerCard"],"picked":"DemoMod:ShadowBullets","floor":7},{"not_picked":["DemoMod:HardPowerCard","DemoMod:GunstockTap"],"picked":"DemoMod:SpreadAmmo","floor":8},{"not_picked":["DemoMod:JK47","DemoMod:Ejector"],"picked":"DemoMod:SpreadAmmo","floor":11},{"not_picked":["DemoMod:AbyssalTentacle","DemoMod:FortunesFavor"],"picked":"DemoMod:ConditionalReflex","floor":12},{"not_picked":["DemoMod:AbyssalTentacle","DemoMod:DirectionalPad","DemoMod:GunstockTap"],"picked":"SKIP","floor":13},{"not_picked":["DemoMod:Unmoved","DemoMod:ProbeStrike"],"picked":"DemoMod:ZorGun","floor":14},{"not_picked":["DemoMod:BalloonGun","DemoMod:Slinger"],"picked":"DemoMod:DarkMarker","floor":16},{"not_picked":["DemoMod:ConditionalReflex","DemoMod:HuntsMan"],"picked":"DemoMod:StickyCrossBow","floor":18},{"not_picked":["DemoMod:ProbeStrike","DemoMod:DoubleSwitch"],"picked":"DemoMod:ChanceBullets+1","floor":20},{"not_picked":["DemoMod:SpreadAmmo","DemoMod:TeaPot"],"picked":"DemoMod:PracticeMakesPerfect","floor":24},{"not_picked":["DemoMod:ShadowBullets","DemoMod:SAA"],"picked":"DemoMod:StickyCrossBow+1","floor":28},{"not_picked":["DemoMod:GunstockTap","DemoMod:TeaPot+1","DemoMod:SAA"],"picked":"Singing Bowl","floor":29},{"not_picked":["DemoMod:HardPowerCard","DemoMod:FastSwitch"],"picked":"DemoMod:MachoBrace","floor":29},{"not_picked":["DemoMod:MachoBrace","DemoMod:AC15"],"picked":"DemoMod:Gungine","floor":30},{"not_picked":["DemoMod:BalloonGun","DemoMod:BSG"],"picked":"DemoMod:GunslingerForm","floor":33},{"not_picked":["DemoMod:DoubleSwitch+1","DemoMod:MachoBrace+1","DemoMod:DirectionalPad"],"picked":"Singing Bowl","floor":35},{"not_picked":["DemoMod:SniperShot+1","DemoMod:HardPowerCard","DemoMod:DoubleSwitch"],"picked":"Singing Bowl","floor":37},{"not_picked":["DemoMod:HardPowerCard","DemoMod:FullFirepower","DemoMod:TeaPot+1"],"picked":"Singing Bowl","floor":39},{"not_picked":["DemoMod:GunstockTap","DemoMod:Polaris","DemoMod:JK47+1"],"picked":"Singing Bowl","floor":41},{"not_picked":["DemoMod:AC15","DemoMod:Polaris"],"picked":"DemoMod:ZorGun+1","floor":42},{"not_picked":["DemoMod:BoxingGlove+1","DemoMod:Rummage","DemoMod:TripleGun+1"],"picked":"Singing Bowl","floor":47},{"not_picked":["DemoMod:Polaris+1","DemoMod:BoxingGlove","DemoMod:Unmoved"],"picked":"Singing Bowl","floor":48}],"player_experience":519845,"relics_obtained":[{"floor":9,"key":"Onion Ring"},{"floor":11,"key":"HornCleat"},{"floor":13,"key":"Eternal Feather"},{"floor":14,"key":"Blue Doll"},{"floor":26,"key":"Replay:Bandana"},{"floor":28,"key":"Smiling Mask"},{"floor":28,"key":"ReplayTheSpireMod:Ninjato"},{"floor":37,"key":"DemoMod:ResourcefulSack"},{"floor":42,"key":"Orichalcum"},{"floor":42,"key":"DemoMod:MonsterBlood"},{"floor":43,"key":"DemoMod:WeirdEgg"}],"event_choices":[{"damage_healed":0,"gold_gain":0,"player_choice":"Lose Max HP","damage_taken":0,"relics_obtained":["Golden Idol"],"max_hp_gain":0,"max_hp_loss":5,"event_name":"Golden Idol","floor":6,"gold_loss":0},{"cards_removed":["DemoMod:Strike_Huntress"],"damage_healed":0,"gold_gain":0,"player_choice":"Card Removal","damage_taken":7,"max_hp_gain":0,"max_hp_loss":0,"event_name":"Golden Wing","floor":10,"gold_loss":0},{"cards_removed":["DemoMod:Strike_Huntress"],"damage_healed":0,"gold_gain":0,"player_choice":"Purged","damage_taken":0,"max_hp_gain":0,"max_hp_loss":0,"event_name":"Purifier","floor":19,"gold_loss":0},{"damage_healed":0,"gold_gain":0,"player_choice":"Ignored","damage_taken":0,"max_hp_gain":0,"max_hp_loss":0,"event_name":"Ghosts","floor":21,"gold_loss":0},{"damage_healed":0,"gold_gain":99,"player_choice":"Stole From Cult","damage_taken":0,"max_hp_gain":0,"max_hp_loss":0,"event_name":"Nest","floor":22,"gold_loss":0},{"damage_healed":0,"gold_gain":0,"player_choice":"Gave Idol","damage_taken":0,"relics_obtained":["Bloody Idol"],"max_hp_gain":0,"max_hp_loss":0,"event_name":"Forgotten Altar","floor":25,"relics_lost":["Golden Idol"],"gold_loss":0},{"damage_healed":0,"gold_gain":0,"player_choice":"Ignored","damage_taken":0,"max_hp_gain":0,"max_hp_loss":0,"event_name":"Vampires","floor":31,"gold_loss":0},{"damage_healed":0,"gold_gain":0,"player_choice":"Ignored","damage_taken":0,"max_hp_gain":0,"max_hp_loss":0,"event_name":"Tomb of Lord Red Mask","floor":36,"gold_loss":0},{"damage_healed":0,"gold_gain":0,"player_choice":"Fight","damage_taken":0,"max_hp_gain":0,"max_hp_loss":0,"event_name":"MindBloom","floor":37,"gold_loss":0},{"cards_removed":["DemoMod:BulletBore"],"damage_healed":0,"gold_gain":0,"player_choice":"Upgrade and Remove","damage_taken":0,"max_hp_gain":0,"max_hp_loss":0,"event_name":"Designer","floor":44,"gold_loss":90,"cards_upgraded":["DemoMod:Defend_Huntress"]}],"is_beta":false,"boss_relics":[{"not_picked":["Ectoplasm","Empty Cage"],"picked":"Black Star"},{"not_picked":["Honey Jar","Ring of Chaos"],"picked":"Fusion Hammer"}],"items_purged_floors":[0,27,38],"is_endless":false,"potions_floor_spawned":[1,5,7,11,12,16,18,20,29,37,41,42],"ascension_level":2}}