{"host":"43pogpu2c981a0zh","time":1610685327,"event":{"mods":["100% Spire Juice","ATMod(∞¢Ë™Mod)","AchievementEnabler","Act Like it!","Aspiration","Astrologer","BaseMod","Better Altar","Better Match","Better Sensory Stone","CapriCore","Colored Powertips","Custom Start","Downfall","Friendly Minions","Gensokyo","Highlight Path","HololiveMod","Hubris","KinomotoSakuraMod(ƒæ÷Æ±æ”£)","Kiyohime£®«Âºß£©","Koishi","KomeijiMod","Marisa£®ÏF”Í°°ƒß¿Ì…≥£©","Minty Spire (QoL Compilation)","MostiFishMod","Pale of the Ancients","Permanent Neow","Prisma Mod","Quarter Circle Forward PUNCH!","Quick Restart","Reimu£®≤©¿ˆ¡È√Œ£©","Replay The Spire","Spicy Shops","StSLib","TestMod","The Administrix","The Animator","The Immortal","Waifu the Spire","WarShipGirlsR/’ΩΩ¢…Ÿ≈ÆR mod","Yakumo Yukari mod","°æ“≈ŒÔø®≈∆°øREMEMod"],"gold_per_floor":[213,138,152,152,170,170,200,200],"floor_reached":7,"language":"ZHS","playtime":2535,"items_purged":[],"score":76,"play_id":"4581aa29-ee33-4176-9b4e-51bb3be3215d","local_time":"20210115123527","is_ascension_mode":false,"campfire_choices":[{"data":"Barricade","floor":6,"key":"SMITH"}],"circlet_count":0,"master_deck":["PrismaMod:ChloeCommonAttack","PrismaMod:ChloeCommonAttack","PrismaMod:ChloeCommonAttack","PrismaMod:ChloeCommonAttack","PrismaMod:ChloeCommonAttack","PrismaMod:ChloeCommonDefend","PrismaMod:ChloeCommonDefend","PrismaMod:ChloeCommonDefend","PrismaMod:ChloeCommonDefend","PrismaMod:ChloeCommonDefend","PrismaMod:ChloeCheapAttack","PrismaMod:ChloeCheapDefend","AT_FamilyPortrait","MostiFishMod:FrostNova","MostiFishMod:WinterMarkForm","Barricade+1","PrismaMod:ChloeCheapAttackTwo","MostiFishMod:Mottled","PrismaMod:ChloeAnyUncommonTrace","PrismaMod:ChloeCheapDefendTwo","PrismaMod:ChloeBetterTracePools"],"relics":["PrismaMod:PrismaTraceOn","AT_ATBox","DaveBox","testmod-TestBox","REME_ComplimentaryCards","FrostBlade","testmod-EqualTreatment","SynthV:TestCard","hubris:Icosahedron","REME_PuzzleBoxRelic"],"acts_visited":["Gensokyo:Gensokyo"],"potions_floor_usage":[],"damage_taken":[{"damage":1,"enemies":"Gensokyo:Gryphon","floor":1,"turns":3},{"damage":0,"enemies":"Gensokyo:2_Kodama","floor":3,"turns":2},{"damage":11,"enemies":"Gensokyo:3_Fairies","floor":5,"turns":3},{"damage":0,"enemies":"Gensokyo:Mamizou","floor":7,"turns":5}],"seed_played":"7960991184379267696","potions_obtained":[{"floor":3,"key":"Flashbang"},{"floor":7,"key":"LifebloodPotion"}],"is_trial":false,"path_per_floor":["M","?","M","?","M","R","E"],"character_chosen":"CHLOE","items_purchased":[],"campfire_rested":0,"item_purchase_floors":[],"current_hp_per_floor":[74,74,74,74,63,63,63,63],"gold":200,"neow_bonus":"HUNDRED_GOLD","is_daily":false,"chose_seed":false,"campfire_upgraded":1,"win_rate":0.0,"timestamp":1610685327,"path_taken":["M","?","M","?","M","R","E"],"items_purchased_type":[],"build_version":"2020-12-22","purchased_purges":0,"victory":false,"max_hp_per_floor":[75,75,75,75,75,75,75,75],"card_choices":[{"not_picked":["PrismaMod:ChloeCheapDefend","PrismaMod:ChloeCheapAttack"],"picked":"PrismaMod:ChloeCheapAttackTwo","floor":1},{"not_picked":["AT_EmpoweredMortalDraw","REME_BuildACard","MostiFishMod:PerfectForm","testmod-ShutDown"],"picked":"MostiFishMod:Mottled","floor":2},{"not_picked":["PrismaMod:ChloeExhaustOne","PrismaMod:ChloeMordred","PrismaMod:ChloeCheapAttackTwo","PrismaMod:ChloeCommonAOEAttack"],"picked":"PrismaMod:ChloeAnyUncommonTrace","floor":3},{"not_picked":["PrismaMod:ChloeCheapAttackTwo","PrismaMod:ChloeUncommonAOEAttack","PrismaMod:ChloeDemonicTutor","PrismaMod:ChloeUncommonAttack"],"picked":"PrismaMod:ChloeCheapDefendTwo","floor":5},{"not_picked":["PrismaMod:ChloeExcalibur","PrismaMod:ChloeCheapAttackTwo","PrismaMod:ChloeUncommonDefend","PrismaMod:ChloeDemonicTutor"],"picked":"PrismaMod:ChloeBetterTracePools","floor":7}],"player_experience":305999,"relics_obtained":[{"floor":1,"key":"SynthV:TestCard"},{"floor":7,"key":"REME_PuzzleBoxRelic"}],"event_choices":[{"damage_healed":0,"gold_gain":0,"player_choice":"1","damage_taken":0,"max_hp_gain":0,"max_hp_loss":0,"event_name":"betterMatch:BetterMatch","floor":2,"gold_loss":0,"cards_obtained":["betterMatch:ColorlessRareCard"]}],"is_beta":false,"boss_relics":[],"items_purged_floors":[],"is_endless":false,"potions_floor_spawned":[3,7],"killed_by":"Gensokyo:Mamizou","ascension_level":0}}