{"host":"l2dnabsh5e0fsksb","time":1610670588,"event":{"mods":["2.2 Compatiblity","BaseMod","Downfall","Minty Spire (QoL Compilation)","Quick Restart","StSLib"],"gold_per_floor":[99,99,99,99,99,99,151,176,188,38,38,58,84,95,114,114,114,114],"floor_reached":16,"language":"ENG","playtime":403,"items_purged":[],"score":213,"play_id":"591dd5a5-3fd0-4e43-b32a-c130b9f9f304","local_time":"20210115105948","is_ascension_mode":true,"campfire_choices":[{"floor":1,"key":"RECALL"},{"data":"champ:Taunt","floor":10,"key":"SMITH"}],"circlet_count":0,"master_deck":["AscendersBane","champ:Strike+1","champ:Strike+1","champ:Strike","champ:Strike","champ:Defend","champ:Defend","champ:Defend+1","champ:Defend","champ:Execute","champ:Taunt+1","champ:GladiatorsShout","Regret","champ:FaceSlap","champ:TornadoPunch","champ:Backstep","Regret","champ:FanOfKnives","champ:EnchantSword","champ:ArenaPreparation","champ:CrookedStrike"],"relics":["champ:ChampionCrown","downfall:HeartsMalice","Darkstone Periapt","champ:LiftRelic","champ:DefensiveTrainingManual","Incense Burner","downfall:HeartBlessingGreen","downfall:HeartBlessingRed","Torii","Omamori"],"acts_visited":["Exordium"],"potions_floor_usage":[13,15,16],"damage_taken":[{"damage":0,"enemies":"Small Slimes","floor":2,"turns":1},{"damage":0,"enemies":"Jaw Worm","floor":6,"turns":1},{"damage":0,"enemies":"Lagavulin","floor":8,"turns":1},{"damage":2,"enemies":"2 Louse","floor":9,"turns":3},{"damage":14,"enemies":"Large Slime","floor":12,"turns":6},{"damage":13,"enemies":"Gremlin Nob","floor":13,"turns":3},{"damage":16,"enemies":"Blue Slaver","floor":14,"turns":3},{"damage":24,"enemies":"Exordium Wildlife","floor":15,"turns":3},{"damage":49,"enemies":"downfall:Silent","floor":16,"turns":3}],"seed_played":"6533991131223599204","potions_obtained":[{"floor":9,"key":"sneckomod:MuddlingPotion"},{"floor":12,"key":"FearPotion"},{"floor":14,"key":"Weak Potion"},{"floor":15,"key":"Dexterity Potion"}],"is_trial":false,"path_per_floor":["R","M","?","T","?","M","T","E","M","R","?","M","E","M","M","B"],"character_chosen":"THE_CHAMP","items_purchased":[],"campfire_rested":0,"item_purchase_floors":[],"current_hp_per_floor":[81,81,81,81,81,81,81,81,79,79,85,76,68,52,48,0,0,0],"gold":114,"neow_bonus":"THREE_ENEMY_KILL","is_daily":false,"chose_seed":false,"campfire_upgraded":1,"win_rate":0.0,"timestamp":1610670588,"path_taken":["R","M","?","?","?","M","T","E","M","R","?","M","E","M","M","BOSS"],"items_purchased_type":[],"build_version":"2020-12-22","purchased_purges":0,"victory":false,"max_hp_per_floor":[90,90,90,90,90,90,90,90,90,90,96,96,96,96,96,96,96,96],"card_choices":[{"not_picked":["champ:RageSigil","champ:BladeFlurry"],"picked":"champ:GladiatorsShout","floor":2},{"not_picked":["champ:SwordSigil","champ:BerserkersShout"],"picked":"champ:FaceSlap","floor":6},{"not_picked":["champ:Aggression","champ:FlashCut"],"picked":"champ:TornadoPunch","floor":8},{"not_picked":["champ:BladeFlurry","champ:ArenaPreparation"],"picked":"champ:Backstep","floor":9},{"not_picked":["champ:DefensiveShout","champ:RageSigil"],"picked":"champ:FanOfKnives","floor":12},{"not_picked":["champ:BerserkersShout","champ:EndlessRage"],"picked":"champ:EnchantSword","floor":13},{"not_picked":["champ:RisingSlash","champ:GladiatorsShout"],"picked":"champ:ArenaPreparation","floor":14},{"not_picked":["champ:DeathBlow","champ:FocusedDefense"],"picked":"champ:CrookedStrike","floor":15}],"player_experience":1789179,"relics_obtained":[{"floor":4,"key":"Darkstone Periapt"},{"floor":7,"key":"champ:DefensiveTrainingManual"},{"floor":8,"key":"Incense Burner"},{"floor":13,"key":"Omamori"}],"event_choices":[{"damage_healed":0,"gold_gain":0,"player_choice":"Box","damage_taken":0,"relics_obtained":["Torii"],"max_hp_gain":0,"max_hp_loss":0,"event_name":"Big Fish","floor":11,"gold_loss":0,"cards_obtained":["Regret"]}],"is_beta":false,"boss_relics":[],"items_purged_floors":[],"is_endless":false,"potions_floor_spawned":[9,12,14,15],"killed_by":"downfall:Silent","ascension_level":12}}