{"host":"9kesdg97wkrx2bva","time":1610670851,"event":{"mods":["AchievementEnabler","BaseMod","Colored Map","Downfall","GifTheSpireLib","Infinite Spire","Minty Spire (QoL Compilation)","Replay The Spire","StSLib"],"gold_per_floor":[119,137,150,75,75,75,86,113,113,188,188,188,188,188],"floor_reached":13,"language":"ENG","playtime":295,"items_purged":["Strike_B"],"score":149,"play_id":"4ba96ed7-b642-48d0-b61d-c77c2a9f68bb","local_time":"20210114193411","is_ascension_mode":true,"campfire_choices":[{"data":"Streamline","floor":9,"key":"SMITH"},{"floor":12,"key":"REST"}],"circlet_count":0,"master_deck":["AscendersBane","Strike_B","Strike_B","Strike_B","Defend_B","Defend_B","Defend_B","Defend_B","Zap","Dualcast","Coolheaded","Static Discharge","Streamline+1","Recycle","Creative AI","Gash"],"relics":["Cracked Core","Replay:Bottled Steam","Replay:Bottled Flurry"],"acts_visited":["Exordium"],"potions_floor_usage":[13],"damage_taken":[{"damage":0,"enemies":"Cultist","floor":1,"turns":4},{"damage":5,"enemies":"Jaw Worm","floor":2,"turns":5},{"damage":0,"enemies":"Small Slimes","floor":3,"turns":3},{"damage":4,"enemies":"2 Fungi Beasts","floor":7,"turns":3},{"damage":36,"enemies":"3 Sentries","floor":8,"turns":7},{"damage":35,"enemies":"Lagavulin","floor":13,"turns":5}],"seed_played":"5479287018844866946","potions_obtained":[{"floor":3,"key":"FearPotion"},{"floor":8,"key":"Reflective Coating"}],"is_trial":false,"path_per_floor":["M","M","M","$","PTL","PTL","M","E","R","?","T","R","E"],"character_chosen":"DEFECT","items_purchased":[],"campfire_rested":1,"item_purchase_floors":[],"current_hp_per_floor":[64,59,59,59,59,59,55,19,19,8,8,29,0,0],"gold":188,"neow_bonus":"THREE_CARDS","is_daily":false,"chose_seed":false,"campfire_upgraded":1,"win_rate":0.0,"timestamp":1610670851,"path_taken":["M","M","M","$","PTL","PTL","?","E","R","?","T","R","E"],"items_purchased_type":[],"build_version":"2020-12-22","purchased_purges":1,"victory":false,"max_hp_per_floor":[71,71,71,71,71,71,71,71,71,71,71,71,71,71],"card_choices":[{"not_picked":["Aggregate","Hologram"],"picked":"Coolheaded","floor":0},{"not_picked":["Rebound","Panic Button"],"picked":"Static Discharge","floor":1},{"not_picked":["Compile Driver","Panic Button"],"picked":"Streamline","floor":2},{"not_picked":["ReplayTheSpireMod:Reroute Power","Chill"],"picked":"Recycle","floor":3},{"not_picked":["BasicCrystalCard","Aggregate"],"picked":"Creative AI","floor":7},{"not_picked":["All For One","Hello World"],"picked":"Gash","floor":8}],"player_experience":934389,"relics_obtained":[{"floor":8,"key":"Replay:Bottled Steam"},{"floor":11,"key":"Replay:Bottled Flurry"}],"event_choices":[{"damage_healed":0,"gold_gain":75,"player_choice":"Gather Gold","damage_taken":11,"max_hp_gain":0,"max_hp_loss":0,"event_name":"World of Goop","floor":10,"gold_loss":0}],"is_beta":false,"boss_relics":[],"items_purged_floors":[4],"is_endless":false,"potions_floor_spawned":[3,8],"killed_by":"Lagavulin","ascension_level":16}}