{"host":"z4nt7tdd4gjrinn7","time":1610723238,"event":{"mods":["100% Spire Juice","BaseMod","Minty Spire (QoL Compilation)","StSLib"],"gold_per_floor":[115,127,127,127,147,147,166,186,211,211,211,211,19,31,31,136,186,197,46,46,59,75,75,86,86,86,86,96,96,96,96],"floor_reached":30,"language":"ENG","playtime":4473,"items_purged":[],"score":297,"play_id":"e4e424b0-5a7d-4165-90c5-d770dc177948","local_time":"20210115100718","is_ascension_mode":false,"campfire_choices":[{"floor":6,"key":"REST"},{"floor":15,"key":"REST"},{"floor":23,"key":"REST"},{"floor":27,"key":"REST"},{"floor":29,"key":"REST"}],"circlet_count":0,"master_deck":["Moonworks:Strike","Moonworks:Strike","Moonworks:Strike","Moonworks:Strike","Moonworks:Defend","Moonworks:Defend","Moonworks:Defend","Moonworks:Defend","Moonworks:Ambush","Moonworks:LongDistanceShot","Moonworks:EvilSpyWorkPreparation","Moonworks:EvilSpyWorkPreparation+1","Moonworks:AwakeningOfTalent","Moonworks:EvilSpyWorkPreparation","Moonworks:ImOnFire","Moonworks:IndiscriminateFireSupport+1","Moonworks:JonathanRush","Moonworks:WeAreWaruda+1","Moonworks:JonathanRush","Moonworks:EvilSpyWorkPreparation","Moonworks:IndiscriminateFireSupport","Moonworks:JonathanRush+1","Moonworks:EvilSpyWorkPreparation","Moonworks:LulusLuckyEgg+1","Moonworks:MetallicMonocoque","Moonworks:AwakeningOfTalent","Moonworks:EvilSpyWorkPreparation+1"],"relics":["Moonworks:BrokenBomb","Moonworks:Homemark","Omamori","Happy Flower","PreservedInsect","Tiny House","Dream Catcher","Girya"],"acts_visited":["Exordium","TheCity"],"potions_floor_usage":[16,16,20,22,22,22,28],"damage_taken":[{"damage":2,"enemies":"2 Louse","floor":1,"turns":3},{"damage":1,"enemies":"Cultist","floor":2,"turns":3},{"damage":6,"enemies":"Jaw Worm","floor":5,"turns":3},{"damage":6,"enemies":"Red Slaver","floor":7,"turns":3},{"damage":11,"enemies":"Large Slime","floor":8,"turns":5},{"damage":4,"enemies":"3 Louse","floor":14,"turns":2},{"damage":53,"enemies":"The Guardian","floor":16,"turns":6},{"damage":41,"enemies":"2 Thieves","floor":18,"turns":4},{"damage":6,"enemies":"3 Byrds","floor":21,"turns":3},{"damage":23,"enemies":"Snecko","floor":22,"turns":4},{"damage":16,"enemies":"Chosen and Byrds","floor":24,"turns":5},{"damage":13,"enemies":"Centurion and Healer","floor":28,"turns":4},{"damage":58,"enemies":"Snecko","floor":30,"turns":5}],"seed_played":"-6077625042757008904","potions_obtained":[{"floor":0,"key":"SpeedPotion"},{"floor":0,"key":"AttackPotion"},{"floor":0,"key":"PowerPotion"},{"floor":2,"key":"ColorlessPotion"},{"floor":16,"key":"DistilledChaos"},{"floor":17,"key":"LiquidBronze"},{"floor":20,"key":"Fruit Juice"},{"floor":20,"key":"Swift Potion"},{"floor":24,"key":"PowerPotion"}],"is_trial":false,"path_per_floor":["M","M","?","?","M","R","M","M","T","T","$","?","$","M","R","B",null,"M","$","?","M","M","R","M","?","T","R","M","R","M"],"character_chosen":"THE_STARBREAKER","items_purchased":["PreservedInsect","Moonworks:IndiscriminateFireSupport","Dream Catcher"],"campfire_rested":5,"item_purchase_floors":[13,13,19],"current_hp_per_floor":[58,57,62,62,56,65,59,48,48,48,48,48,48,44,63,10,70,29,29,34,28,20,42,26,26,26,48,35,57,0,0],"gold":96,"neow_bonus":"THREE_SMALL_POTIONS","is_daily":false,"chose_seed":false,"campfire_upgraded":0,"win_rate":0.0,"timestamp":1610723238,"path_taken":["M","M","?","?","M","R","?","M","T","?","$","?","$","M","R","BOSS","M","$","?","M","M","R","?","?","T","R","?","R","M"],"items_purchased_type":["Relic","Card","Relic"],"build_version":"2020-12-22","purchased_purges":0,"victory":false,"max_hp_per_floor":[60,60,65,65,65,65,65,65,65,65,65,65,65,65,65,65,70,70,70,75,75,75,75,75,75,75,75,75,75,75,75],"card_choices":[{"not_picked":["Moonworks:Assault","Moonworks:ImOnFire"],"picked":"Moonworks:EvilSpyWorkPreparation","floor":1},{"not_picked":["Moonworks:RedAndBlue","Moonworks:AngelHand"],"picked":"Moonworks:EvilSpyWorkPreparation","floor":2},{"not_picked":["Moonworks:EvilSpyWorkPreparation","Moonworks:CompletionReward"],"picked":"Moonworks:AwakeningOfTalent","floor":5},{"not_picked":["Moonworks:CastOff","Moonworks:BigMagnum"],"picked":"Moonworks:EvilSpyWorkPreparation","floor":7},{"not_picked":["Moonworks:Assault","Moonworks:WindyEnchantment"],"picked":"Moonworks:ImOnFire","floor":8},{"not_picked":["Moonworks:CloudOfSeagulls","Moonworks:BeyondHell"],"picked":"Moonworks:JonathanRush","floor":14},{"not_picked":["Moonworks:LeapThroughSpace","Moonworks:SubspaceTunnel"],"picked":"Moonworks:WeAreWaruda","floor":16},{"not_picked":["Moonworks:Dash","Moonworks:BigBangBell"],"picked":"Moonworks:JonathanRush","floor":17},{"not_picked":["Moonworks:IndiscriminateFireSupport","Moonworks:FinalSurgery+1"],"picked":"Moonworks:EvilSpyWorkPreparation","floor":18},{"not_picked":["Moonworks:FullSpeedAlicianrone","Moonworks:ImOnFire"],"picked":"Moonworks:IndiscriminateFireSupport","floor":21},{"not_picked":["Moonworks:NicePresent","Moonworks:DeployBits"],"picked":"Moonworks:JonathanRush+1","floor":22},{"not_picked":["Moonworks:BeyondHell+1","Moonworks:DeployBits"],"picked":"Moonworks:EvilSpyWorkPreparation","floor":23},{"not_picked":["Moonworks:TreasureThief+1","Moonworks:CloudOfSeagulls"],"picked":"Moonworks:LulusLuckyEgg+1","floor":24},{"not_picked":["Moonworks:SealedMemories","Moonworks:JonathanRush+1"],"picked":"Moonworks:MetallicMonocoque","floor":27},{"not_picked":["Moonworks:WindyEnchantment","Moonworks:EvilSpyWorkPreparation"],"picked":"Moonworks:AwakeningOfTalent","floor":28},{"not_picked":["Moonworks:Assault+1","Moonworks:SakisCookie+1"],"picked":"Moonworks:EvilSpyWorkPreparation+1","floor":29}],"player_experience":56232,"relics_obtained":[{"floor":9,"key":"Omamori"},{"floor":10,"key":"Happy Flower"},{"floor":26,"key":"Girya"}],"event_choices":[{"damage_healed":0,"gold_gain":0,"player_choice":"Donut","damage_taken":0,"max_hp_gain":5,"max_hp_loss":0,"event_name":"Big Fish","floor":3,"gold_loss":0},{"damage_healed":0,"gold_gain":0,"player_choice":"Forge","damage_taken":0,"max_hp_gain":0,"max_hp_loss":0,"event_name":"Accursed Blacksmith","floor":4,"gold_loss":0,"cards_upgraded":["Moonworks:EvilSpyWorkPreparation"]},{"damage_healed":0,"gold_gain":0,"player_choice":"Ignored","damage_taken":0,"max_hp_gain":0,"max_hp_loss":0,"event_name":"Golden Wing","floor":12,"gold_loss":0},{"damage_healed":0,"gold_gain":0,"player_choice":"Got Potions","damage_taken":0,"max_hp_gain":0,"max_hp_loss":0,"event_name":"Lab","floor":20,"gold_loss":0},{"damage_healed":0,"gold_gain":0,"player_choice":"Upgraded","damage_taken":0,"max_hp_gain":0,"max_hp_loss":0,"event_name":"Upgrade Shrine","floor":25,"gold_loss":0,"cards_upgraded":["Moonworks:IndiscriminateFireSupport"]}],"is_beta":false,"boss_relics":[{"not_picked":["Busted Crown","Philosopher\u0027s Stone"],"picked":"Tiny House"}],"items_purged_floors":[],"is_endless":false,"potions_floor_spawned":[2,5,16,24],"killed_by":"Snecko","ascension_level":0}}