{"host":"oc9z8cublggqyfxu","time":1610698924,"event":{"mods":["AchievementEnabler","Act Like it!","Aspiration","BaseMod","Colored Map","Colored Powertips","Conspire","Downfall","Friendly Minions","Gensokyo","Hallownest","Hermit","Highlight Path","Infinite Spire","KinomotoSakuraMod(木之本樱)","Koishi","Lobotomy","LobotomyExtend","Marisa（F雨　魔理沙）","Minty Spire (QoL Compilation)","Quick Restart","Reimu（博丽灵梦）","Relic Stats","Remilia（蕾米莉亚）","Replay The Spire","RumiaBox-露米娅的神秘盒子","StSLib","The Administrix","The Animator","The Blackbeard","The Bug Knight","The Cursed","The Disciple","The Hierophant","The Jungle","The Mystic","The Necromancer","The Runesmith","The Servant 0.9.4","Youmu（魂魄妖梦）","Yuyuko","vexMod","【功能Mod】混沌之环修复补丁","【功能Mod】聪明的最终Boss"],"gold_per_floor":[109,121,196,212,224,224,224,224,279,57,57,57],"floor_reached":11,"language":"ZHS","playtime":471,"items_purged":["Strike_R"],"score":63,"play_id":"459e04c9-2a19-42c9-ae64-afa3f5abec98","local_time":"20210115162204","is_ascension_mode":false,"campfire_choices":[{"data":"Heavy Blade","floor":6,"key":"SMITH"},{"data":"Bash","floor":8,"key":"SMITH"}],"circlet_count":0,"master_deck":["Strike_R","Strike_R","Strike_R","Strike_R","Defend_R","Defend_R","Defend_R","Defend_R","Bash+1","Heavy Blade+1","HeroicMonk","Scorched","FairyFestival","Warcry+1","WallGazer","Shrug It Off+1"],"relics":["Burning Blood","CogitoBucket","RabbitCall","LetterFromLob","AddBug","SecretRecord","SecretRecord"],"acts_visited":["Exordium"],"potions_floor_usage":[11,11],"damage_taken":[{"damage":6,"enemies":"Cultist","floor":1,"turns":3},{"damage":0,"enemies":"Small Slimes","floor":2,"turns":3},{"damage":11,"enemies":"Jaw Worm","floor":4,"turns":2},{"damage":10,"enemies":"Exordium Thugs","floor":5,"turns":3}],"seed_played":"7765412714411563026","potions_obtained":[{"floor":1,"key":"SpeedPotion"},{"floor":4,"key":"Flashbang"}],"is_trial":false,"path_per_floor":["M","M","?","M","M","R","M","R","T","$","E"],"character_chosen":"IRONCLAD","items_purchased":["ZombieArmy"],"campfire_rested":0,"item_purchase_floors":[10],"current_hp_per_floor":[80,80,72,67,65,65,33,33,33,33,0,0],"gold":57,"neow_bonus":"","is_daily":false,"chose_seed":false,"campfire_upgraded":2,"win_rate":0.0,"timestamp":1610698924,"path_taken":["M","?","?","M","M","R","?","R","T","?","E"],"items_purchased_type":["Relic"],"build_version":"2020-12-22","purchased_purges":1,"victory":false,"max_hp_per_floor":[80,80,80,80,80,80,80,80,80,80,80,80],"relic_stats":{"counters":[5,17],"obtain_stats":[{"RabbitCall":0,"CogitoBucket":0,"AddBug":1,"SecretRecord":1,"LetterFromLob":1,"Burning Blood":0},{"RabbitCall":0,"CogitoBucket":0,"AddBug":1,"SecretRecord":1,"LetterFromLob":1,"Burning Blood":0},{"RabbitCall":0,"CogitoBucket":0,"AddBug":3,"SecretRecord":3,"LetterFromLob":3,"Burning Blood":0}],"Burning Blood":18},"card_choices":[{"not_picked":["Life Link","Cleave"],"picked":"Heavy Blade","floor":1},{"not_picked":["Yin","GreedKing"],"picked":"HeroicMonk","floor":1},{"not_picked":["CrumblingArmor","PunishingBird"],"picked":"Scorched","floor":2},{"not_picked":["ReplayTheSpireMod:Strike From Hell","Body Slam","Wild Strike"],"picked":"SKIP","floor":2},{"not_picked":["Funeral","Alriune"],"picked":"FairyFestival","floor":4},{"not_picked":["ReplayTheSpireMod:Stacked","ReplayTheSpireMod:Strike From Hell"],"picked":"Warcry","floor":4},{"not_picked":["Alriune","SnowQueen"],"picked":"WallGazer","floor":5},{"not_picked":["Clothesline","Reckless Charge"],"picked":"Shrug It Off","floor":5}],"player_experience":259131,"relics_obtained":[{"floor":1,"key":"LetterFromLob"},{"floor":1,"key":"AddBug"},{"floor":5,"key":"SecretRecord"},{"floor":9,"key":"Red Skull"}],"event_choices":[{"damage_healed":0,"gold_gain":75,"player_choice":"Touch","damage_taken":8,"max_hp_gain":0,"max_hp_loss":0,"event_name":"FaceTrader","floor":3,"gold_loss":0}],"is_beta":false,"boss_relics":[],"items_purged_floors":[10],"is_endless":false,"potions_floor_spawned":[1,4],"killed_by":"Lagavulin","ascension_level":0}}