{"host":"mbj2cbgnaexp1bjw","time":1610695632,"event":{"mods":["BaseMod","BetterRewards","DNKmod","Dota2Spire","Friendly Minions","Grow up Mod","Highlight Path","Minty Spire (QoL Compilation)","Remove Card Discount Mod","Spicy Shops","StSLib","The Cursed"],"gold_per_floor":[1045,1045,652,664,422,422,452,527,527,537,564,564,564,606,606,709,709,720,720,645,645,655,688,688,743,743,772,799,799,833,850,850,978,978,998,1048,1048,1073,1073,1098,1098,1125,1172,1229,1229,1242,1272,1287,1287,1317,1317,1317,1317,1350,1350],"floor_reached":56,"language":"ZHS","playtime":2884,"items_purged":["TheCursedMod:Strike_TheCursed","TheCursedMod:Strike_TheCursed","TheCursedMod:Strike_TheCursed","TheCursedMod:Strike_TheCursed","TheCursedMod:Defend_TheCursed","TheCursedMod:Defend_TheCursed","TheCursedMod:Defend_TheCursed","TheCursedMod:Defend_TheCursed","TheCursedMod:Dregs","Blind","TheCursedMod:CursedWand+1","TheCursedMod:CursedBlade","TheCursedMod:CursedRelics"],"score":2492,"play_id":"fd543353-c23e-4da3-a302-986fde4ad0a0","local_time":"20210115152712","is_ascension_mode":true,"campfire_choices":[{"floor":13,"key":"RECALL"},{"floor":15,"key":"DIG"},{"data":"TheCursedMod:BlessingInDisguise+1","floor":32,"key":"PURGE"},{"floor":41,"key":"DIG"},{"floor":45,"key":"DIG"},{"floor":49,"key":"DIG"},{"floor":52,"key":"DIG"}],"circlet_count":21,"master_deck":["TheCursedMod:Dregs","TheCursedMod:Wield","TheCursedMod:ManaCirculation+1","TheCursedMod:Obscuration+1","TheCursedMod:HellfireBreathing","TheCursedMod:RapidMovement","TheCursedMod:WearCloak+1","Apotheosis+1","TheCursedMod:DemonSword+1","TheCursedMod:VoidForm+1","TheCursedMod:LuckyCharm","TheCursedMod:ManaCirculation+1","TheCursedMod:CursedBlade+1","TheCursedMod:LuckyCharm+1","TheCursedMod:NeowsMight+1","TheCursedMod:HellfireBreathing+1","TheCursedMod:WearCloak+1","TheCursedMod:HellfireBreathing+1","TheCursedMod:DemonicPact+1","TheCursedMod:CursedRelics+1","TheCursedMod:NeowsMight+1","TheCursedMod:CursedSpellbook+1","TheCursedMod:LuckyCharm+1","TheCursedMod:ManaCirculation+1","TheCursedMod:ManaCirculation+1","TheCursedMod:CursedBlade+1","TheCursedMod:NeowsMight+1","TheCursedMod:RapidMovement+1","Writhe","TheCursedMod:RapidMovement+1"],"relics":["TheCursedMod:BlackMagic101","Question Card","Potion Belt","Dota2Spire:ArcaneBoots","Dota2Spire:MonkeyKingBar","Medical Kit","FossilizedHelix","HandDrill","Vajra","InkBottle","Orrery","Bird Faced Urn","Prayer Wheel","Cauldron","Gremlin Horn","TheCursedMod:Tack","Sundial","Sling","Thread and Needle","Lantern","TheAbacus","Happy Flower","Du-Vu Doll","Pantograph","Chemical X","TheCursedMod:MagicCandle","Regal Pillow","ClockworkSouvenir","Unceasing Top","TungstenRod","CaptainsWheel","Singing Bowl","TheCursedMod:PinkPellets","Shovel","Frozen Eye","Mummified Hand","Dota2Spire:BattleFury","Lee\u0027s Waffle","Gambling Chip","Ginger","Ice Cream","Dota2Spire:OctarineCore","PreservedInsect","Juzu Bracelet","Dota2Spire:ShivaGuard","TheCursedMod:CrystalBall","WingedGreaves","Strawberry","StoneCalendar","Dota2Spire:PhaseBoots","HornCleat","Calipers","Ornamental Fan","Membership Card","Dota2Spire:EchoSabre","Bag of Marbles","Pocketwatch","TheCursedMod:SoulVessel","Boot","Dota2Spire:AssaultCuirass","Dota2Spire:Mjollnir","Matryoshka","MealTicket","Dota2Spire:PowerTreads","Peace Pipe","Dota2Spire:HandOfMidas","Incense Burner","Dota2Spire:HeartOfTarrasque","Whetstone","Mango","Shuriken","Lizard Tail","Dota2Spire:OrchidMalevolence","Bronze Scales","Dota2Spire:Butterfly","White Beast Statue","Pear","Tiny Chest","Toy Ornithopter","Centennial Puzzle","Mercury Hourglass","Bag of Preparation","Frozen Egg 2","Eternal Feather","Torii","Blue Candle","Dota2Spire:EyeOfSkadi","Molten Egg 2","Dota2Spire:DrumOfEndurance","OrangePellets","Ancient Tea Set","Dota2Spire:Satanic","War Paint","DollysMirror","Blood Vial","Pen Nib","Toxic Egg 2","Bottled Lightning","Orichalcum","Kunai","Nunchaku","Anchor","Meat on the Bone","Bottled Flame","TheCursedMod:DemonicMark","Letter Opener","Dota2Spire:BlackKingBar","Dota2Spire:LinkenSphere","Strange Spoon","Dota2Spire:EtherealBlade","Dota2Spire:Vanguard","Dota2Spire:DivineRapier","Bottled Tornado","Oddly Smooth Stone","Darkstone Periapt","Dream Catcher","Dota2Spire:Desolator","TheCursedMod:BloodyHarpoon","Dota2Spire:ShadowBlade","Dota2Spire:LotusOrb","Dota2Spire:ArmletOfMordiggian","Dota2Spire:AghanimScepter","Circlet","Fusion Hammer","Sozu"],"acts_visited":["Exordium","TheCity","TheBeyond","TheEnding"],"potions_floor_usage":[0,22],"damage_taken":[{"damage":0,"enemies":"2 Louse","floor":1,"turns":1},{"damage":0,"enemies":"Small Slimes","floor":4,"turns":1},{"damage":0,"enemies":"Lagavulin","floor":7,"turns":1},{"damage":0,"enemies":"Jaw Worm","floor":10,"turns":1},{"damage":0,"enemies":"3 Sentries","floor":11,"turns":1},{"damage":0,"enemies":"3 Louse","floor":14,"turns":1},{"damage":0,"enemies":"The Guardian","floor":16,"turns":1},{"damage":0,"enemies":"Chosen","floor":18,"turns":1},{"damage":0,"enemies":"Shell Parasite","floor":22,"turns":1},{"damage":0,"enemies":"Book of Stabbing","floor":23,"turns":1},{"damage":0,"enemies":"Slavers","floor":25,"turns":1},{"damage":0,"enemies":"Gremlin Leader","floor":27,"turns":1},{"damage":0,"enemies":"Slavers","floor":28,"turns":1},{"damage":0,"enemies":"Gremlin Leader","floor":30,"turns":1},{"damage":0,"enemies":"3 Cultists","floor":31,"turns":1},{"damage":0,"enemies":"Collector","floor":33,"turns":1},{"damage":0,"enemies":"3 Darklings","floor":35,"turns":1},{"damage":0,"enemies":"Mind Bloom Boss Battle","floor":36,"turns":1},{"damage":0,"enemies":"Reptomancer","floor":40,"turns":1},{"damage":0,"enemies":"Nemesis","floor":42,"turns":1},{"damage":0,"enemies":"Giant Head","floor":44,"turns":1},{"damage":0,"enemies":"Orb Walker","floor":46,"turns":1},{"damage":0,"enemies":"Reptomancer","floor":47,"turns":1},{"damage":0,"enemies":"3 Darklings","floor":48,"turns":1},{"damage":0,"enemies":"Awakened One","floor":50,"turns":2},{"damage":0,"enemies":"Shield and Spear","floor":54,"turns":1},{"damage":0,"enemies":"The Heart","floor":55,"turns":3}],"seed_played":"136956405015125058","potions_obtained":[{"floor":0,"key":"Dota2Spire:Clarity"},{"floor":0,"key":"AttackPotion"},{"floor":0,"key":"Dexterity Potion"},{"floor":0,"key":"Swift Potion"},{"floor":0,"key":"Fruit Juice"},{"floor":1,"key":"Dexterity Potion"},{"floor":10,"key":"DistilledChaos"},{"floor":18,"key":"TheCursedMod:DregsPotion"},{"floor":22,"key":"Fruit Juice"},{"floor":23,"key":"BlessingOfTheForge"},{"floor":27,"key":"GamblersBrew"}],"is_trial":false,"path_per_floor":["M","?","$","M","$","?","E","?","T","M","E","T","R","M","R","B",null,"M","?","?","?","M","E","T","E","T","E","E","?","E","M","R","B",null,"M","?","?","T","?","E","R","E","T","E","R","M","E","M","R","B",null,"R","$","E","B",null],"character_chosen":"THE_CURSED","items_purchased":["Question Card","Potion Belt","Dota2Spire:ArcaneBoots","Dota2Spire:MonkeyKingBar","Medical Kit","HandDrill","Vajra","InkBottle","Orrery","Cauldron","Gremlin Horn","TheCursedMod:Tack","Sundial","Sling","Lantern","TheCursedMod:HellfireBreathing","TheAbacus","Happy Flower","Pantograph","Chemical X","TheCursedMod:MagicCandle","Regal Pillow","ClockworkSouvenir","TheCursedMod:RapidMovement","TungstenRod","CaptainsWheel","Singing Bowl","TheCursedMod:WearCloak","TheCursedMod:PinkPellets","Shovel","Frozen Eye","Mummified Hand","Dota2Spire:BattleFury","Lee\u0027s Waffle","TheCursedMod:CursedBlade","Ice Cream","Dota2Spire:OctarineCore","PreservedInsect","Juzu Bracelet","TheCursedMod:CrystalBall","WingedGreaves","Strawberry","Dota2Spire:PhaseBoots","HornCleat","Ornamental Fan","Membership Card","Dota2Spire:EchoSabre","Bag of Marbles","Pocketwatch","Apotheosis","TheCursedMod:SoulVessel","Boot","Dota2Spire:Mjollnir","Matryoshka","MealTicket","Dota2Spire:PowerTreads","Dota2Spire:HandOfMidas","Incense Burner","Dota2Spire:HeartOfTarrasque","TheCursedMod:DemonSword","Whetstone","Shuriken","Lizard Tail","Dota2Spire:OrchidMalevolence","Bronze Scales","Dota2Spire:Butterfly","White Beast Statue","TheCursedMod:CursedRelics","Pear","Tiny Chest","TheCursedMod:VoidForm","Toy Ornithopter","Centennial Puzzle","Mercury Hourglass","TheCursedMod:LuckyCharm","Bag of Preparation","Frozen Egg 2","Eternal Feather","Torii","Blue Candle","Dota2Spire:EyeOfSkadi","Molten Egg 2","Dota2Spire:DrumOfEndurance","OrangePellets","Ancient Tea Set","Dota2Spire:Satanic","War Paint","DollysMirror","Blood Vial","Pen Nib","Toxic Egg 2","Bottled Lightning","TheCursedMod:BlessingInDisguise+1","Orichalcum","Kunai","Nunchaku","TheCursedMod:CursedBlade+1","Anchor","Meat on the Bone","TheCursedMod:LuckyCharm+1","TheCursedMod:NeowsMight+1","TheCursedMod:HellfireBreathing+1","Bottled Flame","TheCursedMod:WearCloak+1","TheCursedMod:HellfireBreathing+1","TheCursedMod:DemonicMark","Letter Opener","Dota2Spire:BlackKingBar","Dota2Spire:LinkenSphere","Strange Spoon","Dota2Spire:EtherealBlade","Dota2Spire:Vanguard","TheCursedMod:DemonicPact+1","TheCursedMod:CursedRelics+1","TheCursedMod:NeowsMight+1","Bottled Tornado","Oddly Smooth Stone","Darkstone Periapt","Dream Catcher","Dota2Spire:Desolator","TheCursedMod:BloodyHarpoon"],"campfire_rested":0,"item_purchase_floors":[0,0,0,0,0,0,0,0,0,0,0,0,0,0,0,0,0,0,0,0,0,0,0,0,0,0,0,0,0,0,0,0,0,0,0,0,0,0,0,0,0,0,0,0,0,0,0,0,0,0,0,0,0,0,0,0,0,0,0,0,0,0,0,0,0,0,0,0,0,0,0,0,0,0,0,0,0,0,0,0,0,0,0,0,0,0,0,0,0,0,0,0,0,0,0,0,0,0,0,0,0,0,0,0,0,0,0,0,0,0,0,0,0,0,0,3,3,3,3,5,5],"current_hp_per_floor":[188,198,208,222,232,197,225,225,235,255,270,280,305,328,338,348,358,372,382,392,402,421,433,443,455,465,475,487,497,509,521,531,543,553,567,579,591,601,617,629,639,651,661,673,683,695,707,721,731,741,751,761,771,783,793],"gold":1350,"neow_bonus":"","is_daily":false,"chose_seed":false,"campfire_upgraded":0,"win_rate":0.0,"timestamp":1610695632,"path_taken":["M","?","$","M","$","?","E","?","T","M","E","?","R","M","R","BOSS","M","?","?","?","M","E","?","E","T","E","E","?","E","M","R","BOSS","M","?","?","?","?","E","R","E","T","E","R","M","E","M","R","BOSS","R","$","E","BOSS"],"items_purchased_type":["Relic","Relic","Relic","Relic","Relic","Relic","Relic","Relic","Relic","Relic","Relic","Relic","Relic","Relic","Relic","Card","Relic","Relic","Relic","Relic","Relic","Relic","Relic","Card","Relic","Relic","Relic","Card","Relic","Relic","Relic","Relic","Relic","Relic","Card","Relic","Relic","Relic","Relic","Relic","Relic","Relic","Relic","Relic","Relic","Relic","Relic","Relic","Relic","Card","Relic","Relic","Relic","Relic","Relic","Relic","Relic","Relic","Relic","Card","Relic","Relic","Relic","Relic","Relic","Relic","Relic","Card","Relic","Relic","Card","Relic","Relic","Relic","Card","Relic","Relic","Relic","Relic","Relic","Relic","Relic","Relic","Relic","Relic","Relic","Relic","Relic","Relic","Relic","Relic","Relic","Card","Relic","Relic","Relic","Card","Relic","Relic","Card","Card","Card","Relic","Card","Card","Relic","Relic","Relic","Relic","Relic","Relic","Relic","Card","Card","Card","Relic","Relic","Relic","Relic","Relic","Relic"],"build_version":"2020-12-22","purchased_purges":13,"victory":true,"max_hp_per_floor":[188,198,208,222,232,242,252,262,272,284,294,304,314,328,338,348,358,372,382,392,402,421,433,443,455,465,475,487,497,509,521,531,543,553,567,579,591,601,617,629,639,651,661,673,683,695,707,721,731,741,751,761,771,783,793],"card_choices":[{"not_picked":["TheCursedMod:CircleOfCorruption","TheCursedMod:Evocation","TheCursedMod:SpitefulPlan"],"picked":"TheCursedMod:Wield","floor":0},{"not_picked":["TheCursedMod:Torture","TheCursedMod:AshesToAshes","TheCursedMod:WearCloak"],"picked":"TheCursedMod:ManaCirculation","floor":0},{"not_picked":["TheCursedMod:Wield","TheCursedMod:ReleasedKnowledge","TheCursedMod:SmokeScreen"],"picked":"TheCursedMod:Obscuration","floor":0},{"not_picked":["TheCursedMod:CursedShiv+1","TheCursedMod:VitalStrike+1","TheCursedMod:Wield+1","TheCursedMod:ManaBullet+1"],"picked":"Singing Bowl","floor":0},{"not_picked":["TheCursedMod:FleshFromBone","TheCursedMod:Wield+1","TheCursedMod:SmokeScreen","TheCursedMod:CircleOfFlame"],"picked":"Singing Bowl","floor":0},{"not_picked":["TheCursedMod:Torture","TheCursedMod:ManaCirculation+1","TheCursedMod:AshesToAshes","TheCursedMod:WearCloak"],"picked":"Singing Bowl","floor":0},{"not_picked":["TheCursedMod:TroublousMinions","TheCursedMod:Grudge","TheCursedMod:SurpriseAttack+1","TheCursedMod:Torture"],"picked":"Singing Bowl","floor":0},{"not_picked":["TheCursedMod:CircleOfFlame+1","TheCursedMod:FleshFromBone+1","TheCursedMod:SurpriseAttack+1","TheCursedMod:SoulReap+1"],"picked":"Singing Bowl","floor":1},{"not_picked":["TheCursedMod:CircleOfFocus+1","TheCursedMod:CursedMace+1","TheCursedMod:CursedShiv+1","TheCursedMod:Neurasthenia+1"],"picked":"Singing Bowl","floor":1},{"not_picked":["TheCursedMod:Obscuration+1","TheCursedMod:SoulCrush+1","TheCursedMod:SurpriseAttack+1","TheCursedMod:FleshFromBone+1"],"picked":"Singing Bowl","floor":4},{"not_picked":["TheCursedMod:CursedAmulet+1","TheCursedMod:SmokeScreen+1","TheCursedMod:SpitefulStrike+1","TheCursedMod:Obscuration+1"],"picked":"Singing Bowl","floor":4},{"not_picked":["TheCursedMod:Stigma+1","TheCursedMod:SmokeScreen+1","TheCursedMod:CircleOfFlame+1"],"picked":"TheCursedMod:CursedSpellbook+1","floor":7},{"not_picked":["TheCursedMod:DemonicPact+1","TheCursedMod:Grudge+1","TheCursedMod:TacticalStrike+1","TheCursedMod:Stretching+1"],"picked":"Singing Bowl","floor":10},{"not_picked":["TheCursedMod:Wield+1","TheCursedMod:CircleOfFocus+1","TheCursedMod:CursedMace+1"],"picked":"TheCursedMod:LuckyCharm+1","floor":10},{"not_picked":["TheCursedMod:BlessingInDisguise+1","TheCursedMod:WearCloak+1","TheCursedMod:CursedBlade+1"],"picked":"TheCursedMod:ManaCirculation+1","floor":11},{"not_picked":["TheCursedMod:CircleOfCorruption+1","TheCursedMod:Torture+1","TheCursedMod:CircleOfFocus+1","TheCursedMod:CursedBoomerang+1"],"picked":"Singing Bowl","floor":14},{"not_picked":["TheCursedMod:CursedAmulet+1","TheCursedMod:Stretching+1","TheCursedMod:SoulCrush+1","TheCursedMod:AbyssShockwave+1"],"picked":"Singing Bowl","floor":14},{"not_picked":["TheCursedMod:NeowsMight+1","TheCursedMod:ParallelWorld+1","TheCursedMod:UltimatePain+1"],"picked":"TheCursedMod:ManaCirculation+1","floor":16},{"not_picked":["TheCursedMod:DoubleShield+1","TheCursedMod:SpitefulPlan+1","TheCursedMod:CursedAmulet+1","TheCursedMod:CircleOfWindfury+1"],"picked":"Singing Bowl","floor":18},{"not_picked":["TheCursedMod:EmpowerCircles+1","TheCursedMod:Wield+1","TheCursedMod:CursedBlade+1","TheCursedMod:WearCloak+1"],"picked":"Singing Bowl","floor":18},{"not_picked":["TheCursedMod:CircleOfAmplification+1","TheCursedMod:Stigma+1","TheCursedMod:CircleOfFlame+1","TheCursedMod:CircleOfBlood+1"],"picked":"Singing Bowl","floor":22},{"not_picked":["TheCursedMod:WearCloak+1","TheCursedMod:SpitefulStrike+1","TheCursedMod:Wield+1","TheCursedMod:VitalStrike+1"],"picked":"Singing Bowl","floor":22},{"not_picked":["TheCursedMod:DemonSword+1","TheCursedMod:CircleOfAmplification+1","TheCursedMod:SpitefulStrike+1","TheCursedMod:CursedBlade+1"],"picked":"Singing Bowl","floor":23},{"not_picked":["TheCursedMod:Wield+1","TheCursedMod:CursedSpellbook+1","TheCursedMod:SaltUponWound+1","TheCursedMod:Mangle+1"],"picked":"Singing Bowl","floor":25},{"not_picked":["TheCursedMod:CursedBoomerang+1","TheCursedMod:CursedShiv+1","TheCursedMod:WearCloak+1"],"picked":"TheCursedMod:NeowsMight+1","floor":27},{"not_picked":["TheCursedMod:CursedBoomerang+1","TheCursedMod:SpitefulStrike+1","TheCursedMod:CircleOfFlame+1","TheCursedMod:SoulReap+1"],"picked":"Singing Bowl","floor":28},{"not_picked":["TheCursedMod:CursedBoomerang+1","TheCursedMod:CircleOfFocus+1","TheCursedMod:CircleOfCorruption+1","TheCursedMod:SurpriseAttack+1"],"picked":"Singing Bowl","floor":30},{"not_picked":["TheCursedMod:Torture+1","TheCursedMod:BloodBarrier+1","TheCursedMod:Stigma+1","TheCursedMod:CircleOfFlame+1"],"picked":"Singing Bowl","floor":31},{"not_picked":["TheCursedMod:SoulCrush+1","TheCursedMod:Grudge+1","TheCursedMod:BlessingInDisguise+1"],"picked":"TheCursedMod:RapidMovement+1","floor":31},{"not_picked":["TheCursedMod:ShockAndAwe+1","TheCursedMod:DarkBarrier+1","TheCursedMod:ParallelWorld+1","TheCursedMod:DemonSword+1"],"picked":"Singing Bowl","floor":33},{"not_picked":["TheCursedMod:SaltUponWound+1","TheCursedMod:CursedBlade+1","TheCursedMod:Torture+1","TheCursedMod:SurpriseAttack+1"],"picked":"Singing Bowl","floor":35},{"not_picked":["TheCursedMod:CursedMace+1","TheCursedMod:CircleOfBlood+1","TheCursedMod:DoubleShield+1","TheCursedMod:Mangle+1"],"picked":"Singing Bowl","floor":35},{"not_picked":["TheCursedMod:CircleOfWindfury+1","TheCursedMod:FleshFromBone+1","TheCursedMod:Torture+1","TheCursedMod:CircleOfFlame+1"],"picked":"Singing Bowl","floor":36},{"not_picked":["Sadistic Nature+1","Violence+1","Bandage Up+1","Good Instincts+1"],"picked":"Singing Bowl","floor":37},{"not_picked":["TheCursedMod:VitalStrike+1","TheCursedMod:DoubleShield+1","TheCursedMod:Stretching+1","TheCursedMod:Evocation+1"],"picked":"Singing Bowl","floor":40},{"not_picked":["TheCursedMod:SmokeScreen+1","TheCursedMod:TacticalStrike+1","TheCursedMod:CircleOfFlame+1","TheCursedMod:Hemoplague+1"],"picked":"Singing Bowl","floor":42},{"not_picked":["TheCursedMod:WearCloak+1","TheCursedMod:CircleOfAbyss+1","TheCursedMod:Evocation+1","TheCursedMod:CircleOfAmplification+1"],"picked":"Singing Bowl","floor":44},{"not_picked":["TheCursedMod:CursedMace+1","TheCursedMod:CursedBlade+1","TheCursedMod:Stretching+1","TheCursedMod:CircleOfBlood+1"],"picked":"Singing Bowl","floor":46},{"not_picked":["TheCursedMod:CursedSpellbook+1","TheCursedMod:SoulReap+1","TheCursedMod:CursedBoomerang+1"],"picked":"TheCursedMod:RapidMovement+1","floor":46},{"not_picked":["TheCursedMod:DemonicPact+1","TheCursedMod:SurpriseAttack+1","TheCursedMod:Wield+1","TheCursedMod:SmokeScreen+1"],"picked":"Singing Bowl","floor":47},{"not_picked":["TheCursedMod:Hemoplague+1","TheCursedMod:Mangle+1","TheCursedMod:TacticalStrike+1","TheCursedMod:CircleOfWindfury+1"],"picked":"Singing Bowl","floor":48},{"not_picked":["TheCursedMod:SpitefulStrike+1","TheCursedMod:ShockAndAwe+1","TheCursedMod:CircleOfCorruption+1","TheCursedMod:HellsGateOpen+1"],"picked":"Singing Bowl","floor":48},{"not_picked":["TheCursedMod:RapidMovement+1","TheCursedMod:BloodBarrier+1","TheCursedMod:CursedBlade+1","TheCursedMod:SpitefulStrike+1"],"picked":"Singing Bowl","floor":54}],"player_experience":93543,"relics_obtained":[{"floor":7,"key":"Dota2Spire:ShadowBlade"},{"floor":9,"key":"Dota2Spire:LotusOrb"},{"floor":11,"key":"Dota2Spire:ArmletOfMordiggian"},{"floor":12,"key":"Dota2Spire:AghanimScepter"},{"floor":15,"key":"Circlet"},{"floor":23,"key":"Circlet"},{"floor":24,"key":"Circlet"},{"floor":25,"key":"Circlet"},{"floor":26,"key":"Circlet"},{"floor":27,"key":"Circlet"},{"floor":28,"key":"Circlet"},{"floor":30,"key":"Circlet"},{"floor":36,"key":"Circlet"},{"floor":38,"key":"Circlet"},{"floor":40,"key":"Circlet"},{"floor":41,"key":"Circlet"},{"floor":42,"key":"Circlet"},{"floor":43,"key":"Circlet"},{"floor":44,"key":"Circlet"},{"floor":45,"key":"Circlet"},{"floor":47,"key":"Circlet"},{"floor":49,"key":"Circlet"},{"floor":52,"key":"Circlet"},{"floor":54,"key":"Circlet"}],"event_choices":[{"damage_healed":0,"gold_gain":0,"player_choice":"Box","damage_taken":0,"relics_obtained":["Dota2Spire:DivineRapier"],"max_hp_gain":0,"max_hp_loss":0,"event_name":"Big Fish","floor":2,"gold_loss":0,"cards_obtained":["Regret"]},{"damage_healed":0,"gold_gain":0,"player_choice":"Entered Light","damage_taken":46,"max_hp_gain":0,"max_hp_loss":0,"event_name":"Shining Light","floor":6,"gold_loss":0,"cards_upgraded":["TheCursedMod:Obscuration","TheCursedMod:VoidForm"]},{"damage_healed":0,"gold_gain":75,"player_choice":"Gather Gold","damage_taken":11,"max_hp_gain":0,"max_hp_loss":0,"event_name":"World of Goop","floor":8,"gold_loss":0},{"damage_healed":0,"gold_gain":0,"player_choice":"Opened","damage_taken":0,"relics_obtained":["Circlet"],"max_hp_gain":0,"max_hp_loss":0,"event_name":"The Mausoleum","floor":19,"gold_loss":0},{"cards_removed":["Regret"],"damage_healed":0,"gold_gain":0,"player_choice":"Gave Gold","damage_taken":0,"max_hp_gain":0,"max_hp_loss":0,"event_name":"Beggar","floor":20,"gold_loss":75},{"damage_healed":0,"gold_gain":0,"player_choice":"Copied","damage_taken":0,"max_hp_gain":0,"max_hp_loss":0,"event_name":"Duplicator","floor":21,"gold_loss":0,"cards_obtained":["TheCursedMod:CursedBlade"]},{"damage_healed":0,"gold_gain":0,"player_choice":"Simplicity","damage_taken":0,"max_hp_gain":0,"max_hp_loss":0,"event_name":"Back to Basics","floor":29,"gold_loss":0,"cards_upgraded":[]},{"damage_healed":0,"gold_gain":0,"player_choice":"Fight","damage_taken":0,"max_hp_gain":0,"max_hp_loss":0,"event_name":"MindBloom","floor":36,"gold_loss":0},{"damage_healed":0,"gold_gain":0,"player_choice":"Memory 1","damage_taken":0,"max_hp_gain":0,"max_hp_loss":0,"event_name":"SensoryStone","floor":37,"gold_loss":0},{"damage_healed":150,"gold_gain":0,"player_choice":"Writhe","damage_taken":0,"max_hp_gain":0,"max_hp_loss":0,"event_name":"Winding Halls","floor":39,"gold_loss":0,"cards_obtained":["Writhe"]}],"is_beta":false,"boss_relics":[{"not_picked":["Snecko Eye","Ectoplasm"],"picked":"Fusion Hammer"},{"not_picked":["Black Star","SlaversCollar"],"picked":"Sozu"}],"items_purged_floors":[0,0,0,0,0,0,0,0,0,0,0,0,0],"is_endless":false,"potions_floor_spawned":[1,4,7,10,11,14,16,18,22,23,25,27,28,30,31,33,35,36,40,42,44,46,47,48,54],"ascension_level":6}}