{"host":"7jl4uf745pjtflnx","time":1610675380,"event":{"mods":["BaseMod","BetterRewards","Hubris","Minty Spire (QoL Compilation)","Replay The Spire","StSLib","SuperFastMode","The Construct"],"gold_per_floor":[119,195,212,226,4,32,44,70,105,117,163,211,223,261,273,361,373,401,413,32,55,78,111,111,149,223,70,70,87,14,33,33,112,112,131,143,155,155,155,155,194,198,198],"floor_reached":42,"language":"ENG","playtime":2345,"items_purged":["Injury","Strike_B","Strike_B","Strike_B","ReplayTheSpireMod:Splinters"],"score":1126,"play_id":"89e69936-c3be-4d24-b21f-c5df41922b11","local_time":"20210114204940","is_ascension_mode":true,"campfire_choices":[{"floor":7,"key":"REST"},{"floor":15,"key":"REST"},{"data":"Defragment","floor":24,"key":"SMITH"},{"floor":28,"key":"REST"},{"floor":32,"key":"REST"},{"floor":40,"key":"RECALL"}],"circlet_count":0,"master_deck":["AscendersBane","Strike_B","Defend_B","Defend_B","Defend_B","Defend_B","Zap","Dualcast","Core Surge+1","Heatsinks","Chill","Redo","Storm","Coolheaded","FTL","Hello World","Coolheaded","Defragment+1","Self Repair","ReplayTheSpireMod:System Scan","Glacier","Cold Snap","Creative AI+1","Defragment","Defragment","Conserve Battery","Barrage","Fusion","Coolheaded","Barrage","Self Repair","Hologram+1","ReplayRNGCard+1","Glacier+1","hubris:EnhanceAbility","hubris:Despair","Parasite"],"relics":["Cracked Core","ReplayTheSpireMod:CursedCoin","Quantum Egg","PreservedInsect","hubris:BallOfYels","DataDisk","Replay:Bandana","Runic Capacitor","MawBank","WingedGreaves","Tiny Chest","ReplayFunnel","SlaversCollar","Strawberry","Girya","Replay:Accelerometer","Toxic Egg 2","Guide Book","Replay:Grab Bag","Busted Crown","Cursed Key","Replay:Drink Me","hubris:MysteriousPyramids"],"acts_visited":["Exordium","TheCity","TheBeyond"],"potions_floor_usage":[6,16,22],"damage_taken":[{"damage":1,"enemies":"Small Slimes","floor":1,"turns":4},{"damage":0,"enemies":"2 Louse","floor":3,"turns":2},{"damage":0,"enemies":"Cultist","floor":4,"turns":4},{"damage":0,"enemies":"Gremlin Nob","floor":6,"turns":2},{"damage":10,"enemies":"2 Fungi Beasts","floor":8,"turns":4},{"damage":10,"enemies":"Lagavulin","floor":11,"turns":4},{"damage":11,"enemies":"3 Sentries","floor":12,"turns":5},{"damage":0,"enemies":"Exordium Thugs","floor":14,"turns":3},{"damage":3,"enemies":"Hexaghost","floor":16,"turns":9},{"damage":17,"enemies":"3 Byrds","floor":18,"turns":4},{"damage":6,"enemies":"Chosen","floor":21,"turns":5},{"damage":14,"enemies":"Snake Plant","floor":22,"turns":8},{"damage":3,"enemies":"Replay:Snechameleon","floor":23,"turns":8},{"damage":52,"enemies":"Book of Stabbing","floor":25,"turns":5},{"damage":1,"enemies":"Centurion and Healer","floor":29,"turns":7},{"damage":18,"enemies":"Chosen and Byrds","floor":31,"turns":7},{"damage":11,"enemies":"Automaton","floor":33,"turns":8},{"damage":54,"enemies":"3 Shapes","floor":35,"turns":6},{"damage":0,"enemies":"Orb Walker","floor":36,"turns":8},{"damage":9,"enemies":"Spire Growth","floor":37,"turns":7},{"damage":28,"enemies":"Transient","floor":41,"turns":5},{"damage":26,"enemies":"Writhing Mass","floor":42,"turns":7}],"seed_played":"-3232624416305862325","potions_obtained":[{"floor":1,"key":"FocusPotion"},{"floor":4,"key":"Dexterity Potion"},{"floor":8,"key":"Block Potion"},{"floor":18,"key":"DistilledChaos"},{"floor":22,"key":"Dexterity Potion"},{"floor":31,"key":"FocusPotion"}],"is_trial":false,"path_per_floor":["M","?","M","M","$","E","R","M","T","?","E","E","$","M","R","B",null,"M","?","$","M","M","E","R","E","T","$","R","M","$","M","R","B",null,"M","M","M","?","T","R","M","M"],"character_chosen":"DEFECT","items_purchased":["ReplayTheSpireMod:CursedCoin","Quantum Egg","FIFO Queue","Good Instincts","PreservedInsect","Core Surge","hubris:BallOfYels","Heatsinks","Chill","Redo","Storm","Coolheaded","DataDisk","FTL","Self Repair","Runic Capacitor","Defragment","Strawberry","Guide Book","Self Repair"],"campfire_rested":4,"item_purchase_floors":[0,0,0,0,0,0,0,0,0,0,0,0,0,0,5,5,20,20,27,30],"current_hp_per_floor":[21,21,21,21,21,28,49,39,39,32,29,25,25,25,46,50,66,56,56,63,57,50,54,54,9,9,9,32,38,38,34,57,60,59,12,26,31,31,31,31,17,0,0],"gold":198,"neow_bonus":"","is_daily":false,"chose_seed":false,"campfire_upgraded":1,"win_rate":0.0,"timestamp":1610675380,"path_taken":["M","?","M","?","$","E","R","M","T","?","E","E","$","M","R","BOSS","M","?","$","M","M","E","R","E","T","?","R","M","$","M","R","BOSS","M","M","M","?","?","R","M","?"],"items_purchased_type":["Relic","Relic","Card","Card","Relic","Card","Relic","Card","Card","Card","Card","Card","Relic","Card","Card","Relic","Card","Relic","Relic","Card"],"build_version":"2020-12-22","purchased_purges":5,"victory":false,"max_hp_per_floor":[71,71,71,71,71,71,71,71,71,71,71,71,71,71,71,71,71,71,71,78,78,78,78,78,78,78,78,78,78,78,78,78,78,59,59,59,59,59,59,59,59,59,59],"card_choices":[{"not_picked":["Turbo","Beam Cell"],"picked":"Hello World","floor":1},{"not_picked":["Steam Power","Panic Button"],"picked":"Coolheaded","floor":2},{"not_picked":["BasicCrystalCard","Recycle"],"picked":"Defragment","floor":2},{"not_picked":["Skim","Sweeping Beam"],"picked":"Tempest","floor":3},{"not_picked":["Gash","Go for the Eyes","Stack"],"picked":"SKIP","floor":4},{"not_picked":["Beam Cell","hubris:Prefetch"],"picked":"ReplayTheSpireMod:System Scan","floor":6},{"not_picked":["Tempest","Steam"],"picked":"Glacier","floor":8},{"not_picked":["Genetic Algorithm","Barrage"],"picked":"Cold Snap","floor":11},{"not_picked":["ReplaySort","hubris:DoWhile","Leap"],"picked":"SKIP","floor":12},{"not_picked":["ReplaySort","hubris:DoWhile","Leap"],"picked":"SKIP","floor":12},{"not_picked":["Leap","Steam Power","Chaos"],"picked":"SKIP","floor":14},{"not_picked":["Biased Cognition","Hyperbeam"],"picked":"Creative AI","floor":16},{"not_picked":["ReplayTheSpireMod:Reroute Power","Redo","Gash"],"picked":"SKIP","floor":18},{"not_picked":["Coolheaded","ReplayTheSpireMod:Repulse"],"picked":"Conserve Battery","floor":21},{"not_picked":["Glacier","Redo"],"picked":"Barrage","floor":22},{"not_picked":["Melter","Hologram"],"picked":"Fusion","floor":23},{"not_picked":["Core Surge","Compile Driver"],"picked":"Coolheaded","floor":25},{"not_picked":["Ball Lightning","Turbo+1"],"picked":"Barrage","floor":29},{"not_picked":["Steam+1","Ball Lightning"],"picked":"Hologram+1","floor":31},{"not_picked":["Reboot+1","All For One"],"picked":"ReplayRNGCard+1","floor":33},{"not_picked":["Hologram+1"],"picked":"SKIP","floor":35},{"not_picked":[],"picked":"Glacier+1","floor":36},{"not_picked":["Tempest+1"],"picked":"SKIP","floor":37},{"not_picked":[],"picked":"hubris:EnhanceAbility","floor":38},{"not_picked":["Cold Snap"],"picked":"SKIP","floor":41}],"player_experience":712564,"relics_obtained":[{"floor":2,"key":"Replay:Bandana"},{"floor":6,"key":"MawBank"},{"floor":11,"key":"Tiny Chest"},{"floor":12,"key":"ReplayFunnel"},{"floor":23,"key":"Girya"},{"floor":25,"key":"Replay:Accelerometer"},{"floor":26,"key":"Toxic Egg 2"},{"floor":39,"key":"hubris:MysteriousPyramids"}],"event_choices":[{"damage_healed":0,"gold_gain":0,"player_choice":"Success","damage_taken":7,"relics_obtained":["WingedGreaves"],"max_hp_gain":0,"max_hp_loss":0,"event_name":"Scrap Ooze","floor":10,"gold_loss":0},{"damage_healed":0,"gold_gain":0,"player_choice":"Copied","damage_taken":0,"max_hp_gain":0,"max_hp_loss":0,"event_name":"Duplicator","floor":19,"gold_loss":0,"cards_obtained":["Defragment"]},{"damage_healed":0,"gold_gain":0,"player_choice":"Memory 1","damage_taken":0,"max_hp_gain":0,"max_hp_loss":0,"event_name":"SensoryStone","floor":38,"gold_loss":0}],"is_beta":false,"boss_relics":[{"not_picked":["Fusion Hammer","hubris:BlackHole"],"picked":"SlaversCollar"},{"not_picked":["hubris:TerracottaHorce","Black Star"],"picked":"Replay:Grab Bag"},{"not_picked":["Painkiller Herb","Philosopher\u0027s Stone"],"picked":"Busted Crown"},{"not_picked":["hubris:GrandSneckoEye","Replay:Bronze Core"],"picked":"Cursed Key"},{"not_picked":["Nuclear Battery","hubris:ScarierMask"],"picked":"Replay:Drink Me"}],"items_purged_floors":[0,0,0,0,20],"is_endless":false,"potions_floor_spawned":[1,4,8,12,14,18,21,22,31,33,36],"killed_by":"Writhing Mass","ascension_level":14}}