{"host":"9jj9tzo2iym4bpat","time":1610680905,"event":{"mods":["Act Like it!","BaseMod","CapriCore","Colored Map","Dark Map","Luminous","Marisa????????","Minty Spire (QoL Compilation)","Permanent Neow","Replay The Spire","StSLib","Td1madao Mod","The Animator","The Immortal","The Marked","The Servant 0.9.4","Yakumo Yukari mod"],"gold_per_floor":[113,3,3,3,18,18,47,47,70,80,93,112,112,137,137,258,258,252,27,41,41,64,64,82,117,117,117,117,135,36,36,36,36,36],"floor_reached":33,"language":"ENG","playtime":3198,"items_purged":["Voices"],"score":317,"play_id":"c0eb4cdf-dfc5-4e29-ae69-15e53cdb3d40","local_time":"20210114212145","is_ascension_mode":false,"campfire_choices":[{"data":"Prostrate","floor":6,"key":"SMITH"},{"floor":8,"key":"REST"},{"floor":15,"key":"DIG"},{"floor":23,"key":"REST"},{"floor":27,"key":"REST"},{"floor":32,"key":"REST"}],"circlet_count":0,"master_deck":["Strike_P","Strike_P","Strike_P","Defend_P","Defend_P","Defend_P","Eruption","Vigilance","Protect","SandsOfTime+1","Prostrate+1","Crescendo","CrushJoints","Replay:BluntJabs","FlyingSleeves","Halt","Wallop+1","Injury","LessonLearned+1","Clumsy","Writhe","Replay:Battleflow","BattleHymn+1","Replay:AtTheReady","Blasphemy+1","Consecrate","BowlingBash+1","FlurryOfBlows","FlyingSleeves","EmptyBody","Prostrate+1","Collect"],"relics":["PureWater","NeowsBlessing","Vajra","Dream Catcher","Akabeko","Golden Idol","Golden Egg","Replay:Ancient Bell","Replay:Rubber Ducky","Matryoshka","Shovel","Omamori","Bird Faced Urn","Darkstone Periapt","Sundial","CultistMask","Singing Bowl","FossilizedHelix"],"acts_visited":["Exordium","TheCity"],"potions_floor_usage":[16,16,16,24,25,33],"damage_taken":[{"damage":0,"enemies":"Small Slimes","floor":1,"turns":1},{"damage":0,"enemies":"Jaw Worm","floor":5,"turns":1},{"damage":0,"enemies":"3 Sentries","floor":7,"turns":2},{"damage":0,"enemies":"Cultist","floor":10,"turns":2},{"damage":0,"enemies":"Looter","floor":11,"turns":2},{"damage":14,"enemies":"Lots of Slimes","floor":12,"turns":5},{"damage":0,"enemies":"2 Fungi Beasts","floor":14,"turns":2},{"damage":38,"enemies":"The Guardian","floor":16,"turns":4},{"damage":27,"enemies":"2 Thieves","floor":18,"turns":4},{"damage":21,"enemies":"Shell Parasite","floor":20,"turns":4},{"damage":23,"enemies":"3 Cultists","floor":22,"turns":5},{"damage":12,"enemies":"Centurion and Healer","floor":24,"turns":2},{"damage":0,"enemies":"Book of Stabbing","floor":25,"turns":4},{"damage":7,"enemies":"Sentry and Sphere","floor":29,"turns":3},{"damage":52,"enemies":"Champ","floor":33,"turns":10}],"seed_played":"570301055460907156","potions_obtained":[{"floor":11,"key":"LiquidBronze"},{"floor":12,"key":"BottledMiracle"},{"floor":14,"key":"BlessingOfTheForge"},{"floor":22,"key":"PowerPotion"},{"floor":24,"key":"Swift Potion"},{"floor":29,"key":"Ancient Potion"}],"is_trial":false,"path_per_floor":["M","$","?","?","M","R","E","R","T","M","M","M","?","M","R_BF","B",null,"M","$","M","?","M","R","M","E","T","R","?","M","$","T","R","B"],"character_chosen":"WATCHER","items_purchased":["SandsOfTime+1","Prostrate","Omamori","BattleHymn","Prostrate"],"campfire_rested":4,"item_purchase_floors":[2,2,19,19,30],"current_hp_per_floor":[72,72,69,69,69,69,69,72,72,72,72,58,58,58,58,20,72,45,45,24,24,1,22,10,10,10,31,31,26,26,26,47,0,0],"gold":36,"neow_bonus":"THREE_ENEMY_KILL","is_daily":false,"chose_seed":false,"campfire_upgraded":1,"win_rate":0.0,"timestamp":1610680905,"path_taken":["M","$","?","?","M","R","E","R","T","?","M","M","?","M","R_BF","BOSS","M","$","M","?","M","R","?","E","T","R","?","M","$","?","R","BOSS"],"items_purchased_type":["Card","Card","Relic","Card","Card"],"build_version":"2020-12-22","purchased_purges":1,"victory":false,"max_hp_per_floor":[72,72,72,72,72,72,72,72,72,72,72,72,72,72,72,72,72,72,72,72,72,72,72,72,72,72,72,72,72,72,72,72,72,72],"card_choices":[{"not_picked":["JustLucky","Replay:ManipulateFuture"],"picked":"Protect","floor":1},{"not_picked":["Wireheading","EmptyMind"],"picked":"Crescendo","floor":5},{"not_picked":["SignatureMove","Fasting2"],"picked":"CrushJoints","floor":7},{"not_picked":["SignatureMove","Replay:Cycle"],"picked":"Replay:BluntJabs","floor":8},{"not_picked":["WreathOfFlame","Tantrum"],"picked":"FlyingSleeves","floor":10},{"not_picked":["EmptyBody","EmptyFist"],"picked":"Halt","floor":11},{"not_picked":["JustLucky","Study"],"picked":"Wallop","floor":12},{"not_picked":["Crescendo","CutThroughFate","Weave"],"picked":"SKIP","floor":14},{"not_picked":["Vault","Devotion"],"picked":"LessonLearned","floor":16},{"not_picked":["Shame","Doubt"],"picked":"Clumsy","floor":17},{"not_picked":["Pain","Languid"],"picked":"Voices","floor":17},{"not_picked":["CommonCold","Decay"],"picked":"Writhe","floor":17},{"not_picked":["InnerPeace","EmptyFist"],"picked":"Replay:Battleflow","floor":18},{"not_picked":["Replay:Battleflow","CrushJoints"],"picked":"Replay:AtTheReady","floor":20},{"not_picked":["PathToVictory","Swivel"],"picked":"Consecrate","floor":22},{"not_picked":["EmptyMind","ClearTheMind+1"],"picked":"BowlingBash+1","floor":23},{"not_picked":["ClearTheMind","EmptyMind+1"],"picked":"FlurryOfBlows","floor":24},{"not_picked":["CrushJoints","Swivel"],"picked":"FlyingSleeves","floor":25},{"not_picked":["Omniscience","Fasting2"],"picked":"EmptyBody","floor":29},{"not_picked":["Nirvana+1","SashWhip+1"],"picked":"Collect","floor":32}],"player_experience":249621,"relics_obtained":[{"floor":7,"key":"Dream Catcher"},{"floor":9,"key":"Akabeko"},{"floor":15,"key":"Golden Egg"},{"floor":25,"key":"Bird Faced Urn"},{"floor":26,"key":"Darkstone Periapt"},{"floor":26,"key":"Sundial"},{"floor":31,"key":"Singing Bowl"},{"floor":31,"key":"FossilizedHelix"}],"event_choices":[{"damage_healed":0,"gold_gain":0,"player_choice":"Success","damage_taken":3,"relics_obtained":["Vajra"],"max_hp_gain":0,"max_hp_loss":0,"event_name":"Scrap Ooze","floor":3,"gold_loss":0},{"cards_removed":["Defend_P"],"damage_healed":0,"gold_gain":0,"player_choice":"Offered Basic","damage_taken":0,"max_hp_gain":0,"max_hp_loss":0,"event_name":"Bonfire Elementals","floor":4,"gold_loss":0},{"damage_healed":0,"gold_gain":0,"player_choice":"Take Wound","damage_taken":0,"relics_obtained":["Golden Idol"],"max_hp_gain":0,"max_hp_loss":0,"event_name":"Golden Idol","floor":13,"gold_loss":0,"cards_obtained":["Injury"]},{"damage_healed":0,"gold_gain":0,"cards_transformed":["Strike_P"],"player_choice":"Transformed","damage_taken":0,"max_hp_gain":0,"max_hp_loss":0,"event_name":"Transmorgrifier","floor":21,"gold_loss":0,"cards_obtained":["Blasphemy"]},{"damage_healed":0,"gold_gain":0,"player_choice":"Trade","damage_taken":0,"relics_obtained":["CultistMask"],"max_hp_gain":0,"max_hp_loss":0,"event_name":"FaceTrader","floor":28,"gold_loss":0}],"is_beta":false,"boss_relics":[{"not_picked":["Replay:Grab Bag","Honey Jar"],"picked":"Replay:Ancient Bell"},{"not_picked":["Smiling Mask","Bag of Marbles"],"picked":"Replay:Rubber Ducky"},{"not_picked":["Replay:Bottled Eggs","Replay:Bottled Snecko"],"picked":"Matryoshka"},{"not_picked":["Unceasing Top","Replay:Kaleidoscope"],"picked":"Shovel"}],"items_purged_floors":[30],"is_endless":false,"potions_floor_spawned":[11,12,14,22,24,29],"killed_by":"Champ","ascension_level":0}}