{"host":"vfg9szunmpjwj08o","time":1610729436,"event":{"mods":["Act Like it!","BaseMod","Challenge The Spire","Colored Map","Colored Powertips","Conspire","Dark Map","Fox Events","Minty Spire (QoL Compilation)","Relic Stats","StSLib","Waifu the Spire"],"gold_per_floor":[109,164,164,55,70,70,104,134,302,302,302],"floor_reached":10,"language":"ENG","playtime":234,"items_purged":[],"score":175,"play_id":"fdc54724-d09c-4769-89ec-d37c1dab0df3","local_time":"20210115175036","is_ascension_mode":true,"campfire_choices":[{"data":"Zap","floor":6,"key":"SMITH"}],"circlet_count":0,"master_deck":["AscendersBane","conspire:GhostlyStrike","conspire:GhostlyStrike","conspire:GhostlyStrike","conspire:GhostlyStrike","conspire:GhostlyDefend","conspire:GhostlyDefend","conspire:GhostlyDefend","conspire:GhostlyDefend","Zap+1","Dualcast","Go for the Eyes","Self Repair","Compile Driver","Scrape","Gash","Seek","Coolheaded"],"relics":["Cracked Core","NeowsBlessing","foxEvents:LuckyCharm","Shovel","Odd Mushroom","Letter Opener"],"acts_visited":["Exordium"],"potions_floor_usage":[7,10],"damage_taken":[{"damage":0,"enemies":"Jaw Worm","floor":1,"turns":1},{"damage":0,"enemies":"Colosseum Slavers","floor":2,"turns":1},{"damage":0,"enemies":"2 Louse","floor":5,"turns":1},{"damage":30,"enemies":"3 Sentries","floor":7,"turns":6},{"damage":17,"enemies":"The Mushroom Lair","floor":8,"turns":4},{"damage":34,"enemies":"Gremlin Nob","floor":10,"turns":3}],"seed_played":"4528414353920079627","potions_obtained":[{"floor":5,"key":"Fire Potion"},{"floor":8,"key":"SkillPotion"}],"is_trial":false,"path_per_floor":["M","?","?","$","M","R","E","?","T","E"],"character_chosen":"DEFECT","items_purchased":["Compile Driver","Scrape"],"campfire_rested":0,"item_purchase_floors":[4,4],"current_hp_per_floor":[64,64,64,64,64,64,34,24,24,0,0],"gold":302,"neow_bonus":"THREE_ENEMY_KILL","is_daily":false,"chose_seed":false,"campfire_upgraded":1,"win_rate":0.0,"timestamp":1610729436,"path_taken":["M","?","?","$","M","R","E","?","T","E"],"items_purchased_type":["Card","Card"],"build_version":"2020-12-22","purchased_purges":0,"victory":false,"max_hp_per_floor":[71,71,71,71,71,71,71,71,71,71,71],"relic_stats":{"Shovel":0,"counters":[6,16],"Letter Opener":[0],"obtain_stats":[{"Shovel":7,"NeowsBlessing":0,"foxEvents:LuckyCharm":2,"Letter Opener":9,"Odd Mushroom":8,"Cracked Core":0},{"Shovel":4,"NeowsBlessing":0,"foxEvents:LuckyCharm":2,"Letter Opener":5,"Odd Mushroom":5,"Cracked Core":0},{"Shovel":9,"NeowsBlessing":0,"foxEvents:LuckyCharm":2,"Letter Opener":13,"Odd Mushroom":13,"Cracked Core":0}]},"card_choices":[{"not_picked":["Sweeping Beam","Cold Snap"],"picked":"Go for the Eyes","floor":1},{"not_picked":["Steam","conspire:Rain"],"picked":"Self Repair","floor":2},{"not_picked":["Scrape","Rebound"],"picked":"Gash","floor":5},{"not_picked":["Gash","Rebound"],"picked":"Seek","floor":7},{"not_picked":["Go for the Eyes","Reprogram"],"picked":"Coolheaded","floor":8}],"player_experience":1068673,"relics_obtained":[{"floor":2,"key":"foxEvents:LuckyCharm"},{"floor":7,"key":"Shovel"},{"floor":8,"key":"Odd Mushroom"},{"floor":9,"key":"Letter Opener"}],"event_choices":[{"damage_healed":0,"gold_gain":0,"player_choice":"Agree","damage_taken":0,"max_hp_gain":0,"max_hp_loss":0,"event_name":"conspire:LoneGhost","floor":3,"gold_loss":0},{"damage_healed":0,"gold_gain":0,"player_choice":"Fought Mushrooms","damage_taken":0,"max_hp_gain":0,"max_hp_loss":0,"event_name":"Mushrooms","floor":8,"gold_loss":0}],"is_beta":false,"boss_relics":[],"items_purged_floors":[],"is_endless":false,"potions_floor_spawned":[5,8],"killed_by":"Gremlin Nob","ascension_level":19}}