{"host":"vje6bedaj0fhalec","time":1610691741,"event":{"mods":["Act Like it!","BaseMod","Minty Spire (QoL Compilation)","Quick Restart","StSLib"],"gold_per_floor":[116,116,136,136,136,168,180,37,60,95,20,48,48,66,66,166,166,166,166],"floor_reached":18,"language":"ZHS","playtime":595,"items_purged":["Strike_G"],"score":233,"play_id":"1bc23d48-27b4-443b-b6ad-ff84fe1e84c6","local_time":"20210115142221","is_ascension_mode":true,"campfire_choices":[{"data":"Bane","floor":15,"key":"SMITH"}],"circlet_count":0,"master_deck":["Strike_G","Strike_G","Strike_G","Defend_G","Defend_G","Defend_G","Defend_G","Defend_G","Survivor","Neutralize+1","Deadly Poison+1","Footwork","Acrobatics+1","Unload","Tools of the Trade","Bane+1","Acrobatics","Adrenaline"],"relics":["Ring of the Snake","NeowsBlessing","Nunchaku","Pantograph","TwistedFunnel","War Paint","Bottled Lightning","Boot","Ectoplasm"],"acts_visited":["Exordium","TheCity"],"potions_floor_usage":[],"damage_taken":[{"damage":0.0,"enemies":"Jaw Worm","floor":1.0,"turns":1.0},{"damage":0.0,"enemies":"Cultist","floor":3.0,"turns":1.0},{"damage":0,"enemies":"Lagavulin","floor":6,"turns":1},{"damage":2,"enemies":"2 Louse","floor":7,"turns":3},{"damage":15,"enemies":"Gremlin Nob","floor":10,"turns":4},{"damage":13,"enemies":"3 Sentries","floor":12,"turns":8},{"damage":8,"enemies":"Large Slime","floor":14,"turns":4},{"damage":34,"enemies":"The Guardian","floor":16,"turns":8},{"damage":0,"enemies":"2 Thieves","floor":18,"turns":1}],"seed_played":"-7646497503517362099","potions_obtained":[{"floor":3.0,"key":"Swift Potion"},{"floor":7,"key":"DuplicationPotion"},{"floor":14,"key":"SpeedPotion"}],"is_trial":false,"path_per_floor":["M","?","M","?","?","E","M","$","T","E","$","E","?","M","R","B",null,"M"],"character_chosen":"THE_SILENT","items_purchased":["TwistedFunnel"],"campfire_rested":0,"item_purchase_floors":[8],"current_hp_per_floor":[70,70,70,70,70,70,68,68,68,53,53,40,33,25,25,16,70,70,70],"gold":166,"neow_bonus":"THREE_ENEMY_KILL","is_daily":false,"chose_seed":false,"campfire_upgraded":1,"win_rate":0.0,"timestamp":1610691741,"path_taken":["M","?","?","?","?","E","M","$","T","E","$","E","?","M","R","BOSS","M"],"items_purchased_type":["Relic"],"build_version":"2020-12-22","purchased_purges":1,"victory":false,"max_hp_per_floor":[70,70,70,70,70,70,70,70,70,70,70,70,70,70,70,70,70,70,70],"card_choices":[{"not_picked":["Quick Slash","Well Laid Plans"],"picked":"Deadly Poison","floor":1.0},{"not_picked":["Underhanded Strike","Dagger Spray"],"picked":"Footwork","floor":3.0},{"not_picked":["Deflect","Slice"],"picked":"Acrobatics","floor":6},{"not_picked":["Expertise","Blade Dance"],"picked":"Unload","floor":7},{"not_picked":["Blade Dance","Underhanded Strike"],"picked":"Tools of the Trade","floor":10},{"not_picked":["Glass Knife","Expertise"],"picked":"Bane","floor":12},{"not_picked":["Quick Slash","Sucker Punch"],"picked":"Acrobatics","floor":14},{"not_picked":["Storm of Steel","Doppelganger"],"picked":"Adrenaline","floor":16}],"player_experience":95241,"relics_obtained":[{"floor":6,"key":"Pantograph"},{"floor":9,"key":"War Paint"},{"floor":10,"key":"Bottled Lightning"},{"floor":12,"key":"Boot"}],"event_choices":[{"damage_healed":0.0,"max_hp_gain":0.0,"max_hp_loss":0.0,"gold_gain":0.0,"event_name":"Upgrade Shrine","player_choice":"Upgraded","floor":2.0,"gold_loss":0.0,"damage_taken":0.0,"cards_upgraded":["Neutralize"]},{"damage_healed":0.0,"max_hp_gain":0.0,"max_hp_loss":0.0,"gold_gain":0.0,"event_name":"Big Fish","player_choice":"Box","floor":4.0,"gold_loss":0.0,"damage_taken":0.0,"relics_obtained":["Nunchaku"],"cards_obtained":["Regret"]},{"cards_removed":["Regret"],"damage_healed":0,"gold_gain":0,"player_choice":"Forget","damage_taken":0,"max_hp_gain":0,"max_hp_loss":0,"event_name":"Living Wall","floor":5,"gold_loss":0},{"cards_removed":["Strike_G"],"damage_healed":0,"gold_gain":0,"player_choice":"Card Removal","damage_taken":7,"max_hp_gain":0,"max_hp_loss":0,"event_name":"Golden Wing","floor":13,"gold_loss":0}],"is_beta":false,"boss_relics":[{"not_picked":["Coffee Dripper","Busted Crown"],"picked":"Ectoplasm"}],"items_purged_floors":[11],"is_endless":false,"potions_floor_spawned":[3,7,14],"killed_by":"2 Thieves","ascension_level":3}}