{"host":"d7fiu2yjkssjxoz6","time":1610673843,"event":{"mods":["AchievementEnabler","BaseMod","Duelist Mod","GifTheSpireLib","Minty Spire (QoL Compilation)","StSLib"],"gold_per_floor":[139,155,173,173,232,257,257,292,292,319,319,319,332,342,342,446,446,464,563,563,563,579,579,605,620,620,655,655,672,685,715,715,820,820,831,846,864,409,419,419,453,465,465,465,483,508,518,550,550,550,550,550,9,44,44],"floor_reached":56,"language":"ENG","playtime":3574,"items_purged":["Parasite"],"score":1602,"play_id":"6a3dbc14-c815-4aaf-ad54-1585f620aa06","local_time":"20210114172403","is_ascension_mode":true,"campfire_choices":[{"data":"theDuelist:SliferSky","floor":7.0,"key":"SMITH"},{"data":"theDuelist:Raigeki","floor":11.0,"key":"SMITH"},{"data":"theDuelist:StardustDragon","floor":15.0,"key":"SMITH"},{"data":"theDuelist:Raigeki","floor":23,"key":"SMITH"},{"data":"theDuelist:ChimeratechOverdragon","floor":28,"key":"SMITH"},{"floor":32,"key":"RECALL"},{"data":"theDuelist:BusterDrake","floor":40,"key":"SMITH"},{"data":"theDuelist:LordD","floor":44,"key":"SMITH"},{"floor":49,"key":"REST"},{"data":"theDuelist:LavaDragon","floor":52,"key":"SMITH"}],"circlet_count":0,"master_deck":["theDuelist:BabyDragon","theDuelist:CastleWalls","theDuelist:CastleWalls","theDuelist:CaveDragon","theDuelist:CaveDragon","theDuelist:LesserDragon","theDuelist:LesserDragon","theDuelist:Sparks","theDuelist:Sparks","theDuelist:YamataDragon","theDuelist:StardustDragon+1","theDuelist:BusterDrake+1","theDuelist:FiendSkull","theDuelist:SliferSky+1","theDuelist:CurseDragon","theDuelist:Raigeki+1","theDuelist:LordD+1","theDuelist:LavaDragon+1","theDuelist:RainbowOverdragon","theDuelist:WaterDragon","theDuelist:Raigeki+1","theDuelist:FeatherPho","theDuelist:TrihornedDragon","theDuelist:ChimeratechOverdragon+1","theDuelist:GuardragonJusticia","theDuelist:ForbiddenLance","theDuelist:Raigeki+1","theDuelist:OneDayPeace","theDuelist:ArmageddonDragonEmp","CurseOfTheBell","theDuelist:Earthquake+1","theDuelist:Raigeki+1","theDuelist:BerserkScales+1","theDuelist:SliferSky","theDuelist:GuardragonJusticia","theDuelist:ForbiddenLance","theDuelist:ViceDragon","Apotheosis+1","theDuelist:LesserDragon+1","theDuelist:Earthquake+1","theDuelist:TyrantWing","theDuelist:CastleDragonSouls+1","theDuelist:CyberDragonInfinity+1","theDuelist:SliferSky","theDuelist:CyberValley+1","theDuelist:JamBreeding","The Bomb","theDuelist:BlizzardDragon+1","theDuelist:DoomkaiserDragon+1"],"relics":["theDuelist:MillenniumPuzzle","theDuelist:CardPoolRelic","theDuelist:CardPoolBasicRelic","theDuelist:BoosterPackPoolRelic","theDuelist:CardPoolAddRelic","theDuelist:CardPoolMinusRelic","theDuelist:CardPoolSaveRelic","theDuelist:CardPoolOptionsRelic","theDuelist:MillenniumArmor","theDuelist:GoldenScale","Shuriken","theDuelist:DuelistTeaSet","theDuelist:HauntedRelic","Potion Belt","theDuelist:TributeEggRelic","PreservedInsect","Tiny Chest","Calling Bell","Strawberry","theDuelist:ArmorPlateC","theDuelist:SpellMaxHPRelic","Membership Card","Bag of Marbles","Nunchaku","Molten Egg 2","Letter Opener","Centennial Puzzle","theDuelist:DragonRelic","Boot","OrangePellets","Unceasing Top"],"acts_visited":["Exordium","TheCity","TheBeyond","TheEnding"],"potions_floor_usage":[27,27,47,50,55,55,55,55,55],"damage_taken":[{"damage":5.0,"enemies":"Small Slimes","floor":1.0,"turns":3.0},{"damage":0.0,"enemies":"Jaw Worm","floor":2.0,"turns":1.0},{"damage":0.0,"enemies":"Cultist","floor":3.0,"turns":2.0},{"damage":4.0,"enemies":"3 Sentries","floor":6.0,"turns":7.0},{"damage":11.0,"enemies":"Gremlin Nob","floor":8.0,"turns":4.0},{"damage":1.0,"enemies":"3 Sentries","floor":10.0,"turns":5.0},{"damage":0.0,"enemies":"2 Fungi Beasts","floor":13.0,"turns":2.0},{"damage":0.0,"enemies":"3 Louse","floor":14.0,"turns":1.0},{"damage":10.0,"enemies":"Slime Boss","floor":16.0,"turns":7.0},{"damage":13.0,"enemies":"Shell Parasite","floor":18.0,"turns":4.0},{"damage":0.0,"enemies":"3 Byrds","floor":22.0,"turns":5.0},{"damage":0,"enemies":"Slavers","floor":24,"turns":3},{"damage":16,"enemies":"Sentry and Sphere","floor":25,"turns":4},{"damage":0,"enemies":"Gremlin Leader","floor":27,"turns":5},{"damage":0,"enemies":"Shelled Parasite and Fungi","floor":29,"turns":2},{"damage":0,"enemies":"Snake Plant","floor":30,"turns":2},{"damage":0,"enemies":"theDuelist:KaibaA2","floor":31,"turns":3},{"damage":0,"enemies":"Champ","floor":33,"turns":9},{"damage":0,"enemies":"Orb Walker","floor":35,"turns":2},{"damage":0,"enemies":"3 Darklings","floor":36,"turns":4},{"damage":0,"enemies":"Maw","floor":37,"turns":6},{"damage":8,"enemies":"4 Shapes","floor":39,"turns":10},{"damage":0,"enemies":"Giant Head","floor":41,"turns":7},{"damage":0,"enemies":"3 Darklings","floor":42,"turns":5},{"damage":0,"enemies":"Maw","floor":45,"turns":6},{"damage":17,"enemies":"Reptomancer","floor":46,"turns":6},{"damage":10,"enemies":"Writhing Mass","floor":47,"turns":5},{"damage":5,"enemies":"Nemesis","floor":48,"turns":6},{"damage":6,"enemies":"Time Eater","floor":50,"turns":7},{"damage":25,"enemies":"Shield and Spear","floor":54,"turns":5},{"damage":42,"enemies":"The Heart","floor":55,"turns":8}],"seed_played":"-4985455416226507845","potions_obtained":[{"floor":3.0,"key":"theDuelist:TributeBottle"},{"floor":8.0,"key":"ColorlessPotion"},{"floor":10.0,"key":"SkillPotion"},{"floor":12.0,"key":"theDuelist:StunPotion"},{"floor":24,"key":"theDuelist:MegaupgradePotion"},{"floor":30,"key":"Fire Potion"},{"floor":31,"key":"theDuelist:WaterBottle"},{"floor":37,"key":"theDuelist:OrbBottle"},{"floor":39,"key":"Swift Potion"},{"floor":47,"key":"Strength Potion"}],"is_trial":false,"path_per_floor":["M","M","M","?","?","E","R","E","T","E","R","?","M","M","R","B",null,"M","?","?","?","M","R","E","M","T","E","R","M","M","E","R","B",null,"M","M","M","$","M","R","E","M","T","R","M","E","M","E","R","B",null,"R","$","E","B",null],"character_chosen":"THE_DUELIST","items_purchased":["Membership Card","theDuelist:SliferSky","theDuelist:GuardragonJusticia","theDuelist:ForbiddenLance","theDuelist:ViceDragon","Bag of Marbles","theDuelist:DragonRelic","theDuelist:CyberValley+1","theDuelist:JamBreeding","Boot","theDuelist:DebuffFuryPotion","The Bomb","theDuelist:BlizzardDragon+1","OrangePellets"],"campfire_rested":1,"item_purchase_floors":[38,38,38,38,38,38,53,53,53,53,53,53,53,53],"current_hp_per_floor":[75,75,75,72,72,68,68,57,57,56,56,56,56,56,56,46,80,67,67,67,67,67,67,67,51,51,51,51,51,51,51,51,51,87,88,89,90,91,83,83,83,84,84,84,84,67,57,52,79,73,92,92,90,65,23],"gold":44,"neow_bonus":"ONE_RANDOM_RARE_CARD","is_daily":false,"chose_seed":false,"campfire_upgraded":8,"win_rate":0.0,"timestamp":1610673843,"path_taken":["M","M","M","?","?","E","R","E","T","E","R","?","?","M","R","BOSS","M","?","?","?","?","R","E","M","T","E","R","M","M","E","R","BOSS","M","M","M","?","M","R","E","M","T","R","M","E","M","E","R","BOSS","R","$","E","BOSS"],"items_purchased_type":["Relic","Card","Card","Card","Card","Relic","Relic","Card","Card","Relic","Potion","Card","Card","Relic"],"build_version":"2020-12-22","purchased_purges":1,"victory":true,"max_hp_per_floor":[80,80,80,80,80,80,80,80,80,80,80,80,80,80,80,80,80,80,80,80,80,80,80,80,80,80,80,80,80,80,80,80,80,87,88,89,90,91,91,91,91,92,92,92,92,92,92,92,92,92,92,92,90,90,90],"card_choices":[{"not_picked":["theDuelist:CyberDinosaur","theDuelist:RedRisingDragon","theDuelist:DefenseZone","theDuelist:CyberDragonDrei"],"picked":"theDuelist:BusterDrake","floor":1.0},{"not_picked":["theDuelist:Kabazauls","theDuelist:BusterBlader","theDuelist:WhiteNightDragon","theDuelist:StampingDestruction"],"picked":"theDuelist:FiendSkull","floor":2.0},{"not_picked":["theDuelist:TailSwipe","theDuelist:SeismicShockwave","theDuelist:CyberDragonInfinity","theDuelist:BlasterDragonInfernos"],"picked":"theDuelist:SliferSky","floor":3.0},{"not_picked":["theDuelist:Pyrorex","theDuelist:SilverDragon","theDuelist:CloudianGhost","theDuelist:Earthquake"],"picked":"theDuelist:CurseDragon","floor":6.0},{"not_picked":["theDuelist:BattleguardKing","theDuelist:BigFire","theDuelist:LightningDarts","theDuelist:RainbowOverdragon"],"picked":"theDuelist:Raigeki","floor":8.0},{"not_picked":["theDuelist:BusterBlader","theDuelist:RedRisingDragon","theDuelist:Earthquake","theDuelist:ViceDragon"],"picked":"theDuelist:LordD","floor":10.0},{"not_picked":["theDuelist:BlackStego","theDuelist:CyberDragonVier","theDuelist:DefenseZone","theDuelist:TwinBarrelDragon"],"picked":"theDuelist:LavaDragon","floor":13.0},{"not_picked":["theDuelist:LightningDarts","theDuelist:LabyrinthWall","theDuelist:DestructPotion","theDuelist:DarkCreator"],"picked":"theDuelist:RainbowOverdragon","floor":14.0},{"not_picked":["theDuelist:WingedDragonRa","theDuelist:Scapegoat","theDuelist:ChimeratechOverdragon","theDuelist:ArmedProtectorDragon"],"picked":"theDuelist:WaterDragon","floor":16.0},{"not_picked":["theDuelist:BattleguardKing","theDuelist:BigFire","theDuelist:LightningDarts","theDuelist:RainbowOverdragon+1"],"picked":"theDuelist:Raigeki","floor":18.0},{"not_picked":["theDuelist:LightningDarts+1","theDuelist:Jinzo","theDuelist:RainbowBridge","theDuelist:Reload"],"picked":"theDuelist:FeatherPho","floor":22},{"not_picked":["theDuelist:BusterBlader","theDuelist:CyberDinosaur","theDuelist:MadSwordBeast","theDuelist:YamataDragon"],"picked":"theDuelist:TrihornedDragon","floor":24},{"not_picked":["theDuelist:DragonShield+1","theDuelist:DragonZombie","theDuelist:TwinBarrelDragon+1","theDuelist:FiveHeaded"],"picked":"theDuelist:ChimeratechOverdragon","floor":25},{"not_picked":["theDuelist:MadFlameKaiju","theDuelist:CoralDragon","theDuelist:BackgroundDragon","theDuelist:MetalDragon"],"picked":"theDuelist:GuardragonJusticia","floor":27},{"not_picked":["theDuelist:BattleguardKing","theDuelist:Hinotama","theDuelist:LightningDarts","theDuelist:RainbowOverdragon"],"picked":"theDuelist:ForbiddenLance","floor":29},{"not_picked":["theDuelist:BigFire","theDuelist:Hinotama","theDuelist:RainbowOverdragon","theDuelist:BattleguardKing"],"picked":"theDuelist:Raigeki+1","floor":30},{"not_picked":["theDuelist:SpiralSpearStrike","theDuelist:StampingDestruction","theDuelist:MoltenDestruction","theDuelist:SuperStridentBlaze+1"],"picked":"theDuelist:OneDayPeace","floor":31},{"not_picked":["theDuelist:ArmedProtectorDragon","theDuelist:Lancephorhynchus","theDuelist:QueenDragunDjinn","theDuelist:TailSwipe"],"picked":"theDuelist:ArmageddonDragonEmp","floor":33},{"not_picked":["theDuelist:SpiralSpearStrike+2","theDuelist:CyberEmergency+1","theDuelist:HymnOfLight","theDuelist:SystemDown+1"],"picked":"theDuelist:Earthquake+1","floor":35},{"not_picked":["theDuelist:BigFire","theDuelist:Hinotama+2","theDuelist:LightningDarts","theDuelist:RainbowOverdragon+1"],"picked":"theDuelist:Raigeki+1","floor":36},{"not_picked":["theDuelist:SpiralSpearStrike","theDuelist:StampingDestruction+1","theDuelist:ArtifactIgnition","theDuelist:CyberRevsystem"],"picked":"theDuelist:BerserkScales+1","floor":37},{"not_picked":["Madness","Mind Blast+1","Secret Technique+1"],"picked":"Apotheosis+1","floor":39},{"not_picked":["theDuelist:BlackBrachios","theDuelist:CloudianGhost+1","theDuelist:CyberEltanin","theDuelist:FrostflameDragon+1"],"picked":"theDuelist:LesserDragon+1","floor":41},{"not_picked":["theDuelist:DarkHorus+1","theDuelist:BlackBrutdrago+1","theDuelist:InfernityDoomDragon","theDuelist:YamataDragon"],"picked":"theDuelist:Earthquake+1","floor":42},{"not_picked":["theDuelist:MiraculousDescent+1","theDuelist:Mountain+1","theDuelist:TotemDragon","theDuelist:ArtifactSanctum"],"picked":"theDuelist:TyrantWing","floor":45},{"not_picked":["theDuelist:TyrantWing+1","theDuelist:WhiteHornDragon+1","theDuelist:WhiteHowling+1"],"picked":"theDuelist:CastleDragonSouls+1","floor":46},{"not_picked":["theDuelist:BlueDuston+1","theDuelist:GiantRex+1","theDuelist:SuperancientDinobeast","theDuelist:SurvivalFittest"],"picked":"theDuelist:CyberDragonInfinity+1","floor":47},{"not_picked":["theDuelist:DefensiveTactics+1","theDuelist:VoidOgreDragon+1"],"picked":"theDuelist:SliferSky","floor":48},{"not_picked":["theDuelist:CyberDragonInfinity+1","theDuelist:OceanDragonLord+1"],"picked":"theDuelist:DoomkaiserDragon+1","floor":54}],"player_experience":164921,"relics_obtained":[{"floor":6.0,"key":"theDuelist:GoldenScale"},{"floor":8.0,"key":"Shuriken"},{"floor":10.0,"key":"theDuelist:DuelistTeaSet"},{"floor":24,"key":"Potion Belt"},{"floor":26,"key":"theDuelist:TributeEggRelic"},{"floor":27,"key":"PreservedInsect"},{"floor":31,"key":"Tiny Chest"},{"floor":34,"key":"Strawberry"},{"floor":34,"key":"theDuelist:ArmorPlateC"},{"floor":34,"key":"theDuelist:SpellMaxHPRelic"},{"floor":41,"key":"Nunchaku"},{"floor":43,"key":"Molten Egg 2"},{"floor":46,"key":"Letter Opener"},{"floor":48,"key":"Centennial Puzzle"},{"floor":54,"key":"Unceasing Top"}],"event_choices":[{"damage_healed":0.0,"max_hp_gain":0.0,"max_hp_loss":0.0,"gold_gain":0.0,"event_name":"Scrap Ooze","player_choice":"Success","floor":4.0,"gold_loss":0.0,"damage_taken":3.0,"relics_obtained":["theDuelist:MillenniumArmor"]},{"damage_healed":0.0,"max_hp_gain":0.0,"max_hp_loss":0.0,"gold_gain":59.0,"event_name":"Golden Wing","player_choice":"Gained Gold","floor":5.0,"gold_loss":0.0,"damage_taken":0.0},{"damage_healed":0.0,"max_hp_gain":0.0,"max_hp_loss":0.0,"gold_gain":0.0,"event_name":"Lab","player_choice":"Got Potions","floor":12.0,"gold_loss":0.0,"damage_taken":0.0},{"damage_healed":0.0,"max_hp_gain":0.0,"max_hp_loss":0.0,"gold_gain":99.0,"event_name":"Nest","player_choice":"Stole From Cult","floor":19.0,"gold_loss":0.0,"damage_taken":0.0},{"damage_healed":0.0,"max_hp_gain":0.0,"max_hp_loss":0.0,"gold_gain":0.0,"event_name":"Relic Duplicator","player_choice":"Leave","duelist":true,"floor":20.0,"gold_loss":0.0,"damage_taken":0.0},{"total_magic_score":62.0,"gold_gain":0.0,"duelist":true,"damage_taken":0.0,"relics_obtained":[],"points":8.0,"max_hp_gain":0.0,"max_hp_loss":0.0,"spent_points":{"magic":0.0,"greed":0.0,"war":0.0,"power":0.0,"hunger":0.0},"event_name":"Nameless Tomb","floor":21.0,"gold_loss":0.0,"cards_obtained":[]}],"is_beta":false,"boss_relics":[{"not_picked":["theDuelist:ElectricKey","SacredBark"],"picked":"theDuelist:HauntedRelic"},{"not_picked":["Sozu","Coffee Dripper"],"picked":"Calling Bell"}],"items_purged_floors":[53],"is_endless":false,"potions_floor_spawned":[3,8,10,24,30,31,37,39,41,47,48],"ascension_level":1}}