{"host":"oy4pyvr762z5n0bb","time":1610733680,"event":{"mods":["AchievementEnabler","BaseMod","Colored Map","Colored Powertips","Googly Eyes","Key Reminder","Minty Spire (QoL Compilation)","Quick Restart","Relic Sorter","Slay the Relics Exporter","StSLib","SuperFastMode","Unceasing Turn Reminder","slay the spire mod where everything is the same but ironclad has a cowboy hat"],"gold_per_floor":[117,134,145,145,145,145,159,194,194,164,164,177,34,51,51,148,148,160,177,20,20,36,36,36,36,36,36,56,56,56,56],"floor_reached":30,"language":"ENG","playtime":564,"items_purged":["Strike_R"],"score":334,"play_id":"d3161cd9-83de-47cd-815f-6dc81794a5da","local_time":"20210115100120","is_ascension_mode":true,"campfire_choices":[{"data":"Wild Strike","floor":6,"key":"SMITH"},{"data":"Double Tap","floor":11,"key":"SMITH"},{"data":"Inflame","floor":15,"key":"SMITH"},{"floor":23,"key":"REST"},{"floor":25,"key":"REST"},{"floor":27,"key":"DIG"},{"floor":29,"key":"REST"}],"circlet_count":0,"master_deck":["Strike_R","Strike_R","Strike_R","Strike_R","Defend_R","Defend_R","Defend_R","Defend_R","Bash+1","Sword Boomerang","Anger","Wild Strike+1","Double Tap+1","Shrug It Off","Shockwave","Inflame+1","Bludgeon","CurseOfTheBell","Flex","Armaments","Clothesline+1","Ghostly Armor"],"relics":["Burning Blood","Centennial Puzzle","Ornamental Fan","Boot","Calling Bell","Art of War","Sundial","Shovel","Bronze Scales","MutagenicStrength","StrikeDummy","Pantograph"],"acts_visited":["Exordium","TheCity"],"potions_floor_usage":[8,8,16,16,16,22,22,28],"damage_taken":[{"damage":6,"enemies":"2 Louse","floor":1,"turns":3},{"damage":2,"enemies":"Jaw Worm","floor":2,"turns":3},{"damage":1,"enemies":"Cultist","floor":3,"turns":3},{"damage":8,"enemies":"Red Slaver","floor":7,"turns":3},{"damage":33,"enemies":"Lagavulin","floor":8,"turns":5},{"damage":6,"enemies":"Looter","floor":12,"turns":2},{"damage":13,"enemies":"Large Slime","floor":14,"turns":3},{"damage":22,"enemies":"Hexaghost","floor":16,"turns":9},{"damage":22,"enemies":"Spheric Guardian","floor":18,"turns":4},{"damage":33,"enemies":"2 Thieves","floor":19,"turns":5},{"damage":7,"enemies":"Snake Plant","floor":22,"turns":2},{"damage":29,"enemies":"Sentry and Sphere","floor":28,"turns":5},{"damage":81,"enemies":"Gremlin Leader","floor":30,"turns":9}],"seed_played":"4928276064732679383","potions_obtained":[{"floor":1,"key":"LiquidMemories"},{"floor":3,"key":"EssenceOfSteel"},{"floor":7,"key":"Weak Potion"},{"floor":8,"key":"SkillPotion"},{"floor":10,"key":"DistilledChaos"},{"floor":18,"key":"LiquidBronze"},{"floor":19,"key":"Energy Potion"},{"floor":22,"key":"Weak Potion"}],"is_trial":false,"path_per_floor":["M","M","M","?","?","R","M","E","T","?","R","M","$","M","R","B",null,"M","M","$","?","M","R","?","R","T","R","M","R","E"],"character_chosen":"IRONCLAD","items_purchased":["Inflame","Bronze Scales"],"campfire_rested":3,"item_purchase_floors":[13,20],"current_hp_per_floor":[72,76,80,80,80,80,78,51,51,51,51,51,51,44,44,28,67,51,24,24,24,23,47,47,71,71,71,48,72,0,0],"gold":56,"neow_bonus":"UPGRADE_CARD","is_daily":false,"chose_seed":false,"campfire_upgraded":3,"win_rate":0.0,"timestamp":1610733680,"path_taken":["M","M","M","?","?","R","?","E","T","?","R","M","$","M","R","BOSS","M","?","$","?","M","R","?","R","T","R","M","R","E"],"items_purchased_type":["Card","Relic"],"build_version":"2020-12-22","purchased_purges":1,"victory":false,"max_hp_per_floor":[80,80,80,80,80,80,80,80,80,80,80,80,80,80,80,80,80,80,80,80,80,80,80,80,80,80,80,80,80,80,80],"card_choices":[{"not_picked":["Blood for Blood","Body Slam"],"picked":"Sword Boomerang","floor":1},{"not_picked":["Body Slam","Iron Wave"],"picked":"Anger","floor":2},{"not_picked":["Armaments","Body Slam"],"picked":"Wild Strike","floor":3},{"not_picked":["Havoc","Sever Soul"],"picked":"Double Tap","floor":7},{"not_picked":["Whirlwind","Seeing Red"],"picked":"Shrug It Off","floor":8},{"not_picked":["Cleave","Body Slam"],"picked":"Shockwave","floor":12},{"not_picked":["Cleave","Power Through","Dropkick"],"picked":"SKIP","floor":14},{"not_picked":["Corruption","Juggernaut"],"picked":"Bludgeon","floor":16},{"not_picked":["Sword Boomerang","Havoc+1"],"picked":"Flex","floor":18},{"not_picked":["Blood for Blood","Whirlwind+1"],"picked":"Armaments","floor":19},{"not_picked":["True Grit","Iron Wave"],"picked":"Clothesline+1","floor":22},{"not_picked":["Havoc+1","Clash+1"],"picked":"Ghostly Armor","floor":28}],"player_experience":738941,"relics_obtained":[{"floor":8,"key":"Ornamental Fan"},{"floor":9,"key":"Boot"},{"floor":17,"key":"Art of War"},{"floor":17,"key":"Sundial"},{"floor":17,"key":"Shovel"},{"floor":26,"key":"StrikeDummy"},{"floor":27,"key":"Pantograph"}],"event_choices":[{"damage_healed":0,"gold_gain":0,"player_choice":"Box","damage_taken":0,"relics_obtained":["Centennial Puzzle"],"max_hp_gain":0,"max_hp_loss":0,"event_name":"Big Fish","floor":4,"gold_loss":0,"cards_obtained":["Regret"]},{"cards_removed":["Regret"],"damage_healed":0,"gold_gain":0,"player_choice":"Forget","damage_taken":0,"max_hp_gain":0,"max_hp_loss":0,"event_name":"Living Wall","floor":5,"gold_loss":0},{"damage_healed":0,"gold_gain":0,"player_choice":"Bought 2 Potions","damage_taken":0,"max_hp_gain":0,"max_hp_loss":0,"event_name":"The Woman in Blue","floor":10,"gold_loss":0},{"damage_healed":0,"gold_gain":0,"player_choice":"Inject Mutagens","damage_taken":0,"relics_obtained":["MutagenicStrength"],"max_hp_gain":0,"max_hp_loss":0,"event_name":"Drug Dealer","floor":21,"gold_loss":0},{"damage_healed":0,"gold_gain":0,"player_choice":"Ignored","damage_taken":0,"max_hp_gain":0,"max_hp_loss":0,"event_name":"Ghosts","floor":24,"gold_loss":0}],"is_beta":false,"boss_relics":[{"not_picked":["Coffee Dripper","Runic Dome"],"picked":"Calling Bell"}],"items_purged_floors":[13],"is_endless":false,"potions_floor_spawned":[1,3,7,8,18,19,22],"killed_by":"Gremlin Leader","ascension_level":9}}