{"host":"k67zwea37tbl4jhz","time":1610713752,"event":{"mods":["AchievementEnabler","Aspiration","BaseMod","Beaked The Cultist","Better Altar","Better Match","Better Note","Better Sensory Stone","Better Skull","Better Third Choice","BetterRewards","CCEM","Clawfect","Colored Map","Conspire","Downfall","GifTheSpireLib","Googly Eyes","Halation","Highlight Path","Mimic Mod","Minty Spire (QoL Compilation)","Permanent Neow","Replay The Spire","Shop Mod","Spicy Shops","StSLib","Stuff the Spire","Unceasing Turn Reminder","everything is the same but u backflip on backflip","slay the spire mod where everything is the same but ironclad has a cowboy hat"],"gold_per_floor":[117,130,130,150,150,185,185,228,273,243,261,261,274,295,295,418,418,439,462,462,315,315,356,356,370,418,130,130,149,172,196,196,327,327,340,389,404,404,420,420,28,67,67,67,92,0,33,51,51,51],"floor_reached":51,"language":"ENG","playtime":3376,"items_purged":["Creative AI"],"score":584,"play_id":"d5a938cb-69ed-426b-8f8d-4ddcdb2d2dbc","local_time":"20210115072912","is_ascension_mode":false,"campfire_choices":[{"floor":7,"key":"REST"},{"data":"Genetic Algorithm","floor":12,"key":"SMITH"},{"data":"Clawfect:ScrapingClaw","floor":15,"key":"SMITH"},{"floor":28,"key":"REST"},{"data":"Double Energy","floor":32,"key":"SMITH"},{"data":"Electrodynamics","floor":40,"key":"SMITH"},{"floor":44,"key":"REST"},{"floor":49,"key":"REST"}],"circlet_count":0,"master_deck":["Gash","Gash+1","Gash","Gash","Gash","Defend_B","Defend_B+1","Defend_B","Defend_B","Defend_B","CurseOfTheBell","Clawfect:ScrapingClaw+1","Clawfect:ClawSnap","Machine Learning+1","Clawfect:ClawCell+1","Genetic Algorithm+1","Clawfect:Clawter+1","Clawfect:ClawingBeam+1","Conserve Battery+1","Deep Breath+1","Clawfect:ClawAndGloom+1","Electrodynamics+1","Replay:Parry+1","Redo+1","conspire:Banana+1","Double Energy+1","Multi-Cast","Clawfect:ClawLightning+1","StuffTheSpire:Coldhearted","ReplayTheSpireMod:Repulse+1","Self Repair","FIFO Queue+1","Fusion+1","Clawfect:Clawline+1"],"relics":["Calling Bell","Replay:Antivirus Software","conspire:DeflatedDodgeball","Lizard Tail","Golden Idol","Replay:Bottled Flurry","ReplayTheSpireMod:Ninjato","Regal Pillow","halation:HeavySnake","Pear","Strange Spoon","GremlinMask","CCEMRelics:FestiveHat","conspire:Dentures","conspire:TreasureMap","Inserter","Prayer Wheel","StuffTheSpire:Expresso","StuffTheSpire:EmeraldSignet","halation:BottledLove","Red Mask","halation:KoshaPiece"],"acts_visited":["Exordium","TheCity","TheBeyond"],"potions_floor_usage":[11,14,16,23,30,33,33,39,48,48,50],"damage_taken":[{"damage":7,"enemies":"Small Slimes","floor":1,"turns":4},{"damage":8,"enemies":"2 Louse","floor":2,"turns":4},{"damage":1,"enemies":"Cultist","floor":4,"turns":5},{"damage":21,"enemies":"Gremlin Nob","floor":6,"turns":5},{"damage":4,"enemies":"3 Sentries","floor":8,"turns":7},{"damage":0,"enemies":"2 Fungi Beasts","floor":9,"turns":5},{"damage":0,"enemies":"2 Fungi Beasts","floor":11,"turns":3},{"damage":8,"enemies":"3 Louse","floor":13,"turns":3},{"damage":4,"enemies":"Red Slaver","floor":14,"turns":3},{"damage":41,"enemies":"The Guardian","floor":16,"turns":8},{"damage":2,"enemies":"Chosen","floor":18,"turns":5},{"damage":3,"enemies":"Spheric Guardian","floor":19,"turns":3},{"damage":28,"enemies":"conspire:Head Lice","floor":23,"turns":8},{"damage":16,"enemies":"Shelled Parasite and Fungi","floor":25,"turns":5},{"damage":0,"enemies":"Chosen and Byrds","floor":26,"turns":5},{"damage":15,"enemies":"Chosen and Byrds","floor":29,"turns":5},{"damage":5,"enemies":"Snecko","floor":30,"turns":4},{"damage":2,"enemies":"conspire:HollyBat","floor":31,"turns":6},{"damage":2,"enemies":"conspire:MysteriousRune","floor":33,"turns":6},{"damage":18,"enemies":"Orb Walker","floor":35,"turns":3},{"damage":25,"enemies":"3 Darklings","floor":37,"turns":4},{"damage":40,"enemies":"Sphere and 2 Shapes","floor":39,"turns":4},{"damage":32,"enemies":"Nemesis","floor":42,"turns":7},{"damage":56,"enemies":"Transient","floor":45,"turns":5},{"damage":12,"enemies":"conspire:MimicChest","floor":47,"turns":6},{"damage":14,"enemies":"Jaw Worm Horde","floor":48,"turns":3},{"damage":56,"enemies":"Replay:Hell Engine","floor":50,"turns":10}],"seed_played":"1948852129880876466","potions_obtained":[{"floor":6,"key":"Doom Potion"},{"floor":10,"key":"Slimebound:ThreeZeroPotion"},{"floor":10,"key":"Doom Potion"},{"floor":11,"key":"Milkshake"},{"floor":18,"key":"Regen Potion"},{"floor":23,"key":"SkillPotion"},{"floor":25,"key":"Dexterity Potion"},{"floor":30,"key":"PowerPotion"},{"floor":39,"key":"SteroidPotion"},{"floor":45,"key":"Guardian:BlockOnCardUsePotion"},{"floor":47,"key":"SteroidPotion"},{"floor":48,"key":"Venom Potion"}],"is_trial":false,"path_per_floor":["M","M","?","M","?","E","R","E","MIM","?","M","R","M","M","R","B",null,"M","M","T","$","?","E","?","M","MIM","$","R","M","M","M","R","B",null,"M","?","M","?","M","R","$","E","T","R","M","?","?","M","R","B",null],"character_chosen":"DEFECT","items_purchased":["Strange Spoon","conspire:TreasureMap","Electrodynamics","StuffTheSpire:Expresso","Self Repair"],"campfire_rested":4,"item_purchase_floors":[21,27,27,41,41],"current_hp_per_floor":[68,60,60,59,59,38,58,54,54,54,54,54,46,42,42,1,69,67,64,74,74,74,55,52,36,36,36,74,59,54,56,56,58,87,71,49,28,81,43,43,43,20,20,60,10,10,11,1,43,62],"gold":51,"neow_bonus":"BOSS_RELIC","is_daily":false,"chose_seed":false,"campfire_upgraded":4,"win_rate":0.0,"timestamp":1610713752,"path_taken":["M","M","?","M","?","E","R","E","MIM","?","M","R","M","M","R","BOSS","M","M","?","$","?","E","?","M","MIM","?","R","M","M","M","R","BOSS","M","?","?","?","M","R","$","E","T","R","M","?","?","M","R","BOSS"],"items_purchased_type":["Relic","Relic","Card","Relic","Card"],"build_version":"2020-12-22","purchased_purges":1,"victory":true,"max_hp_per_floor":[75,75,69,69,69,69,69,69,69,69,69,69,69,69,69,69,69,69,69,79,79,79,79,79,79,79,79,79,79,79,83,83,87,87,89,89,93,81,83,83,83,85,85,85,89,89,91,93,93,97],"card_choices":[{"not_picked":["StuffTheSpire:NuclearReactor","Clawfect:ClawpileDriver"],"picked":"Clawfect:ScrapingClaw","floor":1},{"not_picked":["Stack","ReplaySolidLightProjector","Clawfect:ScrapingClaw"],"picked":"SKIP","floor":2},{"not_picked":["Panic Button","Coolheaded"],"picked":"Clawfect:ClawSnap","floor":4},{"not_picked":["Rebound","Clawfect:Clawline"],"picked":"Machine Learning","floor":6},{"not_picked":["StuffTheSpire:CleanHardDrive","Sunder","Gash"],"picked":"SKIP","floor":8},{"not_picked":["Steam","Clawfect:Clawline"],"picked":"Clawfect:ClawCell","floor":9},{"not_picked":["BootSequence","Static Discharge"],"picked":"Genetic Algorithm","floor":11},{"not_picked":["Turbo","StuffTheSpire:Plugnplay"],"picked":"Clawfect:Clawter","floor":13},{"not_picked":["Reinforced Body","Clawfect:ClawLightning"],"picked":"Creative AI","floor":14},{"not_picked":["Stack","Steam Power"],"picked":"Clawfect:ClawingBeam","floor":18},{"not_picked":["Turbo","Reinforced Body","Clawfect:ClawAndTear+1"],"picked":"SKIP","floor":19},{"not_picked":["White Noise","BasicCrystalCard+1"],"picked":"Conserve Battery+1","floor":23},{"not_picked":["Midas Touch+1","Replay:SS_forest_2+1"],"picked":"Deep Breath+1","floor":25},{"not_picked":["FTL","Clawfect:Clawrage"],"picked":"Clawfect:ClawAndGloom+1","floor":25},{"not_picked":["Secret Technique+1","expansioncontent:LastStand+1"],"picked":"Replay:Parry+1","floor":29},{"not_picked":["conspire:Rain+1","ReplayTheSpireMod:Dual Polarity"],"picked":"Redo+1","floor":29},{"not_picked":["Specialist+1","Crow Ritual+1"],"picked":"conspire:Banana+1","floor":30},{"not_picked":["Hologram","Reinforced Body+1","Panic Button"],"picked":"SKIP","floor":30},{"not_picked":["Chill","ReplayTheSpireMod:Dual Polarity"],"picked":"Double Energy","floor":31},{"not_picked":["StuffTheSpire:EventHorizon","Reboot"],"picked":"Multi-Cast","floor":33},{"not_picked":["Blizzard","Clawfect:ClawpileDriver"],"picked":"Clawfect:ClawLightning+1","floor":35},{"not_picked":["Crystallizer","Gash+1"],"picked":"StuffTheSpire:Coldhearted","floor":37},{"not_picked":["Gash+1","Hello World+1","Chaos+1"],"picked":"SKIP","floor":37},{"not_picked":["Clawfect:Clawrage","Hello World+1"],"picked":"ReplayTheSpireMod:Repulse+1","floor":39},{"not_picked":["Clawfect:ClawpileDriver+1","Chaos","BasicCrystalCard"],"picked":"SKIP","floor":39},{"not_picked":["Sunder+1","Aggregate+1"],"picked":"FIFO Queue+1","floor":42},{"not_picked":["ReplaySort+1","Rebound","Clawfect:ClawSnap+1"],"picked":"SKIP","floor":45},{"not_picked":["StuffTheSpire:LoadUp+1","StuffTheSpire:ShieldGenerator","ReplaySolidLightProjector+1"],"picked":"SKIP","floor":45},{"not_picked":["Gash+1","Panic Button"],"picked":"Fusion+1","floor":47},{"not_picked":["Clawfect:ClawSnap","Steam"],"picked":"Clawfect:Clawline+1","floor":48},{"not_picked":["Fusion+1","Leap+1","conspire:SharedLibrary"],"picked":"SKIP","floor":48}],"player_experience":240550,"relics_obtained":[{"floor":0,"key":"Replay:Antivirus Software"},{"floor":0,"key":"conspire:DeflatedDodgeball"},{"floor":0,"key":"Lizard Tail"},{"floor":6,"key":"Replay:Bottled Flurry"},{"floor":8,"key":"ReplayTheSpireMod:Ninjato"},{"floor":9,"key":"Regal Pillow"},{"floor":20,"key":"Pear"},{"floor":23,"key":"CCEMRelics:FestiveHat"},{"floor":26,"key":"conspire:Dentures"},{"floor":36,"key":"Prayer Wheel"},{"floor":42,"key":"StuffTheSpire:EmeraldSignet"},{"floor":43,"key":"halation:BottledLove"},{"floor":47,"key":"halation:KoshaPiece"}],"event_choices":[{"damage_healed":0,"gold_gain":0,"player_choice":"Lose Max HP","damage_taken":0,"relics_obtained":["Golden Idol"],"max_hp_gain":0,"max_hp_loss":6,"event_name":"Golden Idol","floor":3,"gold_loss":0},{"damage_healed":0,"gold_gain":0,"player_choice":"Bought 2 Potions","damage_taken":0,"max_hp_gain":0,"max_hp_loss":0,"event_name":"The Woman in Blue","floor":10,"gold_loss":0},{"damage_healed":0,"gold_gain":0,"player_choice":"Trade","damage_taken":0,"relics_obtained":["GremlinMask"],"max_hp_gain":0,"max_hp_loss":0,"event_name":"FaceTrader","floor":22,"gold_loss":0},{"damage_healed":0,"gold_gain":0,"player_choice":"Punched","damage_taken":3,"max_hp_gain":0,"max_hp_loss":0,"event_name":"Designer","floor":24,"gold_loss":0},{"damage_healed":81,"gold_gain":0,"player_choice":"Heal","damage_taken":0,"max_hp_gain":0,"max_hp_loss":12,"event_name":"The Moai Head","floor":38,"gold_loss":0},{"damage_healed":0,"gold_gain":0,"player_choice":"Paid","damage_taken":0,"relics_obtained":["Red Mask"],"max_hp_gain":0,"max_hp_loss":0,"event_name":"Tomb of Lord Red Mask","floor":46,"gold_loss":92}],"is_beta":false,"boss_relics":[{"not_picked":["Nuclear Battery","halation:PlatinumPhoenix"],"picked":"halation:HeavySnake"},{"not_picked":["Replay:Drink Me","CCEMRelics:GreenEgg"],"picked":"Inserter"}],"items_purged_floors":[27],"is_endless":false,"potions_floor_spawned":[6,11,13,18,23,25,30,31,39,45,47,48],"ascension_level":0}}