{"host":"9oysz4knkucnjyyz","time":1610744826,"event":{"mods":["2.2 Compatiblity","Act Like it!","BaseMod","Better Altar","Better Match","Better Note","Better Sensory Stone","Better Skull","Better Third Choice","BetterRewards","Displayed Cursed Tome","Downfall","Friendly Minions","Googly Eyes","GungeonMod","Hallownest","Hermit","Lobotomy","LobotomyExtend","Minty Spire (QoL Compilation)","Spicy Shops","Spire Birthday Party","StSLib","The Bug Knight","everything is the same but u backflip on backflip","slay the spire mod where everything is the same but ironclad has a cowboy hat"],"gold_per_floor":[119,139,152,165,165,165,165,85,85,96,124,124,124,124],"floor_reached":13,"language":"ENG","playtime":446,"items_purged":[],"score":195,"play_id":"d0454553-07ff-4099-aae4-21995e52fe07","local_time":"20210115160706","is_ascension_mode":true,"campfire_choices":[],"circlet_count":0,"master_deck":["AscendersBane","SpecialBullet","SpecialBullet","SpecialBullet","SpecialBullet","SpecialBullet","SpecialBullet","SpecialBullet","SpecialBullet","InformationCode","SecurityCode","CentralCode","WristCuter","BlackSwan_ego","Justitia","CherryBlossom","OSAHOGD","OldLady","TodaysExpression+1","BigBird","Scorched","LongBird","Wellcheers"],"relics":["CogitoBucket","RabbitCall","Membership Card","DemoMod:GnawedKey","DemoMod:Metronome","Toxic Egg 2","Shuriken","LetterFromLob","LaetitiaHeart","Lee\u0027s Waffle","HollowMod:LifeEnderRelic","Art of War"],"acts_visited":["Exordium"],"potions_floor_usage":[],"damage_taken":[{"damage":6,"enemies":"Cultist","floor":1,"turns":3},{"damage":13,"enemies":"2 Louse","floor":2,"turns":3},{"damage":12,"enemies":"Jaw Worm","floor":3,"turns":2},{"damage":15,"enemies":"Blue Slaver","floor":4,"turns":3},{"damage":10,"enemies":"Blue Slaver","floor":7,"turns":2},{"damage":23,"enemies":"3 Louse","floor":10,"turns":2},{"damage":33,"enemies":"HollowMod:MossKnight","floor":11,"turns":7},{"damage":68,"enemies":"Lagavulin","floor":13,"turns":4}],"seed_played":"-3469325037248374287","potions_obtained":[{"floor":3,"key":"BlessingOfTheForge"},{"floor":4,"key":"SpeedPotion"}],"is_trial":false,"path_per_floor":["M","M","M","M","?","R","?","$","T","M","E","R","E"],"character_chosen":"Angela","items_purchased":["Membership Card","DemoMod:GnawedKey","WristCuter","DemoMod:Metronome","BlackSwan_ego","Justitia","CherryBlossom","Toxic Egg 2","Shuriken","Lee\u0027s Waffle"],"campfire_rested":0,"item_purchase_floors":[0,0,0,0,0,0,0,0,0,8],"current_hp_per_floor":[65,60,56,49,54,54,52,82,82,71,50,50,0,0],"gold":124,"neow_bonus":"","is_daily":false,"chose_seed":false,"campfire_upgraded":0,"win_rate":0.0,"timestamp":1610744826,"path_taken":["M","M","M","M","?","R","?","?","T","M","E","R","E"],"items_purchased_type":["Relic","Relic","Card","Relic","Card","Card","Card","Relic","Relic","Relic"],"build_version":"2020-12-22","purchased_purges":0,"victory":false,"max_hp_per_floor":[70,70,70,70,75,75,75,82,82,86,90,90,90,90],"card_choices":[{"not_picked":["SnowQueen","Bloodbath"],"picked":"OSAHOGD","floor":1},{"not_picked":["Horn","RapturousDream+1"],"picked":"SKIP","floor":1},{"not_picked":["CherryBlossoms","ShyLook"],"picked":"OldLady","floor":2},{"not_picked":["Wingbeat+1"],"picked":"TodaysExpression+1","floor":2},{"not_picked":["RedShoes","Woodsman"],"picked":"BigBird","floor":3},{"not_picked":["Mimicry","Tough"],"picked":"SKIP","floor":3},{"not_picked":["SingingMachine","CherryBlossoms"],"picked":"Scorched","floor":4},{"not_picked":["Beak","TodaysExpression+1"],"picked":"SKIP","floor":4},{"not_picked":["MHz","Porccubus"],"picked":"LongBird","floor":10},{"not_picked":["Harmony","TodaysExpression+1"],"picked":"SKIP","floor":10},{"not_picked":["LittlePrince","MeatLantern"],"picked":"Wellcheers","floor":11},{"not_picked":["TodaysExpression+1","Pleasure+1"],"picked":"SKIP","floor":11}],"player_experience":351131,"relics_obtained":[{"floor":1,"key":"LetterFromLob"},{"floor":9,"key":"HollowMod:LifeEnderRelic"},{"floor":11,"key":"Art of War"}],"event_choices":[{"damage_healed":0,"gold_gain":0,"player_choice":"Donut","damage_taken":0,"max_hp_gain":5,"max_hp_loss":0,"event_name":"Big Fish","floor":5,"gold_loss":0}],"is_beta":false,"boss_relics":[],"items_purged_floors":[],"is_endless":false,"potions_floor_spawned":[3,4,7],"killed_by":"Lagavulin","ascension_level":20}}