{"host":"jfbo3eu2ui08ej1u","time":1610727127,"event":{"mods":["2.2 Compatiblity","AchievementEnabler","Act Like it!","Aspiration","BaseMod","Better Altar","Better Match","Better Note","Better Sensory Stone","Better Skull","Better Third Choice","Block Reminder","Colored Map","Colored Powertips","Conspire","DeckTracker","Displayed Cursed Tome","Downfall","Energized Spire","Fox Events","GifTheSpireLib","Hubris","Infinite Spire","Marked Mod","Minty Spire (QoL Compilation)","Pale of the Ancients","Quick Restart","RRrroohrrRGHHhhh!!","Relic Filter","Reorder Act Four","Replay The Spire","Shop Mod","Spicy Shops","StSLib","Stuff the Spire","The Blue Laboratory","The Disciple","The Forsaken","The Hierophant","The Marked","Uncapped","Unceasing Turn Reminder","Wandering Minibosses"],"gold_per_floor":[110,120,140,151,151,151,161,191,238,238,10,44,44,69,69,140,140,154,154,74,74,94,94,121,121,121,121,121],"floor_reached":27,"language":"ENG","playtime":753,"items_purged":["Strike_R"],"score":602,"play_id":"46d51aad-cb7b-4320-af62-312e14119d4e","local_time":"20210115111207","is_ascension_mode":true,"campfire_choices":[{"data":"Bash","floor":6,"key":"SMITH"},{"data":"Fire Breathing","floor":10,"key":"SMITH"},{"data":"Blind","floor":13,"key":"SMITH"},{"floor":15,"key":"REST"},{"floor":23,"key":"REST"}],"circlet_count":0,"master_deck":["AscendersBane","Strike_R","Strike_R","Strike_R","Strike_R","Defend_R+1","Defend_R","Defend_R+1","Defend_R","Bash+1","Wild Strike","Thunderclap","Entrench+1","ReplayTheSpireMod:Limb From Limb","Headbutt","Fire Breathing+1","Armaments","Blind+1","Impervious","Double Tap","Power Through","ReplayTheSpireMod:Muscle Training"],"relics":["Burning Blood","conspire:DecoderRing","War Paint","aspiration:FrozenJewel","Mercury Hourglass","Painkiller Herb","hubris:Icosahedron","hubris:Metronome","Pantograph"],"acts_visited":["Exordium","TheCity"],"potions_floor_usage":[7,7,27],"damage_taken":[{"damage":8,"enemies":"Small Slimes","floor":1,"turns":4},{"damage":6,"enemies":"2 Louse","floor":2,"turns":3},{"damage":9,"enemies":"Jaw Worm","floor":3,"turns":4},{"damage":21,"enemies":"Looter","floor":4,"turns":4},{"damage":1,"enemies":"Exordium Thugs","floor":7,"turns":4},{"damage":8,"enemies":"Gremlin Nob","floor":8,"turns":3},{"damage":24,"enemies":"3 Sentries","floor":12,"turns":5},{"damage":25,"enemies":"Gremlin Nob","floor":14,"turns":4},{"damage":0,"enemies":"Slime Boss","floor":16,"turns":5},{"damage":24,"enemies":"Spheric Guardian","floor":18,"turns":7},{"damage":11,"enemies":"2 Thieves","floor":20,"turns":7},{"damage":35,"enemies":"Cultist and Chosen","floor":22,"turns":6},{"damage":51,"enemies":"Book of Stabbing","floor":24,"turns":6},{"damage":38,"enemies":"Gremlin Leader","floor":27,"turns":4}],"seed_played":"5495209158079685680","potions_obtained":[{"floor":2,"key":"FearPotion"},{"floor":3,"key":"blueLaboratory:LouseDecoction"},{"floor":14,"key":"blueLaboratory:LouseDecoction"},{"floor":22,"key":"BlessingOfTheForge"}],"is_trial":false,"path_per_floor":["M","M","M","M","?","R","M","E","T","R","$","E","R","E","R","B",null,"?","?","?","?","?","T","E","?","T","E"],"character_chosen":"IRONCLAD","items_purchased":["Armaments","Blind"],"campfire_rested":2,"item_purchase_floors":[11,11],"current_hp_per_floor":[73,73,70,55,55,55,60,58,58,58,58,40,40,21,45,51,74,56,56,51,51,22,46,37,37,37,0,0],"gold":121,"neow_bonus":"TEN_PERCENT_HP_BONUS","is_daily":false,"chose_seed":false,"campfire_upgraded":3,"win_rate":0.0,"timestamp":1610727127,"path_taken":["M","M","M","M","?","R","M","E","T","R","$","E","R","E","R","BOSS","?","?","?","?","?","T","E","?","T","E"],"items_purchased_type":["Card","Card"],"build_version":"2020-12-22","purchased_purges":1,"victory":false,"max_hp_per_floor":[82,82,82,82,82,82,82,82,82,82,82,82,82,82,82,82,82,82,82,82,82,82,82,82,82,82,82,82],"card_choices":[{"not_picked":["Cleave","Body Slam"],"picked":"Wild Strike","floor":1},{"not_picked":["ReplayTheSpireMod:LeadingStrike","Perfected Strike"],"picked":"Thunderclap","floor":2},{"not_picked":["Clash","Iron Wave"],"picked":"Entrench","floor":3},{"not_picked":["Ghostly Armor","ReplayTheSpireMod:Strike From Hell"],"picked":"ReplayTheSpireMod:Limb From Limb","floor":4},{"not_picked":["ReplayReversal","Replay:Many Hands"],"picked":"Headbutt","floor":7},{"not_picked":["Pommel Strike","ReplayTheSpireMod:Strike From Hell"],"picked":"Fire Breathing","floor":8},{"not_picked":["Bloodletting","Sword Boomerang","Thunderclap"],"picked":"SKIP","floor":12},{"not_picked":["Pommel Strike","Feel No Pain"],"picked":"Impervious","floor":14},{"not_picked":["StuffTheSpire:TitanForm","Demonic Infusion"],"picked":"Double Tap","floor":16},{"not_picked":["Twin Strike","Heavy Blade"],"picked":"Power Through","floor":18},{"not_picked":["StuffTheSpire:BloodClot","Clash","Anger"],"picked":"SKIP","floor":20},{"not_picked":["Clash","Bloodletting+1","StuffTheSpire:Pyroclast"],"picked":"SKIP","floor":22},{"not_picked":["ReplayTheSpireMod:Strike From Hell","Fiend Fire"],"picked":"ReplayTheSpireMod:Muscle Training","floor":24}],"player_experience":1226531,"relics_obtained":[{"floor":8,"key":"conspire:DecoderRing"},{"floor":9,"key":"War Paint"},{"floor":12,"key":"aspiration:FrozenJewel"},{"floor":14,"key":"Mercury Hourglass"},{"floor":24,"key":"hubris:Metronome"},{"floor":26,"key":"Pantograph"}],"event_choices":[{"cards_removed":["Shame"],"damage_healed":0,"gold_gain":0,"player_choice":"Removed Curses","damage_taken":0,"max_hp_gain":0,"max_hp_loss":0,"event_name":"Fountain of Cleansing","floor":25,"gold_loss":0}],"is_beta":false,"boss_relics":[{"not_picked":["hubris:Backtick","Replay:Wanted Poster"],"picked":"Painkiller Herb"}],"items_purged_floors":[11],"is_endless":false,"potions_floor_spawned":[2,3,4,14,22,24],"killed_by":"Gremlin Leader","ascension_level":20}}