{"host":"y3h3n3f7seyagppx","time":1610693140,"event":{"mods":["AlwaysNeverKeys","BaseMod","Better Vampires","Colored Powertips","DeckTracker","Emptier Cage","Minty Spire (QoL Compilation)","Permanent Neow","Quick Restart","Rare Cards Sparkle","Relic Sorter","Relic Stats","StSLib","Transform Curses"],"gold_per_floor":[116,116,129,129,142,142,90,131,131,131,154,154,197,211,211,211,211],"floor_reached":16,"language":"ENG","playtime":1059,"items_purged":[],"score":220,"play_id":"4ce468b1-26d9-495a-931b-e10a9c8b171c","local_time":"20210115014540","is_ascension_mode":true,"campfire_choices":[{"data":"Poisoned Stab","floor":6,"key":"SMITH"},{"data":"1","floor":10,"key":"LIFT"},{"floor":12,"key":"REST"},{"data":"2","floor":15,"key":"LIFT"}],"circlet_count":0,"master_deck":["AscendersBane","Strike_G","Strike_G","Strike_G","Strike_G","Strike_G","Defend_G","Defend_G","Defend_G","Defend_G","Defend_G","Survivor","Neutralize","Violence","Poisoned Stab+1","Flying Knee","Terror","Masterful Stab","Dagger Spray","Calculated Gamble"],"relics":["Ring of the Snake","Golden Idol","Girya","Prayer Wheel","Paper Crane"],"acts_visited":["Exordium"],"potions_floor_usage":[8,16,16],"damage_taken":[{"damage":0,"enemies":"Small Slimes","floor":1,"turns":4},{"damage":2,"enemies":"2 Louse","floor":3,"turns":3},{"damage":2,"enemies":"Jaw Worm","floor":5,"turns":3},{"damage":30,"enemies":"Gremlin Nob","floor":8,"turns":4},{"damage":0,"enemies":"2 Fungi Beasts","floor":11,"turns":2},{"damage":12,"enemies":"3 Sentries","floor":13,"turns":6},{"damage":0,"enemies":"Lots of Slimes","floor":14,"turns":3},{"damage":20,"enemies":"The Guardian","floor":16,"turns":10}],"seed_played":"-6453413678217573855","potions_obtained":[{"floor":1,"key":"FearPotion"},{"floor":11,"key":"Weak Potion"},{"floor":14,"key":"Fire Potion"}],"is_trial":false,"path_per_floor":["M","?","M","?","M","R","?","E","T","R","M","R","E","M","R","B"],"character_chosen":"THE_SILENT","items_purchased":[],"campfire_rested":1,"item_purchase_floors":[],"current_hp_per_floor":[44,44,42,42,40,40,40,10,10,10,10,28,16,16,16,0,0],"gold":211,"neow_bonus":"RANDOM_COLORLESS_2","is_daily":false,"chose_seed":false,"campfire_upgraded":1,"win_rate":0.0,"timestamp":1610693140,"path_taken":["M","?","M","?","M","R","?","E","T","R","M","R","E","M","R","BOSS"],"items_purchased_type":[],"build_version":"2020-12-22","purchased_purges":0,"victory":false,"max_hp_per_floor":[66,60,60,60,60,60,60,60,60,60,60,60,60,60,60,60,60],"relic_stats":{"counters":[8,35],"Golden Idol":31,"Prayer Wheel":2,"obtain_stats":[{"Girya":8,"Golden Idol":2,"Prayer Wheel":9,"Paper Crane":13,"Ring of the Snake":0},{"Girya":4,"Golden Idol":1,"Prayer Wheel":4,"Paper Crane":6,"Ring of the Snake":0},{"Girya":14,"Golden Idol":4,"Prayer Wheel":14,"Paper Crane":22,"Ring of the Snake":0}],"Ring of the Snake":[16]},"card_choices":[{"not_picked":["Panache","Thinking Ahead"],"picked":"Violence","floor":0},{"not_picked":["Prepared","Leg Sweep"],"picked":"Poisoned Stab","floor":1},{"not_picked":["Outmaneuver","Blade Dance"],"picked":"Flying Knee","floor":3},{"not_picked":["Dodge and Roll","Backflip"],"picked":"Terror","floor":5},{"not_picked":["Bane","Underhanded Strike"],"picked":"Masterful Stab","floor":8},{"not_picked":["Calculated Gamble","Dagger Throw"],"picked":"Dagger Spray","floor":11},{"not_picked":["Underhanded Strike","Slice","Sucker Punch"],"picked":"SKIP","floor":11},{"not_picked":["Underhanded Strike","Slice","Sucker Punch"],"picked":"SKIP","floor":11},{"not_picked":["Tactician","Noxious Fumes","Caltrops"],"picked":"SKIP","floor":13},{"not_picked":["Tactician","Noxious Fumes","Caltrops"],"picked":"SKIP","floor":13},{"not_picked":["Deadly Poison","Dash"],"picked":"Calculated Gamble","floor":14},{"not_picked":["Dash","Distraction","Outmaneuver"],"picked":"SKIP","floor":14}],"player_experience":20974864,"relics_obtained":[{"floor":8,"key":"Girya"},{"floor":9,"key":"Prayer Wheel"},{"floor":13,"key":"Paper Crane"}],"event_choices":[{"damage_healed":0,"gold_gain":0,"player_choice":"Lose Max HP","damage_taken":0,"relics_obtained":["Golden Idol"],"max_hp_gain":0,"max_hp_loss":6,"event_name":"Golden Idol","floor":2,"gold_loss":0},{"damage_healed":0,"gold_gain":0,"player_choice":"Ignored","damage_taken":0,"max_hp_gain":0,"max_hp_loss":0,"event_name":"Liars Game","floor":4,"gold_loss":0},{"damage_healed":0,"gold_gain":0,"player_choice":"Left Gold","damage_taken":0,"max_hp_gain":0,"max_hp_loss":0,"event_name":"World of Goop","floor":7,"gold_loss":52}],"is_beta":false,"boss_relics":[],"items_purged_floors":[],"is_endless":false,"potions_floor_spawned":[1,11,14],"killed_by":"The Guardian","ascension_level":20}}