{"host":"oehe2dxjvdgux73m","time":1610716294,"event":{"mods":["AchievementEnabler","BaseMod","Colored Map","Colored Powertips","DeckTracker","Keyboard Shortcuts","Minty Spire (QoL Compilation)","Permanent Neow","Quick Restart","StSLib","SuperFastMode"],"gold_per_floor":[117,117,131,431,451,451,485,485,485,485,485,512,512,532,532,605,605,617,542,542,562,573,573,589,607,631,631,631,631],"floor_reached":28,"language":"KOR","playtime":1084,"items_purged":[],"score":388,"play_id":"607cd627-e8c3-4ffa-bc79-5a7efdc4f04b","local_time":"20210115221134","is_ascension_mode":true,"campfire_choices":[{"data":"Neutralize","floor":6.0,"key":"SMITH"},{"data":"Terror","floor":8.0,"key":"SMITH"},{"data":"Dash","floor":10.0,"key":"SMITH"},{"floor":15.0,"key":"REST"},{"floor":23,"key":"REST"},{"floor":27,"key":"REST"}],"circlet_count":0,"master_deck":["AscendersBane","Strike_G","Strike_G","Strike_G","Defend_G","Defend_G","Defend_G","Defend_G","Defend_G","Survivor","Neutralize+1","Terror+1","Underhanded Strike","Dash+1","Dagger Spray","A Thousand Cuts","Prepared","Footwork+1","Well Laid Plans"],"relics":["Ring of the Snake","NeowsBlessing","Old Coin","Omamori","Lizard Tail","SacredBark","Shovel","Vajra"],"acts_visited":["Exordium","TheCity"],"potions_floor_usage":[18,22],"damage_taken":[{"damage":0.0,"enemies":"Small Slimes","floor":1.0,"turns":1.0},{"damage":0.0,"enemies":"Cultist","floor":3.0,"turns":1.0},{"damage":0.0,"enemies":"2 Louse","floor":5.0,"turns":2.0},{"damage":21.0,"enemies":"Gremlin Nob","floor":7.0,"turns":5.0},{"damage":12.0,"enemies":"3 Sentries","floor":12.0,"turns":6.0},{"damage":2.0,"enemies":"Red Slaver","floor":14.0,"turns":3.0},{"damage":9.0,"enemies":"Hexaghost","floor":16.0,"turns":8.0},{"damage":24,"enemies":"Spheric Guardian","floor":18,"turns":5},{"damage":39,"enemies":"Shell Parasite","floor":21,"turns":8},{"damage":22,"enemies":"Shelled Parasite and Fungi","floor":22,"turns":7},{"damage":20,"enemies":"Centurion and Healer","floor":24,"turns":11},{"damage":40,"enemies":"Chosen and Byrds","floor":25,"turns":9},{"damage":30,"enemies":"Gremlin Leader","floor":28,"turns":3}],"seed_played":"-8480131085433532903","potions_obtained":[{"floor":1.0,"key":"SteroidPotion"},{"floor":3.0,"key":"LiquidBronze"},{"floor":7.0,"key":"DuplicationPotion"},{"floor":13.0,"key":"FairyPotion"},{"floor":13.0,"key":"PowerPotion"},{"floor":16.0,"key":"SteroidPotion"},{"floor":21,"key":"SpeedPotion"}],"is_trial":false,"path_per_floor":["M","?","M","?","M","R","E","R","T","R","?","E","?","M","R","B",null,"M","?","?","M","M","R","M","M","T","R","E"],"character_chosen":"THE_SILENT","items_purchased":[],"campfire_rested":3,"item_purchase_floors":[],"current_hp_per_floor":[59,59,59,52,52,52,31,31,31,31,31,19,19,17,36,27,56,32,32,32,32,10,29,9,6,6,25,0,0],"gold":631,"neow_bonus":"THREE_ENEMY_KILL","is_daily":false,"chose_seed":false,"campfire_upgraded":3,"win_rate":0.0,"timestamp":1610716294,"path_taken":["M","?","?","?","M","R","E","R","T","R","?","E","?","M","R","BOSS","M","?","?","M","M","R","M","M","T","R","E"],"items_purchased_type":[],"build_version":"2020-12-22","purchased_purges":0,"victory":false,"max_hp_per_floor":[66,66,66,66,66,66,66,66,66,66,66,66,66,66,66,66,66,66,66,66,66,66,66,66,66,66,66,66,66],"card_choices":[{"not_picked":["Flechettes","Sucker Punch"],"picked":"Terror","floor":1.0},{"not_picked":["Acrobatics","Concentrate"],"picked":"Infinite Blades","floor":3.0},{"not_picked":["Slice","Deflect"],"picked":"Underhanded Strike","floor":5.0},{"not_picked":["Masterful Stab","Bane"],"picked":"Dash","floor":7.0},{"not_picked":["Quick Slash","Bane","Choke"],"picked":"SKIP","floor":12.0},{"not_picked":["Finisher","Dodge and Roll"],"picked":"Dagger Spray","floor":14.0},{"not_picked":["Glass Knife","Unload"],"picked":"A Thousand Cuts","floor":16.0},{"not_picked":["Sucker Punch","Flying Knee"],"picked":"Prepared","floor":18},{"not_picked":["Riddle With Holes","Bane"],"picked":"Footwork+1","floor":21},{"not_picked":["Prepared","Bane","Sucker Punch"],"picked":"SKIP","floor":22},{"not_picked":["Prepared","Sucker Punch"],"picked":"Well Laid Plans","floor":24},{"not_picked":["Well Laid Plans","Concentrate","Infinite Blades"],"picked":"SKIP","floor":25}],"player_experience":209152,"relics_obtained":[{"floor":7.0,"key":"Omamori"},{"floor":12.0,"key":"Lizard Tail"},{"floor":26,"key":"Vajra"}],"event_choices":[{"cards_removed":["Strike_G"],"damage_healed":0.0,"max_hp_gain":0.0,"max_hp_loss":0.0,"gold_gain":0.0,"event_name":"Purifier","player_choice":"Purged","floor":2.0,"gold_loss":0.0,"damage_taken":0.0},{"damage_healed":0.0,"max_hp_gain":0.0,"max_hp_loss":0.0,"gold_gain":0.0,"event_name":"Scrap Ooze","player_choice":"Success","floor":4.0,"gold_loss":0.0,"damage_taken":7.0,"relics_obtained":["Old Coin"]},{"damage_healed":0.0,"max_hp_gain":0.0,"max_hp_loss":0.0,"gold_gain":0.0,"event_name":"Liars Game","player_choice":"Ignored","floor":11.0,"gold_loss":0.0,"damage_taken":0.0},{"damage_healed":0.0,"max_hp_gain":0.0,"max_hp_loss":0.0,"gold_gain":0.0,"event_name":"Lab","player_choice":"Got Potions","floor":13.0,"gold_loss":0.0,"damage_taken":0.0},{"cards_removed":["Strike_G"],"damage_healed":0,"gold_gain":0,"player_choice":"Gave Gold","damage_taken":0,"max_hp_gain":0,"max_hp_loss":0,"event_name":"Beggar","floor":19,"gold_loss":75},{"cards_removed":["Infinite Blades"],"damage_healed":0,"gold_gain":0,"player_choice":"Gave Card","damage_taken":0,"relics_obtained":["Shovel"],"max_hp_gain":0,"max_hp_loss":0,"event_name":"WeMeetAgain","floor":20,"gold_loss":0}],"is_beta":false,"boss_relics":[{"not_picked":["Runic Dome","Busted Crown"],"picked":"SacredBark"}],"items_purged_floors":[],"is_endless":false,"potions_floor_spawned":[1,3,7,16,21],"killed_by":"Gremlin Leader","ascension_level":14}}