{"host":"ohuqxemsk44kggmp","time":1610739712,"event":{"mods":["AchievementEnabler","Act Like it!","BaseMod","Better Third Choice","Colored Powertips","Conspire","Marked Mod","Minty Spire (QoL Compilation)","Pale of the Ancients","Railgun Mod","Replay The Spire","StSLib","The Alterego","Waifu the Spire"],"gold_per_floor":[117,134,134,148,168,206,225,225,225,225,225,263,263,299,324,224,224,355,355,375,396,55,74,118,118,133,169,222,222,295,349,349,411,411,545,545,574,622,216,216,238,283,283,292,292,292,315,315,338,82,82,102,102,102,102],"floor_reached":54,"language":"ENG","playtime":4456,"items_purged":[],"score":914,"play_id":"4a25a5da-b9b8-4e1b-89f0-a0d4c3f17bd8","local_time":"20210115204152","is_ascension_mode":false,"campfire_choices":[{"data":"alterego_mod:Belts","floor":8.0,"key":"SMITH"},{"data":"alterego_mod:Stockings","floor":13.0,"key":"SMITH"},{"floor":17.0,"key":"RECALL"},{"floor":25.0,"key":"REST"},{"data":"alterego_mod:Clones","floor":29.0,"key":"SMITH"},{"data":"alterego_mod:TrashNCrash","floor":32.0,"key":"SMITH"},{"floor":34.0,"key":"REST"},{"floor":43.0,"key":"REST"},{"data":"alterego_mod:Mirror","floor":46.0,"key":"SMITH"},{"floor":48.0,"key":"REST"},{"floor":51.0,"key":"REST"}],"circlet_count":0,"master_deck":["alterego_mod:Strike","alterego_mod:Strike","alterego_mod:Strike","alterego_mod:Strike","alterego_mod:Defend","alterego_mod:Defend","alterego_mod:Defend","alterego_mod:Defend","alterego_mod:Impale","alterego_mod:BigMeatyClaws","alterego_mod:BrynhildrsRune","alterego_mod:Belts+1","alterego_mod:SakuraFive","Injury","alterego_mod:Bounce","alterego_mod:Valentines","alterego_mod:Bounce","alterego_mod:Stockings+1","alterego_mod:Santa","alterego_mod:Nekomimi","alterego_mod:Rip","Ghostly","alterego_mod:Weigh","alterego_mod:Clones+1","HandOfGreed","alterego_mod:Rip","alterego_mod:TrashNCrash+1","alterego_mod:GoddessCore","alterego_mod:Smother+1","alterego_mod:SakuraFive","alterego_mod:Nekomimi","alterego_mod:GachaTicket+1","alterego_mod:BrynhildrRomantia","alterego_mod:Cycle+1","alterego_mod:Nekomimi","alterego_mod:Stockings","alterego_mod:Mirror+1","Writhe","alterego_mod:PresenceConcealment","alterego_mod:Mirror+1"],"relics":["alterego_mod:MasochisticConstitution","Golden Idol","Bag of Preparation","Lantern","Chameleon Ring","ChewingGum","Bronze Scales","FossilizedHelix","CeramicFish","Turnip","Nunchaku","Black Star","conspire:Dentures","Ancient Tea Set","conspire:DecoderRing","InkBottle","conspire:BottledYoYo","paleoftheancients:Timepiece","paleoftheancients:KeyRelic","Mercury Hourglass","CultistMask"],"acts_visited":["Exordium","TheCity","TheBeyond","TheBeyond"],"potions_floor_usage":[],"damage_taken":[{"damage":2.0,"enemies":"conspire:RoseBush","floor":1.0,"turns":5.0},{"damage":1.0,"enemies":"Small Slimes","floor":2.0,"turns":5.0},{"damage":7.0,"enemies":"2 Louse","floor":4.0,"turns":4.0},{"damage":5.0,"enemies":"Exordium Wildlife","floor":5.0,"turns":6.0},{"damage":33.0,"enemies":"3 Sentries","floor":6.0,"turns":14.0},{"damage":15.0,"enemies":"3 Louse","floor":7.0,"turns":5.0},{"damage":27.0,"enemies":"Replay:BlueRogue","floor":12.0,"turns":16.0},{"damage":0.0,"enemies":"Gremlin Nob","floor":14.0,"turns":6.0},{"damage":7.0,"enemies":"2 Fungi Beasts","floor":15.0,"turns":3.0},{"damage":56.0,"enemies":"Slime Boss","floor":18.0,"turns":16.0},{"damage":16.0,"enemies":"Spheric Guardian","floor":20.0,"turns":4.0},{"damage":13.0,"enemies":"Chosen","floor":21.0,"turns":6.0},{"damage":13.0,"enemies":"Centurion and Healer","floor":23.0,"turns":8.0},{"damage":34.0,"enemies":"Sentry and Sphere","floor":24.0,"turns":6.0},{"damage":16.0,"enemies":"Chosen and Byrds","floor":26.0,"turns":5.0},{"damage":28.0,"enemies":"Gremlin Leader","floor":27.0,"turns":7.0},{"damage":0.0,"enemies":"Replay:Snechameleon","floor":30.0,"turns":4.0},{"damage":15.0,"enemies":"Shelled Parasite and Fungi","floor":31.0,"turns":7.0},{"damage":36.0,"enemies":"Slavers","floor":33.0,"turns":5.0},{"damage":61.0,"enemies":"Champ","floor":35.0,"turns":14.0},{"damage":53.0,"enemies":"3 Darklings","floor":37.0,"turns":4.0},{"damage":2.0,"enemies":"3 Shapes","floor":38.0,"turns":6.0},{"damage":44.0,"enemies":"Spire Growth","floor":41.0,"turns":6.0},{"damage":56.0,"enemies":"Reptomancer","floor":42.0,"turns":7.0},{"damage":3.0,"enemies":"Maw","floor":47.0,"turns":9.0},{"damage":59.0,"enemies":"Sphere and 2 Shapes","floor":49.0,"turns":5.0},{"damage":135.0,"enemies":"Awakened One","floor":52.0,"turns":15.0},{"damage":119.0,"enemies":"Awakened One","floor":53.0,"turns":6.0},{"damage":75,"enemies":"Awakened One","floor":54,"turns":5}],"seed_played":"-8945974338698476671","potions_obtained":[{"floor":1.0,"key":"Venom Potion"},{"floor":7.0,"key":"Block Potion"},{"floor":14.0,"key":"ColorlessPotion"},{"floor":15.0,"key":"Dexterity Potion"},{"floor":21.0,"key":"Regen Potion"},{"floor":26.0,"key":"AttackPotion"},{"floor":33.0,"key":"Milkshake"},{"floor":42.0,"key":"Regen Potion"}],"is_trial":false,"path_per_floor":["M","M","?","M","M","E","M","R","PTL","PTL","T","E","R","E","M","?","R","B",null,"M","M","$","M","M","R","M","E","T","R","E","M","R","E","R","B",null,"M","M","$","?","M","E","R","?","T","R","M","R","M","$","R","B","M","M"],"character_chosen":"The_Alterego","items_purchased":["Bronze Scales","HandOfGreed","conspire:Dentures","CultistPotion","alterego_mod:Nekomimi","conspire:BottledYoYo"],"campfire_rested":5,"item_purchase_floors":[22,22,39,39,39,50],"current_hp_per_floor":[78,79,79,80,81,63,70,70,70,70,70,51,51,58,66,66,66,60,86,78,73,73,75,49,76,75,83,83,83,90,89,89,68,94,41,95,64,80,80,80,44,13,44,70,70,70,75,106,62,62,94,108,65,0,0],"gold":102,"neow_bonus":"TEN_PERCENT_HP_BONUS","is_daily":false,"chose_seed":false,"campfire_upgraded":5,"win_rate":0.0,"timestamp":1610739712,"path_taken":["M","M","?","M","M","E","M","R","PTL","PTL","T","E","R","E","M","?","R","BOSS","M","M","$","M","M","R","M","E","T","R","E","M","R","E","R","BOSS","M","M","$","?","M","E","R","?","T","R","M","R","M","$","R","BOSS","M","M"],"items_purchased_type":["Relic","Card","Relic","Potion","Card","Relic"],"build_version":"2020-12-22","purchased_purges":0,"victory":false,"max_hp_per_floor":[78,79,79,80,81,82,83,83,83,83,83,84,84,84,85,85,85,86,86,87,88,88,89,90,90,91,92,92,92,92,93,93,94,94,95,95,96,100,100,100,101,105,105,105,105,105,106,106,107,107,107,108,109,109,109],"card_choices":[{"not_picked":["alterego_mod:Bunnysuit","alterego_mod:Stockings"],"picked":"alterego_mod:Belts","floor":1.0},{"not_picked":["alterego_mod:Bounce","alterego_mod:Jiggle"],"picked":"alterego_mod:SakuraFive","floor":2.0},{"not_picked":["alterego_mod:PresenceConcealment","alterego_mod:BoobPocket"],"picked":"alterego_mod:Bounce","floor":4.0},{"not_picked":["alterego_mod:DeftHands","alterego_mod:Bunnysuit"],"picked":"alterego_mod:Valentines","floor":5.0},{"not_picked":["alterego_mod:Skirt","alterego_mod:PerceptionDisorder"],"picked":"alterego_mod:Bounce","floor":6.0},{"not_picked":["alterego_mod:Clap","alterego_mod:Swimsuit"],"picked":"alterego_mod:Stockings","floor":7.0},{"not_picked":["alterego_mod:Crossover","alterego_mod:RocketPunch"],"picked":"alterego_mod:Santa","floor":12.0},{"not_picked":["alterego_mod:Maid","alterego_mod:Skirt"],"picked":"alterego_mod:Nekomimi","floor":14.0},{"not_picked":["alterego_mod:SakuraLabyrinth","alterego_mod:RingBreak"],"picked":"alterego_mod:Rip","floor":15.0},{"not_picked":["alterego_mod:Antipathy","alterego_mod:GIGAMILK"],"picked":"alterego_mod:Weigh","floor":18.0},{"not_picked":["alterego_mod:DiscoLights","alterego_mod:MagicResistance"],"picked":"alterego_mod:Clones","floor":20.0},{"not_picked":["alterego_mod:Maid","alterego_mod:BoobPocket","alterego_mod:Punishment"],"picked":"SKIP","floor":21.0},{"not_picked":["alterego_mod:Lingerie","alterego_mod:Bounce"],"picked":"alterego_mod:Rip","floor":23.0},{"not_picked":["alterego_mod:1TonWallop+1","alterego_mod:Punishment"],"picked":"alterego_mod:TrashNCrash","floor":24.0},{"not_picked":["alterego_mod:DiscoLights","alterego_mod:Stockings"],"picked":"alterego_mod:GoddessCore","floor":26.0},{"not_picked":["alterego_mod:AlterEgo","alterego_mod:Complex"],"picked":"alterego_mod:Smother+1","floor":27.0},{"not_picked":["alterego_mod:Pet","alterego_mod:Belle+1"],"picked":"alterego_mod:SakuraFive","floor":30.0},{"not_picked":["alterego_mod:Belts","alterego_mod:DeftHands"],"picked":"alterego_mod:Nekomimi","floor":31.0},{"not_picked":["alterego_mod:Bloomers+1","alterego_mod:Cushion+1"],"picked":"alterego_mod:GachaTicket+1","floor":33.0},{"not_picked":["alterego_mod:Venus","alterego_mod:IdEs"],"picked":"alterego_mod:BrynhildrRomantia","floor":35.0},{"not_picked":["alterego_mod:BiFurious","alterego_mod:Undulate+1"],"picked":"alterego_mod:Belle","floor":37.0},{"not_picked":["alterego_mod:1TonWallop+1","alterego_mod:Complex+1"],"picked":"alterego_mod:Cycle+1","floor":38.0},{"not_picked":["alterego_mod:GoddessCore+1","alterego_mod:1TonWallop+1"],"picked":"alterego_mod:Stockings","floor":41.0},{"not_picked":["alterego_mod:Smother+1","alterego_mod:SakuraPetals"],"picked":"alterego_mod:Mirror","floor":42.0},{"not_picked":["alterego_mod:Skirt+1","alterego_mod:Cooking+1"],"picked":"alterego_mod:PresenceConcealment","floor":47.0},{"not_picked":["alterego_mod:TrashNCrash","alterego_mod:1TonWallop+1"],"picked":"alterego_mod:Mirror+1","floor":49.0}],"player_experience":508316,"relics_obtained":[{"floor":6.0,"key":"Bag of Preparation"},{"floor":12.0,"key":"Lantern"},{"floor":14.0,"key":"Chameleon Ring"},{"floor":27.0,"key":"FossilizedHelix"},{"floor":28.0,"key":"CeramicFish"},{"floor":30.0,"key":"Turnip"},{"floor":33.0,"key":"Nunchaku"},{"floor":42.0,"key":"Ancient Tea Set"},{"floor":42.0,"key":"conspire:DecoderRing"},{"floor":45.0,"key":"InkBottle"}],"event_choices":[{"damage_healed":0.0,"max_hp_gain":0.0,"max_hp_loss":0.0,"gold_gain":0.0,"event_name":"Golden Idol","player_choice":"Take Wound","floor":3.0,"gold_loss":0.0,"damage_taken":0.0,"relics_obtained":["Golden Idol"],"cards_obtained":["Injury"]},{"damage_healed":0.0,"max_hp_gain":0.0,"max_hp_loss":0.0,"gold_gain":0.0,"event_name":"conspire:LoneGhost","player_choice":"Argue","floor":16.0,"gold_loss":0.0,"damage_taken":0.0},{"damage_healed":0.0,"max_hp_gain":0.0,"max_hp_loss":0.0,"gold_gain":0.0,"event_name":"Tomb of Lord Red Mask","player_choice":"Ignored","floor":40.0,"gold_loss":0.0,"damage_taken":0.0},{"damage_healed":26.0,"max_hp_gain":0.0,"max_hp_loss":0.0,"gold_gain":0.0,"event_name":"Winding Halls","player_choice":"Writhe","floor":44.0,"gold_loss":0.0,"damage_taken":0.0,"cards_obtained":["Writhe"]}],"is_beta":false,"boss_relics":[{"not_picked":["Tiny House","Replay:Grab Bag"],"picked":"ChewingGum"},{"not_picked":["Ring of Chaos","Runic Dome"],"picked":"Black Star"}],"items_purged_floors":[],"is_endless":false,"potions_floor_spawned":[1,7,14,15,21,23,26,27,33,35,41,42],"killed_by":"Awakened One","ascension_level":0}}