{"host":"gf6ih3azu8xi0kst","time":1610742157,"event":{"mods":["AchievementEnabler","BaseMod","Bestiary","Colored Map","Colored Powertips","Dark Map","Marisa????????","Minty Spire (QoL Compilation)","StSLib","The Cursed","The Senshi","The Servant 0.9.4","??????REMEMod"],"gold_per_floor":[110,122,137,156,169,195,270,270,270,288,306,306,316,333,333,433,433,446,459,238,513,524,524,524,524],"floor_reached":24,"language":"ENG","playtime":1714,"items_purged":["Strike_R"],"score":254,"play_id":"b5750453-83c5-42ab-a045-0887c0ddcf2d","local_time":"20210115182237","is_ascension_mode":false,"campfire_choices":[{"floor":15.0,"key":"REST"},{"floor":23.0,"key":"REST"}],"circlet_count":0,"master_deck":["Strike_R","Defend_R","Defend_R","Defend_R","Defend_R","Bash","Demon Form","Dropkick","REME_Scribble","Iron Wave","Flex","Perfected Strike","Thunderclap","Spot Weakness","Iron Wave","Cleave","Feed","Armaments","Body Slam","Thunderclap","Shrug It Off","Regret"],"relics":["Burning Blood","REME_ComplimentaryCards","Peace Pipe","Oddly Smooth Stone","Singing Bowl","Empty Cage"],"acts_visited":["Exordium","TheCity"],"potions_floor_usage":[24],"damage_taken":[{"damage":7.0,"enemies":"Cultist","floor":1.0,"turns":5.0},{"damage":0.0,"enemies":"Small Slimes","floor":2.0,"turns":3.0},{"damage":3.0,"enemies":"2 Louse","floor":3.0,"turns":3.0},{"damage":2.0,"enemies":"Lots of Slimes","floor":4.0,"turns":3.0},{"damage":27.0,"enemies":"Exordium Wildlife","floor":5.0,"turns":9.0},{"damage":11.0,"enemies":"Lagavulin","floor":6.0,"turns":6.0},{"damage":9.0,"enemies":"2 Fungi Beasts","floor":10.0,"turns":4.0},{"damage":18.0,"enemies":"Exordium Thugs","floor":11.0,"turns":3.0},{"damage":14.0,"enemies":"Blue Slaver","floor":13.0,"turns":3.0},{"damage":18.0,"enemies":"Large Slime","floor":14.0,"turns":4.0},{"damage":31.0,"enemies":"Slime Boss","floor":16.0,"turns":6.0},{"damage":42.0,"enemies":"Spheric Guardian","floor":18.0,"turns":7.0},{"damage":38.0,"enemies":"Shell Parasite","floor":19.0,"turns":7.0},{"damage":49.0,"enemies":"Snake Plant","floor":22.0,"turns":6.0},{"damage":47,"enemies":"Book of Stabbing","floor":24,"turns":5}],"seed_played":"7299543728327273656","potions_obtained":[{"floor":2.0,"key":"DistilledChaos"},{"floor":3.0,"key":"ColorlessPotion"},{"floor":5.0,"key":"EssenceOfSteel"},{"floor":10.0,"key":"HeartOfIron"},{"floor":14.0,"key":"Explosive Potion"},{"floor":22.0,"key":"Block Potion"}],"is_trial":false,"path_per_floor":["M","M","M","M","M","E","?","?","T","M","M","T","M","M","R","B",null,"M","M","$","?","M","R","E"],"character_chosen":"IRONCLAD","items_purchased":["Regen Potion","Thunderclap","Shrug It Off"],"campfire_rested":2,"item_purchase_floors":[20,20,20],"current_hp_per_floor":[55,61,66,72,53,50,39,39,39,38,28,28,24,14,43,20,100,69,39,39,39,14,47,0,0],"gold":524,"neow_bonus":"ONE_RARE_RELIC","is_daily":false,"chose_seed":false,"campfire_upgraded":0,"win_rate":0.0,"timestamp":1610742157,"path_taken":["M","M","M","M","M","E","?","?","T","?","M","?","M","M","R","BOSS","M","M","$","?","M","R","E"],"items_purchased_type":["Potion","Card","Card"],"build_version":"2020-12-22","purchased_purges":1,"victory":false,"max_hp_per_floor":[80,80,82,84,86,88,88,88,88,90,92,92,96,98,98,100,100,105,107,107,107,111,111,111,111],"card_choices":[{"not_picked":["Dark Embrace","Inflame"],"picked":"Dropkick","floor":1.0},{"not_picked":["Pommel Strike","Entrench"],"picked":"REME_Scribble","floor":2.0},{"not_picked":["Twin Strike","Anger"],"picked":"Iron Wave","floor":3.0},{"not_picked":["Havoc","Body Slam"],"picked":"Flex","floor":4.0},{"not_picked":["True Grit","Reckless Charge"],"picked":"Perfected Strike","floor":5.0},{"not_picked":["Disarm","Barricade"],"picked":"Thunderclap","floor":6.0},{"not_picked":["Sword Boomerang","Shrug It Off"],"picked":"Spot Weakness","floor":10.0},{"not_picked":["Feel No Pain","Dropkick"],"picked":"Iron Wave","floor":11.0},{"not_picked":["Cleave","Headbutt","Seeing Red"],"picked":"Singing Bowl","floor":13.0},{"not_picked":["Warcry","REME_Cut"],"picked":"Cleave","floor":14.0},{"not_picked":["Berserk","Brutality"],"picked":"Feed","floor":16.0},{"not_picked":["Thunderclap","Sword Boomerang"],"picked":"Armaments","floor":18.0},{"not_picked":["Feel No Pain","Shrug It Off"],"picked":"Body Slam","floor":19.0},{"not_picked":["True Grit","Rampage+1","Heavy Blade"],"picked":"Singing Bowl","floor":22.0}],"player_experience":224671,"relics_obtained":[{"floor":6.0,"key":"Oddly Smooth Stone"},{"floor":9.0,"key":"Singing Bowl"}],"event_choices":[{"damage_healed":0.0,"max_hp_gain":0.0,"max_hp_loss":0.0,"gold_gain":75.0,"event_name":"World of Goop","player_choice":"Gather Gold","floor":7.0,"gold_loss":0.0,"damage_taken":11.0},{"cards_removed":["Strike_R"],"damage_healed":0.0,"max_hp_gain":0.0,"max_hp_loss":0.0,"gold_gain":0.0,"event_name":"Purifier","player_choice":"Purged","floor":8.0,"gold_loss":0.0,"damage_taken":0.0},{"damage_healed":0.0,"max_hp_gain":0.0,"max_hp_loss":0.0,"gold_gain":275.0,"event_name":"Golden Shrine","player_choice":"Desecrate","floor":21.0,"gold_loss":0.0,"damage_taken":0.0,"cards_obtained":["Regret"]}],"is_beta":false,"boss_relics":[{"not_picked":["Snecko Eye","Tiny House"],"picked":"Empty Cage"}],"items_purged_floors":[20],"is_endless":false,"potions_floor_spawned":[2,3,5,10,14,22],"killed_by":"Book of Stabbing","ascension_level":0}}