{"host":"opg65mucj6ra7dr1","time":1610705841,"event":{"mods":["BaseMod","DeckTracker","Keyboard Shortcuts","Minty Spire (QoL Compilation)","Permanent Neow","Quick Restart","everything is the same but u backflip on backflip"],"gold_per_floor":[117,130,80,96,96,125,125,181,181,214,214,139,16,29,29,134,134,147,162,162,180,180,209,124,124,175,195,195,195],"floor_reached":28,"language":"KOR","playtime":859,"items_purged":["Strike_G","Strike_G"],"score":433,"play_id":"ce0af6a5-3d6e-4b08-b45b-86aa911b78d8","local_time":"20210115191721","is_ascension_mode":true,"campfire_choices":[{"data":"Quick Slash","floor":7,"key":"SMITH"},{"data":"All Out Attack","floor":11,"key":"SMITH"},{"data":"Leg Sweep","floor":15,"key":"SMITH"},{"data":"Cloak And Dagger","floor":25,"key":"SMITH"}],"circlet_count":0,"master_deck":["Strike_G","Strike_G","Defend_G","Defend_G","Defend_G","Defend_G","Defend_G","Survivor","Neutralize","Flying Knee","Prepared","Backflip","Quick Slash+1","All Out Attack+1","Cloak And Dagger+1","Leg Sweep+1","Deflect+1","Backflip","Dagger Spray+1","PiercingWail"],"relics":["Coffee Dripper","Letter Opener","Shuriken","Lantern","HoveringKite","Enchiridion","StrikeDummy","Torii","Tiny Chest"],"acts_visited":["Exordium","TheCity"],"potions_floor_usage":[6,10,23,28],"damage_taken":[{"damage":3,"enemies":"Jaw Worm","floor":1,"turns":5},{"damage":0,"enemies":"Small Slimes","floor":2,"turns":4},{"damage":12,"enemies":"2 Louse","floor":4,"turns":4},{"damage":18,"enemies":"Lagavulin","floor":6,"turns":8},{"damage":5,"enemies":"3 Sentries","floor":10,"turns":6},{"damage":1,"enemies":"Lots of Slimes","floor":14,"turns":2},{"damage":0,"enemies":"The Guardian","floor":16,"turns":12},{"damage":17,"enemies":"Spheric Guardian","floor":18,"turns":4},{"damage":6,"enemies":"Chosen","floor":19,"turns":6},{"damage":9,"enemies":"Snake Plant","floor":21,"turns":5},{"damage":0,"enemies":"Gremlin Leader","floor":23,"turns":5},{"damage":0,"enemies":"Centurion and Healer","floor":27,"turns":5},{"damage":0,"enemies":"Book of Stabbing","floor":28,"turns":2}],"seed_played":"-31696086284066262","potions_obtained":[{"floor":2,"key":"CultistPotion"},{"floor":6,"key":"DistilledChaos"},{"floor":10,"key":"Fruit Juice"},{"floor":18,"key":"Swift Potion"},{"floor":23,"key":"LiquidBronze"}],"is_trial":false,"path_per_floor":["M","M","?","M","?","E","R","?","T","E","R","$","$","M","R","B",null,"M","M","?","M","?","E","?","R","T","M","E"],"character_chosen":"THE_SILENT","items_purchased":["Cloak And Dagger"],"campfire_rested":0,"item_purchase_floors":[13],"current_hp_per_floor":[60,60,60,48,48,30,30,30,30,30,30,30,30,29,29,29,64,47,41,41,32,16,16,16,16,16,16,16,16],"gold":195,"neow_bonus":"BOSS_RELIC","is_daily":false,"chose_seed":false,"campfire_upgraded":4,"win_rate":0.0,"timestamp":1610705841,"path_taken":["M","M","?","M","?","E","R","?","T","E","R","?","$","?","R","BOSS","M","M","?","M","?","E","?","R","T","M","E"],"items_purchased_type":["Card"],"build_version":"2020-12-22","purchased_purges":2,"victory":false,"max_hp_per_floor":[70,70,70,70,70,70,70,70,70,75,75,75,75,75,75,75,75,75,75,75,75,75,75,75,75,75,75,75,75],"card_choices":[{"not_picked":["Sucker Punch","Outmaneuver"],"picked":"Flying Knee","floor":1},{"not_picked":["Accuracy","Expertise"],"picked":"Prepared","floor":2},{"not_picked":["Prepared","Flying Knee"],"picked":"Backflip","floor":4},{"not_picked":["Deflect","Accuracy"],"picked":"Quick Slash","floor":6},{"not_picked":["Flechettes","Reflex"],"picked":"All Out Attack","floor":10},{"not_picked":["Outmaneuver","Eviscerate"],"picked":"Leg Sweep","floor":14},{"not_picked":["Cloak And Dagger","Reflex"],"picked":"Deflect+1","floor":18},{"not_picked":["Cloak And Dagger+1","Dodge and Roll"],"picked":"Backflip","floor":19},{"not_picked":["Escape Plan","Bouncing Flask"],"picked":"Dagger Spray+1","floor":21},{"not_picked":["Endless Agony","Bane+1","Outmaneuver+1"],"picked":"SKIP","floor":23},{"not_picked":["Sucker Punch","Dash"],"picked":"PiercingWail","floor":27}],"player_experience":119247,"relics_obtained":[{"floor":6,"key":"Letter Opener"},{"floor":9,"key":"Shuriken"},{"floor":10,"key":"Lantern"},{"floor":22,"key":"Enchiridion"},{"floor":23,"key":"StrikeDummy"},{"floor":26,"key":"Tiny Chest"}],"event_choices":[{"cards_removed":["Strike_G"],"damage_healed":0,"gold_gain":0,"player_choice":"Card Removal","damage_taken":0,"max_hp_gain":0,"max_hp_loss":0,"event_name":"The Cleric","floor":3,"gold_loss":50},{"damage_healed":0,"gold_gain":0,"player_choice":"Ignored","damage_taken":0,"max_hp_gain":0,"max_hp_loss":0,"event_name":"Liars Game","floor":5,"gold_loss":0},{"damage_healed":0,"gold_gain":56,"player_choice":"Gained Gold","damage_taken":0,"max_hp_gain":0,"max_hp_loss":0,"event_name":"Golden Wing","floor":8,"gold_loss":0},{"damage_healed":0,"gold_gain":0,"player_choice":"Ignored","damage_taken":0,"max_hp_gain":0,"max_hp_loss":0,"event_name":"Vampires","floor":20,"gold_loss":0},{"damage_healed":0,"gold_gain":0,"player_choice":"Obtained Book","damage_taken":16,"max_hp_gain":0,"max_hp_loss":0,"event_name":"Cursed Tome","floor":22,"gold_loss":0},{"damage_healed":0,"gold_gain":0,"player_choice":"Obtained Relic","damage_taken":0,"relics_obtained":["Torii"],"max_hp_gain":0,"max_hp_loss":0,"event_name":"Addict","floor":24,"gold_loss":85}],"is_beta":false,"boss_relics":[{"not_picked":["Astrolabe","Runic Dome"],"picked":"HoveringKite"}],"items_purged_floors":[12,13],"is_endless":false,"potions_floor_spawned":[2,6,10,18,23],"killed_by":"Book of Stabbing","ascension_level":7}}