{"host":"8kweeulvvasqx820","time":1610751915,"event":{"mods":["Aspiration","BaseMod","Better Altar","Better Match","Better Note","Better Sensory Stone","Better Skull","Better Third Choice","BetterRewards","Colored Map","Conspire","Displayed Cursed Tome","Downfall","Hubris","Infinite Spire","Jorbs\u0027s Wanderer Trilogy","Minty Spire (QoL Compilation)","Relic Stats","Replay The Spire","Spicy Shops","StSLib","SuperFastMode","Swap Starting Deck Mod","The Construct","The Marked","The Servant 0.9.4","everything is the same but u backflip on backflip","slay the spire mod where everything is the same but ironclad has a cowboy hat"],"gold_per_floor":[111,128,128,128,138,138,172,172,172,199,199,210,210,191,191,334,334,349,349,349,349,55,128,128,178,178,178,31,104,104,104,104,309,309,372,436,436,451,496,496],"floor_reached":39,"language":"ENG","playtime":4885,"items_purged":["Hallucinations","Strike_P+1","ForeignInfluence+1"],"score":676,"play_id":"bb0cec1e-3695-4509-8d92-4b1b4e106666","local_time":"20210115180515","is_ascension_mode":false,"campfire_choices":[{"data":"ForeignInfluence","floor":6,"key":"SMITH"},{"data":"Blasphemy","floor":8,"key":"SMITH"},{"data":"Eruption","floor":11,"key":"SMITH"},{"data":"TalkToTheHand","floor":15,"key":"SMITH"},{"data":"Omniscience","floor":27,"key":"SMITH"}],"circlet_count":0,"master_deck":["Defend_P","Defend_P","Eruption+1","Vigilance","FollowUp","Prostrate","Steam","Replay:ManipulateFuture","Blasphemy+1","Consecrate","TalkToTheHand+1","Omniscience+1","InnerPeace","TalkToTheHand+1","Consecrate","LikeWater","Wallop","infinitespire:Collect","Weave","DevaForm","EmptyMind","Adaptation"],"relics":["Replay:Drink Me","hubris:Icosahedron","aspiration:Lifesprig","aspiration:SeaSaltIceCream","aspiration:Nostalgia","m_SnakeCloak","Replay:Accelerometer","ReplayTheSpireMod:Ring of Challenge","Ring of Peace","Lantern","conspire:SeveredTorchhead","Gremlin Horn","hubris:Potato","aspiration:RunicSpoon","Anchor","Vajra","Oddly Smooth Stone","Omamori","Pantograph","betterThird:NestCultRelic","Bloody Idol","Blood Vial","aspiration:PoetsPen_weak"],"acts_visited":["Exordium","TheCity","TheBeyond"],"potions_floor_usage":[10,10,16,16,23,23,29,39],"damage_taken":[{"damage":0,"enemies":"2 Louse","floor":1,"turns":3},{"damage":3,"enemies":"Small Slimes","floor":2,"turns":5},{"damage":0,"enemies":"Jaw Worm","floor":5,"turns":2},{"damage":7,"enemies":"Replay:BlueRogue","floor":7,"turns":4},{"damage":8,"enemies":"3 Sentries","floor":10,"turns":6},{"damage":0,"enemies":"Looter","floor":12,"turns":3},{"damage":0,"enemies":"Lagavulin","floor":14,"turns":4},{"damage":0,"enemies":"The Guardian","floor":16,"turns":17},{"damage":0,"enemies":"3 Byrds","floor":18,"turns":4},{"damage":0,"enemies":"Book of Stabbing","floor":23,"turns":12},{"damage":0,"enemies":"Slavers","floor":25,"turns":4},{"damage":0,"enemies":"Gremlin Leader","floor":29,"turns":4},{"damage":0,"enemies":"conspire:MysteriousRune","floor":33,"turns":8},{"damage":0,"enemies":"3 Darklings","floor":35,"turns":6},{"damage":0,"enemies":"3 Shapes","floor":36,"turns":5},{"damage":0,"enemies":"Writhing Mass","floor":38,"turns":5},{"damage":67,"enemies":"3 Darklings","floor":39,"turns":4}],"seed_played":"2311924829910898078","potions_obtained":[{"floor":2,"key":"BlessingOfTheForge"},{"floor":10,"key":"Milkshake"},{"floor":12,"key":"Dexterity Potion"},{"floor":14,"key":"Block Potion"},{"floor":16,"key":"champ:CounterPotion"},{"floor":18,"key":"SmokeBomb"},{"floor":20,"key":"DistilledChaos"},{"floor":20,"key":"EssenceOfSteel"},{"floor":20,"key":"ColorlessPotion"},{"floor":25,"key":"SpeedPotion"},{"floor":29,"key":"Ambrosia"},{"floor":35,"key":"Regen Potion"},{"floor":36,"key":"Flashbang"},{"floor":38,"key":"Strength Potion"}],"is_trial":false,"path_per_floor":["M","M","?","?","M","R","E","R","T","E","R","M","?","E","R","B",null,"M","?","?","?","$","E","AVR","E","T","R","$","E","?","?","R_BF","B",null,"M","M","?","M","M"],"character_chosen":"WATCHER","items_purchased":["Consecrate","LikeWater","Oddly Smooth Stone"],"campfire_rested":0,"item_purchase_floors":[22,22,28],"current_hp_per_floor":[54,51,51,51,51,51,44,44,44,36,36,36,36,36,36,36,54,54,54,54,54,54,54,54,54,54,54,54,54,54,54,13,25,54,54,54,54,54,0,0],"gold":496,"neow_bonus":"BOSS_RELIC","is_daily":false,"chose_seed":false,"campfire_upgraded":5,"win_rate":0.0,"timestamp":1610751915,"path_taken":["M","M","?","?","M","R","E","R","T","E","R","M","?","E","R","BOSS","M","?","?","?","$","E","AVR","E","T","R","?","E","?","?","R_BF","BOSS","M","M","?","M","M"],"items_purchased_type":["Card","Card","Relic"],"build_version":"2020-12-22","purchased_purges":3,"victory":false,"max_hp_per_floor":[54,54,54,54,54,54,54,54,54,54,54,54,54,54,54,54,54,54,54,54,54,54,54,54,54,54,54,54,54,54,54,54,54,54,54,54,54,54,54,54],"relic_stats":{"Blood Vial":2,"Gremlin Horn":[9,9],"counters":[46,208],"aspiration:RunicSpoon":[99],"Pantograph":0,"Bloody Idol":10,"obtain_stats":[{"Ice Cream":21,"Replay:Accelerometer":10,"Lantern":25,"aspiration:Lifesprig":7,"conspire:RoyalGoblet":20,"Gremlin Horn":23,"Vajra":12,"aspiration:PoetsPen_weak":34,"Juzu Bracelet":6,"hubris:TerracottaHorce":19,"conspire:SeveredTorchhead":17,"Blood Vial":32,"hubris:Backtick":30,"hubris:Icosahedron":3,"Ring of Peace":13,"Pantograph":29,"Replay:Bottled Flurry":17,"infinitespire:Chaos":17,"aspiration:DSix":30,"Replay:Drink Me":0,"m_SnakeCloak":9,"aspiration:Nostalgia":9,"Quantum Egg":12,"Counterbalance":27,"aspiration:RunicSpoon":24,"infinitespire:EmptyRelic":17,"Oddly Smooth Stone":28,"hubris:FruitBowl":17,"infinitespire:Beetle Shell":10,"infinitespire:FocusingShard":34,"betterThird:NestCultRelic":30,"Omamori":28,"aspiration:SeaSaltIceCream":9,"aspiration:FrozenJewel":9,"Peace Pipe":31,"Replay:Baseball":16,"Anchor":25,"Ring of Misfortune":17,"Bloody Idol":32,"PureWater":0,"ReplayTheSpireMod:Ring of Challenge":13,"hubris:Potato":24},{"Ice Cream":11,"Replay:Accelerometer":34,"Lantern":14,"aspiration:Lifesprig":33,"conspire:RoyalGoblet":11,"Gremlin Horn":39,"Vajra":24,"aspiration:PoetsPen_weak":42,"Juzu Bracelet":22,"hubris:TerracottaHorce":26,"conspire:SeveredTorchhead":37,"Blood Vial":41,"hubris:Backtick":14,"hubris:Icosahedron":31,"Ring of Peace":35,"Pantograph":41,"Replay:Bottled Flurry":9,"infinitespire:Chaos":9,"aspiration:DSix":14,"Replay:Drink Me":29,"m_SnakeCloak":33,"aspiration:Nostalgia":33,"Quantum Egg":6,"Counterbalance":14,"aspiration:RunicSpoon":39,"infinitespire:EmptyRelic":9,"Oddly Smooth Stone":40,"hubris:FruitBowl":9,"infinitespire:Beetle Shell":5,"infinitespire:FocusingShard":16,"betterThird:NestCultRelic":41,"Omamori":28,"aspiration:SeaSaltIceCream":33,"aspiration:FrozenJewel":23,"Peace Pipe":14,"Replay:Baseball":25,"Anchor":40,"Ring of Misfortune":9,"Bloody Idol":41,"PureWater":0,"ReplayTheSpireMod:Ring of Challenge":35,"hubris:Potato":39},{"Ice Cream":36,"Replay:Accelerometer":132,"Lantern":52,"aspiration:Lifesprig":126,"conspire:RoyalGoblet":36,"Gremlin Horn":172,"Vajra":88,"aspiration:PoetsPen_weak":188,"Juzu Bracelet":79,"hubris:TerracottaHorce":97,"conspire:SeveredTorchhead":156,"Blood Vial":180,"hubris:Backtick":52,"hubris:Icosahedron":120,"Ring of Peace":135,"Pantograph":180,"Replay:Bottled Flurry":27,"infinitespire:Chaos":27,"aspiration:DSix":52,"Replay:Drink Me":112,"m_SnakeCloak":126,"aspiration:Nostalgia":126,"Quantum Egg":20,"Counterbalance":52,"aspiration:RunicSpoon":172,"infinitespire:EmptyRelic":27,"Oddly Smooth Stone":176,"hubris:FruitBowl":27,"infinitespire:Beetle Shell":14,"infinitespire:FocusingShard":58,"betterThird:NestCultRelic":180,"Omamori":107,"aspiration:SeaSaltIceCream":126,"aspiration:FrozenJewel":82,"Peace Pipe":52,"Replay:Baseball":92,"Anchor":176,"Ring of Misfortune":27,"Bloody Idol":180,"PureWater":0,"ReplayTheSpireMod:Ring of Challenge":135,"hubris:Potato":172}]},"card_choices":[{"not_picked":["Replay:DivineShield","Fasting2"],"picked":"FollowUp","floor":1},{"not_picked":["Halt","WindmillStrike"],"picked":"Prostrate","floor":2},{"not_picked":["FollowUp","Replay:Vibes"],"picked":"Replay:ManipulateFuture","floor":5},{"not_picked":["FlyingSleeves","Prostrate"],"picked":"Blasphemy","floor":7},{"not_picked":["Halt","PathToVictory","FlyingSleeves"],"picked":"SKIP","floor":10},{"not_picked":["BattleHymn","Evaluate"],"picked":"Consecrate","floor":12},{"not_picked":["All Out Attack","Replay:AllIn"],"picked":"TalkToTheHand","floor":14},{"not_picked":["Replay:LoomingThreat","Tools of the Trade"],"picked":"Omniscience","floor":16},{"not_picked":["SandsOfTime","EmptyBody"],"picked":"InnerPeace","floor":18},{"not_picked":["EmptyMind","Nirvana"],"picked":"Wallop","floor":23},{"not_picked":["EmptyBody","Halt","Sanctity"],"picked":"SKIP","floor":25},{"not_picked":["BowlingBash","Protect"],"picked":"Weave","floor":29},{"not_picked":["Replay:LoomingThreat","Vault"],"picked":"DevaForm","floor":33},{"not_picked":["EmptyBody+1","Replay:AtTheReady","SashWhip+1"],"picked":"SKIP","floor":35},{"not_picked":["BowlingBash","EmptyBody+1"],"picked":"EmptyMind","floor":36},{"not_picked":["WindmillStrike+1","Replay:Cycle"],"picked":"Adaptation","floor":38}],"player_experience":92798,"relics_obtained":[{"floor":7,"key":"aspiration:Lifesprig"},{"floor":9,"key":"aspiration:SeaSaltIceCream"},{"floor":10,"key":"Replay:Accelerometer"},{"floor":13,"key":"ReplayTheSpireMod:Ring of Challenge"},{"floor":13,"key":"Ring of Peace"},{"floor":14,"key":"Lantern"},{"floor":23,"key":"Gremlin Horn"},{"floor":25,"key":"Anchor"},{"floor":26,"key":"Vajra"},{"floor":29,"key":"Omamori"},{"floor":29,"key":"Pantograph"}],"event_choices":[{"damage_healed":0,"gold_gain":0,"player_choice":"Ignored","damage_taken":0,"max_hp_gain":0,"max_hp_loss":0,"event_name":"N\u0027loth","floor":19,"gold_loss":0},{"damage_healed":0,"gold_gain":0,"player_choice":"Got Potions","damage_taken":0,"max_hp_gain":0,"max_hp_loss":0,"event_name":"Lab","floor":20,"gold_loss":0},{"damage_healed":0,"gold_gain":0,"player_choice":"Copied","damage_taken":0,"max_hp_gain":0,"max_hp_loss":0,"event_name":"Duplicator","floor":21,"gold_loss":0,"cards_obtained":["TalkToTheHand"]},{"damage_healed":0,"gold_gain":0,"player_choice":"Madness","damage_taken":0,"relics_obtained":["betterThird:NestCultRelic"],"max_hp_gain":0,"max_hp_loss":0,"event_name":"betterThird:BetterNest","floor":30,"gold_loss":0},{"damage_healed":0,"gold_gain":0,"player_choice":"Leave","damage_taken":0,"max_hp_gain":0,"max_hp_loss":0,"event_name":"conspire:Investor","floor":31,"gold_loss":0},{"damage_healed":0,"gold_gain":0,"player_choice":" Idol Vial ","damage_taken":41,"relics_obtained":["Bloody Idol","Blood Vial"],"max_hp_gain":54,"max_hp_loss":13,"event_name":"betterAltar:BetterAltar","floor":32,"potions_obtained":[],"relics_lost":[],"gold_loss":0},{"damage_healed":0,"gold_gain":0,"player_choice":"Ignored","damage_taken":0,"max_hp_gain":0,"max_hp_loss":0,"event_name":"Tomb of Lord Red Mask","floor":37,"gold_loss":0}],"is_beta":false,"boss_relics":[{"not_picked":["Snecko Eye","hubris:HollowSoul"],"picked":"conspire:SeveredTorchhead"},{"not_picked":["Black Star","hubris:Backtick"],"picked":"aspiration:PoetsPen_weak"}],"items_purged_floors":[22,22,24],"is_endless":false,"potions_floor_spawned":[2,10,12,14,16,18,25,29,35,36,38],"killed_by":"3 Darklings","ascension_level":0}}