{"host":"6ayekdpky30mcb5q","time":1610680448,"event":{"mods":["BaseMod","Colored Map","Highlight Path","Minty Spire (QoL Compilation)","StSLib","WoW Paladin Mod"],"gold_per_floor":[111,61,136,150,75,75,91,91,91,104,120,138,151,180,180,283,283,303,52,52,67,67,67,87,87,112,122,122,139,155,77,77,77,77],"floor_reached":33,"language":"ENG","playtime":1638,"items_purged":["WoWPaladin:StrikePaladin","WoWPaladin:FaithInTheLight"],"score":251,"play_id":"bdc794e1-b814-4427-9ef3-a998bebeed49","local_time":"20210114211408","is_ascension_mode":false,"campfire_choices":[{"data":"WoWPaladin:ZealotsThrust","floor":6,"key":"SMITH"},{"data":"WoWPaladin:HolySmite","floor":8,"key":"SMITH"},{"floor":15,"key":"REST"},{"data":"WoWPaladin:Consecration","floor":23,"key":"SMITH"},{"data":"WoWPaladin:RetributionAura","floor":28,"key":"SMITH"},{"floor":32,"key":"REST"}],"circlet_count":0,"master_deck":["WoWPaladin:StrikePaladin","WoWPaladin:StrikePaladin","WoWPaladin:StrikePaladin","WoWPaladin:StrikePaladin","WoWPaladin:DefendPaladin","WoWPaladin:DefendPaladin","WoWPaladin:DefendPaladin","WoWPaladin:DefendPaladin","WoWPaladin:DefendPaladin","WoWPaladin:HolySmite+1","WoWPaladin:ZealotsThrust+1","WoWPaladin:DivineBulwark","WoWPaladin:Rebuke","WoWPaladin:Consecration+1","WoWPaladin:HammerOfJustice","WoWPaladin:CrusaderStrike","WoWPaladin:RetributionAura+1","WoWPaladin:DivineBulwark","WoWPaladin:Consecration"],"relics":["Runic Pyramid","Calipers","Busted Crown","Lee\u0027s Waffle","Nloth\u0027s Gift","GremlinMask"],"acts_visited":["Exordium","TheCity"],"potions_floor_usage":[12,16,16,30],"damage_taken":[{"damage":9,"enemies":"Small Slimes","floor":1,"turns":6},{"damage":3,"enemies":"Jaw Worm","floor":4,"turns":4},{"damage":0,"enemies":"Cultist","floor":7,"turns":4},{"damage":9,"enemies":"Blue Slaver","floor":10,"turns":4},{"damage":6,"enemies":"3 Louse","floor":11,"turns":3},{"damage":9,"enemies":"Gremlin Gang","floor":12,"turns":3},{"damage":12,"enemies":"Exordium Thugs","floor":13,"turns":6},{"damage":24,"enemies":"3 Sentries","floor":14,"turns":5},{"damage":12,"enemies":"Slime Boss","floor":16,"turns":7},{"damage":4,"enemies":"Shell Parasite","floor":18,"turns":6},{"damage":5,"enemies":"Chosen","floor":21,"turns":4},{"damage":32,"enemies":"Snake Plant","floor":24,"turns":4},{"damage":29,"enemies":"Shelled Parasite and Fungi","floor":27,"turns":5},{"damage":0,"enemies":"Snecko","floor":29,"turns":6},{"damage":11,"enemies":"Snake Plant","floor":30,"turns":4},{"damage":42,"enemies":"Collector","floor":33,"turns":3}],"seed_played":"3204259055965663007","potions_obtained":[{"floor":1,"key":"EssenceOfSteel"},{"floor":7,"key":"ColorlessPotion"},{"floor":11,"key":"BlessingOfTheForge"},{"floor":12,"key":"CultistPotion"},{"floor":21,"key":"Explosive Potion"},{"floor":24,"key":"GamblersBrew"}],"is_trial":false,"path_per_floor":["M","?","?","M","$","R","M","R","T","M","M","M","M","E","R","B",null,"M","$","?","M","?","R","M","?","T","M","R","M","M","$","R","B"],"character_chosen":"THE_PALADIN","items_purchased":["Lee\u0027s Waffle","WoWPaladin:Consecration"],"campfire_rested":2,"item_purchase_floors":[19,31],"current_hp_per_floor":[71,71,60,57,57,57,57,57,57,48,42,33,25,1,25,13,80,76,87,87,82,82,82,50,50,50,21,21,21,10,10,36,0,0],"gold":77,"neow_bonus":"BOSS_RELIC","is_daily":false,"chose_seed":false,"campfire_upgraded":4,"win_rate":0.0,"timestamp":1610680448,"path_taken":["M","?","?","M","?","R","M","R","T","M","M","M","M","E","R","BOSS","M","$","?","?","?","R","M","?","T","?","R","M","M","$","R","BOSS"],"items_purchased_type":["Relic","Card"],"build_version":"2020-12-22","purchased_purges":2,"victory":false,"max_hp_per_floor":[80,80,80,80,80,80,80,80,80,80,80,80,80,80,80,80,80,80,87,87,87,87,87,87,87,87,87,87,87,87,87,87,87,87],"card_choices":[{"not_picked":["WoWPaladin:Brace","WoWPaladin:RighteousExpulsion"],"picked":"WoWPaladin:ZealotsThrust","floor":1},{"not_picked":["WoWPaladin:FaithInTheLight","WoWPaladin:Brace"],"picked":"WoWPaladin:DivineBulwark","floor":4},{"not_picked":["WoWPaladin:JusticeForAll","WoWPaladin:Repentance"],"picked":"WoWPaladin:Rebuke","floor":7},{"not_picked":["WoWPaladin:FaithInTheLight","WoWPaladin:SeraphStrike"],"picked":"WoWPaladin:Consecration","floor":10},{"not_picked":["WoWPaladin:JusticeDemandsRetribution","WoWPaladin:ArdentDefense","WoWPaladin:AvengersShield"],"picked":"SKIP","floor":11},{"not_picked":["WoWPaladin:BlindingLight","WoWPaladin:GuidingStrike"],"picked":"WoWPaladin:FaithInTheLight","floor":12},{"not_picked":["WoWPaladin:Judgement","WoWPaladin:SeraphStrike"],"picked":"WoWPaladin:HammerOfJustice","floor":13},{"not_picked":["WoWPaladin:JusticeForAll","WoWPaladin:RighteousDuty"],"picked":"WoWPaladin:CrusaderStrike","floor":14},{"not_picked":["WoWPaladin:OathOfChains","WoWPaladin:HammerOfJustice"],"picked":"WoWPaladin:RetributionAura","floor":16},{"not_picked":["WoWPaladin:BlindingLight"],"picked":"SKIP","floor":18},{"not_picked":["WoWPaladin:BlindingLight"],"picked":"SKIP","floor":18},{"not_picked":["WoWPaladin:SentinelStance+1"],"picked":"SKIP","floor":21},{"not_picked":["WoWPaladin:HammerOfJustice"],"picked":"SKIP","floor":24},{"not_picked":["WoWPaladin:BlessingOfKings"],"picked":"SKIP","floor":27},{"not_picked":["WoWPaladin:OathOfPiety"],"picked":"SKIP","floor":29},{"not_picked":["WoWPaladin:Rebuke+1"],"picked":"SKIP","floor":30}],"player_experience":545065,"relics_obtained":[{"floor":9,"key":"Sundial"},{"floor":14,"key":"Calipers"}],"event_choices":[{"cards_removed":["WoWPaladin:TemplarsVerdict"],"damage_healed":0,"gold_gain":0,"player_choice":"Card Removal","damage_taken":0,"max_hp_gain":0,"max_hp_loss":0,"event_name":"The Cleric","floor":2,"gold_loss":50},{"damage_healed":0,"gold_gain":75,"player_choice":"Gather Gold","damage_taken":11,"max_hp_gain":0,"max_hp_loss":0,"event_name":"World of Goop","floor":3,"gold_loss":0},{"damage_healed":0,"gold_gain":0,"player_choice":"Traded Relic","damage_taken":0,"relics_obtained":["Nloth\u0027s Gift"],"max_hp_gain":0,"max_hp_loss":0,"event_name":"N\u0027loth","floor":20,"relics_lost":["Sundial"],"gold_loss":0},{"damage_healed":0,"gold_gain":0,"player_choice":"Read","damage_taken":0,"max_hp_gain":0,"max_hp_loss":0,"event_name":"The Library","floor":22,"gold_loss":0,"cards_obtained":["WoWPaladin:DivineBulwark"]},{"damage_healed":0,"gold_gain":0,"player_choice":"Trade","damage_taken":0,"relics_obtained":["GremlinMask"],"max_hp_gain":0,"max_hp_loss":0,"event_name":"FaceTrader","floor":25,"gold_loss":0}],"is_beta":false,"boss_relics":[{"not_picked":["Pandora\u0027s Box","Astrolabe"],"picked":"Busted Crown"}],"items_purged_floors":[5,19],"is_endless":false,"potions_floor_spawned":[1,7,11,12,14,21,24,27],"killed_by":"Collector","ascension_level":0}}