{"host":"a3oe3gstxz77c7qu","time":1610712620,"event":{"mods":["2.2 Compatiblity","Act Like it!","Astrologer","BaseMod","Bestiary","Better Altar","Better Match","Better Note","Better Skull","Better Third Choice","Block Reminder","Curses Come First","Custom Start","Dark Map","Downfall","Fox Events","Friendly Minions","GifTheSpireLib","Hallownest","Hermit","Jorbs\u0027s Wanderer Trilogy","Lobotomy","LobotomyExtend","Marisa????????","Minty Spire (QoL Compilation)","Permanent Neow","Quick Restart","Relic Stats","Replay The Spire","StSLib","The Bug Knight","The Cursed","The Disciple","The Jungle","Uncapped","Unknown Chances","Wandering Minibosses"],"gold_per_floor":[114,114,127,141,141,141,158,192,217,217,243,255,255,180,180,281,281,307,335,335,335,335,404,142,175,202,229,229,290,290,290,290,461,461,472,252,252,265,265,333,333,364,364,364,116,148,148,180,180,180,180],"floor_reached":50,"language":"ENG","playtime":4079,"items_purged":["hermit:Strike_Hermit","BlackArmy"],"score":781,"play_id":"e0027b66-ffc4-4f9e-a42e-220e172295f9","local_time":"20210115121020","is_ascension_mode":true,"campfire_choices":[{"data":"hermit:GoldenBullet","floor":6.0,"key":"SMITH"},{"data":"hermit:FlashPowder","floor":13.0,"key":"SMITH"},{"data":"hermit:FlashPowder","floor":15.0,"key":"SMITH"},{"data":"hermit:DeadOrAlive","floor":28.0,"key":"SMITH"},{"data":"hermit:LowProfile","floor":30.0,"key":"SMITH"},{"data":"hermit:Coalescence","floor":32.0,"key":"SMITH"},{"floor":44,"key":"REST"},{"data":"expansioncontent:DefensiveStance","floor":49,"key":"SMITH"}],"circlet_count":0,"master_deck":["hermit:Strike_Hermit","hermit:Defend_Hermit+1","hermit:Snapshot+1","hermit:Covet+1","hermit:GoldenBullet+1","PunishingBird","hermit:Coalescence+1","hermit:FlashPowder+1","hermit:FlashPowder+1","hermit:LowProfile+1","hermit:DeadOrAlive+1","hermit:Gambit+1","hermit:HighCaliber+1","hermit:Horror+1","hermit:Desperado","hermit:Desperado","expansioncontent:DefensiveStance+1","Funeral","Wraith"],"relics":["hermit:Momento","CogitoBucket","RabbitCall","LetterFromLob","Strawberry","Guardian:PocketSentry","Bag of Marbles","AspirationHeart","Astrolabe","theJungle:BirthdayCake","InspiredRelic","Vajra","Vajra","HornCleat","Mercury Hourglass","Replay:Mystery Machine","Nunchaku","Theresia","Oddly Smooth Stone","Replay:Fungal Core","Membership Card","War Paint","Potion Belt","Lantern","Anchor","Replay:Bottled Steam","Golden Egg","AtMidnight","TreeSap"],"acts_visited":["Exordium","Exordium","TheBeyond"],"potions_floor_usage":[48,48],"damage_taken":[{"damage":0.0,"enemies":"Small Slimes","floor":1.0,"turns":3.0},{"damage":6.0,"enemies":"Jaw Worm","floor":3.0,"turns":3.0},{"damage":0.0,"enemies":"2 Louse","floor":4.0,"turns":2.0},{"damage":20.0,"enemies":"Exordium Thugs","floor":7.0,"turns":5.0},{"damage":22.0,"enemies":"3 Sentries","floor":8.0,"turns":10.0},{"damage":22.0,"enemies":"Gremlin Nob","floor":11.0,"turns":5.0},{"damage":0.0,"enemies":"Blue Slaver","floor":12.0,"turns":4.0},{"damage":37.0,"enemies":"The Guardian","floor":16.0,"turns":18.0},{"damage":36.0,"enemies":"theJungle:GiantWrat","floor":18.0,"turns":5.0},{"damage":54.0,"enemies":"Shell Parasite","floor":19.0,"turns":5.0},{"damage":21.0,"enemies":"theJungle:MamaSnecko","floor":23.0,"turns":5.0},{"damage":4.0,"enemies":"theJungle:Cassacara","floor":25.0,"turns":5.0},{"damage":0.0,"enemies":"theJungle:SlimyTreeVines","floor":27.0,"turns":6.0},{"damage":12.0,"enemies":"theJungle:MamaSnecko","floor":29.0,"turns":4.0},{"damage":4.0,"enemies":"theJungle:QueenSpyder","floor":33.0,"turns":9.0},{"damage":3.0,"enemies":"Orb Walker","floor":35.0,"turns":2.0},{"damage":5.0,"enemies":"3 Darklings","floor":38.0,"turns":3.0},{"damage":35.0,"enemies":"Nemesis","floor":40.0,"turns":5.0},{"damage":75,"enemies":"R_Hoarder","floor":42,"turns":10},{"damage":11,"enemies":"Giant Head","floor":46,"turns":8},{"damage":62,"enemies":"Transient","floor":48,"turns":48},{"damage":0,"enemies":"Donu and Deca","floor":50,"turns":3}],"seed_played":"-5309728531685166796","potions_obtained":[{"floor":4.0,"key":"Swift Potion"},{"floor":7.0,"key":"Doom Potion"},{"floor":11.0,"key":"Strength Potion"},{"floor":12.0,"key":"sneckomod:MuddlingPotion"},{"floor":29.0,"key":"Block Potion"},{"floor":38.0,"key":"sneckomod:MuddlingPotion"},{"floor":40.0,"key":"Reflective Coating"},{"floor":46,"key":"Adrenaline Potion"}],"is_trial":false,"path_per_floor":["M","?","M","M","?","R","M","E","T","?","E","M","R","$","R","B",null,"M","M","?","?","?","E","$","E","T","M","R","E","R","?","R","B",null,"M","$","?","M","?","E","?","E","T","R","$","E","?","M","R","B"],"character_chosen":"HERMIT","items_purchased":["Mercury Hourglass","Membership Card","Pet Ghost","Anchor","Replay:Bottled Steam"],"campfire_rested":1,"item_purchase_floors":[24,36,36,45,45],"current_hp_per_floor":[75,60,54,54,54,54,40,31,31,31,11,24,24,24,24,26,92,63,18,18,38,88,80,80,87,87,102,102,95,95,95,95,107,107,106,106,106,102,107,83,83,40,40,72,72,88,88,106,106,107,107],"gold":180,"neow_bonus":"","is_daily":false,"chose_seed":false,"campfire_upgraded":7,"win_rate":0.0,"timestamp":1610712620,"path_taken":["M","?","M","M","?","R","M","E","T","?","E","M","R","?","R","BOSS","M","M","?","?","?","E","$","E","T","M","R","E","R","?","R","BOSS","M","$","?","M","?","E","?","E","T","R","$","E","?","M","R","BOSS"],"items_purchased_type":["Relic","Relic","Relic","Relic","Relic"],"build_version":"2020-12-22","purchased_purges":2,"victory":false,"max_hp_per_floor":[75,75,75,75,75,75,75,82,82,82,82,92,92,92,92,92,92,92,92,92,112,107,107,107,107,107,107,107,107,107,107,107,107,107,107,107,107,107,107,107,107,107,107,107,107,107,107,107,107,107,107],"relic_stats":{"Nunchaku":[22],"counters":[26,172],"Astrolabe":["hermit:Gambit","hermit:HighCaliber","hermit:Horror"],"War Paint":["hermit:Covet"],"obtain_stats":[{"RabbitCall":0,"Golden Egg":46,"Lantern":43,"Vajra":23,"Replay:Mystery Machine":25,"Pet Ghost":36,"CogitoBucket":0,"Nunchaku":26,"HornCleat":23,"Strawberry":8,"TreeSap":48,"theJungle:BirthdayCake":21,"Replay:Bottled Steam":45,"Potion Belt":42,"Replay:Fungal Core":34,"Astrolabe":17,"AspirationHeart":12,"Oddly Smooth Stone":29,"Guardian:PocketSentry":9,"War Paint":40,"Mercury Hourglass":24,"Anchor":45,"AtMidnight":48,"LetterFromLob":1,"Bag of Marbles":11,"Membership Card":36,"InspiredRelic":22,"Theresia":27,"hermit:Momento":0},{"RabbitCall":0,"Golden Egg":22,"Lantern":21,"Vajra":12,"Replay:Mystery Machine":13,"Pet Ghost":18,"CogitoBucket":0,"Nunchaku":13,"HornCleat":12,"Strawberry":5,"TreeSap":24,"theJungle:BirthdayCake":11,"Replay:Bottled Steam":21,"Potion Belt":21,"Replay:Fungal Core":17,"Astrolabe":9,"AspirationHeart":8,"Oddly Smooth Stone":16,"Guardian:PocketSentry":5,"War Paint":20,"Mercury Hourglass":12,"Anchor":21,"AtMidnight":24,"LetterFromLob":1,"Bag of Marbles":6,"Membership Card":18,"InspiredRelic":11,"Theresia":15,"hermit:Momento":0},{"RabbitCall":0,"Golden Egg":119,"Lantern":111,"Vajra":62,"Replay:Mystery Machine":71,"Pet Ghost":93,"CogitoBucket":0,"Nunchaku":71,"HornCleat":66,"Strawberry":23,"TreeSap":168,"theJungle:BirthdayCake":61,"Replay:Bottled Steam":111,"Potion Belt":111,"Replay:Fungal Core":91,"Astrolabe":51,"AspirationHeart":33,"Oddly Smooth Stone":82,"Guardian:PocketSentry":23,"War Paint":101,"Mercury Hourglass":66,"Anchor":111,"AtMidnight":168,"LetterFromLob":3,"Bag of Marbles":28,"Membership Card":93,"InspiredRelic":61,"Theresia":78,"hermit:Momento":0}],"Mercury Hourglass":[741]},"card_choices":[{"not_picked":["hermit:LowProfile","hermit:Snipe"],"picked":"hermit:GoldenBullet","floor":1.0},{"not_picked":["WallGazer","Murderer"],"picked":"PunishingBird","floor":1.0},{"not_picked":["Wellcheers","Bloodbath","LittleHelper"],"picked":"Singing Bowl","floor":3.0},{"not_picked":["hermit:Headshot","hermit:CalledShot","hermit:ItchyTrigger"],"picked":"SKIP","floor":3.0},{"not_picked":["hermit:TakeCover","hermit:Brawl"],"picked":"hermit:Coalescence","floor":4.0},{"not_picked":["HeroicMonk","GalaxyChild","Porccubus"],"picked":"Singing Bowl","floor":4.0},{"not_picked":["hermit:FinalCanter","hermit:HighCaliber"],"picked":"hermit:FlashPowder","floor":7.0},{"not_picked":["MeatLantern","Porccubus","SnowQueen"],"picked":"Singing Bowl","floor":7.0},{"not_picked":["hermit:TrackingShot","hermit:Deadeye"],"picked":"hermit:FlashPowder","floor":8.0},{"not_picked":["BlackSwan","ShyLook","Bloodbath"],"picked":"Singing Bowl","floor":8.0},{"not_picked":["hermit:GoldenBullet","hermit:Virtue"],"picked":"hermit:LowProfile","floor":11.0},{"not_picked":["OSAHOGD","LittlePrince","HeroicMonk"],"picked":"Singing Bowl","floor":11.0},{"not_picked":["WallGazer","MHz"],"picked":"FairyFestival","floor":11.0},{"not_picked":["LaLuna","Murderer","MHz"],"picked":"Singing Bowl","floor":12.0},{"not_picked":["hermit:Spite","hermit:Misfire","hermit:DeadMansHand"],"picked":"SKIP","floor":12.0},{"not_picked":["hermit:Reprieve","hermit:BlackWind"],"picked":"hermit:DeadOrAlive","floor":16.0},{"not_picked":["DreamingCurrent","Bloodbath","Wellcheers"],"picked":"Singing Bowl","floor":16.0},{"not_picked":["NakedNest","DreamingCurrent","WallGazer"],"picked":"Singing Bowl","floor":18.0},{"not_picked":["hermit:Brawl+1","hermit:BodyArmor+1","hermit:Combo+1"],"picked":"SKIP","floor":18.0},{"not_picked":["hermit:Enervate","hermit:GoldenBullet"],"picked":"hermit:Desperado","floor":19.0},{"not_picked":["HappyTeddy","Wellcheers","Murderer"],"picked":"Singing Bowl","floor":19.0},{"not_picked":["hermit:Ricochet+1","hermit:PistolWhip"],"picked":"hermit:Desperado","floor":23.0},{"not_picked":["MeatLantern","QueenOfHatred","QueenBee"],"picked":"Singing Bowl","floor":23.0},{"not_picked":["LaLuna","Bloodbath","WhiteNight"],"picked":"Singing Bowl","floor":25.0},{"not_picked":["hermit:Misfire","hermit:ItchyTrigger","hermit:FinalCanter"],"picked":"SKIP","floor":25.0},{"not_picked":["SpiderBud","Wellcheers","RedShoes"],"picked":"Singing Bowl","floor":27.0},{"not_picked":["hermit:Manifest","hermit:ItchyTrigger","hermit:LowProfile"],"picked":"SKIP","floor":27.0},{"not_picked":["Woodsman","WallGazer","Laetitia"],"picked":"Singing Bowl","floor":29.0},{"not_picked":["hermit:Horror","hermit:TakeAim","hermit:EyeOfTheStorm+1"],"picked":"SKIP","floor":29.0},{"not_picked":["MHz","SingingMachine","GalaxyChild"],"picked":"Singing Bowl","floor":33.0},{"not_picked":["BeautyBeast","QueenOfHatred"],"picked":"BlackArmy","floor":33.0},{"not_picked":["GreedKing","Wellcheers","Murderer"],"picked":"Singing Bowl","floor":35.0},{"not_picked":["hermit:CalledShot","hermit:Roulette+1","hermit:Spite+1"],"picked":"SKIP","floor":35.0},{"not_picked":["Murderer","SilentOrchestra","FieryBird"],"picked":"Singing Bowl","floor":38.0},{"not_picked":["hermit:TakeAim+1","hermit:CalledShot+1","hermit:Feint"],"picked":"SKIP","floor":38.0},{"not_picked":["LittlePrince","QueenOfHatred","OSAHOGD"],"picked":"Singing Bowl","floor":40.0},{"not_picked":["hermit:WideOpen","hermit:Ricochet+1","hermit:SprayPray"],"picked":"SKIP","floor":40.0},{"not_picked":["expansioncontent:BronzeBeam","Transmutation"],"picked":"expansioncontent:DefensiveStance","floor":41},{"not_picked":["BlackSwan","WhitesApple","Scarecrow"],"picked":"Singing Bowl","floor":42},{"not_picked":["hermit:Shortfuse","hermit:Snipe+1","hermit:Headshot"],"picked":"SKIP","floor":42},{"not_picked":["GalaxyChild","RedShoes"],"picked":"Funeral","floor":46},{"not_picked":["hermit:Dive","hermit:LoneWolf+1","hermit:TakeCover+1"],"picked":"SKIP","floor":46},{"not_picked":["Porccubus","GreedKing","HappyTeddy"],"picked":"Singing Bowl","floor":48},{"not_picked":["hermit:CursedWeapon","hermit:EyeOfTheStorm","hermit:Desperado"],"picked":"SKIP","floor":48}],"player_experience":1022055,"relics_obtained":[{"floor":1.0,"key":"LetterFromLob"},{"floor":8.0,"key":"Strawberry"},{"floor":9.0,"key":"Guardian:PocketSentry"},{"floor":11.0,"key":"Bag of Marbles"},{"floor":23.0,"key":"HornCleat"},{"floor":25.0,"key":"Replay:Mystery Machine"},{"floor":26.0,"key":"Nunchaku"},{"floor":29.0,"key":"Oddly Smooth Stone"},{"floor":40.0,"key":"War Paint"},{"floor":42,"key":"Potion Belt"},{"floor":43,"key":"Lantern"},{"floor":46,"key":"Golden Egg"},{"floor":48,"key":"AtMidnight"}],"event_choices":[{"damage_healed":75.0,"max_hp_gain":0.0,"max_hp_loss":75.0,"gold_gain":0.0,"event_name":"betterThird:BetterShining","player_choice":"Upgrade","floor":2.0,"gold_loss":0.0,"damage_taken":15.0,"cards_upgraded":["hermit:Snapshot","hermit:Defend_Hermit"]},{"damage_healed":0.0,"max_hp_gain":0.0,"max_hp_loss":0.0,"gold_gain":0.0,"event_name":"betterThird:BetterSerpent","player_choice":"Ignored","floor":5.0,"gold_loss":0.0,"damage_taken":141.0},{"cards_removed":["hermit:Strike_Hermit"],"damage_healed":0.0,"max_hp_gain":0.0,"max_hp_loss":0.0,"gold_gain":0.0,"event_name":"Bonfire Elementals","player_choice":"Offered Basic","floor":10.0,"gold_loss":0.0,"damage_taken":0.0},{"cards_removed":["hermit:Strike_Hermit"],"damage_healed":0.0,"max_hp_gain":0.0,"max_hp_loss":0.0,"gold_gain":0.0,"event_name":"Purifier","player_choice":"Purged","floor":31.0,"gold_loss":0.0,"damage_taken":0.0},{"damage_healed":0,"gold_gain":0,"player_choice":"Memory 1","damage_taken":0,"max_hp_gain":0,"max_hp_loss":0,"event_name":"SensoryStone","floor":41,"gold_loss":0},{"damage_healed":0,"gold_gain":0,"player_choice":"Ignored","damage_taken":0,"max_hp_gain":0,"max_hp_loss":0,"event_name":"OrinTheCat","floor":47,"gold_loss":0}],"is_beta":false,"boss_relics":[{"not_picked":["Kintsugi","Pandora\u0027s Box"],"picked":"Astrolabe"},{"not_picked":["Replay:Drink Me","Fusion Hammer"],"picked":"Replay:Fungal Core"}],"items_purged_floors":[14,45],"is_endless":false,"potions_floor_spawned":[4,7,11,12,23,29,38,40,46],"killed_by":"Donu and Deca","ascension_level":3}}