{"host":"ci7cmvrwpmzqnw7e","time":1610684576,"event":{"mods":["BaseMod","BetterRewards","Colored Map","Downfall","Googly Eyes","GungeonMod","Highlight Path","Hubris","Infinite Spire","Minty Spire (QoL Compilation)","Random Character Button","Rare Cards Sparkle","Replay The Spire","Shop Mod","StSLib","The Cursed","The Disciple","The Hierophant"],"gold_per_floor":[106,119,44,63,56,56,131,142,216,216,232,232,247,247,247,265,265,235,235],"floor_reached":18,"language":"ENG","playtime":550,"items_purged":["Slimebound:Defend_Slimebound"],"score":154,"play_id":"924505bf-591f-48ed-8650-c9035e65d8ec","local_time":"20210114212256","is_ascension_mode":false,"campfire_choices":[{"data":"hierophant:LocustPlague","floor":6,"key":"SMITH"},{"data":"hierophant:DivineIntervention","floor":10,"key":"SMITH"},{"floor":15,"key":"REST"}],"circlet_count":0,"master_deck":["hierophant:Strike_Hierophant","hierophant:Strike_Hierophant","hierophant:Strike_Hierophant","hierophant:Strike_Hierophant","hierophant:Punish","hierophant:Defend_Hierophant","hierophant:Defend_Hierophant","hierophant:Defend_Hierophant","hierophant:Defend_Hierophant","hierophant:ChurchCoffers","hierophant:Punish","hierophant:LocustPlague+1","hierophant:Purify","hierophant:Shelter","hierophant:DivineIntervention+1","hierophant:SolarFlare","hierophant:Bribe","Guardian:Aged","infinitespire:NeuralNetwork","hierophant:BulkyChest","hierophant:LocustPlague+1"],"relics":["hierophant:PropheticMaskRelic","Mummified Hand","Darkstone Periapt","hubris:Backtick","DollysMirror"],"acts_visited":["Exordium","TheCity"],"potions_floor_usage":[16,16,16],"damage_taken":[{"damage":1,"enemies":"Cultist","floor":1,"turns":3},{"damage":11,"enemies":"Jaw Worm","floor":2,"turns":2},{"damage":2,"enemies":"2 Louse","floor":4,"turns":2},{"damage":6,"enemies":"2 Fungi Beasts","floor":5,"turns":2},{"damage":3,"enemies":"Red Slaver","floor":8,"turns":2},{"damage":7,"enemies":"Blue Slaver","floor":11,"turns":2},{"damage":12,"enemies":"3 Louse","floor":13,"turns":2},{"damage":29,"enemies":"The Guardian","floor":16,"turns":6},{"damage":206,"enemies":"Shell Parasite","floor":18,"turns":5}],"seed_played":"8352146993557146984","potions_obtained":[{"floor":2,"key":"DemoMod:LeadSkinPotion"},{"floor":5,"key":"GamblersBrew"},{"floor":8,"key":"Toxic Potion"}],"is_trial":false,"path_per_floor":["M","M","$","M","M","R","?","M","T","R","M","T","M","?","R","B",null,"M"],"character_chosen":"HIEROPHANT","items_purchased":[],"campfire_rested":1,"item_purchase_floors":[],"current_hp_per_floor":[74,63,63,61,55,55,44,41,41,41,34,34,22,34,60,31,87,0,0],"gold":235,"neow_bonus":"THREE_RARE_CARDS","is_daily":false,"chose_seed":false,"campfire_upgraded":2,"win_rate":0.0,"timestamp":1610684576,"path_taken":["M","M","$","M","M","R","?","M","T","R","M","?","M","?","R","BOSS","M"],"items_purchased_type":[],"build_version":"2020-12-22","purchased_purges":1,"victory":false,"max_hp_per_floor":[75,75,75,75,75,75,75,75,75,75,75,75,75,87,87,87,87,87,87],"card_choices":[{"not_picked":["hierophant:Anathema","hierophant:AuricForm"],"picked":"hierophant:LocustPlague","floor":0},{"not_picked":["hierophant:Alms","hierophant:PassingBell"],"picked":"hierophant:Purify","floor":1},{"not_picked":["hierophant:DisplayOfPower","hierophant:AuricShield"],"picked":"hierophant:Shelter","floor":2},{"not_picked":["hierophant:HolyVerse","hierophant:PristineSoul","hierophant:Remorse"],"picked":"SKIP","floor":4},{"not_picked":["hierophant:RepressedViolence","hierophant:Doubloon"],"picked":"hierophant:DivineIntervention","floor":5},{"not_picked":["hierophant:Repentance","hierophant:Encroach"],"picked":"hierophant:SolarFlare","floor":8},{"not_picked":["hierophant:AuricBeam","hierophant:Zeal","hierophant:Patience"],"picked":"SKIP","floor":11},{"not_picked":["hierophant:Martyrdom","hierophant:MorningPrayer"],"picked":"hierophant:Bribe","floor":13},{"not_picked":["infinitespire:SevenWalls","infinitespire:Execution"],"picked":"infinitespire:NeuralNetwork","floor":14},{"not_picked":["hierophant:DeathKnell","hierophant:Anathema"],"picked":"hierophant:BulkyChest","floor":16}],"player_experience":82871,"relics_obtained":[{"floor":9,"key":"Mummified Hand"},{"floor":12,"key":"Darkstone Periapt"}],"event_choices":[{"damage_healed":0,"gold_gain":75,"player_choice":"Gather Gold","damage_taken":11,"max_hp_gain":0,"max_hp_loss":0,"event_name":"World of Goop","floor":7,"gold_loss":0}],"is_beta":false,"boss_relics":[{"not_picked":["Sozu","ReplayTheSpireMod:DimensionalGlitch"],"picked":"hubris:Backtick"}],"items_purged_floors":[3],"is_endless":false,"potions_floor_spawned":[2,5,8,13],"killed_by":"Shell Parasite","ascension_level":0}}