{"host":"oigynbtg272c19pw","time":1610739866,"event":{"mods":["BaseMod","Colored Map","Minty Spire (QoL Compilation)","Relic Stats","StSLib"],"gold_per_floor":[12,26,26,50,73,73,88,122,122,122,140,140,140],"floor_reached":12,"playtime":454,"items_purged":[],"score":164,"play_id":"1ff40a57-0710-435f-a4e4-2237ca3b8438","local_time":"20210115204426","is_ascension_mode":true,"campfire_choices":[{"data":"Flex","floor":6.0,"key":"SMITH"}],"circlet_count":0,"master_deck":["AscendersBane","Strike_R","Strike_R","Strike_R","Strike_R","Strike_R","Defend_R","Defend_R","Defend_R","Defend_R","Bash","Shockwave","Whirlwind","Flex+1","True Grit","Clothesline","Intimidate"],"relics":["Burning Blood","StoneCalendar","Golden Idol","PreservedInsect","The Courier"],"acts_visited":["Exordium"],"potions_floor_usage":[12],"damage_taken":[{"damage":4.0,"enemies":"Jaw Worm","floor":1.0,"turns":5.0},{"damage":1.0,"enemies":"Cultist","floor":2.0,"turns":3.0},{"damage":5.0,"enemies":"2 Louse","floor":4.0,"turns":3.0},{"damage":12.0,"enemies":"2 Fungi Beasts","floor":5.0,"turns":4.0},{"damage":10.0,"enemies":"Blue Slaver","floor":7.0,"turns":5.0},{"damage":24.0,"enemies":"3 Sentries","floor":8.0,"turns":4.0},{"damage":11,"enemies":"Large Slime","floor":11,"turns":5},{"damage":34,"enemies":"Gremlin Nob","floor":12,"turns":3}],"seed_played":"3307714181299376702","potions_obtained":[{"floor":2.0,"key":"Strength Potion"},{"floor":4.0,"key":"BlessingOfTheForge"},{"floor":11,"key":"ElixirPotion"}],"is_trial":false,"path_per_floor":["M","M","?","M","M","R","M","E","T","?","M","E"],"character_chosen":"IRONCLAD","items_purchased":[],"campfire_rested":0,"item_purchase_floors":[],"current_hp_per_floor":[70,75,49,50,44,44,40,22,22,22,17,0,0],"gold":140,"neow_bonus":"ONE_RARE_RELIC","is_daily":false,"chose_seed":false,"campfire_upgraded":1,"win_rate":0.0,"timestamp":1610739866,"path_taken":["M","M","?","M","M","R","M","E","T","?","M","E"],"items_purchased_type":[],"build_version":"2020-12-13","purchased_purges":0,"victory":false,"max_hp_per_floor":[75,75,75,75,75,75,75,75,75,75,75,75,75],"relic_stats":{"counters":[8,32],"Golden Idol":24,"StoneCalendar":[0],"PreservedInsect":22,"obtain_stats":[{"Golden Idol":3,"StoneCalendar":0,"PreservedInsect":8,"The Courier":9,"Burning Blood":0},{"Golden Idol":2,"StoneCalendar":0,"PreservedInsect":6,"The Courier":6,"Burning Blood":0},{"Golden Idol":8,"StoneCalendar":0,"PreservedInsect":24,"The Courier":24,"Burning Blood":0}],"Burning Blood":42},"card_choices":[{"not_picked":["Clash","Fire Breathing"],"picked":"Shockwave","floor":1.0},{"not_picked":["Headbutt","Battle Trance"],"picked":"Whirlwind","floor":2.0},{"not_picked":["Body Slam","Sword Boomerang"],"picked":"Flex","floor":4.0},{"not_picked":["Thunderclap","Rampage"],"picked":"True Grit","floor":5.0},{"not_picked":["Wild Strike","Clash"],"picked":"Clothesline","floor":7.0},{"not_picked":["Clothesline","Armaments"],"picked":"Intimidate","floor":8.0},{"not_picked":["Combust","Armaments","Clash"],"picked":"SKIP","floor":11}],"player_experience":1403152,"relics_obtained":[{"floor":8.0,"key":"PreservedInsect"},{"floor":9.0,"key":"The Courier"}],"event_choices":[{"damage_healed":0.0,"max_hp_gain":0.0,"max_hp_loss":0.0,"gold_gain":0.0,"event_name":"Golden Idol","player_choice":"Take Damage","floor":3.0,"gold_loss":0.0,"damage_taken":26.0,"relics_obtained":["Golden Idol"]},{"damage_healed":0,"gold_gain":0,"player_choice":"Leave","damage_taken":0,"max_hp_gain":0,"max_hp_loss":0,"event_name":"FaceTrader","floor":10,"gold_loss":0}],"is_beta":false,"boss_relics":[],"items_purged_floors":[],"is_endless":false,"potions_floor_spawned":[2,4,11],"killed_by":"Gremlin Nob","ascension_level":20}}