{"host":"e52c7hvho6xny3hd","time":1610716607,"event":{"mods":["AchievementEnabler","BaseMod","Colored Map","DeckTracker","Minty Spire (QoL Compilation)","Permanent Neow","StSLib"],"gold_per_floor":[12,26,45,63,82,82,101,101,101,101,112,145,35,54,54,156,156,166,20,20,35,35,35,66,66,137,148,148,51,63,17,17,119,119,139,189,200,217,234,234,234,234,234],"floor_reached":42,"language":"KOR","playtime":3177,"items_purged":["Strike_P","Strike_P"],"score":654,"play_id":"5f536aa4-9e22-4623-944b-8745e795faf1","local_time":"20210115221647","is_ascension_mode":true,"campfire_choices":[{"data":"Metamorphosis","floor":6.0,"key":"SMITH"},{"data":"Wish","floor":8.0,"key":"SMITH"},{"data":"Eruption","floor":10.0,"key":"SMITH"},{"data":"MentalFortress","floor":15.0,"key":"SMITH"},{"data":"ClearTheMind","floor":23.0,"key":"SMITH"},{"floor":25.0,"key":"REST"},{"data":"Vengeance","floor":28,"key":"SMITH"},{"floor":32,"key":"REST"},{"data":"Wish","floor":40,"key":"SMITH"}],"circlet_count":0,"master_deck":["AscendersBane","Strike_P+1","Defend_P","Defend_P","Defend_P","Defend_P","Eruption+1","Vigilance","Metamorphosis+1","Sanctity","Wish+1","EmptyFist","FollowUp","Consecrate","MentalFortress+1","ClearTheMind+1","Vault","FearNoEvil+1","Evaluate","Wish+1","Perseverance","Halt","Vengeance+1","Impatience","Halt","Protect","Wish+1","Evaluate"],"relics":["PureWater","Anchor","Ornamental Fan","Black Star","Whetstone","Singing Bowl","Mummified Hand","Sozu","FossilizedHelix"],"acts_visited":["Exordium","TheCity","TheBeyond"],"potions_floor_usage":[],"damage_taken":[{"damage":0.0,"enemies":"Cultist","floor":1.0,"turns":3.0},{"damage":3.0,"enemies":"2 Louse","floor":2.0,"turns":4.0},{"damage":0.0,"enemies":"Small Slimes","floor":3.0,"turns":4.0},{"damage":3.0,"enemies":"Looter","floor":4.0,"turns":4.0},{"damage":0.0,"enemies":"2 Fungi Beasts","floor":5.0,"turns":4.0},{"damage":8.0,"enemies":"3 Louse","floor":7.0,"turns":2.0},{"damage":0.0,"enemies":"Exordium Thugs","floor":11.0,"turns":5.0},{"damage":1.0,"enemies":"Lagavulin","floor":12.0,"turns":5.0},{"damage":0.0,"enemies":"Blue Slaver","floor":14.0,"turns":3.0},{"damage":8.0,"enemies":"The Guardian","floor":16.0,"turns":15.0},{"damage":4.0,"enemies":"Shell Parasite","floor":18.0,"turns":5.0},{"damage":0.0,"enemies":"Chosen","floor":21.0,"turns":5.0},{"damage":33.0,"enemies":"Book of Stabbing","floor":24.0,"turns":6.0},{"damage":15,"enemies":"Centurion and Healer","floor":27,"turns":7},{"damage":0,"enemies":"Shelled Parasite and Fungi","floor":30,"turns":4},{"damage":22,"enemies":"Automaton","floor":33,"turns":15},{"damage":12,"enemies":"3 Darklings","floor":35,"turns":9},{"damage":0,"enemies":"Mind Bloom Boss Battle","floor":36,"turns":8},{"damage":0,"enemies":"Orb Walker","floor":37,"turns":5},{"damage":0,"enemies":"Spire Growth","floor":38,"turns":7},{"damage":15,"enemies":"Sphere and 2 Shapes","floor":39,"turns":7},{"damage":45,"enemies":"2 Orb Walkers","floor":42,"turns":5}],"seed_played":"976968937940483996","potions_obtained":[{"floor":2.0,"key":"Ancient Potion"},{"floor":4.0,"key":"AttackPotion"},{"floor":5.0,"key":"FearPotion"},{"floor":7.0,"key":"BottledMiracle"},{"floor":16.0,"key":"SkillPotion"},{"floor":33,"key":"Block Potion"}],"is_trial":false,"path_per_floor":["M","M","M","M","M","R","M","R","T","R","M","E","$","M","R","B",null,"M","$","?","M","?","R","E","R","T","M","R","$","M","$","R","B",null,"M","?","M","M","M","R","?","?"],"character_chosen":"WATCHER","items_purchased":["MentalFortress","Evaluate","Impatience","Protect"],"campfire_rested":2,"item_purchase_floors":[13,19,29,31],"current_hp_per_floor":[65,62,62,59,59,59,51,51,51,51,51,50,50,50,50,42,65,61,61,61,61,61,61,28,49,49,34,34,34,34,34,55,33,62,52,54,54,56,43,43,43,0,0],"gold":234,"neow_bonus":"RANDOM_COLORLESS_2","is_daily":false,"chose_seed":false,"campfire_upgraded":7,"win_rate":0.0,"timestamp":1610716607,"path_taken":["M","M","M","M","M","R","?","R","T","R","M","E","$","M","R","BOSS","M","$","?","?","?","R","E","R","T","M","R","$","M","?","R","BOSS","M","?","M","M","M","R","?","?"],"items_purchased_type":["Card","Card","Card","Card"],"build_version":"2020-12-22","purchased_purges":2,"victory":false,"max_hp_per_floor":[72,72,72,72,72,72,72,72,72,72,72,72,72,72,72,72,72,72,72,72,72,72,72,72,72,72,72,72,72,72,72,72,72,72,74,76,76,78,80,80,80,80,80],"card_choices":[{"not_picked":["Thinking Ahead","Secret Technique"],"picked":"Metamorphosis","floor":0.0},{"not_picked":["Prostrate","CrushJoints","JustLucky"],"picked":"SKIP","floor":1.0},{"not_picked":["BowlingBash","Prostrate"],"picked":"Sanctity","floor":2.0},{"not_picked":["FearNoEvil","SignatureMove"],"picked":"Wish","floor":3.0},{"not_picked":["Protect","ClearTheMind"],"picked":"EmptyFist","floor":4.0},{"not_picked":["LikeWater","Wireheading"],"picked":"FollowUp","floor":5.0},{"not_picked":["LikeWater","Nirvana","EmptyFist"],"picked":"SKIP","floor":7.0},{"not_picked":["Wallop","EmptyFist"],"picked":"Consecrate","floor":11.0},{"not_picked":["CutThroughFate","JustLucky"],"picked":"SashWhip","floor":12.0},{"not_picked":["Wireheading","SignatureMove"],"picked":"ClearTheMind","floor":14.0},{"not_picked":["DevaForm","DeusExMachina"],"picked":"Vault","floor":16.0},{"not_picked":["SandsOfTime+1","Wireheading"],"picked":"FearNoEvil","floor":18.0},{"not_picked":["SashWhip","EmptyBody"],"picked":"Perseverance","floor":21.0},{"not_picked":["WheelKick","Conclude"],"picked":"Halt","floor":24.0},{"not_picked":["Fasting2","EmptyBody"],"picked":"Vengeance","floor":27},{"not_picked":["PathToVictory","SignatureMove"],"picked":"Halt","floor":30},{"not_picked":["Ragnarok","Judgement"],"picked":"Wish","floor":33},{"not_picked":["Indignation+1","ClearTheMind+1","EmptyMind+1"],"picked":"Singing Bowl","floor":35},{"not_picked":["Nirvana+1","Conclude","Consecrate"],"picked":"Singing Bowl","floor":36},{"not_picked":["Protect","ReachHeaven+1"],"picked":"Evaluate","floor":37},{"not_picked":["EmptyFist","Tantrum+1","Halt"],"picked":"Singing Bowl","floor":38},{"not_picked":["Halt","EmptyBody","Ragnarok"],"picked":"Singing Bowl","floor":39}],"player_experience":676169,"relics_obtained":[{"floor":9.0,"key":"Anchor"},{"floor":12.0,"key":"Ornamental Fan"},{"floor":24.0,"key":"Whetstone"},{"floor":24.0,"key":"Singing Bowl"},{"floor":26.0,"key":"Mummified Hand"},{"floor":36,"key":"FossilizedHelix"}],"event_choices":[{"damage_healed":0.0,"max_hp_gain":0.0,"max_hp_loss":0.0,"gold_gain":0.0,"event_name":"Duplicator","player_choice":"Copied","floor":20.0,"gold_loss":0.0,"damage_taken":0.0,"cards_obtained":["Wish"]},{"cards_removed":["Strike_P"],"damage_healed":0.0,"max_hp_gain":0.0,"max_hp_loss":0.0,"gold_gain":0.0,"event_name":"Purifier","player_choice":"Purged","floor":22.0,"gold_loss":0.0,"damage_taken":0.0},{"damage_healed":0,"gold_gain":0,"player_choice":"Fight","damage_taken":0,"max_hp_gain":0,"max_hp_loss":0,"event_name":"MindBloom","floor":36,"gold_loss":0},{"cards_removed":["SashWhip"],"damage_healed":0,"gold_gain":0,"player_choice":"Removed Attack","damage_taken":0,"max_hp_gain":0,"max_hp_loss":0,"event_name":"Falling","floor":41,"gold_loss":0},{"damage_healed":0,"gold_gain":0,"player_choice":"Fight","damage_taken":0,"max_hp_gain":0,"max_hp_loss":0,"event_name":"Mysterious Sphere","floor":42,"gold_loss":0}],"is_beta":false,"boss_relics":[{"not_picked":["Busted Crown","Runic Pyramid"],"picked":"Black Star"},{"not_picked":["Empty Cage","SacredBark"],"picked":"Sozu"}],"items_purged_floors":[13,19],"is_endless":false,"potions_floor_spawned":[2,4,5,7,16,24,27,33,35,39],"killed_by":"2 Orb Walkers","ascension_level":11}}