{"host":"7qqg3hyzrz6apiso","time":1610729863,"event":{"mods":["AchievementEnabler","BaseMod","Better Debug","Colored Map","Colored Powertips","KOR Keyword Fix","Keyboard Shortcuts","Minty Spire (QoL Compilation)","Permanent Neow","Quick Restart","StSLib","SuperFastMode"],"gold_per_floor":[118,118,118,137,212,212,212,212,212,242,242,16,16,16,16,114,114,145,256,268,32,47,65,65,77,77,77,89,89,89,89],"floor_reached":30,"language":"KOR","playtime":906,"items_purged":["Strike_B","Strike_B"],"score":291,"play_id":"00ffbecc-efdc-44a6-a792-003e1e6d37e1","local_time":"20210116015743","is_ascension_mode":true,"campfire_choices":[{"data":"Auto Shields","floor":6,"key":"SMITH"},{"floor":11,"key":"REST"},{"data":"White Noise","floor":13,"key":"SMITH"},{"floor":15,"key":"REST"},{"data":"Thunder Strike","floor":24,"key":"SMITH"}],"circlet_count":0,"master_deck":["Strike_B+1","Defend_B","Defend_B","Defend_B","Defend_B","Zap","Dualcast+1","Auto Shields+1","Ball Lightning","Static Discharge","White Noise+1","Thunder Strike+1","CurseOfTheBell","Storm","Conserve Battery","Beam Cell","Self Repair"],"relics":["Black Star","Matryoshka","DataDisk","Lantern","Kunai","Potion Belt","ClockworkSouvenir","Calling Bell","MawBank","Gremlin Horn","Girya","Strange Spoon","Letter Opener","Molten Egg 2"],"acts_visited":["Exordium","TheCity"],"potions_floor_usage":[16,18,28,30],"damage_taken":[{"damage":13,"enemies":"Small Slimes","floor":1,"turns":5},{"damage":0,"enemies":"2 Louse","floor":4,"turns":2},{"damage":40,"enemies":"Gremlin Nob","floor":10,"turns":4},{"damage":36,"enemies":"The Guardian","floor":16,"turns":10},{"damage":12,"enemies":"Chosen","floor":18,"turns":3},{"damage":14,"enemies":"2 Thieves","floor":22,"turns":4},{"damage":9,"enemies":"Sentry and Sphere","floor":23,"turns":5},{"damage":36,"enemies":"Shelled Parasite and Fungi","floor":25,"turns":6},{"damage":0,"enemies":"Snecko","floor":28,"turns":4},{"damage":16,"enemies":"Colosseum Slavers","floor":30,"turns":2}],"seed_played":"7580422641349113693","potions_obtained":[{"floor":4,"key":"PowerPotion"},{"floor":16,"key":"Dexterity Potion"},{"floor":23,"key":"PotionOfCapacity"},{"floor":25,"key":"BlessingOfTheForge"},{"floor":28,"key":"Block Potion"}],"is_trial":false,"path_per_floor":["M","?","?","M","?","R","T","?","T","E","R","$","R","$","R","B",null,"M","?","?","$","M","M","R","M","T","?","M","?","?"],"character_chosen":"DEFECT","items_purchased":["ClockworkSouvenir","Strange Spoon"],"campfire_rested":2,"item_purchase_floors":[12,21],"current_hp_per_floor":[55,40,40,40,29,29,29,54,54,14,36,36,36,36,58,22,62,50,50,75,75,61,52,52,16,16,16,26,12,0,0],"gold":89,"neow_bonus":"BOSS_RELIC","is_daily":false,"chose_seed":false,"campfire_upgraded":3,"win_rate":0.0,"timestamp":1610729863,"path_taken":["M","?","?","?","?","R","?","?","T","E","R","$","R","$","R","BOSS","M","?","?","$","M","M","R","M","T","?","?","?","?"],"items_purchased_type":["Relic","Relic"],"build_version":"2020-12-22","purchased_purges":2,"victory":false,"max_hp_per_floor":[75,75,75,75,75,75,75,75,75,75,75,75,75,75,75,75,75,75,75,75,75,75,75,75,75,75,75,75,80,80,80],"card_choices":[{"not_picked":["Streamline","Force Field"],"picked":"Auto Shields","floor":1},{"not_picked":["Steam Power","Leap"],"picked":"Static Discharge","floor":4},{"not_picked":["Skim","Rip and Tear"],"picked":"White Noise","floor":10},{"not_picked":["Machine Learning","Buffer"],"picked":"Thunder Strike","floor":16},{"not_picked":["Barrage+1","Streamline"],"picked":"Storm","floor":18},{"not_picked":["Chaos+1","BootSequence"],"picked":"Conserve Battery","floor":22},{"not_picked":["Ball Lightning","Steam"],"picked":"Beam Cell","floor":23},{"not_picked":["Capacitor","Genetic Algorithm+1"],"picked":"Self Repair","floor":25},{"not_picked":["Ball Lightning+1","Auto Shields+1","Compile Driver+1"],"picked":"SKIP","floor":28}],"player_experience":230915,"relics_obtained":[{"floor":7,"key":"Matryoshka"},{"floor":9,"key":"DataDisk"},{"floor":9,"key":"Lantern"},{"floor":10,"key":"Kunai"},{"floor":10,"key":"Potion Belt"},{"floor":17,"key":"MawBank"},{"floor":17,"key":"Gremlin Horn"},{"floor":17,"key":"Girya"},{"floor":26,"key":"Letter Opener"},{"floor":26,"key":"Molten Egg 2"}],"event_choices":[{"damage_healed":0,"gold_gain":0,"player_choice":"Entered Light","damage_taken":15,"max_hp_gain":0,"max_hp_loss":0,"event_name":"Shining Light","floor":2,"gold_loss":0,"cards_upgraded":["Strike_B","Dualcast"]},{"damage_healed":0,"gold_gain":0,"cards_transformed":["Strike_B"],"player_choice":"Transformed","damage_taken":0,"max_hp_gain":0,"max_hp_loss":0,"event_name":"Transmorgrifier","floor":3,"gold_loss":0,"cards_obtained":["Ball Lightning"]},{"damage_healed":0,"gold_gain":75,"player_choice":"Gather Gold","damage_taken":11,"max_hp_gain":0,"max_hp_loss":0,"event_name":"World of Goop","floor":5,"gold_loss":0},{"damage_healed":25,"gold_gain":0,"player_choice":"Banana","damage_taken":0,"max_hp_gain":0,"max_hp_loss":0,"event_name":"Big Fish","floor":8,"gold_loss":0},{"damage_healed":0,"gold_gain":99,"player_choice":"Stole From Cult","damage_taken":0,"max_hp_gain":0,"max_hp_loss":0,"event_name":"Nest","floor":19,"gold_loss":0},{"damage_healed":25,"gold_gain":0,"player_choice":"Heal","damage_taken":0,"max_hp_gain":0,"max_hp_loss":0,"event_name":"The Library","floor":20,"gold_loss":0},{"damage_healed":0,"gold_gain":0,"player_choice":"Bought 0 Potions","damage_taken":0,"max_hp_gain":0,"max_hp_loss":0,"event_name":"The Woman in Blue","floor":27,"gold_loss":0},{"damage_healed":0,"gold_gain":0,"player_choice":"Shed Blood","damage_taken":19,"max_hp_gain":5,"max_hp_loss":0,"event_name":"Forgotten Altar","floor":29,"gold_loss":0},{"damage_healed":0,"gold_gain":0,"player_choice":"Fight","damage_taken":0,"max_hp_gain":0,"max_hp_loss":0,"event_name":"Colosseum","floor":30,"gold_loss":0}],"is_beta":false,"boss_relics":[{"not_picked":["Astrolabe","Philosopher\u0027s Stone"],"picked":"Calling Bell"}],"items_purged_floors":[12,21],"is_endless":false,"potions_floor_spawned":[4,16,23,25,28],"killed_by":"Colosseum Slavers","ascension_level":6}}