{"host":"yuhy0i501zzmn1iz","time":1610685354,"event":{"mods":["AchievementEnabler","AlwaysNeverKeys","BaseMod","Bestiary","Better Match","Better Third Choice","Curses Come First","Downfall","Minty Spire (QoL Compilation)","StSLib","slay the spire mod where everything is the same but ironclad has a cowboy hat"],"gold_per_floor":[126,146,330,359,387,387,36,45,97,97,97,119,162,162,162,268,268,287,313,326,326,326],"floor_reached":21,"language":"ENG","playtime":1091,"items_purged":["Doubt"],"score":199,"play_id":"9b6765ab-3877-4f5d-b4ef-78db04b07551","local_time":"20210114233554","is_ascension_mode":true,"campfire_choices":[{"data":"Eruption","floor":6,"key":"SMITH"},{"data":"Master of Strategy","floor":10,"key":"SMITH"},{"floor":15,"key":"REST"}],"circlet_count":0,"master_deck":["Strike_P+1","Strike_P+1","Strike_P","Strike_P","Defend_P","Defend_P","Defend_P","Defend_P","Eruption+1","Vigilance","FollowUp","Consecrate","Indignation","CutThroughFate","Master of Strategy+1","Burn","Vault+1","SandsOfTime","DeusExMachina","JustLucky","ClearTheMind+1"],"relics":["PureWater","CeramicFish","Whetstone","Ancient Tea Set","Bag of Marbles","SlaversCollar"],"acts_visited":["Exordium","TheCity"],"potions_floor_usage":[13,13,13,20],"damage_taken":[{"damage":0,"enemies":"Small Slimes","floor":1,"turns":3},{"damage":8,"enemies":"Jaw Worm","floor":2,"turns":5},{"damage":15,"enemies":"Cultist","floor":4,"turns":4},{"damage":8,"enemies":"Looter","floor":5,"turns":4},{"damage":5,"enemies":"Large Slime","floor":12,"turns":3},{"damage":20,"enemies":"3 Sentries","floor":13,"turns":8},{"damage":14,"enemies":"Hexaghost","floor":16,"turns":7},{"damage":0,"enemies":"Chosen","floor":18,"turns":2},{"damage":28,"enemies":"Shell Parasite","floor":19,"turns":8},{"damage":10,"enemies":"Centurion and Healer","floor":20,"turns":5},{"damage":39,"enemies":"Snecko","floor":21,"turns":5}],"seed_played":"8959495255221669816","potions_obtained":[{"floor":5,"key":"EssenceOfSteel"},{"floor":12,"key":"PowerPotion"},{"floor":18,"key":"Swift Potion"}],"is_trial":false,"path_per_floor":["M","M","?","M","M","R","$","?","T","R","T","M","E","?","R","B",null,"M","M","M","M"],"character_chosen":"WATCHER","items_purchased":["Fruit Juice","Master of Strategy"],"campfire_rested":1,"item_purchase_floors":[7,7],"current_hp_per_floor":[72,64,64,49,41,41,41,41,41,41,41,36,21,21,44,30,77,77,49,39,0,0],"gold":326,"neow_bonus":"RANDOM_COMMON_RELIC","is_daily":false,"chose_seed":false,"campfire_upgraded":2,"win_rate":0.0,"timestamp":1610685354,"path_taken":["M","M","?","M","M","R","$","?","T","R","?","M","E","?","R","BOSS","M","M","?","M"],"items_purchased_type":["Potion","Card"],"build_version":"2020-12-22","purchased_purges":1,"victory":false,"max_hp_per_floor":[72,72,72,72,72,72,72,72,72,72,72,72,77,77,77,77,77,77,77,77,77,77],"card_choices":[{"not_picked":["ClearTheMind","Swivel"],"picked":"FollowUp","floor":1},{"not_picked":["Crescendo","LikeWater"],"picked":"Consecrate","floor":2},{"not_picked":["Perseverance","Protect"],"picked":"Indignation","floor":4},{"not_picked":["EmptyBody","WreathOfFlame"],"picked":"CutThroughFate","floor":5},{"not_picked":["Conclude","Perseverance"],"picked":"Vault","floor":12},{"not_picked":["ClearTheMind","Evaluate"],"picked":"SandsOfTime","floor":13},{"not_picked":["Brilliance","Blasphemy"],"picked":"DeusExMachina","floor":16},{"not_picked":["ThirdEye","EmptyBody"],"picked":"JustLucky","floor":18},{"not_picked":["PathToVictory","Crescendo"],"picked":"ClearTheMind+1","floor":19},{"not_picked":["Meditate","EmptyBody","CrushJoints"],"picked":"SKIP","floor":20}],"player_experience":291259,"relics_obtained":[{"floor":9,"key":"Whetstone"},{"floor":11,"key":"Ancient Tea Set"},{"floor":13,"key":"Bag of Marbles"}],"event_choices":[{"damage_healed":0,"gold_gain":175,"player_choice":"AGREE","damage_taken":146,"max_hp_gain":0,"max_hp_loss":0,"event_name":"betterThird:BetterSerpent","floor":3,"gold_loss":0},{"damage_healed":41,"gold_gain":0,"player_choice":"Embrace Burn","damage_taken":0,"max_hp_gain":0,"max_hp_loss":72,"event_name":"betterThird:BetterShining","floor":8,"gold_loss":0},{"damage_healed":0,"gold_gain":0,"player_choice":"Forge","damage_taken":0,"max_hp_gain":0,"max_hp_loss":0,"event_name":"Accursed Blacksmith","floor":14,"gold_loss":0,"cards_upgraded":["Vault"]}],"is_beta":false,"boss_relics":[{"not_picked":["Snecko Eye","Ectoplasm"],"picked":"SlaversCollar"}],"items_purged_floors":[7],"is_endless":false,"potions_floor_spawned":[5,12,18],"killed_by":"Snecko","ascension_level":2}}