{"host":"y3h3n3f7seyagppx","time":1610745152,"event":{"mods":["AlwaysNeverKeys","BaseMod","Better Vampires","Colored Powertips","DeckTracker","Emptier Cage","Minty Spire (QoL Compilation)","Permanent Neow","Quick Restart","Rare Cards Sparkle","Relic Sorter","Relic Stats","StSLib","Transform Curses"],"gold_per_floor":[112,123,135,135,148,148,176,194,194,194,225,4,4,42,42,133,133,146,160,185,185,185,185,225,225,252,292,207,207,246,196,196,291,291,311,375,393,393,178,178,193,233,233,269,602,615,349,369,369,369,369,369,369,38,70,70],"floor_reached":57,"language":"ENG","playtime":9222,"items_purged":["Defend_P","Strike_P","Strike_P","Defend_P+1","Defend_P+1"],"score":3047,"play_id":"4baabcf3-5bed-4c2e-afb3-955232cdebd9","local_time":"20210115161232","is_ascension_mode":true,"campfire_choices":[{"data":"Eruption","floor":6.0,"key":"SMITH"},{"data":"Wallop","floor":13.0,"key":"SMITH"},{"data":"EmptyFist","floor":15.0,"key":"SMITH"},{"floor":23.0,"key":"REST"},{"data":"Tantrum","floor":25.0,"key":"SMITH"},{"data":"Wireheading","floor":32.0,"key":"SMITH"},{"data":"EmptyBody","floor":40,"key":"SMITH"},{"floor":49,"key":"REST"},{"floor":53,"key":"REST"}],"circlet_count":0,"master_deck":["AscendersBane","Strike_P+1","Strike_P+1","Eruption+1","Vigilance+1","JustLucky+1","Wallop+1","Scrawl+1","Indignation+1","Tantrum+1","InnerPeace+1","LessonLearned+1","Meditate+1","Brilliance+1","FlurryOfBlows+1","Wireheading+1","Omniscience+1","Omniscience+1","MentalFortress+1","EmptyBody+1","Fasting2+1","Wireheading+1","DeceiveReality+1","SpiritShield"],"relics":["Sozu","Smiling Mask","Potion Belt","MealTicket","Eternal Feather","SlaversCollar","Frozen Egg 2","Bag of Preparation","Boot","Darkstone Periapt","White Beast Statue","Strawberry","Runic Pyramid","Ginger","Art of War","War Paint","Letter Opener","Omamori","Frozen Eye","Bag of Marbles","Bird Faced Urn"],"acts_visited":["Exordium","TheCity","TheBeyond","TheEnding"],"potions_floor_usage":[],"damage_taken":[{"damage":0.0,"enemies":"2 Louse","floor":1.0,"turns":2.0},{"damage":1.0,"enemies":"Small Slimes","floor":2.0,"turns":3.0},{"damage":10.0,"enemies":"Jaw Worm","floor":3.0,"turns":3.0},{"damage":0.0,"enemies":"3 Louse","floor":5.0,"turns":4.0},{"damage":0.0,"enemies":"Lagavulin","floor":7.0,"turns":3.0},{"damage":0.0,"enemies":"Looter","floor":8.0,"turns":3.0},{"damage":13.0,"enemies":"3 Sentries","floor":11.0,"turns":8.0},{"damage":0.0,"enemies":"Gremlin Nob","floor":14.0,"turns":2.0},{"damage":53.0,"enemies":"Slime Boss","floor":16.0,"turns":6.0},{"damage":7.0,"enemies":"Chosen","floor":18.0,"turns":3.0},{"damage":22.0,"enemies":"2 Thieves","floor":19.0,"turns":3.0},{"damage":15.0,"enemies":"Centurion and Healer","floor":20.0,"turns":3.0},{"damage":0.0,"enemies":"Gremlin Leader","floor":24.0,"turns":5.0},{"damage":16.0,"enemies":"Book of Stabbing","floor":27.0,"turns":3.0},{"damage":17.0,"enemies":"Slavers","floor":30.0,"turns":3.0},{"damage":16,"enemies":"Collector","floor":33,"turns":5},{"damage":0,"enemies":"3 Shapes","floor":35,"turns":3},{"damage":42,"enemies":"2 Orb Walkers","floor":36,"turns":4},{"damage":0,"enemies":"3 Darklings","floor":37,"turns":3},{"damage":0,"enemies":"Transient","floor":41,"turns":6},{"damage":0,"enemies":"Giant Head","floor":42,"turns":5},{"damage":0,"enemies":"Reptomancer","floor":44,"turns":3},{"damage":0,"enemies":"Sphere and 2 Shapes","floor":46,"turns":4},{"damage":0,"enemies":"Jaw Worm Horde","floor":48,"turns":2},{"damage":0,"enemies":"Awakened One","floor":50,"turns":8},{"damage":19,"enemies":"Time Eater","floor":51,"turns":7},{"damage":2,"enemies":"Shield and Spear","floor":55,"turns":6},{"damage":28,"enemies":"The Heart","floor":56,"turns":8}],"seed_played":"-3071671927766307862","potions_obtained":[],"is_trial":false,"path_per_floor":["M","M","M","?","M","R","E","M","T","?","E","$","R","E","R","B",null,"M","M","M","?","T","R","E","R","T","E","?","?","E","$","R","B",null,"M","?","M","?","$","R","M","E","T","E","?","M","$","M","R","B","B",null,"R","$","E","B",null],"character_chosen":"WATCHER","items_purchased":["LessonLearned","Art of War","Fasting2+1","Frozen Eye","Wireheading+1","Bag of Marbles","DeceiveReality"],"campfire_rested":3,"item_purchase_floors":[12,39,47,47,54,54,54],"current_hp_per_floor":[61,60,50,50,50,50,50,50,50,50,37,52,52,52,61,8,49,42,20,5,5,5,35,35,47,47,31,31,31,21,36,48,32,60,60,18,18,18,33,45,45,45,45,45,45,45,60,60,69,69,50,64,69,69,67,51],"gold":70,"neow_bonus":"BOSS_RELIC","is_daily":false,"chose_seed":false,"campfire_upgraded":6,"win_rate":0.0,"timestamp":1610745152,"path_taken":["M","M","M","?","M","R","E","M","T","?","E","$","R","E","R","BOSS","M","M","M","?","?","R","E","R","T","E","?","?","E","$","R","BOSS","M","?","M","?","$","R","M","E","T","E","?","?","$","M","R","BOSS","BOSS","R","$","E","BOSS"],"items_purchased_type":["Card","Relic","Card","Relic","Card","Relic","Card"],"build_version":"2020-12-22","purchased_purges":5,"victory":true,"max_hp_per_floor":[68,68,68,68,68,68,68,68,68,62,62,62,62,62,62,62,62,62,62,62,62,62,62,62,62,62,62,62,62,69,69,69,69,69,69,69,69,69,69,69,69,69,69,69,69,69,69,69,69,69,69,69,69,69,69,69],"relic_stats":{"Darkstone Periapt":0,"counters":[28,118],"Eternal Feather":71,"Bag of Preparation":[30],"Ginger":[5],"Letter Opener":[95],"War Paint":["Defend_P","Indignation"],"Smiling Mask":375,"Boot":[124],"Sozu":18,"Bird Faced Urn":[12],"MealTicket":60,"Art of War":[2],"obtain_stats":[{"Potion Belt":9,"Darkstone Periapt":27,"Golden Idol":10,"Eternal Feather":14,"Bag of Preparation":24,"Omamori":44,"Ginger":36,"Letter Opener":43,"Frozen Egg 2":22,"War Paint":42,"Smiling Mask":7,"Boot":26,"White Beast Statue":28,"Sozu":0,"SlaversCollar":17,"Frozen Eye":47,"Strawberry":30,"Bird Faced Urn":55,"MealTicket":11,"Art of War":39,"Bag of Marbles":54,"PureWater":0,"Runic Pyramid":34},{"Potion Belt":6,"Darkstone Periapt":14,"Golden Idol":6,"Eternal Feather":8,"Bag of Preparation":13,"Omamori":22,"Ginger":18,"Letter Opener":21,"Frozen Egg 2":12,"War Paint":21,"Smiling Mask":5,"Boot":13,"White Beast Statue":14,"Sozu":0,"SlaversCollar":9,"Frozen Eye":23,"Strawberry":15,"Bird Faced Urn":27,"MealTicket":7,"Art of War":19,"Bag of Marbles":26,"PureWater":0,"Runic Pyramid":16},{"Potion Belt":18,"Darkstone Periapt":51,"Golden Idol":18,"Eternal Feather":28,"Bag of Preparation":48,"Omamori":83,"Ginger":66,"Letter Opener":80,"Frozen Egg 2":43,"War Paint":80,"Smiling Mask":15,"Boot":48,"White Beast Statue":51,"Sozu":0,"SlaversCollar":34,"Frozen Eye":87,"Strawberry":54,"Bird Faced Urn":110,"MealTicket":26,"Art of War":69,"Bag of Marbles":104,"PureWater":0,"Runic Pyramid":59}]},"card_choices":[{"not_picked":["Study","BowlingBash"],"picked":"EmptyFist","floor":1.0},{"not_picked":["Crescendo","EmptyBody"],"picked":"JustLucky","floor":2.0},{"not_picked":["SashWhip","CrushJoints"],"picked":"Wallop","floor":3.0},{"not_picked":["Study","PathToVictory","Protect"],"picked":"SKIP","floor":5.0},{"not_picked":["EmptyFist","SignatureMove"],"picked":"Indignation","floor":7.0},{"not_picked":["SashWhip","Protect"],"picked":"Tantrum","floor":8.0},{"not_picked":["SignatureMove","Consecrate"],"picked":"InnerPeace","floor":11.0},{"not_picked":["Devotion","EmptyMind"],"picked":"Meditate","floor":14.0},{"not_picked":["Judgement","Alpha"],"picked":"Brilliance","floor":16.0},{"not_picked":["BattleHymn","Perseverance","Consecrate"],"picked":"SKIP","floor":18.0},{"not_picked":["ForeignInfluence+1","CrushJoints"],"picked":"FlurryOfBlows","floor":19.0},{"not_picked":["FearNoEvil","Consecrate+1"],"picked":"Wireheading","floor":20.0},{"not_picked":["BowlingBash","DevaForm+1","PathToVictory"],"picked":"SKIP","floor":24.0},{"not_picked":["Evaluate","BowlingBash","SashWhip"],"picked":"SKIP","floor":27.0},{"not_picked":["Crescendo","EmptyFist"],"picked":"Omniscience","floor":30.0},{"not_picked":["LessonLearned","Scrawl"],"picked":"Omniscience","floor":33},{"not_picked":["FollowUp+1","PathToVictory"],"picked":"MentalFortress+1","floor":35},{"not_picked":["Consecrate","JustLucky"],"picked":"EmptyBody","floor":37},{"not_picked":["PathToVictory","EmptyFist","Collect+1"],"picked":"SKIP","floor":41},{"not_picked":["FollowUp","ReachHeaven","Crescendo+1"],"picked":"SKIP","floor":42},{"not_picked":["CrushJoints","CarveReality","InnerPeace"],"picked":"SKIP","floor":44},{"not_picked":["ClearTheMind","InnerPeace","Swivel+1"],"picked":"SKIP","floor":46},{"not_picked":["Scrawl","Conclude","BowlingBash"],"picked":"SKIP","floor":48},{"not_picked":["Vault","CarveReality+1"],"picked":"SpiritShield","floor":55}],"player_experience":21009246,"relics_obtained":[{"floor":7.0,"key":"Smiling Mask"},{"floor":9.0,"key":"Potion Belt"},{"floor":11.0,"key":"MealTicket"},{"floor":14.0,"key":"Eternal Feather"},{"floor":22.0,"key":"Frozen Egg 2"},{"floor":24.0,"key":"Bag of Preparation"},{"floor":26.0,"key":"Boot"},{"floor":27.0,"key":"Darkstone Periapt"},{"floor":30.0,"key":"Strawberry"},{"floor":36,"key":"Ginger"},{"floor":42,"key":"War Paint"},{"floor":43,"key":"Letter Opener"},{"floor":44,"key":"Omamori"},{"floor":55,"key":"Bird Faced Urn"}],"event_choices":[{"damage_healed":0.0,"max_hp_gain":0.0,"max_hp_loss":0.0,"gold_gain":0.0,"cards_transformed":["Defend_P"],"event_name":"Living Wall","player_choice":"Change","floor":4.0,"gold_loss":0.0,"damage_taken":0.0,"cards_obtained":["Scrawl"]},{"damage_healed":0.0,"max_hp_gain":0.0,"max_hp_loss":6.0,"gold_gain":0.0,"event_name":"Golden Idol","player_choice":"Lose Max HP","floor":10.0,"gold_loss":0.0,"damage_taken":0.0,"relics_obtained":["Golden Idol"]},{"damage_healed":0.0,"max_hp_gain":0.0,"max_hp_loss":0.0,"gold_gain":0.0,"event_name":"The Mausoleum","player_choice":"Ignored","floor":21.0,"gold_loss":0.0,"damage_taken":0.0},{"damage_healed":0.0,"max_hp_gain":0.0,"max_hp_loss":0.0,"gold_gain":0.0,"event_name":"Addict","player_choice":"Obtained Relic","floor":28.0,"gold_loss":85.0,"damage_taken":0.0,"relics_obtained":["White Beast Statue"]},{"damage_healed":0.0,"max_hp_gain":0.0,"max_hp_loss":0.0,"gold_gain":0.0,"event_name":"Upgrade Shrine","player_choice":"Upgraded","floor":29.0,"gold_loss":0.0,"damage_taken":0.0,"cards_upgraded":["Vigilance"]},{"damage_healed":0,"gold_gain":0,"player_choice":"Fight","damage_taken":0,"max_hp_gain":0,"max_hp_loss":0,"event_name":"Mysterious Sphere","floor":36,"gold_loss":0},{"cards_removed":["EmptyFist"],"damage_healed":0,"gold_gain":0,"player_choice":"Removed Attack","damage_taken":0,"max_hp_gain":0,"max_hp_loss":0,"event_name":"Falling","floor":38,"gold_loss":0},{"damage_healed":0,"gold_gain":333,"player_choice":"Gave Idol","damage_taken":0,"max_hp_gain":0,"max_hp_loss":0,"event_name":"The Moai Head","floor":45,"relics_lost":["Golden Idol"],"gold_loss":0}],"is_beta":false,"boss_relics":[{"not_picked":["Pandora\u0027s Box","Velvet Choker"],"picked":"SlaversCollar"},{"not_picked":["VioletLotus","Tiny House"],"picked":"Runic Pyramid"}],"items_purged_floors":[12,31,39,47,54],"is_endless":false,"potions_floor_spawned":[3,7,8,11,14,19,20,30,33,35,36,37,41,42,44,46,48,55],"ascension_level":20}}