{"host":"Rich","time":1610679089,"event":{"mods":["AchievementEnabler","BaseMod","Highlight Path","Minty Spire (QoL Compilation)","Relic Stats"],"gold_per_floor":[112,262,187,187,202,202,227,227,250,250,250,250],"floor_reached":11,"language":"ENG","playtime":308,"items_purged":[],"score":138,"play_id":"004f1eec-9e1b-407c-b28a-d36212adccf9","local_time":"20210114215129","is_ascension_mode":true,"campfire_choices":[{"floor":6,"key":"REST"},{"data":"Neutralize","floor":8,"key":"SMITH"},{"floor":10,"key":"REST"}],"circlet_count":0,"master_deck":["AscendersBane","Strike_G+1","Strike_G","Strike_G","Strike_G","Strike_G","Defend_G","Defend_G+1","Defend_G","Defend_G","Defend_G","Survivor","Neutralize+1","CurseOfTheBell","Deadly Poison","All Out Attack","Quick Slash"],"relics":["Calling Bell","Lantern","Meat on the Bone","Thread and Needle","Nunchaku","MealTicket"],"acts_visited":["Exordium"],"potions_floor_usage":[],"damage_taken":[{"damage":17,"enemies":"Cultist","floor":1,"turns":7},{"damage":3,"enemies":"Jaw Worm","floor":5,"turns":4},{"damage":27,"enemies":"3 Sentries","floor":7,"turns":12},{"damage":59,"enemies":"Gremlin Nob","floor":11,"turns":5}],"seed_played":"-6688762770465193474","potions_obtained":[],"is_trial":false,"path_per_floor":["M","?","?","?","M","R","E","R","T","R","E"],"character_chosen":"THE_SILENT","items_purchased":[],"campfire_rested":2,"item_purchase_floors":[],"current_hp_per_floor":[42,42,42,22,31,50,35,35,35,54,0,0],"gold":250,"neow_bonus":"BOSS_RELIC","is_daily":false,"chose_seed":false,"campfire_upgraded":1,"win_rate":0.0,"timestamp":1610679089,"path_taken":["M","?","?","?","M","R","E","R","T","R","E"],"items_purchased_type":[],"build_version":"2020-12-18","purchased_purges":0,"victory":false,"max_hp_per_floor":[66,66,66,66,66,66,66,66,66,66,66,66],"relic_stats":{"Nunchaku":[1],"counters":[4,28],"MealTicket":0,"obtain_stats":[{"Calling Bell":0,"Lantern":0,"Nunchaku":7,"Thread and Needle":0,"MealTicket":9,"Ring of the Snake":0,"Meat on the Bone":0},{"Calling Bell":0,"Lantern":0,"Nunchaku":3,"Thread and Needle":0,"MealTicket":3,"Ring of the Snake":0,"Meat on the Bone":0},{"Calling Bell":0,"Lantern":0,"Nunchaku":23,"Thread and Needle":0,"MealTicket":23,"Ring of the Snake":0,"Meat on the Bone":0}],"Meat on the Bone":24},"card_choices":[{"not_picked":["Outmaneuver","Flying Knee"],"picked":"Deadly Poison","floor":1},{"not_picked":["Storm of Steel","Riddle With Holes"],"picked":"All Out Attack","floor":5},{"not_picked":["Distraction","Finisher"],"picked":"Quick Slash","floor":7}],"player_experience":1990578,"relics_obtained":[{"floor":0,"key":"Lantern"},{"floor":0,"key":"Meat on the Bone"},{"floor":0,"key":"Thread and Needle"},{"floor":7,"key":"Nunchaku"},{"floor":9,"key":"MealTicket"}],"event_choices":[{"damage_healed":0,"gold_gain":150,"player_choice":"AGREE","damage_taken":0,"max_hp_gain":0,"max_hp_loss":0,"event_name":"Liars Game","floor":2,"gold_loss":0,"cards_obtained":["Doubt"]},{"cards_removed":["Doubt"],"damage_healed":0,"gold_gain":0,"player_choice":"Card Removal","damage_taken":0,"max_hp_gain":0,"max_hp_loss":0,"event_name":"The Cleric","floor":3,"gold_loss":75},{"damage_healed":0,"gold_gain":0,"player_choice":"Entered Light","damage_taken":20,"max_hp_gain":0,"max_hp_loss":0,"event_name":"Shining Light","floor":4,"gold_loss":0,"cards_upgraded":["Defend_G","Strike_G"]}],"is_beta":true,"boss_relics":[],"items_purged_floors":[],"is_endless":false,"potions_floor_spawned":[],"killed_by":"Gremlin Nob","ascension_level":20}}