{"host":"qy89j0vid1u7yuu4","time":1610722176,"event":{"mods":["Act Like it!","Aspiration","BaseMod","Better Match","Better Third Choice","Card Forge","Colored Powertips","Conspire","Elementarium","GifTheSpireLib","Halation","Hermit","Hubris","Infinite Spire","Menagerie","Minty Spire (QoL Compilation)","Replay The Spire","Spicy Shops","StSLib","Stuff the Spire","The Blue Laboratory","The Jungle"],"gold_per_floor":[129,165,165,8,38,140,230,311,311],"floor_reached":8,"language":"ENG","playtime":368,"items_purged":[],"score":76,"play_id":"c23b8753-c259-4eae-835c-5c16dff20504","local_time":"20210115074936","daily_mods":["Heirloom","Flight","Elite Swarm","Midas"],"is_ascension_mode":false,"campfire_choices":[],"circlet_count":0,"master_deck":["Strike_B","Strike_B","Strike_B","Strike_B","Defend_B","Defend_B","Defend_B","Defend_B","Zap+1","Dualcast+1","White Noise+1","Hello World+1","Electrodynamics","Hyperbeam"],"relics":["Cracked Core","Hammer of Thor","Seething Fire","Anvil of the Gods","Ring of Chaos","StuffTheSpire:MayFlowers","GremlinMask","Medical Kit","infinitespire:Eraser","halation:OrihimeAndHikoboshiSamaAndTears","Boot"],"acts_visited":["Exordium"],"potions_floor_usage":[],"damage_taken":[{"damage":1,"enemies":"2 Louse","floor":1,"turns":2},{"damage":0,"enemies":"Cultist","floor":2,"turns":3},{"damage":0,"enemies":"Small Slimes","floor":5,"turns":3},{"damage":26,"enemies":"3 Sentries","floor":6,"turns":8},{"damage":8,"enemies":"Gremlin Nob","floor":7,"turns":3},{"damage":22,"enemies":"3 Sentries","floor":8,"turns":4}],"seed_played":"-5925130291720085816","potions_obtained":[{"floor":2,"key":"LiquidBronze"},{"floor":8,"key":"Block Potion"}],"is_trial":true,"path_per_floor":["M","M","?","$","M","E","E","E"],"character_chosen":"DEFECT","items_purchased":["Medical Kit"],"campfire_rested":0,"item_purchase_floors":[4],"current_hp_per_floor":[74,74,74,74,74,54,46,24,24],"gold":311,"neow_bonus":"","is_daily":false,"chose_seed":false,"campfire_upgraded":0,"win_rate":0.0,"timestamp":1610722176,"path_taken":["M","M","?","?","M","E","E","E"],"items_purchased_type":["Relic"],"build_version":"2020-12-22","purchased_purges":0,"victory":false,"max_hp_per_floor":[75,75,75,75,75,75,75,75,75],"card_choices":[{"not_picked":["Lockon","Sweeping Beam"],"picked":"White Noise","floor":1},{"not_picked":["StuffTheSpire:ShieldGenerator","BasicCrystalCard"],"picked":"Hello World","floor":2},{"not_picked":["Hologram","hubris:Ukulele","Compile Driver"],"picked":"SKIP","floor":5},{"not_picked":["All For One","StuffTheSpire:LaunchingStrike"],"picked":"Electrodynamics","floor":6},{"not_picked":["StuffTheSpire:Purify","Buffer"],"picked":"Hyperbeam","floor":7}],"player_experience":107057,"relics_obtained":[{"floor":6,"key":"infinitespire:Eraser"},{"floor":7,"key":"halation:OrihimeAndHikoboshiSamaAndTears"},{"floor":8,"key":"Boot"}],"event_choices":[{"damage_healed":0,"gold_gain":0,"player_choice":"Trade","damage_taken":0,"relics_obtained":["GremlinMask"],"max_hp_gain":0,"max_hp_loss":0,"event_name":"FaceTrader","floor":3,"gold_loss":0}],"is_beta":false,"boss_relics":[],"items_purged_floors":[],"is_endless":false,"potions_floor_spawned":[2,8],"killed_by":"3 Sentries","ascension_level":0}}