{"host":"s2ap0bnrs90y0f0j","time":1610678852,"event":{"mods":["BaseMod","Minty Spire (QoL Compilation)","StSLib","TheArtist","TheBandit"],"gold_per_floor":[116,116,136,15,15,49,49,14,40,115,141,157,157,5,5,126,126,150,26,26,38,63,116,128,140,152,263,275,412,424,457,469,610,622,655,667,679,691,722,734,1079,1122,1188,1200,346,346,346,346,346,346],"floor_reached":51,"language":"ENG","playtime":2837,"items_purged":["wariomod:Strike"],"score":799,"play_id":"c4ff181e-c1ee-4479-8e5c-fd799e2f9aa4","local_time":"20210114214732","is_ascension_mode":true,"campfire_choices":[{"data":"wariomod:SpacialMastery","floor":7.0,"key":"SMITH"},{"data":"wariomod:ChargeForth","floor":15.0,"key":"SMITH"},{"data":"wariomod:MassiveParty","floor":24.0,"key":"SMITH"},{"floor":28.0,"key":"REST"},{"data":"wariomod:Enshrine","floor":30,"key":"SMITH"},{"data":"wariomod:Step","floor":32,"key":"SMITH"},{"data":"wariomod:KeyFinisher","floor":40,"key":"SMITH"},{"data":"wariomod:Bombshield","floor":44,"key":"SMITH"},{"data":"wariomod:DonateDraw","floor":47,"key":"SMITH"},{"data":"Deep Breath","floor":49,"key":"SMITH"}],"circlet_count":0,"master_deck":["wariomod:Strike","wariomod:Strike","wariomod:Strike","wariomod:Defend","wariomod:Defend","wariomod:Defend","wariomod:Step+1","wariomod:Leap","wariomod:SpacialMastery+1","wariomod:ImFeelingLucky","wariomod:EndlessBlast","wariomod:Bombshield","wariomod:ChargeForth+1","wariomod:Smackflip","wariomod:Bombshield","wariomod:SpacialMastery+1","wariomod:Enshrine+1","CurseOfTheBell","wariomod:BodyBlock","wariomod:DoubleDip","wariomod:BodyBlock","wariomod:MassiveParty+1","wariomod:Bombshield","wariomod:SmallSprint+1","wariomod:KeyFinisher+1","wariomod:DoubleDip","Sadistic Nature","wariomod:Bombshield+1","wariomod:DonateDraw+1","Violence","Deep Breath+1"],"relics":["wariomod:TheHat","Sundial","Ancient Tea Set","CaptainsWheel","DollysMirror","Calling Bell","Orichalcum","Gremlin Horn","Lizard Tail","MawBank","Enchiridion","Juzu Bracelet","HornCleat","Calipers","White Beast Statue","Black Star","Lantern","Toy Ornithopter","Strawberry","Mummified Hand","Shuriken"],"acts_visited":["Exordium","TheCity","TheBeyond"],"potions_floor_usage":[29,39,42],"damage_taken":[{"damage":2.0,"enemies":"Small Slimes","floor":1.0,"turns":3.0},{"damage":0.0,"enemies":"Cultist","floor":3.0,"turns":2.0},{"damage":21.0,"enemies":"Gremlin Nob","floor":6.0,"turns":4.0},{"damage":1.0,"enemies":"3 Sentries","floor":11.0,"turns":5.0},{"damage":0.0,"enemies":"Jaw Worm","floor":12.0,"turns":3.0},{"damage":36.0,"enemies":"Hexaghost","floor":16.0,"turns":8.0},{"damage":16.0,"enemies":"Shell Parasite","floor":18.0,"turns":3.0},{"damage":0.0,"enemies":"Chosen","floor":22.0,"turns":6.0},{"damage":29.0,"enemies":"Slavers","floor":23.0,"turns":6.0},{"damage":5,"enemies":"Colosseum Slavers","floor":29,"turns":2},{"damage":1,"enemies":"Colosseum Nobs","floor":29,"turns":3},{"damage":0,"enemies":"Snecko","floor":31,"turns":6},{"damage":14,"enemies":"Collector","floor":33,"turns":6},{"damage":0,"enemies":"Orb Walker","floor":35,"turns":4},{"damage":15,"enemies":"3 Shapes","floor":39,"turns":2},{"damage":0,"enemies":"Reptomancer","floor":42,"turns":2},{"damage":7,"enemies":"Time Eater","floor":50,"turns":10}],"seed_played":"4804007515130573702","potions_obtained":[{"floor":2.0,"key":"Fruit Juice"},{"floor":2.0,"key":"DuplicationPotion"},{"floor":2.0,"key":"Block Potion"},{"floor":3.0,"key":"DistilledChaos"},{"floor":11.0,"key":"SkillPotion"},{"floor":12.0,"key":"SkillPotion"},{"floor":18.0,"key":"SkillPotion"},{"floor":31,"key":"Weak Potion"},{"floor":33,"key":"DistilledChaos"},{"floor":35,"key":"Weak Potion"},{"floor":39,"key":"BlessingOfTheForge"},{"floor":42,"key":"SteroidPotion"}],"is_trial":false,"path_per_floor":["M","?","M","$","$","E","R","?","T","?","E","M","?","$","R","B",null,"M","$","?","?","M","E","R","$","T","?","R","?","R","M","R","B",null,"M","?","?","?","M","R","?","E","T","R","$","?","R","?","R","B",null],"character_chosen":"THE_BANDIT","items_purchased":["wariomod:Bombshield","DollysMirror","wariomod:BodyBlock","wariomod:DoubleDip","Mummified Hand","wariomod:DonateDraw","Shuriken","Violence","Deep Breath"],"campfire_rested":1,"item_purchase_floors":[4,14,19,19,45,45,45,45,45],"current_hp_per_floor":[78,83,83,83,83,62,62,83,83,72,71,71,71,71,71,35,79,63,63,63,47,47,18,18,18,18,18,41,35,35,35,35,21,79,79,79,79,79,64,64,64,64,71,71,71,63,63,63,63,56],"gold":346,"neow_bonus":"ONE_RANDOM_RARE_CARD","is_daily":false,"chose_seed":false,"campfire_upgraded":9,"win_rate":0.0,"timestamp":1610678852,"path_taken":["M","?","?","?","$","E","R","?","T","?","E","M","?","$","R","BOSS","M","$","?","?","M","E","R","$","T","?","R","?","R","M","R","BOSS","M","?","?","?","M","R","?","E","T","R","?","?","R","?","R","BOSS"],"items_purchased_type":["Card","Relic","Card","Card","Relic","Card","Relic","Card","Card"],"build_version":"2020-12-22","purchased_purges":1,"victory":true,"max_hp_per_floor":[80,85,85,85,85,85,85,85,85,85,85,85,79,79,79,79,79,79,79,79,79,79,79,79,79,79,79,79,79,79,79,79,79,79,79,79,79,79,79,79,79,79,86,86,86,86,86,86,86,86],"card_choices":[{"not_picked":["wariomod:SmackSlam","wariomod:DropBash"],"picked":"wariomod:ImFeelingLucky","floor":1.0},{"not_picked":["wariomod:BoomBoom","wariomod:AwfulLook"],"picked":"wariomod:EndlessBlast","floor":3.0},{"not_picked":["wariomod:KeyFinisher","wariomod:TheGrandJourney"],"picked":"wariomod:ChargeForth","floor":6.0},{"not_picked":["wariomod:HappyHop","wariomod:f"],"picked":"wariomod:Smackflip","floor":11.0},{"not_picked":["wariomod:HappyHop","wariomod:TempestBlasts"],"picked":"wariomod:Bombshield","floor":12.0},{"not_picked":["wariomod:SpacialMastery","wariomod:FabulousPrizes"],"picked":"wariomod:Enshrine","floor":16.0},{"not_picked":["wariomod:DamnedStrength","wariomod:SpikeSlash+1","wariomod:SilenceBombs+1"],"picked":"SKIP","floor":18.0},{"not_picked":["wariomod:SpikeSlash","wariomod:SimpleShield"],"picked":"wariomod:BodyBlock","floor":22.0},{"not_picked":["wariomod:Hopshield","wariomod:NullJump"],"picked":"wariomod:MassiveParty","floor":23.0},{"not_picked":["wariomod:HappyHop","wariomod:Hopshield"],"picked":"wariomod:Bombshield","floor":29},{"not_picked":["wariomod:HastyRush","wariomod:Goblast"],"picked":"wariomod:SmallSprint+1","floor":31},{"not_picked":["wariomod:BoomAndDoom","wariomod:WipeClean"],"picked":"wariomod:KeyFinisher","floor":33},{"not_picked":["wariomod:Goblast+1","wariomod:DanceDash+1"],"picked":"wariomod:DoubleDip","floor":35},{"not_picked":["Jack Of All Trades","Impatience"],"picked":"Sadistic Nature","floor":38},{"not_picked":["wariomod:AwfulLook+1","wariomod:ThatsNotAll","wariomod:Boomsmack+1"],"picked":"SKIP","floor":39},{"not_picked":["wariomod:BoomBoom","wariomod:HappyHit"],"picked":"wariomod:Bombshield","floor":42}],"player_experience":661014,"relics_obtained":[{"floor":6.0,"key":"Sundial"},{"floor":9.0,"key":"Ancient Tea Set"},{"floor":11.0,"key":"CaptainsWheel"},{"floor":17.0,"key":"Orichalcum"},{"floor":17.0,"key":"Gremlin Horn"},{"floor":17.0,"key":"Lizard Tail"},{"floor":21.0,"key":"Enchiridion"},{"floor":23.0,"key":"Juzu Bracelet"},{"floor":26.0,"key":"HornCleat"},{"floor":29,"key":"Calipers"},{"floor":29,"key":"White Beast Statue"},{"floor":42,"key":"Lantern"},{"floor":42,"key":"Toy Ornithopter"},{"floor":43,"key":"Strawberry"}],"event_choices":[{"damage_healed":0.0,"max_hp_gain":0.0,"max_hp_loss":0.0,"gold_gain":0.0,"event_name":"Lab","player_choice":"Got Potions","floor":2.0,"gold_loss":0.0,"damage_taken":0.0},{"damage_healed":21.0,"max_hp_gain":0.0,"max_hp_loss":0.0,"gold_gain":0.0,"event_name":"The Cleric","player_choice":"Healed","floor":8.0,"gold_loss":35.0,"damage_taken":0.0},{"damage_healed":0.0,"max_hp_gain":0.0,"max_hp_loss":0.0,"gold_gain":75.0,"event_name":"World of Goop","player_choice":"Gather Gold","floor":10.0,"gold_loss":0.0,"damage_taken":11.0},{"damage_healed":0.0,"max_hp_gain":0.0,"max_hp_loss":6.0,"gold_gain":0.0,"event_name":"Golden Idol","player_choice":"Lose Max HP","floor":13.0,"gold_loss":0.0,"damage_taken":0.0,"relics_obtained":["Golden Idol"]},{"damage_healed":0.0,"max_hp_gain":0.0,"max_hp_loss":0.0,"gold_gain":0.0,"event_name":"The Mausoleum","player_choice":"Opened","floor":20.0,"gold_loss":0.0,"damage_taken":0.0,"relics_obtained":["MawBank"]},{"damage_healed":0.0,"max_hp_gain":0.0,"max_hp_loss":0.0,"gold_gain":0.0,"event_name":"Cursed Tome","player_choice":"Obtained Book","floor":21.0,"gold_loss":0.0,"damage_taken":16.0},{"damage_healed":0.0,"max_hp_gain":0.0,"max_hp_loss":0.0,"gold_gain":99.0,"event_name":"Nest","player_choice":"Stole From Cult","floor":27.0,"gold_loss":0.0,"damage_taken":0.0},{"damage_healed":0,"gold_gain":0,"player_choice":"Fight","damage_taken":0,"max_hp_gain":0,"max_hp_loss":0,"event_name":"Colosseum","floor":29,"gold_loss":0},{"damage_healed":0,"gold_gain":0,"player_choice":"Fought Nobs","damage_taken":0,"max_hp_gain":0,"max_hp_loss":0,"event_name":"Colosseum","floor":29,"gold_loss":0},{"cards_removed":["wariomod:Defend"],"damage_healed":0,"gold_gain":0,"player_choice":"Purged","damage_taken":0,"max_hp_gain":0,"max_hp_loss":0,"event_name":"Purifier","floor":36,"gold_loss":0},{"damage_healed":0,"gold_gain":0,"player_choice":"Ignored","damage_taken":0,"max_hp_gain":0,"max_hp_loss":0,"event_name":"Tomb of Lord Red Mask","floor":37,"gold_loss":0},{"damage_healed":0,"gold_gain":0,"player_choice":"Memory 1","damage_taken":0,"max_hp_gain":0,"max_hp_loss":0,"event_name":"SensoryStone","floor":38,"gold_loss":0},{"damage_healed":0,"gold_gain":333,"player_choice":"Gave Idol","damage_taken":0,"max_hp_gain":0,"max_hp_loss":0,"event_name":"The Moai Head","floor":41,"relics_lost":["Golden Idol"],"gold_loss":0},{"damage_healed":0,"gold_gain":0,"player_choice":"Damaged","damage_taken":8,"max_hp_gain":0,"max_hp_loss":0,"event_name":"Wheel of Change","floor":46,"gold_loss":0},{"damage_healed":0,"gold_gain":0,"player_choice":"Bought 0 Potions","damage_taken":0,"max_hp_gain":0,"max_hp_loss":0,"event_name":"The Woman in Blue","floor":48,"gold_loss":0}],"is_beta":false,"boss_relics":[{"not_picked":["Runic Dome","Fusion Hammer"],"picked":"Calling Bell"},{"not_picked":["Tiny House","Coffee Dripper"],"picked":"Black Star"}],"items_purged_floors":[4],"is_endless":false,"potions_floor_spawned":[3,11,12,18,29,31,33,35,39,42],"ascension_level":1}}