{"host":"byo4257mpp7krjml","time":1610754392,"event":{"mods":["BaseMod","Beaked The Cultist","Dio Mod","Downfall","Hermit","Infinite Spire","Minty Spire (QoL Compilation)","Replay The Spire","StSLib","The IronCluck"],"gold_per_floor":[111,77,77,88,88,122,122,122,122,122,122,166,179,192,225,244,244,370,370,394,407,425,425,438,473,473,473,473,473,493,533,658,678,678,802,802,817,335,335,335,354,392,414,472,497,543,600,644,644],"floor_reached":48,"language":"ENG","playtime":5642,"items_purged":[],"score":652,"play_id":"8800e111-9fac-4571-b9f3-720d933522c3","local_time":"20210115184632","is_ascension_mode":false,"campfire_choices":[{"data":"dioMod:StreetSign","floor":7,"key":"SMITH"},{"data":"dioMod:DoubleTime","floor":26,"key":"SMITH"},{"data":"dioMod:Freeze","floor":29,"key":"SMITH"},{"data":"dioMod:MudaMudaMuda","floor":34,"key":"SMITH"}],"circlet_count":0,"master_deck":["Bite","dioMod:Defend","dioMod:Defend","dioMod:StreetSign+1","dioMod:FlyAway","dioMod:FlyAway","dioMod:DominatingPresence","dioMod:DaggerToss","dioMod:DoubleTime+1","dioMod:Freeze+1","dioMod:BloodShield","dioMod:MudaMudaMuda+1","dioMod:VengefulMuda","dioMod:Minions","dioMod:TheWalk","dioMod:GoodbyeJojo+1","dioMod:DaggerToss+1","dioMod:Minions","dioMod:Minions+1","dioMod:LaserVision","Bite","Bite","Bite","Bite","Bite","dioMod:CoffinBath","dioMod:DaggerSpree","dioMod:MudaMudaMuda+1","dioMod:Freeze+1","dioMod:Pluck","dioMod:BloodShield+1","ReplayTheSpireMod:Echoes of Time","dioMod:SevenPageMuda","dioMod:MudaMudaMuda","dioMod:DoubleTime","dioMod:Roundabout+1"],"relics":["dioMod:VampireBlood","NeowsBlessing","Lantern","Golden Idol","Replay:Ringing Soul","Boot","Pet Ghost","Replay:Bronze Core","Question Card","infinitespire:Bottled Soul","Pocketwatch","WingedGreaves","Eternal Feather","Black Star","infinitespire:Midas Blood","Gremlin Food","Replay:Mystery Machine","infinitespire:Lychee Nut","Replay:Bandana"],"acts_visited":["Exordium","TheCity","TheBeyond"],"potions_floor_usage":[32,44,44,48],"damage_taken":[{"damage":0,"enemies":"Cultist","floor":1,"turns":1},{"damage":0,"enemies":"Small Slimes","floor":4,"turns":1},{"damage":0,"enemies":"3 Sentries","floor":6,"turns":2},{"damage":34,"enemies":"Lagavulin","floor":12,"turns":6},{"damage":0,"enemies":"2 Louse","floor":13,"turns":2},{"damage":0,"enemies":"2 Fungi Beasts","floor":14,"turns":1},{"damage":8,"enemies":"3 Sentries","floor":15,"turns":8},{"damage":2,"enemies":"Blue Slaver","floor":16,"turns":3},{"damage":48,"enemies":"Fading Forest","floor":18,"turns":11},{"damage":18,"enemies":"3 Byrds","floor":20,"turns":3},{"damage":0,"enemies":"Spheric Guardian","floor":21,"turns":1},{"damage":12,"enemies":"Centurion and Healer","floor":22,"turns":3},{"damage":24,"enemies":"Snecko","floor":24,"turns":4},{"damage":45,"enemies":"Nightmare","floor":25,"turns":7},{"damage":15,"enemies":"Chosen and Byrds","floor":30,"turns":4},{"damage":22,"enemies":"Gremlin Leader","floor":31,"turns":5},{"damage":0,"enemies":"Colosseum Slavers","floor":32,"turns":2},{"damage":32,"enemies":"Colosseum Nobs","floor":32,"turns":4},{"damage":11,"enemies":"Shelled Parasite and Fungi","floor":33,"turns":3},{"damage":24,"enemies":"Collector","floor":35,"turns":8},{"damage":0,"enemies":"3 Darklings","floor":37,"turns":1},{"damage":16,"enemies":"3 Shapes","floor":41,"turns":4},{"damage":48,"enemies":"Giant Head","floor":42,"turns":7},{"damage":35,"enemies":"Transient","floor":43,"turns":5},{"damage":59,"enemies":"Nightmare","floor":44,"turns":7},{"damage":15,"enemies":"3 Darklings","floor":46,"turns":6},{"damage":41,"enemies":"Writhing Mass","floor":47,"turns":7},{"damage":59,"enemies":"beaked:SuperParasite","floor":48,"turns":10}],"seed_played":"4282403387038581669","potions_obtained":[{"floor":12,"key":"infinitespire:BlackPotion"},{"floor":14,"key":"AttackPotion"},{"floor":15,"key":"ColorlessPotion"},{"floor":18,"key":"SneckoOil"},{"floor":20,"key":"dioMod:HumanBlood"},{"floor":35,"key":"SmokeBomb"},{"floor":37,"key":"FearPotion"},{"floor":46,"key":"Explosive Potion"}],"is_trial":false,"path_per_floor":["M","$","?","M","?","E","R","?","PTL","PTL","T","E","M","M","E","M","R","B",null,"M","M","M","?","M","NM","R","?","T","R","M","E","?","M","R","B",null,"M","?","?","?","M","E","M","NM","T","M","M","E"],"character_chosen":"THE_DEFAULT","items_purchased":["dioMod:FlyAway"],"campfire_rested":0,"item_purchase_floors":[2],"current_hp_per_floor":[75,75,75,75,75,75,75,57,57,57,57,33,44,53,61,67,70,55,96,90,99,101,101,86,50,50,53,53,53,56,65,64,75,92,82,95,98,101,101,96,94,62,44,10,10,33,23,0,0],"gold":644,"neow_bonus":"THREE_ENEMY_KILL","is_daily":false,"chose_seed":false,"campfire_upgraded":4,"win_rate":0.0,"timestamp":1610754392,"path_taken":["M","?","?","M","?","E","R","?","PTL","PTL","T","E","?","M","E","M","R","BOSS","M","M","M","?","?","NM","R","?","T","R","M","E","?","M","R","BOSS","M","?","?","?","M","E","M","NM","T","M","?","E"],"items_purchased_type":["Card"],"build_version":"2020-12-22","purchased_purges":0,"victory":false,"max_hp_per_floor":[75,75,75,75,75,75,75,75,75,75,75,78,81,84,87,90,93,96,96,99,102,105,105,108,111,111,80,80,80,83,86,89,92,92,95,95,98,101,101,96,96,99,102,78,78,78,81,81,81],"card_choices":[{"not_picked":["dioMod:TripleThreat","dioMod:CoffinBath"],"picked":"dioMod:StreetSign","floor":1},{"not_picked":["dioMod:TripleThreat","dioMod:CoffinBath"],"picked":"dioMod:DominatingPresence","floor":4},{"not_picked":["dioMod:ComposedMuda","dioMod:HeavyLifting"],"picked":"dioMod:DaggerToss","floor":6},{"not_picked":["dioMod:BloodSplash","dioMod:FlyAway"],"picked":"dioMod:DoubleTime","floor":12},{"not_picked":["dioMod:GoodbyeJojo","dioMod:Regeneration"],"picked":"dioMod:Freeze","floor":13},{"not_picked":["dioMod:TripleThreat","dioMod:DoubleTime"],"picked":"dioMod:BloodShield","floor":14},{"not_picked":["dioMod:Diversion","dioMod:DominatingPresence"],"picked":"dioMod:MudaMudaMuda","floor":15},{"not_picked":["dioMod:BloodShield","dioMod:GoodbyeJojo"],"picked":"dioMod:VengefulMuda","floor":16},{"not_picked":["dioMod:PhantomBlood","dioMod:GoldVial"],"picked":"dioMod:TheWalk","floor":18},{"not_picked":["dioMod:DaggerSpree","dioMod:DarkRebirth"],"picked":"dioMod:GoodbyeJojo+1","floor":20},{"not_picked":["dioMod:ComposedMuda","dioMod:SlashThroughTime"],"picked":"dioMod:DaggerToss+1","floor":21},{"not_picked":["dioMod:DarkRebirth","dioMod:BlendIn"],"picked":"dioMod:Minions","floor":22},{"not_picked":["dioMod:DarkRebirth","dioMod:SecretPlan+1"],"picked":"dioMod:Minions+1","floor":24},{"not_picked":["dioMod:VengefulMuda","dioMod:Minions"],"picked":"dioMod:LaserVision","floor":25},{"not_picked":["dioMod:HeavyLifting","dioMod:BloodShield","dioMod:Refresh"],"picked":"dioMod:CoffinBath","floor":30},{"not_picked":["dioMod:Donut","dioMod:GoodbyeJojo","dioMod:SadisticLaugh"],"picked":"dioMod:DaggerSpree","floor":31},{"not_picked":["dioMod:BlendIn+1","dioMod:Freeze","dioMod:SecretPlan+1"],"picked":"dioMod:MudaMudaMuda+1","floor":32},{"not_picked":["dioMod:Muda","dioMod:HeavyLifting","dioMod:DaggerToss"],"picked":"dioMod:Freeze+1","floor":33},{"not_picked":["dioMod:PathToHeaven","dioMod:TheWalk","dioMod:Refresh"],"picked":"dioMod:Pluck","floor":35},{"not_picked":["dioMod:FlyAway+1","dioMod:SlashThroughTime+1","dioMod:CautiousMuda+1"],"picked":"dioMod:BloodShield+1","floor":37},{"not_picked":["infinitespire:DeathsTouch","ReplayTheSpireMod:Chaos Vortex"],"picked":"ReplayTheSpireMod:Echoes of Time","floor":38},{"not_picked":["dioMod:Hiss","dioMod:BloodTransfusion","dioMod:WRYYY","dioMod:CoffinBath"],"picked":"SKIP","floor":41},{"not_picked":["dioMod:BlendIn+1","dioMod:PathToHeaven","dioMod:StreetSign"],"picked":"dioMod:SevenPageMuda","floor":42},{"not_picked":["dioMod:CoffinBath","dioMod:LaserVision","dioMod:BlendIn"],"picked":"dioMod:MudaMudaMuda","floor":43},{"not_picked":["dioMod:BloodShield+1","dioMod:PathToHeaven","dioMod:SecretPlan+1"],"picked":"dioMod:DoubleTime","floor":44},{"not_picked":["dioMod:SecretPlan","dioMod:ComboFever","dioMod:DisarmingVoice","dioMod:Hiss+1"],"picked":"SKIP","floor":46},{"not_picked":["dioMod:CautiousMuda","dioMod:FlyAway+1","dioMod:SlashThroughTime+1"],"picked":"dioMod:Roundabout+1","floor":47}],"player_experience":91806,"relics_obtained":[{"floor":6,"key":"Lantern"},{"floor":11,"key":"Replay:Ringing Soul"},{"floor":12,"key":"Boot"},{"floor":15,"key":"Pet Ghost"},{"floor":25,"key":"Question Card"},{"floor":28,"key":"infinitespire:Bottled Soul"},{"floor":31,"key":"Pocketwatch"},{"floor":32,"key":"WingedGreaves"},{"floor":32,"key":"Eternal Feather"},{"floor":42,"key":"infinitespire:Midas Blood"},{"floor":42,"key":"Gremlin Food"},{"floor":44,"key":"Replay:Mystery Machine"},{"floor":44,"key":"infinitespire:Lychee Nut"},{"floor":45,"key":"Replay:Bandana"}],"event_choices":[{"damage_healed":0,"gold_gain":0,"player_choice":"Take Damage","damage_taken":18,"relics_obtained":["Golden Idol"],"max_hp_gain":0,"max_hp_loss":0,"event_name":"Golden Idol","floor":8,"gold_loss":0},{"cards_removed":["dioMod:Defend"],"damage_healed":0,"gold_gain":0,"player_choice":"Purged","damage_taken":0,"max_hp_gain":0,"max_hp_loss":0,"event_name":"Purifier","floor":23,"gold_loss":0},{"damage_healed":0,"gold_gain":0,"player_choice":"Became a vampire","damage_taken":0,"max_hp_gain":0,"max_hp_loss":34,"event_name":"Vampires","floor":27,"gold_loss":0,"cards_obtained":["Bite","Bite","Bite","Bite","Bite"]},{"damage_healed":0,"gold_gain":0,"player_choice":"Fight","damage_taken":0,"max_hp_gain":0,"max_hp_loss":0,"event_name":"Colosseum","floor":32,"gold_loss":0},{"damage_healed":0,"gold_gain":0,"player_choice":"Fought Nobs","damage_taken":0,"max_hp_gain":0,"max_hp_loss":0,"event_name":"Colosseum","floor":32,"gold_loss":0},{"cards_removed":["dioMod:Defend"],"damage_healed":0,"gold_gain":0,"player_choice":"Removed Skill","damage_taken":0,"max_hp_gain":0,"max_hp_loss":0,"event_name":"Falling","floor":39,"gold_loss":0},{"damage_healed":0,"gold_gain":0,"player_choice":"Max HP","damage_taken":0,"max_hp_gain":0,"max_hp_loss":5,"event_name":"Winding Halls","floor":40,"gold_loss":0}],"is_beta":false,"boss_relics":[{"not_picked":["beaked:MawFillet","ReplayTheSpireMod:SealedPack"],"picked":"Replay:Bronze Core"},{"not_picked":["Replay:Drink Me","SlaversCollar"],"picked":"Black Star"}],"items_purged_floors":[],"is_endless":true,"potions_floor_spawned":[12,14,15,18,20,21,25,31,35,37,42,46],"killed_by":"beaked:SuperParasite","ascension_level":0}}