{"host":"mai03x2ekbjy4059","time":1610739576,"event":{"mods":["2.2 Compatiblity","BaseMod","DeckTracker","Highlight Path","Keyboard Shortcuts","Minty Spire (QoL Compilation)","Permanent Neow","Quick Restart","SuperFastMode","everything is the same but u backflip on backflip"],"gold_per_floor":[118,43,60,74,74,109,127,127,127,158,172,347,122,149,149,244,244,262,262,262,279,279,314,341,369,393,425,438,838,838,838,838,934,934,954,829,844,844,894,926,926,952,1027,336,353,353,380,407,407,407,407,407,6,38,38],"floor_reached":56,"language":"KOR","playtime":1640,"items_purged":["Bash","Doubt","Thunderclap","Defend_R+1","Impatience"],"score":1506,"play_id":"c1aeef11-80fa-4541-ba28-4f0d862e3abb","local_time":"20210116043936","is_ascension_mode":true,"campfire_choices":[{"data":"Perfected Strike","floor":8.0,"key":"SMITH"},{"data":"Demon Form","floor":15.0,"key":"SMITH"},{"data":"Feel No Pain","floor":32.0,"key":"SMITH"},{"floor":46.0,"key":"DIG"},{"floor":49.0,"key":"RECALL"},{"floor":52.0,"key":"DIG"}],"circlet_count":0,"master_deck":["Strike_R+1","Strike_R+1","Strike_R+1","Strike_R+1","Strike_R+1","Defend_R+1","Defend_R+1","Defend_R+1","Perfected Strike+1","Feel No Pain+1","Twin Strike","Demon Form+1","Twin Strike+1","Perfected Strike+1","True Grit+1","Wild Strike+1","Intimidate+1","Shrug It Off+1","Pommel Strike+1","Panacea","Madness","Blood for Blood+1","Uppercut+1","Twin Strike+1","Shrug It Off+1","Fire Breathing+1","Dark Embrace+1","Metallicize+1","Bloodletting+1"],"relics":["Black Blood","Tiny Chest","Molten Egg 2","Gambling Chip","Mummified Hand","MutagenicStrength","WingedGreaves","Thread and Needle","Frozen Egg 2","Akabeko","Centennial Puzzle","Old Coin","Self Forming Clay","Enchiridion","PreservedInsect","Fusion Hammer","Pocketwatch","Shovel","Charon\u0027s Ashes","Bottled Tornado","HandDrill","Oddly Smooth Stone","Paper Frog","Juzu Bracelet","Potion Belt","Pen Nib","Blue Candle","Orrery","Red Skull"],"acts_visited":["Exordium","TheCity","TheBeyond","TheEnding"],"potions_floor_usage":[55,55,55,55],"damage_taken":[{"damage":6.0,"enemies":"Cultist","floor":1.0,"turns":3.0},{"damage":2.0,"enemies":"Small Slimes","floor":3.0,"turns":3.0},{"damage":6.0,"enemies":"2 Louse","floor":4.0,"turns":2.0},{"damage":20.0,"enemies":"Gremlin Nob","floor":6.0,"turns":4.0},{"damage":13.0,"enemies":"Blue Slaver","floor":7.0,"turns":5.0},{"damage":15.0,"enemies":"3 Sentries","floor":10.0,"turns":9.0},{"damage":5.0,"enemies":"Looter","floor":11.0,"turns":2.0},{"damage":18.0,"enemies":"Lagavulin","floor":14.0,"turns":4.0},{"damage":16.0,"enemies":"The Guardian","floor":16.0,"turns":6.0},{"damage":20.0,"enemies":"Shell Parasite","floor":18.0,"turns":3.0},{"damage":8.0,"enemies":"Spheric Guardian","floor":21.0,"turns":4.0},{"damage":45.0,"enemies":"Book of Stabbing","floor":23.0,"turns":3.0},{"damage":20.0,"enemies":"Slavers","floor":24.0,"turns":4.0},{"damage":1.0,"enemies":"Book of Stabbing","floor":25.0,"turns":4.0},{"damage":35.0,"enemies":"Slavers","floor":27.0,"turns":4.0},{"damage":0.0,"enemies":"Centurion and Healer","floor":28.0,"turns":5.0},{"damage":5.0,"enemies":"Colosseum Slavers","floor":29.0,"turns":2.0},{"damage":3.0,"enemies":"Colosseum Nobs","floor":29.0,"turns":4.0},{"damage":17.0,"enemies":"Champ","floor":33.0,"turns":7.0},{"damage":0.0,"enemies":"Orb Walker","floor":35.0,"turns":2.0},{"damage":0.0,"enemies":"3 Shapes","floor":37.0,"turns":3.0},{"damage":0.0,"enemies":"Mind Bloom Boss Battle","floor":39.0,"turns":5.0},{"damage":0.0,"enemies":"Giant Head","floor":40.0,"turns":5.0},{"damage":10.0,"enemies":"Nemesis","floor":42.0,"turns":3.0},{"damage":10.0,"enemies":"Spire Growth","floor":45.0,"turns":3.0},{"damage":0.0,"enemies":"Giant Head","floor":48.0,"turns":5.0},{"damage":76.0,"enemies":"Awakened One","floor":50.0,"turns":7.0},{"damage":20.0,"enemies":"Shield and Spear","floor":54.0,"turns":4.0},{"damage":37,"enemies":"The Heart","floor":55,"turns":5}],"seed_played":"-5388313518920325550","potions_obtained":[{"floor":3.0,"key":"SkillPotion"},{"floor":7.0,"key":"EssenceOfSteel"},{"floor":11.0,"key":"EssenceOfSteel"},{"floor":14.0,"key":"LiquidMemories"},{"floor":23.0,"key":"SpeedPotion"},{"floor":28.0,"key":"Block Potion"},{"floor":35.0,"key":"SpeedPotion"},{"floor":40.0,"key":"EssenceOfSteel"},{"floor":41.0,"key":"SkillPotion"},{"floor":41.0,"key":"ColorlessPotion"},{"floor":45.0,"key":"DuplicationPotion"},{"floor":48.0,"key":"Swift Potion"},{"floor":54.0,"key":"DuplicationPotion"}],"is_trial":false,"path_per_floor":["M","$","M","M","?","E","M","R","T","E","M","?","$","E","R","B",null,"M","?","?","M","T","E","E","E","T","E","M","?","?","T","R","B",null,"M","$","M","?","?","E","?","E","T","$","M","R","T","E","R","B",null,"R","$","E","B",null],"character_chosen":"IRONCLAD","items_purchased":["Demon Form","Twin Strike+1","HandDrill","Oddly Smooth Stone","Paper Frog","Twin Strike+1","Orrery","Strength Potion"],"campfire_rested":0,"item_purchase_floors":[13,13,44,44,44,53,53,53],"current_hp_per_floor":[80,80,80,80,85,71,64,64,64,55,56,56,56,44,44,34,85,77,77,77,81,81,48,40,51,51,28,40,56,40,40,40,35,85,85,85,85,75,85,85,85,85,85,85,85,85,85,85,85,21,85,85,85,77,52],"gold":38,"neow_bonus":"THREE_CARDS","is_daily":false,"chose_seed":false,"campfire_upgraded":3,"win_rate":0.0,"timestamp":1610739576,"path_taken":["M","$","?","M","?","E","M","R","T","E","M","?","$","E","R","BOSS","M","?","?","M","?","E","E","E","T","E","?","?","?","?","R","BOSS","M","$","M","?","?","E","?","E","T","$","M","R","?","E","R","BOSS","R","$","E","BOSS"],"items_purchased_type":["Card","Card","Relic","Relic","Relic","Card","Relic","Potion"],"build_version":"2020-12-22","purchased_purges":5,"victory":true,"max_hp_per_floor":[80,80,80,80,85,85,85,85,85,85,85,85,85,85,85,85,85,85,85,85,85,85,85,85,85,85,85,85,85,85,85,85,85,85,85,85,85,85,85,85,85,85,85,85,85,85,85,85,85,85,85,85,85,85,85],"card_choices":[{"not_picked":["Flex","Warcry"],"picked":"Thunderclap","floor":0.0},{"not_picked":["Iron Wave","Heavy Blade"],"picked":"Perfected Strike","floor":1.0},{"not_picked":["Anger","Heavy Blade","Rampage"],"picked":"SKIP","floor":3.0},{"not_picked":["Disarm","Rampage"],"picked":"Feel No Pain","floor":4.0},{"not_picked":["Metallicize","Flame Barrier","Fire Breathing"],"picked":"SKIP","floor":6.0},{"not_picked":["Flame Barrier","Second Wind"],"picked":"Twin Strike","floor":7.0},{"not_picked":["Clothesline+1","Warcry","Pummel+1"],"picked":"SKIP","floor":10.0},{"not_picked":["Combust","True Grit","Disarm"],"picked":"SKIP","floor":11.0},{"not_picked":["Pummel+1","Heavy Blade+1"],"picked":"Perfected Strike+1","floor":14.0},{"not_picked":["Iron Wave+1","Thunderclap+1","Sever Soul+1"],"picked":"SKIP","floor":18.0},{"not_picked":["Heavy Blade+1","Anger+1"],"picked":"True Grit+1","floor":21.0},{"not_picked":["Fiend Fire+1","Combust+1","Flame Barrier+1"],"picked":"SKIP","floor":23.0},{"not_picked":["Infernal Blade+1","Iron Wave+1"],"picked":"Wild Strike+1","floor":24.0},{"not_picked":["Burning Pact","Bloodletting+1","Limit Break"],"picked":"SKIP","floor":25.0},{"not_picked":["Armaments","Berserk+1"],"picked":"Intimidate+1","floor":27.0},{"not_picked":["Havoc","Anger+1"],"picked":"Shrug It Off+1","floor":28.0},{"not_picked":["Flex","Disarm"],"picked":"Pommel Strike+1","floor":29.0},{"not_picked":["True Grit","Flex+1","Carnage+1"],"picked":"SKIP","floor":35.0},{"not_picked":["Heavy Blade+1","Iron Wave+1","Burning Pact+1"],"picked":"SKIP","floor":37.0},{"not_picked":["Secret Weapon","Metamorphosis"],"picked":"Panacea","floor":38.0},{"not_picked":["Impatience","HandOfGreed+1"],"picked":"Madness","floor":38.0},{"not_picked":["Sadistic Nature+1","Forethought"],"picked":"Impatience","floor":38.0},{"not_picked":["Limit Break","Power Through","Sever Soul+1"],"picked":"SKIP","floor":40.0},{"not_picked":["Sever Soul+1","Warcry+1","True Grit"],"picked":"SKIP","floor":42.0},{"not_picked":["Armaments+1","Body Slam+1"],"picked":"Blood for Blood+1","floor":45.0},{"not_picked":["Brutality+1","Burning Pact"],"picked":"Uppercut+1","floor":48.0},{"not_picked":["Heavy Blade+1","Combust+1"],"picked":"Shrug It Off+1","floor":53.0},{"not_picked":["Clothesline+1","Searing Blow+1"],"picked":"Fire Breathing+1","floor":53.0},{"not_picked":["Clash+1","Heavy Blade+1"],"picked":"Dark Embrace+1","floor":53.0},{"not_picked":["Wild Strike+1","Cleave+1"],"picked":"Metallicize+1","floor":53.0},{"not_picked":["Rage+1","True Grit"],"picked":"Bloodletting+1","floor":53.0},{"not_picked":["Combust+1","Clash+1","Flex"],"picked":"SKIP","floor":54.0}],"player_experience":1030408,"relics_obtained":[{"floor":6.0,"key":"Tiny Chest"},{"floor":9.0,"key":"Molten Egg 2"},{"floor":10.0,"key":"Gambling Chip"},{"floor":14.0,"key":"Mummified Hand"},{"floor":22.0,"key":"WingedGreaves"},{"floor":23.0,"key":"Thread and Needle"},{"floor":24.0,"key":"Frozen Egg 2"},{"floor":25.0,"key":"Akabeko"},{"floor":27.0,"key":"Centennial Puzzle"},{"floor":29.0,"key":"Old Coin"},{"floor":29.0,"key":"Self Forming Clay"},{"floor":30.0,"key":"Enchiridion"},{"floor":31.0,"key":"PreservedInsect"},{"floor":39.0,"key":"Pocketwatch"},{"floor":40.0,"key":"Shovel"},{"floor":42.0,"key":"Charon\u0027s Ashes"},{"floor":43.0,"key":"Bottled Tornado"},{"floor":46.0,"key":"Juzu Bracelet"},{"floor":47.0,"key":"Potion Belt"},{"floor":48.0,"key":"Pen Nib"},{"floor":52.0,"key":"Blue Candle"},{"floor":54.0,"key":"Red Skull"}],"event_choices":[{"damage_healed":0.0,"max_hp_gain":5.0,"max_hp_loss":0.0,"gold_gain":0.0,"event_name":"Big Fish","player_choice":"Donut","floor":5.0,"gold_loss":0.0,"damage_taken":0.0},{"damage_healed":0.0,"max_hp_gain":0.0,"max_hp_loss":0.0,"gold_gain":175.0,"event_name":"Liars Game","player_choice":"AGREE","floor":12.0,"gold_loss":0.0,"damage_taken":0.0,"cards_obtained":["Doubt"]},{"damage_healed":0.0,"max_hp_gain":0.0,"max_hp_loss":0.0,"gold_gain":0.0,"event_name":"Back to Basics","player_choice":"Simplicity","floor":19.0,"gold_loss":0.0,"damage_taken":0.0,"cards_upgraded":["Strike_R","Strike_R","Strike_R","Strike_R","Strike_R","Defend_R","Defend_R","Defend_R","Defend_R"]},{"damage_healed":0.0,"max_hp_gain":0.0,"max_hp_loss":0.0,"gold_gain":0.0,"event_name":"Drug Dealer","player_choice":"Inject Mutagens","floor":20.0,"gold_loss":0.0,"damage_taken":0.0,"relics_obtained":["MutagenicStrength"]},{"damage_healed":0.0,"max_hp_gain":0.0,"max_hp_loss":0.0,"gold_gain":0.0,"event_name":"Colosseum","player_choice":"Fight","floor":29.0,"gold_loss":0.0,"damage_taken":0.0},{"damage_healed":0.0,"max_hp_gain":0.0,"max_hp_loss":0.0,"gold_gain":0.0,"event_name":"Colosseum","player_choice":"Fought Nobs","floor":29.0,"gold_loss":0.0,"damage_taken":0.0},{"damage_healed":0.0,"max_hp_gain":0.0,"max_hp_loss":0.0,"gold_gain":0.0,"event_name":"Cursed Tome","player_choice":"Obtained Book","floor":30.0,"gold_loss":0.0,"damage_taken":16.0},{"damage_healed":0.0,"max_hp_gain":0.0,"max_hp_loss":0.0,"gold_gain":0.0,"event_name":"SensoryStone","player_choice":"Memory 3","floor":38.0,"gold_loss":0.0,"damage_taken":10.0},{"damage_healed":0.0,"max_hp_gain":0.0,"max_hp_loss":0.0,"gold_gain":0.0,"event_name":"MindBloom","player_choice":"Fight","floor":39.0,"gold_loss":0.0,"damage_taken":0.0},{"damage_healed":0.0,"max_hp_gain":0.0,"max_hp_loss":0.0,"gold_gain":0.0,"event_name":"Lab","player_choice":"Got Potions","floor":41.0,"gold_loss":0.0,"damage_taken":0.0}],"is_beta":false,"boss_relics":[{"not_picked":["Empty Cage","Mark of Pain"],"picked":"Black Blood"},{"not_picked":["Cursed Key","Runic Dome"],"picked":"Fusion Hammer"}],"items_purged_floors":[2,13,36,44,53],"is_endless":false,"potions_floor_spawned":[3,7,11,14,21,23,28,35,40,45,48,54],"ascension_level":1}}