{"host":"b995t17pt6d05w8c","time":1610738769,"event":{"mods":["AchievementEnabler","BaseMod","Colored Map","DeckTracker","Keyboard Shortcuts","Minty Spire (QoL Compilation)","Permanent Neow","SuperFastMode"],"gold_per_floor":[113,113,113,131,145,177,177,187,187,198,230,230,240,256,256,330,330,348,162,177,29,39,39,39,39,62,62,74,74,74,86,86,160,210,224,124,124,134,134,134,179,189,189,200,36,55,66,66,66],"floor_reached":48,"language":"KOR","playtime":1629,"items_purged":["Strike_R","Strike_R","Strike_R","Headbutt+1"],"score":918,"play_id":"c2b9ef4a-03b6-4b71-90f4-a75577da9359","local_time":"20210116042609","is_ascension_mode":true,"campfire_choices":[{"data":"Bash","floor":7.0,"key":"SMITH"},{"data":"Shrug It Off","floor":12.0,"key":"SMITH"},{"data":"Burning Pact","floor":15.0,"key":"SMITH"},{"floor":23.0,"key":"REST"},{"floor":25.0,"key":"REST"},{"floor":32.0,"key":"REST"},{"floor":40.0,"key":"REST"}],"circlet_count":0,"master_deck":["AscendersBane","Defend_R+1","Defend_R+1","Defend_R","Bash+1","Dropkick+1","Burning Pact+1","Shrug It Off+1","Second Wind","Seeing Red","Dropkick","Warcry","Evolve","Dual Wield","Dropkick+1","Warcry+1","Warcry+1"],"relics":["Burning Blood","Tiny Chest","War Paint","The Courier","Black Star","Nunchaku","Dream Catcher","Art of War","Tiny House","Whetstone","Bird Faced Urn"],"acts_visited":["Exordium","TheCity","TheBeyond"],"potions_floor_usage":[],"damage_taken":[{"damage":6.0,"enemies":"Jaw Worm","floor":1.0,"turns":5.0},{"damage":3.0,"enemies":"2 Louse","floor":4.0,"turns":3.0},{"damage":6.0,"enemies":"Cultist","floor":5.0,"turns":3.0},{"damage":25.0,"enemies":"Lagavulin","floor":6.0,"turns":6.0},{"damage":6.0,"enemies":"Looter","floor":8.0,"turns":3.0},{"damage":10.0,"enemies":"Exordium Wildlife","floor":10.0,"turns":4.0},{"damage":18.0,"enemies":"3 Sentries","floor":11.0,"turns":13.0},{"damage":3.0,"enemies":"Blue Slaver","floor":13.0,"turns":3.0},{"damage":3.0,"enemies":"Large Slime","floor":14.0,"turns":6.0},{"damage":29.0,"enemies":"The Guardian","floor":16.0,"turns":7.0},{"damage":14.0,"enemies":"Shell Parasite","floor":18.0,"turns":7.0},{"damage":22.0,"enemies":"Chosen","floor":20.0,"turns":5.0},{"damage":28.0,"enemies":"Snake Plant","floor":22.0,"turns":5.0},{"damage":28.0,"enemies":"Shelled Parasite and Fungi","floor":28.0,"turns":4.0},{"damage":23.0,"enemies":"Centurion and Healer","floor":31.0,"turns":4.0},{"damage":20.0,"enemies":"Collector","floor":33.0,"turns":5.0},{"damage":1.0,"enemies":"Orb Walker","floor":35.0,"turns":3.0},{"damage":48.0,"enemies":"3 Shapes","floor":38.0,"turns":7.0},{"damage":35.0,"enemies":"Writhing Mass","floor":42.0,"turns":6.0},{"damage":0.0,"enemies":"Spire Growth","floor":44.0,"turns":3.0},{"damage":28.0,"enemies":"3 Darklings","floor":46.0,"turns":4.0},{"damage":16.0,"enemies":"Writhing Mass","floor":47.0,"turns":5.0},{"damage":10,"enemies":"Sphere and 2 Shapes","floor":48,"turns":2}],"seed_played":"9085136021931735560","potions_obtained":[{"floor":1.0,"key":"Fire Potion"},{"floor":4.0,"key":"Energy Potion"},{"floor":13.0,"key":"BlessingOfTheForge"},{"floor":18.0,"key":"FearPotion"},{"floor":22.0,"key":"Dexterity Potion"},{"floor":31.0,"key":"SteroidPotion"},{"floor":34.0,"key":"LiquidMemories"},{"floor":42.0,"key":"BlessingOfTheForge"}],"is_trial":false,"path_per_floor":["M","?","?","M","M","E","R","M","T","M","E","R","M","M","R","B",null,"M","$","M","$","M","R","?","R","T","?","M","T","?","M","R","B",null,"M","$","?","M","?","R","T","M","T","M","$","M","M","M"],"character_chosen":"IRONCLAD","items_purchased":["Nunchaku","Evolve","BloodPotion"],"campfire_rested":4,"item_purchase_floors":[19,21,45],"current_hp_per_floor":[68,68,68,68,68,49,49,49,49,45,33,33,36,39,39,16,55,47,47,31,31,9,29,29,49,49,49,27,27,27,10,30,16,60,65,65,65,23,23,44,44,15,15,21,21,15,7,0,0],"gold":66,"neow_bonus":"REMOVE_TWO","is_daily":false,"chose_seed":false,"campfire_upgraded":3,"win_rate":0.0,"timestamp":1610738769,"path_taken":["M","?","?","M","M","E","R","M","T","M","E","R","?","M","R","BOSS","M","$","M","$","M","R","?","R","T","?","M","?","?","M","R","BOSS","M","$","?","M","?","R","?","?","T","M","$","M","?","?"],"items_purchased_type":["Relic","Card","Potion"],"build_version":"2020-12-22","purchased_purges":4,"victory":false,"max_hp_per_floor":[68,68,68,68,68,68,68,68,68,68,68,68,68,68,68,68,68,68,68,68,68,68,68,68,68,68,68,68,68,68,68,68,68,73,73,73,73,73,73,73,73,73,73,73,73,73,73,73,73],"card_choices":[{"not_picked":["Sever Soul","Seeing Red"],"picked":"Headbutt","floor":1.0},{"not_picked":["Wild Strike","Flex"],"picked":"Dropkick","floor":4.0},{"not_picked":["Intimidate","Anger"],"picked":"Burning Pact","floor":5.0},{"not_picked":["Pommel Strike","Clash"],"picked":"Shrug It Off","floor":6.0},{"not_picked":["Flex","Sword Boomerang","Searing Blow"],"picked":"SKIP","floor":8.0},{"not_picked":["Rupture","Perfected Strike"],"picked":"Second Wind","floor":10.0},{"not_picked":["Anger","Twin Strike"],"picked":"Seeing Red","floor":11.0},{"not_picked":["True Grit","Dark Embrace"],"picked":"Dropkick","floor":13.0},{"not_picked":["Exhume","Headbutt","Cleave"],"picked":"SKIP","floor":14.0},{"not_picked":["Shrug It Off","Clash"],"picked":"Warcry","floor":18.0},{"not_picked":["Rampage","Thunderclap","Armaments"],"picked":"SKIP","floor":20.0},{"not_picked":["Havoc","Thunderclap","Cleave"],"picked":"SKIP","floor":22.0},{"not_picked":["Bloodletting","Seeing Red","Hemokinesis"],"picked":"SKIP","floor":28.0},{"not_picked":["Pommel Strike","Searing Blow","Reckless Charge"],"picked":"SKIP","floor":31.0},{"not_picked":["Wild Strike","Cleave"],"picked":"Dropkick","floor":34.0},{"not_picked":["Flex","Feel No Pain","Cleave"],"picked":"SKIP","floor":35.0},{"not_picked":["Flex+1","Anger","Twin Strike+1"],"picked":"SKIP","floor":38.0},{"not_picked":["Sever Soul","Carnage","Impervious"],"picked":"SKIP","floor":42.0},{"not_picked":["Headbutt","Body Slam+1","Wild Strike"],"picked":"SKIP","floor":44.0},{"not_picked":["Clash","Wild Strike"],"picked":"Warcry+1","floor":46.0},{"not_picked":["Immolate","Reckless Charge"],"picked":"Warcry+1","floor":47.0}],"player_experience":135433,"relics_obtained":[{"floor":6.0,"key":"Tiny Chest"},{"floor":9.0,"key":"War Paint"},{"floor":11.0,"key":"The Courier"},{"floor":26.0,"key":"Dream Catcher"},{"floor":29.0,"key":"Art of War"},{"floor":41.0,"key":"Whetstone"},{"floor":43.0,"key":"Bird Faced Urn"}],"event_choices":[{"damage_healed":0.0,"max_hp_gain":0.0,"max_hp_loss":0.0,"gold_gain":0.0,"event_name":"Liars Game","player_choice":"Ignored","floor":2.0,"gold_loss":0.0,"damage_taken":0.0},{"cards_removed":["Strike_R"],"damage_healed":0.0,"max_hp_gain":0.0,"max_hp_loss":0.0,"gold_gain":0.0,"event_name":"Bonfire Elementals","player_choice":"Offered Basic","floor":3.0,"gold_loss":0.0,"damage_taken":0.0},{"damage_healed":0.0,"max_hp_gain":0.0,"max_hp_loss":0.0,"gold_gain":0.0,"event_name":"Ghosts","player_choice":"Ignored","floor":27.0,"gold_loss":0.0,"damage_taken":0.0},{"damage_healed":0.0,"max_hp_gain":0.0,"max_hp_loss":0.0,"gold_gain":0.0,"event_name":"The Library","player_choice":"Read","floor":30.0,"gold_loss":0.0,"damage_taken":0.0,"cards_obtained":["Dual Wield"]},{"damage_healed":0.0,"max_hp_gain":0.0,"max_hp_loss":0.0,"gold_gain":0.0,"event_name":"Mysterious Sphere","player_choice":"Ignored","floor":37.0,"gold_loss":0.0,"damage_taken":0.0},{"damage_healed":0.0,"max_hp_gain":0.0,"max_hp_loss":0.0,"gold_gain":0.0,"event_name":"Match and Keep!","player_choice":"0 cards matched","floor":39.0,"gold_loss":0.0,"damage_taken":0.0,"cards_obtained":[]}],"is_beta":false,"boss_relics":[{"not_picked":["Coffee Dripper","Snecko Eye"],"picked":"Black Star"},{"not_picked":["Calling Bell","Runic Cube"],"picked":"Tiny House"}],"items_purged_floors":[19,21,36,45],"is_endless":false,"potions_floor_spawned":[1,4,13,18,22,31,42],"killed_by":"Sphere and 2 Shapes","ascension_level":19}}