{"host":"blqtz7f1wyqlnbm9","time":1610753391,"event":{"mods":["Act Like it!","BaseMod","Gensokyo","Minty Spire (QoL Compilation)","StSLib"],"gold_per_floor":[116,116,116,129,147,147,147,147,193,213,213,5,29,55,55,159,159,176,0,100,100,117,117,146,146,171,171,188,200,220,238,238,238,238],"floor_reached":33,"language":"ZHS","playtime":1241,"items_purged":["Strike_P"],"score":342,"play_id":"ba35dc40-421a-4d4c-af26-ef773b5f2f98","local_time":"20210116072951","is_ascension_mode":true,"campfire_choices":[{"data":"Eruption","floor":6,"key":"SMITH"},{"data":"Gensokyo:CrescentMoonSlash","floor":11,"key":"SMITH"},{"data":"ClearTheMind","floor":15,"key":"SMITH"},{"data":"Writhe","floor":23,"key":"PURGE"},{"data":"Clumsy","floor":25,"key":"PURGE"},{"data":"Strike_P","floor":27,"key":"PURGE"},{"floor":32,"key":"REST"}],"circlet_count":0,"master_deck":["Eruption+1","Vigilance+1","Dark Shackles","CutThroughFate","Gensokyo:CrescentMoonSlash+1","BowlingBash","ClearTheMind+1","BattleHymn+1","Meditate","Crescendo","Halt","Scrawl","BattleHymn+1","FlyingSleeves+1","Omniscience+1","Wireheading+1","CutThroughFate","DeusExMachina","Evaluate+1"],"relics":["PureWater","Gensokyo:NagashiBinaDoll","MealTicket","Smiling Mask","Sundial","Astrolabe","Peace Pipe","Pocketwatch","Pear","Omamori"],"acts_visited":["Gensokyo:Gensokyo","Gensokyo:Gensokyoer"],"potions_floor_usage":[16,16,18,28,29],"damage_taken":[{"damage":0,"enemies":"Gensokyo:Python","floor":1,"turns":3},{"damage":0,"enemies":"Gensokyo:3_Fairies","floor":4,"turns":3},{"damage":0,"enemies":"Gensokyo:2_Kodama","floor":5,"turns":1},{"damage":1,"enemies":"Gensokyo:Kitsune","floor":10,"turns":3},{"damage":0,"enemies":"Gensokyo:Cirno","floor":14,"turns":4},{"damage":23,"enemies":"Gensokyo:Yukari","floor":16,"turns":8},{"damage":23,"enemies":"Gensokyo:3_Dogs","floor":18,"turns":3},{"damage":7,"enemies":"Gensokyo:3_Dogs","floor":20,"turns":5},{"damage":1,"enemies":"Gensokyo:Chomper","floor":22,"turns":3},{"damage":8,"enemies":"Gensokyo:Reisen","floor":24,"turns":2},{"damage":4,"enemies":"Gensokyo:Monolith_and_Dog","floor":28,"turns":2},{"damage":7,"enemies":"Gensokyo:Slime_Group","floor":29,"turns":2},{"damage":3,"enemies":"Gensokyo:Wraith","floor":30,"turns":4},{"damage":0,"enemies":"Gensokyo:3_Gloops","floor":31,"turns":3},{"damage":57,"enemies":"Gensokyo:Kaguya","floor":33,"turns":6}],"seed_played":"-248752547663867267","potions_obtained":[{"floor":1,"key":"StancePotion"},{"floor":10,"key":"Weak Potion"},{"floor":14,"key":"Strength Potion"},{"floor":18,"key":"Energy Potion"},{"floor":22,"key":"Fire Potion"},{"floor":24,"key":"ColorlessPotion"},{"floor":30,"key":"FearPotion"}],"is_trial":false,"path_per_floor":["M","?","?","M","M","R","?","?","T","M","R","$","T","E","R","B",null,"M","?","?","?","M","R","E","R","T","R","M","M","M","M","R","B"],"character_chosen":"WATCHER","items_purchased":["Meditate","Crescendo"],"campfire_rested":1,"item_purchase_floors":[12,12],"current_hp_per_floor":[72,62,62,62,62,62,62,55,55,54,54,69,69,69,69,46,72,49,49,42,42,41,41,43,43,43,43,39,32,29,29,53,0,0],"gold":238,"neow_bonus":"RANDOM_COLORLESS","is_daily":false,"chose_seed":false,"campfire_upgraded":3,"win_rate":0.0,"timestamp":1610753391,"path_taken":["M","?","?","M","M","R","?","?","T","?","R","$","?","E","R","BOSS","M","?","?","?","?","R","E","R","T","R","M","M","M","?","R","BOSS"],"items_purchased_type":["Card","Card"],"build_version":"2020-12-22","purchased_purges":1,"victory":false,"max_hp_per_floor":[72,72,72,72,72,72,72,72,72,72,72,72,72,72,72,72,72,72,72,72,72,72,72,82,82,82,82,82,82,82,82,82,82,82],"card_choices":[{"not_picked":["Impatience","Good Instincts"],"picked":"Dark Shackles","floor":0},{"not_picked":["PathToVictory","WheelKick"],"picked":"CutThroughFate","floor":1},{"not_picked":["SandsOfTime","EmptyMind"],"picked":"BowlingBash","floor":4},{"not_picked":["CutThroughFate","Collect"],"picked":"ClearTheMind","floor":5},{"not_picked":["ClearTheMind","CutThroughFate"],"picked":"BattleHymn","floor":10},{"not_picked":["PathToVictory","FollowUp"],"picked":"Halt","floor":14},{"not_picked":["Ragnarok","SpiritShield"],"picked":"Scrawl","floor":16},{"not_picked":["Nirvana","JustLucky"],"picked":"Wireheading+1","floor":18},{"not_picked":["InnerPeace","CutThroughFate","Swivel"],"picked":"SKIP","floor":22},{"not_picked":["SashWhip","BowlingBash"],"picked":"CutThroughFate","floor":24},{"not_picked":["Protect","Weave"],"picked":"DeusExMachina","floor":28},{"not_picked":["EmptyBody","Crescendo"],"picked":"Evaluate+1","floor":29},{"not_picked":["Nirvana","ClearTheMind","EmptyBody"],"picked":"SKIP","floor":30},{"not_picked":["PathToVictory+1","ReachHeaven","Swivel"],"picked":"SKIP","floor":31}],"player_experience":227706,"relics_obtained":[{"floor":9,"key":"MealTicket"},{"floor":13,"key":"Smiling Mask"},{"floor":14,"key":"Sundial"},{"floor":20,"key":"Peace Pipe"},{"floor":20,"key":"Pocketwatch"},{"floor":24,"key":"Pear"},{"floor":26,"key":"Omamori"}],"event_choices":[],"is_beta":false,"boss_relics":[{"not_picked":["Sozu","Busted Crown"],"picked":"Astrolabe"}],"items_purged_floors":[12],"is_endless":false,"potions_floor_spawned":[1,10,14,18,22,24,30],"killed_by":"Gensokyo:Kaguya","ascension_level":4}}