{"host":"06x55mgvbk21l0iu","time":1610689892,"event":{"mods":["2.2 Compatiblity","AchievementEnabler","BaseMod","Bestiary","Better Note","Colored Map","Colored Powertips","DeckTracker","Highlight Path","Minty Spire (QoL Compilation)","Permanent Neow","Quick Restart","Rare Cards Sparkle","Relic Stats","StSLib","The Cursed"],"gold_per_floor":[319,319,394,411,411,411,411],"floor_reached":6,"language":"ENG","playtime":243,"items_purged":[],"score":36,"play_id":"1020d9f3-f7f7-48b6-8fb4-314c2d68ca63","local_time":"20210114235132","is_ascension_mode":true,"campfire_choices":[],"circlet_count":0,"master_deck":["TheCursedMod:Strike_TheCursed","TheCursedMod:Strike_TheCursed","TheCursedMod:Strike_TheCursed","TheCursedMod:Defend_TheCursed","TheCursedMod:Defend_TheCursed","TheCursedMod:Defend_TheCursed","TheCursedMod:Defend_TheCursed","TheCursedMod:CursedWand","TheCursedMod:CleanUpWorkshop","TheCursedMod:Dregs","TheCursedMod:HellfireBreathing","TheCursedMod:CursedShiv"],"relics":["TheCursedMod:BlackMagic101","Old Coin","Smiling Mask"],"acts_visited":["Exordium"],"potions_floor_usage":[],"damage_taken":[{"damage":1,"enemies":"Cultist","floor":1,"turns":3},{"damage":3,"enemies":"Jaw Worm","floor":4,"turns":4},{"damage":58,"enemies":"Lagavulin","floor":6,"turns":8}],"seed_played":"5407870411290458092","potions_obtained":[],"is_trial":false,"path_per_floor":["M","?","?","M","?","E"],"character_chosen":"THE_CURSED","items_purchased":[],"campfire_rested":0,"item_purchase_floors":[],"current_hp_per_floor":[74,71,60,57,57,0,0],"gold":411,"neow_bonus":"ONE_RARE_RELIC","is_daily":false,"chose_seed":false,"campfire_upgraded":0,"win_rate":0.0,"timestamp":1610689892,"path_taken":["M","?","?","M","?","E"],"items_purchased_type":[],"build_version":"2020-12-22","purchased_purges":0,"victory":false,"max_hp_per_floor":[75,75,75,75,75,75,75],"relic_stats":{"counters":[3,15],"Smiling Mask":0,"obtain_stats":[{"TheCursedMod:BlackMagic101":0,"Smiling Mask":2,"Old Coin":0},{"TheCursedMod:BlackMagic101":0,"Smiling Mask":1,"Old Coin":0},{"TheCursedMod:BlackMagic101":0,"Smiling Mask":3,"Old Coin":0}]},"card_choices":[{"not_picked":["TheCursedMod:VitalStrike","TheCursedMod:Evocation"],"picked":"TheCursedMod:HellfireBreathing","floor":1},{"not_picked":["TheCursedMod:BloodBarrier","TheCursedMod:WearCloak"],"picked":"TheCursedMod:CursedShiv","floor":4}],"player_experience":263923,"relics_obtained":[],"event_choices":[{"damage_healed":0,"gold_gain":0,"player_choice":"Success","damage_taken":3,"relics_obtained":["Smiling Mask"],"max_hp_gain":0,"max_hp_loss":0,"event_name":"Scrap Ooze","floor":2,"gold_loss":0},{"damage_healed":0,"gold_gain":75,"player_choice":"Gather Gold","damage_taken":11,"max_hp_gain":0,"max_hp_loss":0,"event_name":"World of Goop","floor":3,"gold_loss":0},{"cards_removed":["TheCursedMod:Strike_TheCursed"],"damage_healed":0,"gold_gain":0,"player_choice":"Offered Basic","damage_taken":0,"max_hp_gain":0,"max_hp_loss":0,"event_name":"Bonfire Elementals","floor":5,"gold_loss":0}],"is_beta":false,"boss_relics":[],"items_purged_floors":[],"is_endless":false,"potions_floor_spawned":[],"killed_by":"Lagavulin","ascension_level":1}}