{"host":"guwca93h2ke9l2g3","time":1610688857,"event":{"mods":["100% Spire Juice","2.2 Compatiblity","Act Like it!","Arknights The Spire","Aspiration","BaseMod","Better Skull","ChefMod","Colored Powertips","Conspire","Dark Map","Downfall","Fox Events","GungeonMod","Halation","Hallownest","HololiveMod","Hubris","Infinite Spire","Lobotomy","LobotomyExtend","Marked Mod","Minty Spire (QoL Compilation)","Permanent Neow","Potionbrewer","Prisma Mod","Quick Restart","Relic Sorter","Relic Stats","Replay The Spire","Robot Space Explorer","Shade Mod","Spicy Shops","StSLib","The Alterego","The Animator","The Bug Knight","The Cursed","The Marked","The Mystic","The Necromancer","The Poker Player","TheVacant","TheWitcher","Waifu the Spire","WarShipGirlsR/????R mod","Yakumo Yukari mod","Yuri Mod","vexMod"],"gold_per_floor":[119,169,6,6,81,110,110,124,124,124,139,153,153,185,185,185,185],"floor_reached":16,"language":"ENG","playtime":1169,"items_purged":[],"score":138,"play_id":"830b3022-58a3-4d99-a967-4258467a0a8a","local_time":"20210114233417","is_ascension_mode":true,"campfire_choices":[{"data":"DemoMod:AbyssalTentacle","floor":10,"key":"SMITH"},{"floor":13,"key":"REST"},{"floor":15,"key":"RECALL"}],"circlet_count":0,"master_deck":["DemoMod:Strike_Huntress","DemoMod:Strike_Huntress","DemoMod:Strike_Huntress","DemoMod:Defend_Huntress","DemoMod:Defend_Huntress","DemoMod:Defend_Huntress","DemoMod:Defend_Huntress","DemoMod:Roll","DemoMod:ManualReload","DemoMod:RustySidearm","DemoMod:CrossBow","DemoMod:AbyssalTentacle+1","DemoMod:DirectionalPad","DemoMod:DirectionalPad","DemoMod:Polaris"],"relics":["DemoMod:Dog","aspiration:Nostalgia","chefmod:TrustyPot","LetterFromLob","DemoMod:GnawedKey","conspire:InfiniteJournal","DemoMod:GlassGuonStoneRelic","conspire:TopHat"],"acts_visited":["Exordium"],"potions_floor_usage":[12,14],"damage_taken":[{"damage":3,"enemies":"2 Louse","floor":1,"turns":2},{"damage":2,"enemies":"Jaw Worm","floor":2,"turns":3},{"damage":31,"enemies":"Lagavulin","floor":6,"turns":8},{"damage":0,"enemies":"Small Slimes","floor":8,"turns":4},{"damage":22,"enemies":"Exordium Wildlife","floor":11,"turns":5},{"damage":0,"enemies":"Lots of Slimes","floor":12,"turns":4},{"damage":5,"enemies":"3 Sentries","floor":14,"turns":5},{"damage":0,"enemies":"The Guardian","floor":16,"turns":2}],"seed_played":"1508495568657280517","potions_obtained":[{"floor":11,"key":"Energy Potion"},{"floor":12,"key":"AttackPotion"}],"is_trial":false,"path_per_floor":["M","M","$","?","?","E","?","M","T","R","M","M","R","E","R","B"],"character_chosen":"HUNTRESS","items_purchased":["DemoMod:GnawedKey","DemoMod:DirectionalPad"],"campfire_rested":1,"item_purchase_floors":[3,3],"current_hp_per_floor":[67,65,65,65,54,23,30,30,30,30,8,8,29,24,24,24,24],"gold":185,"neow_bonus":"NOSTALGIA","is_daily":false,"chose_seed":false,"campfire_upgraded":1,"win_rate":0.0,"timestamp":1610688857,"path_taken":["M","M","$","?","?","E","?","M","T","R","M","?","R","E","R","BOSS"],"items_purchased_type":["Relic","Card"],"build_version":"2020-12-22","purchased_purges":0,"victory":false,"max_hp_per_floor":[70,70,70,70,70,70,70,70,70,70,70,70,70,70,70,70,70],"relic_stats":{"counters":[8,32],"obtain_stats":[{"chefmod:TrustyPot":0,"DemoMod:Dog":0,"aspiration:Nostalgia":0,"DemoMod:GlassGuonStoneRelic":2,"LetterFromLob":1,"DemoMod:GnawedKey":3,"conspire:TopHat":14,"conspire:InfiniteJournal":6},{"chefmod:TrustyPot":0,"DemoMod:Dog":0,"aspiration:Nostalgia":0,"DemoMod:GlassGuonStoneRelic":2,"LetterFromLob":1,"DemoMod:GnawedKey":2,"conspire:TopHat":7,"conspire:InfiniteJournal":3},{"chefmod:TrustyPot":0,"DemoMod:Dog":0,"aspiration:Nostalgia":0,"DemoMod:GlassGuonStoneRelic":5,"LetterFromLob":2,"DemoMod:GnawedKey":5,"conspire:TopHat":30,"conspire:InfiniteJournal":13}]},"card_choices":[{"not_picked":["DemoMod:TableSutra","DemoMod:ConditionalReflex"],"picked":"DemoMod:AbyssalTentacle","floor":1},{"not_picked":["DemoMod:DoubleSwitch","DemoMod:MachoBrace","DemoMod:HungryBullets"],"picked":"SKIP","floor":2},{"not_picked":["DemoMod:StickyCrossBow","DemoMod:LifeOrb"],"picked":"DemoMod:DirectionalPad","floor":6},{"not_picked":["DemoMod:PotionOfGunFriendShip","DemoMod:BattleInHaste","DemoMod:DoubleSwitch"],"picked":"SKIP","floor":8},{"not_picked":["DemoMod:ThirdPartyController","DemoMod:Evolver","DemoMod:MachoBrace"],"picked":"SKIP","floor":11},{"not_picked":["DemoMod:MachoBrace","DemoMod:AWP"],"picked":"DemoMod:Polaris","floor":12},{"not_picked":["DemoMod:GunShield","DemoMod:TeaPot","DemoMod:Evolver"],"picked":"SKIP","floor":14}],"player_experience":306631,"relics_obtained":[{"floor":1,"key":"LetterFromLob"},{"floor":6,"key":"conspire:InfiniteJournal"},{"floor":14,"key":"conspire:TopHat"}],"event_choices":[{"damage_healed":0,"gold_gain":75,"player_choice":"Gather Gold","damage_taken":11,"max_hp_gain":0,"max_hp_loss":0,"event_name":"World of Goop","floor":5,"gold_loss":0}],"is_beta":false,"boss_relics":[],"items_purged_floors":[],"is_endless":false,"potions_floor_spawned":[11,12],"killed_by":"The Guardian","ascension_level":5}}