{"host":"qik6c64y69p9jmph","time":1610691706,"event":{"mods":["AchievementEnabler","BaseMod","BetterRewards","Highlight Path","Minty Spire (QoL Compilation)","Quick Restart","Replay The Spire","StSLib","Synergy Search"],"gold_per_floor":[118,164,182,200,214,214,243,243,324,324,359,359,384,403,403,504,504,521,536,20,0,99,99,133,133,159,37,37,72,72,106,106,210,210,226,238,250,250,303,333,351,351,377,406,50,50,100,0,0,0,0,0,0,29,29],"floor_reached":56,"language":"ENG","playtime":2935,"items_purged":[],"score":1567,"play_id":"25ee7dde-02ea-4808-9dbd-8adc10aac5ba","local_time":"20210115012146","is_ascension_mode":true,"campfire_choices":[{"floor":6,"key":"REST"},{"data":"1","floor":10,"key":"LIFT"},{"data":"2","floor":12,"key":"LIFT"},{"data":"3","floor":15,"key":"LIFT"},{"data":"Mayhem","floor":23,"key":"SMITH"},{"data":"Venomology","floor":25,"key":"SMITH"},{"data":"Accuracy","floor":28,"key":"SMITH"},{"data":"Infinite Blades","floor":30,"key":"SMITH"},{"data":"Infinite Blades","floor":32,"key":"SMITH"},{"data":"Footwork","floor":42,"key":"SMITH"},{"data":"Burst","floor":46,"key":"SMITH"},{"floor":49,"key":"RECALL"},{"data":"Footwork","floor":52,"key":"SMITH"}],"circlet_count":0,"master_deck":["Strike_G","Strike_G","Strike_G","Strike_G","Strike_G","Defend_G","Defend_G","Defend_G","Defend_G","Defend_G","Survivor+1","Neutralize","Footwork+1","Acrobatics+1","Infinite Blades+1","Dodge and Roll","Infinite Blades+1","Cloak And Dagger","Footwork+1","Venomology+1","Backflip+1","Blade Dance","Mayhem+1","Blade Dance","Fluid Movement","Accuracy+1","Burst+1","ReplayTheSpireMod:Shiv Toss+1","Blade Dance","ReplayTheSpireMod:Scrap Shanks+1"],"relics":["Ring of the Snake","Replay:Rubber Ducky","Regal Pillow","Girya","Sundial","Anchor","The Courier","SlaversCollar","ReplayFunnel","Potion Belt","Oddly Smooth Stone","Boot","Gremlin Food","War Paint","Akabeko","Busted Crown","CaptainsWheel","Gremlin Horn","Bottled Tornado","Onion Ring","Happy Flower","Basket Of Snakes","Red Mask","Garlic"],"acts_visited":["Exordium","TheCity","TheBeyond","TheEnding"],"potions_floor_usage":[7,13,13,19,24,29,29,29,29,29,33,33,33,33,33,36,37,39,39,44,44,50,50,50,54,54,55,55],"damage_taken":[{"damage":0,"enemies":"Cultist","floor":1,"turns":5},{"damage":1,"enemies":"2 Louse","floor":3,"turns":3},{"damage":0,"enemies":"Small Slimes","floor":4,"turns":4},{"damage":14,"enemies":"Exordium Thugs","floor":5,"turns":8},{"damage":16,"enemies":"Lagavulin","floor":7,"turns":6},{"damage":6,"enemies":"3 Sentries","floor":11,"turns":8},{"damage":0,"enemies":"Gremlin Nob","floor":13,"turns":4},{"damage":0,"enemies":"Large Slime","floor":14,"turns":5},{"damage":5,"enemies":"Slime Boss","floor":16,"turns":10},{"damage":15,"enemies":"3 Byrds","floor":18,"turns":7},{"damage":0,"enemies":"Chosen","floor":19,"turns":6},{"damage":2,"enemies":"Book of Stabbing","floor":24,"turns":7},{"damage":0,"enemies":"Gremlin Leader","floor":29,"turns":6},{"damage":0,"enemies":"Book of Stabbing","floor":31,"turns":4},{"damage":0,"enemies":"Champ","floor":33,"turns":4},{"damage":0,"enemies":"Orb Walker","floor":35,"turns":3},{"damage":0,"enemies":"3 Darklings","floor":36,"turns":4},{"damage":3,"enemies":"Spire Growth","floor":37,"turns":3},{"damage":13,"enemies":"2 Orb Walkers","floor":39,"turns":4},{"damage":0,"enemies":"R_Hoarder","floor":40,"turns":6},{"damage":1,"enemies":"Sphere and 2 Shapes","floor":41,"turns":5},{"damage":11,"enemies":"Reptomancer","floor":44,"turns":4},{"damage":0,"enemies":"Mind Bloom Boss Battle","floor":47,"turns":3},{"damage":0,"enemies":"Replay:Hell Engine","floor":50,"turns":6},{"damage":0,"enemies":"Shield and Spear","floor":54,"turns":4},{"damage":63,"enemies":"The Heart","floor":55,"turns":9}],"seed_played":"687131829277453641","potions_obtained":[{"floor":4,"key":"Strength Potion"},{"floor":7,"key":"GhostInAJar"},{"floor":8,"key":"PowerPotion"},{"floor":8,"key":"PowerPotion"},{"floor":14,"key":"Weak Potion"},{"floor":16,"key":"Dexterity Potion"},{"floor":18,"key":"DuplicationPotion"},{"floor":35,"key":"Explosive Potion"},{"floor":37,"key":"Block Potion"},{"floor":40,"key":"EssenceOfSteel"},{"floor":44,"key":"Dexterity Potion"}],"is_trial":false,"path_per_floor":["M","T","M","M","M","R","E","?","T","R","E","R","E","M","R","B",null,"M","M","$","?","?","R","E","R","T","$","R","E","R","E","R","B",null,"M","M","M","?","?","E","M","R","T","E","$","R","?","?","R","B",null,"R","$","E","B",null],"character_chosen":"THE_SILENT","items_purchased":["Footwork","Replay:Rubber Ducky","ReplayFunnel","Potion Belt","Oddly Smooth Stone","Mayhem","Fluid Movement","Accuracy","Onion Ring","Happy Flower","Blade Dance"],"campfire_rested":1,"item_purchase_floors":[0,0,20,20,20,20,27,27,45,45,45],"current_hp_per_floor":[63,63,62,62,48,70,54,54,54,54,48,48,48,48,48,43,70,55,55,55,55,55,55,53,53,53,53,53,53,53,53,53,53,70,70,70,67,67,54,54,53,53,53,42,42,42,42,42,42,42,70,70,70,70,7],"gold":29,"neow_bonus":"","is_daily":false,"chose_seed":false,"campfire_upgraded":8,"win_rate":0.0,"timestamp":1610691706,"path_taken":["M","?","?","M","M","R","E","?","T","R","E","R","E","M","R","BOSS","M","M","?","?","?","R","E","R","T","$","R","E","R","E","R","BOSS","M","M","M","?","?","E","M","R","T","E","$","R","?","?","R","BOSS","R","$","E","BOSS"],"items_purchased_type":["Card","Relic","Relic","Relic","Relic","Card","Card","Card","Relic","Relic","Card"],"build_version":"2020-12-22","purchased_purges":0,"victory":true,"max_hp_per_floor":[70,70,70,70,70,70,70,70,70,70,70,70,70,70,70,70,70,70,70,70,70,70,70,70,70,70,70,70,70,70,70,70,70,70,70,70,70,70,70,70,70,70,70,70,70,70,70,70,70,70,70,70,70,70,70],"card_choices":[{"not_picked":["Dagger Throw","Quick Slash"],"picked":"Acrobatics","floor":1},{"not_picked":["Heel Hook","Acrobatics"],"picked":"Infinite Blades","floor":3},{"not_picked":["Deadly Poison","Bane"],"picked":"Dodge and Roll","floor":4},{"not_picked":["PiercingWail","Bane"],"picked":"Infinite Blades","floor":5},{"not_picked":["ReplayTheSpireMod:Tripwire","Dodge and Roll"],"picked":"Cloak And Dagger","floor":7},{"not_picked":["Noxious Fumes","Draining Mist","Flying Knee"],"picked":"SKIP","floor":11},{"not_picked":["Cloak And Dagger","PiercingWail","Outmaneuver"],"picked":"SKIP","floor":13},{"not_picked":["Expertise","Cloak And Dagger"],"picked":"Footwork","floor":14},{"not_picked":["Die Die Die","Night Terror"],"picked":"Venomology","floor":16},{"not_picked":["PiercingWail","Backstab"],"picked":"Backflip+1","floor":18},{"not_picked":["Backflip","Dodge and Roll"],"picked":"Blade Dance","floor":19},{"not_picked":["Draining Mist","Dodge and Roll+1"],"picked":"Blade Dance","floor":24},{"not_picked":["Riddle With Holes+1","Concentrate","Eviscerate"],"picked":"SKIP","floor":29},{"not_picked":["Outmaneuver","Tactician","Bane"],"picked":"SKIP","floor":31},{"not_picked":["After Image","Bullet Time"],"picked":"Burst","floor":33},{"not_picked":["Prepared+1"],"picked":"SKIP","floor":35},{"not_picked":["Concentrate+1"],"picked":"SKIP","floor":36},{"not_picked":["Dodge and Roll+1"],"picked":"SKIP","floor":37},{"not_picked":["ReplayTheSpireMod:Exploit Weakness+1"],"picked":"SKIP","floor":40},{"not_picked":[],"picked":"ReplayTheSpireMod:Shiv Toss+1","floor":41},{"not_picked":["Dodge and Roll"],"picked":"SKIP","floor":44},{"not_picked":[],"picked":"ReplayTheSpireMod:Scrap Shanks+1","floor":54}],"player_experience":500873,"relics_obtained":[{"floor":2,"key":"Regal Pillow"},{"floor":7,"key":"Girya"},{"floor":9,"key":"Sundial"},{"floor":11,"key":"Anchor"},{"floor":13,"key":"The Courier"},{"floor":24,"key":"Boot"},{"floor":26,"key":"Gremlin Food"},{"floor":29,"key":"War Paint"},{"floor":31,"key":"Akabeko"},{"floor":39,"key":"CaptainsWheel"},{"floor":40,"key":"Gremlin Horn"},{"floor":44,"key":"Bottled Tornado"},{"floor":47,"key":"Basket Of Snakes"},{"floor":54,"key":"Garlic"}],"event_choices":[{"damage_healed":0,"gold_gain":0,"player_choice":"Got Potions","damage_taken":0,"max_hp_gain":0,"max_hp_loss":0,"event_name":"Lab","floor":8,"gold_loss":0},{"damage_healed":0,"gold_gain":0,"player_choice":"Paid Fearfully","damage_taken":0,"max_hp_gain":0,"max_hp_loss":0,"event_name":"Masked Bandits","floor":21,"gold_loss":20},{"damage_healed":0,"gold_gain":99,"player_choice":"Stole From Cult","damage_taken":0,"max_hp_gain":0,"max_hp_loss":0,"event_name":"Nest","floor":22,"gold_loss":0},{"damage_healed":0,"gold_gain":0,"player_choice":"Memory 1","damage_taken":0,"max_hp_gain":0,"max_hp_loss":0,"event_name":"SensoryStone","floor":38,"gold_loss":0},{"damage_healed":0,"gold_gain":0,"player_choice":"Fight","damage_taken":0,"max_hp_gain":0,"max_hp_loss":0,"event_name":"Mysterious Sphere","floor":39,"gold_loss":0},{"damage_healed":0,"gold_gain":0,"player_choice":"Fight","damage_taken":0,"max_hp_gain":0,"max_hp_loss":0,"event_name":"MindBloom","floor":47,"gold_loss":0},{"damage_healed":0,"gold_gain":0,"player_choice":"Paid","damage_taken":0,"relics_obtained":["Red Mask"],"max_hp_gain":0,"max_hp_loss":0,"event_name":"Tomb of Lord Red Mask","floor":48,"gold_loss":100}],"is_beta":false,"boss_relics":[{"not_picked":["Velvet Choker","Philosopher\u0027s Stone"],"picked":"SlaversCollar"},{"not_picked":["Runic Pyramid","Painkiller Herb"],"picked":"Busted Crown"}],"items_purged_floors":[],"is_endless":false,"potions_floor_spawned":[4,7,11,14,16,18,19,31,35,37,40,44],"ascension_level":2}}