{"host":"pvafbce70weqvzks","time":1610678788,"event":{"mods":["BaseMod","Gremlin Mod","Hermit","Minty Spire (QoL Compilation)","StSLib","themimic"],"gold_per_floor":[109,126,139,139,157,183,183,148,148,148,165,165,165,165],"floor_reached":13,"language":"ENG","playtime":468,"items_purged":[],"score":85,"play_id":"ad376286-c420-49d0-b46c-4a423b9e2759","local_time":"20210114234628","is_ascension_mode":false,"campfire_choices":[{"floor":7,"key":"REST"},{"data":"Eruption","floor":10,"key":"SMITH"}],"circlet_count":0,"master_deck":["Strike_P","Strike_P","Strike_P","Strike_P","Defend_P","Defend_P","Defend_P","Defend_P","Eruption+1","Vigilance","WaveOfTheHand","CrushJoints","PathToVictory+1","EmptyFist","Consecrate","FlurryOfBlows"],"relics":["PureWater","NeowsBlessing","Toy Ornithopter","Meat on the Bone","CaptainsWheel"],"acts_visited":["Exordium"],"potions_floor_usage":[13],"damage_taken":[{"damage":0,"enemies":"Cultist","floor":1,"turns":1},{"damage":0,"enemies":"Small Slimes","floor":2,"turns":2},{"damage":0,"enemies":"Jaw Worm","floor":3,"turns":1},{"damage":11,"enemies":"Blue Slaver","floor":5,"turns":4},{"damage":24,"enemies":"Gremlin Nob","floor":6,"turns":4},{"damage":10,"enemies":"Looter","floor":11,"turns":3},{"damage":28,"enemies":"3 Sentries","floor":13,"turns":5}],"seed_played":"-2918419208826879267","potions_obtained":[{"floor":3,"key":"AttackPotion"}],"is_trial":false,"path_per_floor":["M","M","M","?","M","E","R","?","T","R","M","T","E"],"character_chosen":"WATCHER","items_purchased":[],"campfire_rested":1,"item_purchase_floors":[],"current_hp_per_floor":[72,72,72,72,61,37,58,72,72,72,62,62,39,39],"gold":165,"neow_bonus":"THREE_ENEMY_KILL","is_daily":false,"chose_seed":false,"campfire_upgraded":1,"win_rate":0.0,"timestamp":1610678788,"path_taken":["M","?","M","?","?","E","R","?","T","R","M","?","E"],"items_purchased_type":[],"build_version":"2020-12-22","purchased_purges":0,"victory":false,"max_hp_per_floor":[72,72,72,72,72,72,72,72,72,72,72,72,72,72],"card_choices":[{"not_picked":["Evaluate","ThirdEye"],"picked":"WaveOfTheHand","floor":1},{"not_picked":["Protect","SignatureMove"],"picked":"CrushJoints","floor":2},{"not_picked":["EmptyBody","Crescendo"],"picked":"PathToVictory","floor":3},{"not_picked":["JustLucky","Study"],"picked":"EmptyFist","floor":5},{"not_picked":["Wallop","Vault"],"picked":"Consecrate","floor":6},{"not_picked":["Protect","Halt"],"picked":"FlurryOfBlows","floor":11}],"player_experience":94935,"relics_obtained":[{"floor":6,"key":"Toy Ornithopter"},{"floor":9,"key":"Meat on the Bone"},{"floor":12,"key":"CaptainsWheel"}],"event_choices":[{"damage_healed":0,"gold_gain":0,"player_choice":"Upgraded","damage_taken":0,"max_hp_gain":0,"max_hp_loss":0,"event_name":"Upgrade Shrine","floor":4,"gold_loss":0,"cards_upgraded":["PathToVictory"]},{"damage_healed":18,"gold_gain":0,"player_choice":"Healed","damage_taken":0,"max_hp_gain":0,"max_hp_loss":0,"event_name":"The Cleric","floor":8,"gold_loss":35}],"is_beta":false,"boss_relics":[],"items_purged_floors":[],"is_endless":false,"potions_floor_spawned":[3],"killed_by":"3 Sentries","ascension_level":0}}