{"host":"e52c7hvho6xny3hd","time":1610689977,"event":{"mods":["AchievementEnabler","BaseMod","Colored Map","DeckTracker","Minty Spire (QoL Compilation)","Permanent Neow","StSLib"],"gold_per_floor":[210,222,222,14,25,25,57,57,57,92,17,34,34,11,11,113,113,126,143,162,77,90,90,50,50,77,77,112,211,211,230,230,230,230],"floor_reached":33,"language":"KOR","playtime":1567,"items_purged":["Strike_P"],"score":423,"play_id":"10401a42-e44d-45f5-a2e3-fe8e8bc51a54","local_time":"20210115145257","is_ascension_mode":true,"campfire_choices":[{"data":"Panacea","floor":6.0,"key":"SMITH"},{"data":"Fasting2","floor":8.0,"key":"SMITH"},{"floor":13.0,"key":"REST"},{"data":"Eruption","floor":15.0,"key":"SMITH"},{"data":"MentalFortress","floor":23,"key":"SMITH"},{"floor":25,"key":"REST"},{"floor":32,"key":"REST"}],"circlet_count":0,"master_deck":["AscendersBane","Strike_P","Strike_P","Strike_P","Defend_P","Defend_P","Defend_P","Defend_P","Eruption+1","Vigilance","EmptyBody","FollowUp","Indignation","Fasting2+1","Panacea+1","DeusExMachina","BowlingBash","MentalFortress+1","EmptyBody","Omniscience","SashWhip+1","EmptyFist","Adaptation","Consecrate","DeusExMachina"],"relics":["PureWater","Pear","Ice Cream","Mummified Hand","Bag of Preparation","TeardropLocket","Ancient Tea Set","Juzu Bracelet"],"acts_visited":["Exordium","TheCity"],"potions_floor_usage":[31],"damage_taken":[{"damage":9.0,"enemies":"2 Louse","floor":1.0,"turns":4.0},{"damage":2.0,"enemies":"Cultist","floor":2.0,"turns":5.0},{"damage":0.0,"enemies":"Small Slimes","floor":5.0,"turns":3.0},{"damage":20.0,"enemies":"3 Sentries","floor":7.0,"turns":12.0},{"damage":24.0,"enemies":"Lagavulin","floor":10.0,"turns":9.0},{"damage":8.0,"enemies":"Exordium Thugs","floor":12.0,"turns":3.0},{"damage":8.0,"enemies":"Hexaghost","floor":16.0,"turns":9.0},{"damage":20,"enemies":"Chosen","floor":18,"turns":5},{"damage":5,"enemies":"Shell Parasite","floor":19,"turns":7},{"damage":14,"enemies":"Cultist and Chosen","floor":20,"turns":7},{"damage":9,"enemies":"Snecko","floor":22,"turns":5},{"damage":36,"enemies":"Book of Stabbing","floor":28,"turns":6},{"damage":18,"enemies":"Centurion and Healer","floor":31,"turns":5},{"damage":0,"enemies":"Automaton","floor":33,"turns":1}],"seed_played":"-44383179495265851","potions_obtained":[{"floor":1.0,"key":"Fire Potion"},{"floor":7.0,"key":"Strength Potion"},{"floor":12.0,"key":"SkillPotion"},{"floor":28,"key":"Regen Potion"},{"floor":31,"key":"LiquidMemories"}],"is_trial":false,"path_per_floor":["M","M","?","$","M","R","E","R","T","E","$","M","R","$","R","B",null,"M","M","M","?","M","R","$","R","T","?","E","?","?","M","R","B"],"character_chosen":"WATCHER","items_purchased":["Indignation","Fasting2","Panacea","EmptyBody","Adaptation"],"campfire_rested":3,"item_purchase_floors":[4,4,4,14,24],"current_hp_per_floor":[56,54,64,64,64,64,44,44,44,20,20,12,36,36,36,28,69,49,44,30,30,21,21,21,45,45,45,9,9,9,5,29,29,29],"gold":230,"neow_bonus":"HUNDRED_GOLD","is_daily":false,"chose_seed":false,"campfire_upgraded":4,"win_rate":0.0,"timestamp":1610689977,"path_taken":["M","M","?","$","M","R","E","R","T","E","$","?","R","?","R","BOSS","M","M","M","?","M","R","$","R","T","?","E","?","?","M","R","BOSS"],"items_purchased_type":["Card","Card","Card","Card","Card"],"build_version":"2020-12-22","purchased_purges":1,"victory":false,"max_hp_per_floor":[72,72,82,82,82,82,82,82,82,82,82,82,82,82,82,82,82,82,82,82,82,82,82,82,82,82,82,82,82,82,82,82,82,82],"card_choices":[{"not_picked":["LikeWater","JustLucky"],"picked":"EmptyBody","floor":1.0},{"not_picked":["Swivel","EmptyBody"],"picked":"FollowUp","floor":2.0},{"not_picked":["PathToVictory","Crescendo"],"picked":"DeusExMachina","floor":5.0},{"not_picked":["PathToVictory","SignatureMove"],"picked":"BowlingBash","floor":7.0},{"not_picked":["Crescendo","BowlingBash","FollowUp"],"picked":"SKIP","floor":10.0},{"not_picked":["Crescendo","BowlingBash","FollowUp"],"picked":"SKIP","floor":10.0},{"not_picked":["Wireheading","Crescendo"],"picked":"MentalFortress","floor":12.0},{"not_picked":["Judgement","DevaForm"],"picked":"Omniscience","floor":16.0},{"not_picked":["ThirdEye","PathToVictory+1"],"picked":"SashWhip+1","floor":18},{"not_picked":["CarveReality","JustLucky+1"],"picked":"EmptyFist","floor":19},{"not_picked":["CarveReality+1","Crescendo","Prostrate"],"picked":"SKIP","floor":20},{"not_picked":["CutThroughFate","BowlingBash","Omniscience"],"picked":"SKIP","floor":22},{"not_picked":["Alpha","Protect"],"picked":"Consecrate","floor":28},{"not_picked":["JustLucky","Prostrate","Wireheading"],"picked":"SKIP","floor":31}],"player_experience":674602,"relics_obtained":[{"floor":7.0,"key":"Ice Cream"},{"floor":9.0,"key":"Mummified Hand"},{"floor":10.0,"key":"Bag of Preparation"},{"floor":26,"key":"Ancient Tea Set"},{"floor":28,"key":"Juzu Bracelet"}],"event_choices":[{"damage_healed":0.0,"max_hp_gain":0.0,"max_hp_loss":0.0,"gold_gain":0.0,"event_name":"WeMeetAgain","player_choice":"Gave Potion","floor":3.0,"gold_loss":0.0,"damage_taken":0.0,"relics_obtained":["Pear"]},{"damage_healed":0,"gold_gain":0,"player_choice":"Obtained Relic","damage_taken":0,"relics_obtained":["TeardropLocket"],"max_hp_gain":0,"max_hp_loss":0,"event_name":"Addict","floor":21,"gold_loss":85},{"damage_healed":0,"gold_gain":0,"player_choice":"Ignored","damage_taken":0,"max_hp_gain":0,"max_hp_loss":0,"event_name":"Cursed Tome","floor":27,"gold_loss":0},{"damage_healed":0,"gold_gain":99,"player_choice":"Stole From Cult","damage_taken":0,"max_hp_gain":0,"max_hp_loss":0,"event_name":"Nest","floor":29,"gold_loss":0},{"damage_healed":0,"gold_gain":0,"player_choice":"Copied","damage_taken":0,"max_hp_gain":0,"max_hp_loss":0,"event_name":"Duplicator","floor":30,"gold_loss":0,"cards_obtained":["DeusExMachina"]}],"is_beta":false,"boss_relics":[{"not_picked":["Coffee Dripper","Runic Dome","Snecko Eye"]}],"items_purged_floors":[11],"is_endless":false,"potions_floor_spawned":[1,7,12,28,31],"killed_by":"Automaton","ascension_level":11}}