{"host":"x7btokbb0w2jhl7e","time":1610716919,"event":{"mods":["ATMod(°¢èªMod)","Act Like it!","BaseMod","Gensokyo","Minty Spire (QoL Compilation)","Quick Restart","StSLib"],"gold_per_floor":[119,119,119,136,136,165,165,62,88,88,101,1,31,31,31,109,109,121,121,140,158,182,182,194,206,206,226,226,226,226,254,254,328,328,343,343,343],"floor_reached":36,"language":"ZHS","playtime":1334,"items_purged":["Pain"],"score":940,"play_id":"240b3f0d-e7f8-4174-a2b1-43f5a77e9546","local_time":"20210115212159","is_ascension_mode":true,"campfire_choices":[{"data":"Armaments","floor":7.0,"key":"SMITH"},{"data":"Burning Pact","floor":15.0,"key":"SMITH"},{"data":"Offering","floor":23.0,"key":"SMITH"},{"data":"AT_EmpoweredMortalDraw","floor":30.0,"key":"SMITH"},{"floor":32.0,"key":"RECALL"}],"circlet_count":0,"master_deck":["AscendersBane","Strike_R","Strike_R","Defend_R","Defend_R","Defend_R","AT_FamilyPortrait","Whirlwind+1","Armaments+1","Shrug It Off","AT_CaressingTears","Burning Pact+1","Offering+1","AT_EmpoweredMortalDraw+1","Shockwave+1","Power Through","Feed"],"relics":["AT_ATBox","Coffee Dripper","Happy Flower","Gensokyo:LunaticRedEyes","AT_SilvercatRing","Oddly Smooth Stone","Eternal Feather","AT_ImmortalShieldbow","Bronze Scales","AT_MortalBlade","Gensokyo:MosesMiracle","Lantern","Gensokyo:SongOfSouls","Ice Cream","Runic Cube"],"acts_visited":["Gensokyo:Gensokyo","Gensokyo:Gensokyoer","Gensokyo:Gensokyoest"],"potions_floor_usage":[],"damage_taken":[{"damage":0.0,"enemies":"Gensokyo:2_Kodama","floor":1.0,"turns":4.0},{"damage":6.0,"enemies":"Gensokyo:Python","floor":4.0,"turns":3.0},{"damage":4.0,"enemies":"Gensokyo:Mamizou","floor":6.0,"turns":5.0},{"damage":0.0,"enemies":"Gensokyo:Gryphon","floor":11.0,"turns":1.0},{"damage":0.0,"enemies":"Gensokyo:Cirno","floor":13.0,"turns":6.0},{"damage":15.0,"enemies":"Gensokyo:Reimu","floor":16.0,"turns":8.0},{"damage":0.0,"enemies":"Gensokyo:3_Dogs","floor":18.0,"turns":1.0},{"damage":6.0,"enemies":"Gensokyo:AngelMirror","floor":20.0,"turns":1.0},{"damage":0.0,"enemies":"Gensokyo:Monolith_and_Dog","floor":21.0,"turns":1.0},{"damage":0.0,"enemies":"Gensokyo:Swordslinger","floor":24.0,"turns":1.0},{"damage":14.0,"enemies":"Gensokyo:Slime_Group","floor":25.0,"turns":3.0},{"damage":0.0,"enemies":"Gensokyo:Mirror_and_Dog","floor":27.0,"turns":1.0},{"damage":6.0,"enemies":"Gensokyo:Reisen","floor":31.0,"turns":2.0},{"damage":20.0,"enemies":"Gensokyo:Kaguya","floor":33.0,"turns":8.0},{"damage":22,"enemies":"Gensokyo:AncientGuardian","floor":35,"turns":5}],"seed_played":"-772621169046296263","potions_obtained":[{"floor":1.0,"key":"FearPotion"},{"floor":6.0,"key":"SmokeBomb"},{"floor":16.0,"key":"Block Potion"},{"floor":21.0,"key":"Ancient Potion"},{"floor":24.0,"key":"PowerPotion"},{"floor":35,"key":"Fire Potion"}],"is_trial":false,"path_per_floor":["M","?","?","M","?","E","R","$","T","T","M","?","E","?","R","B",null,"M","?","M","M","T","R","M","M","T","M","?","?","R","E","R","B",null,"M","?"],"character_chosen":"IRONCLAD","items_purchased":["Shrug It Off"],"campfire_rested":0,"item_purchase_floors":[8],"current_hp_per_floor":[68,32,32,26,26,22,22,22,22,22,22,22,30,37,43,32,70,70,70,64,64,64,73,73,59,59,59,59,59,68,62,71,51,74,66,66,66],"gold":343,"neow_bonus":"BOSS_RELIC","is_daily":false,"chose_seed":false,"campfire_upgraded":4,"win_rate":0.0,"timestamp":1610716919,"path_taken":["M","?","?","M","?","E","R","$","T","?","?","?","E","?","R","BOSS","M","?","M","M","?","R","M","M","T","?","?","?","R","E","R","BOSS","M","?"],"items_purchased_type":["Card"],"build_version":"2020-12-22","purchased_purges":1,"victory":false,"max_hp_per_floor":[75,75,75,75,75,75,75,75,75,75,75,75,75,82,82,82,82,82,82,82,82,82,82,82,82,82,82,82,82,82,82,82,82,82,82,82,82],"card_choices":[{"not_picked":["Perfected Strike","Wild Strike"],"picked":"Whirlwind","floor":1.0},{"not_picked":["Seeing Red","Ghostly Armor"],"picked":"Armaments","floor":4.0},{"not_picked":["Flex","Exhume","Clothesline"],"picked":"SKIP","floor":6.0},{"not_picked":["Cleave","Wild Strike"],"picked":"AT_CaressingTears","floor":11.0},{"not_picked":["AT_DiedThrough","Hemokinesis"],"picked":"Burning Pact","floor":13.0},{"not_picked":["Berserk","Feed"],"picked":"Offering","floor":16.0},{"not_picked":["Dropkick","Cleave+1","AT_CaressingTears"],"picked":"SKIP","floor":18.0},{"not_picked":["AT_BodySlamDance","Sword Boomerang","Twin Strike+1"],"picked":"SKIP","floor":20.0},{"not_picked":["AT_BodySlamDance","Sword Boomerang","Twin Strike+1"],"picked":"SKIP","floor":20.0},{"not_picked":["Clash","Anger","Sword Boomerang"],"picked":"SKIP","floor":21.0},{"not_picked":["Clash","Anger","Sword Boomerang"],"picked":"SKIP","floor":21.0},{"not_picked":["Twin Strike","Thunderclap+1"],"picked":"Shockwave","floor":24.0},{"not_picked":["Seeing Red","Metallicize+1"],"picked":"Power Through","floor":25.0},{"not_picked":["Immolate","Anger","Wild Strike+1"],"picked":"SKIP","floor":27.0},{"not_picked":["Ghostly Armor+1","Cleave","Bludgeon"],"picked":"SKIP","floor":31.0},{"not_picked":["AT_Dispersion","Bludgeon"],"picked":"Feed","floor":33.0},{"not_picked":["Whirlwind","True Grit","Sword Boomerang"],"picked":"SKIP","floor":35}],"player_experience":231885,"relics_obtained":[{"floor":6.0,"key":"AT_SilvercatRing"},{"floor":9.0,"key":"Oddly Smooth Stone"},{"floor":10.0,"key":"Eternal Feather"},{"floor":13.0,"key":"Bronze Scales"},{"floor":22.0,"key":"Lantern"},{"floor":24.0,"key":"Gensokyo:MosesMiracle"},{"floor":26.0,"key":"Potion Belt"},{"floor":31.0,"key":"Ice Cream"}],"event_choices":[],"is_beta":false,"boss_relics":[{"not_picked":["Sozu","Cursed Key"],"picked":"AT_MortalBlade"},{"not_picked":["Philosopher\u0027s Stone","Fusion Hammer"],"picked":"Runic Cube"}],"items_purged_floors":[8],"is_endless":false,"potions_floor_spawned":[1,6,16,21,24,35],"ascension_level":20}}