{"host":"r6wilvrr1tovskr2","time":1610679788,"event":{"mods":["2.2 Compatiblity","AchievementEnabler","Aspiration","BaseMod","Beaked The Cultist","Bestiary","Better Altar","Better Match","Better Note","Better Sensory Stone","Better Skull","Better Third Choice","Colored Powertips","Conspire","Curses Come First","Downfall","Energized Spire","GifTheSpireLib","Halation","Hermit","Highlight Path","Hubris","Infinite Spire","Marked Mod","Minty Spire (QoL Compilation)","Quick Restart","Replay The Spire","Shop Mod","Spicy Shops","Spikes Relics","StSLib","Stuff the Spire","The Blue Laboratory","The Cursed","The Disciple","The Gatherer","The Hierophant","The Necromancer","The Runesmith","vexMod"],"gold_per_floor":[99,117,130,27,47,47,47,47,64,76,96,21,31,66,85,184,184,34,51,65,65,84,16,93,110,122,138,48,48,77,88,88,88,88],"floor_reached":32,"language":"ENG","playtime":2445,"items_purged":[],"score":295,"play_id":"53500bbb-aa27-4662-a26f-aa9928953f98","local_time":"20210114210308","is_ascension_mode":false,"campfire_choices":[{"floor":1,"key":"RECALL"},{"data":"hexamod:Rewind","floor":12,"key":"SMITH"},{"data":"hexamod:ChargedBarrage","floor":18,"key":"SMITH"},{"floor":29,"key":"REST"}],"circlet_count":0,"master_deck":["hexamod:Strike","hexamod:Strike","hexamod:Strike","hexamod:Defend","hexamod:Defend","hexamod:Defend","hexamod:Defend","hexamod:Sear","hexamod:Float","hexamod:GhostLash","hexamod:ChargedBarrage","hexamod:PhantomFireball","hexamod:ChargedBarrage+1","hexamod:SpectersWail+1","hexamod:Rewind+1","hexamod:NightmareStrike","hexamod:StepThrough"],"relics":["hexamod:SpiritBrand","vexMod:PlasmaPancake","downfall:HeartBlessingBlue","Gremlin Food","Sozu","downfall:HeartBlessingGreen","downfall:HeartBlessingRed","Darkstone Periapt","infinitespire:FocusingShard"],"acts_visited":["Exordium","TheCity"],"potions_floor_usage":[14,14,14,16],"damage_taken":[{"damage":0,"enemies":"Small Slimes","floor":2,"turns":4},{"damage":0,"enemies":"Jaw Worm","floor":3,"turns":3},{"damage":0,"enemies":"downfall:FleeingMerchant","floor":4,"turns":4},{"damage":0,"enemies":"2 Louse","floor":5,"turns":2},{"damage":0,"enemies":"Gremlin Gang","floor":9,"turns":3},{"damage":0,"enemies":"3 Louse","floor":10,"turns":1},{"damage":5,"enemies":"conspire:2 RoseBushes","floor":11,"turns":3},{"damage":0,"enemies":"Lots of Slimes","floor":13,"turns":1},{"damage":7,"enemies":"Lagavulin","floor":14,"turns":3},{"damage":0,"enemies":"2 Fungi Beasts","floor":15,"turns":3},{"damage":26,"enemies":"downfall:Ironclad","floor":16,"turns":7},{"damage":0,"enemies":"Chosen","floor":19,"turns":3},{"damage":6,"enemies":"Shell Parasite","floor":20,"turns":3},{"damage":6,"enemies":"Centurion and Healer","floor":22,"turns":5},{"damage":0,"enemies":"downfall:FleeingMerchant","floor":23,"turns":4},{"damage":16,"enemies":"Snecko","floor":25,"turns":5},{"damage":0,"enemies":"3 Cultists","floor":26,"turns":3},{"damage":6,"enemies":"Centurion and Healer","floor":27,"turns":4},{"damage":14,"enemies":"downfall:FleeingMerchant","floor":28,"turns":4},{"damage":39,"enemies":"Nightmare","floor":30,"turns":8},{"damage":15,"enemies":"Snake Plant","floor":31,"turns":3},{"damage":12,"enemies":"Shelled Parasite and Fungi","floor":32,"turns":1}],"seed_played":"3171071364932411531","potions_obtained":[{"floor":3,"key":"BlessingOfTheForge"},{"floor":10,"key":"Swift Potion"},{"floor":13,"key":"Ancient Potion"},{"floor":14,"key":"Cursed Concoction"},{"floor":15,"key":"blueLaboratory:FrostheartPotion"},{"floor":16,"key":"PowerPotion"}],"is_trial":false,"path_per_floor":["R","M","M","$","M","?","T","T","M","M","M","R","M","E","M","B",null,"R","M","M","?","M","$","T","M","M","M","$","R","NM","M","M"],"character_chosen":"THE_SPIRIT","items_purchased":["hexamod:ChargedBarrage","sneckomod:MuddlingPotion","hexamod:NightmareStrike","hexamod:StepThrough"],"campfire_rested":1,"item_purchase_floors":[4,4,23,28],"current_hp_per_floor":[70,70,70,70,70,70,70,76,76,76,71,81,81,74,74,48,86,86,86,80,80,74,74,74,58,58,52,38,63,24,9,0,0,0],"gold":88,"neow_bonus":"REMOVE_CARD","is_daily":false,"chose_seed":false,"campfire_upgraded":2,"win_rate":0.0,"timestamp":1610679788,"path_taken":["R","M","M","$","M","?","T","?","M","M","M","R","M","E","M","BOSS","R","M","M","?","?","$","T","M","M","M","$","R","NM","M","M"],"items_purchased_type":["Card","Potion","Card","Card"],"build_version":"2020-12-22","purchased_purges":0,"victory":false,"max_hp_per_floor":[70,70,70,70,70,70,70,76,76,76,76,86,86,86,86,86,86,86,86,86,86,86,86,86,86,86,86,86,86,86,86,86,86,86],"card_choices":[{"not_picked":["hexamod:GhostOfSpirePast","hexamod:SwordOfDarkness"],"picked":"hexamod:GhostLash","floor":2},{"not_picked":["hexamod:Hexaguard","hexamod:AdvancingGuard"],"picked":"hexamod:ChargedBarrage","floor":3},{"not_picked":["hexamod:SpectersWail","hexamod:CatchUp"],"picked":"hexamod:PhantomFireball","floor":4},{"not_picked":["hexamod:SwordOfDarkness","hexamod:ExtraCrispy"],"picked":"hexamod:SpectersWail","floor":5},{"not_picked":["hexamod:HeatCrush","hexamod:AdvancingGuard"],"picked":"hexamod:Rewind","floor":9},{"not_picked":["hexamod:SwordOfDarkness","hexamod:BacktrackSmack","hexamod:Incineration"],"picked":"SKIP","floor":10},{"not_picked":["hexamod:Firestarter","hexamod:BacktrackSmack","hexamod:FastForward"],"picked":"SKIP","floor":11},{"not_picked":["hexamod:RetreatToShadows","hexamod:UnleashSpirits","hexamod:Firestarter"],"picked":"SKIP","floor":13},{"not_picked":["hexamod:RainOfEmbers","hexamod:InspiringFlames","hexamod:HeatMetal"],"picked":"SKIP","floor":14},{"not_picked":["hexamod:SpectralAdrenaline","hexamod:HauntingEcho","hexamod:BacktrackSmack"],"picked":"SKIP","floor":15},{"not_picked":["hexamod:HeatMetal","hexamod:BurningTouch+1","hexamod:GhostShield"],"picked":"SKIP","floor":19},{"not_picked":["hexamod:GhostShield+1","hexamod:SpectralAdrenaline","hexamod:ShieldOfDarkness"],"picked":"SKIP","floor":20},{"not_picked":["hexamod:HauntingEcho","hexamod:HeatCrush","hexamod:ExtraCrispy"],"picked":"SKIP","floor":22},{"not_picked":["hexamod:NightmareStrike","hexamod:SoulSteal+1","hexamod:TimeWarp"],"picked":"SKIP","floor":23},{"not_picked":["hexamod:SwordOfDarkness","hexamod:ShieldOfDarkness+1","hexamod:BacktrackSmack+1"],"picked":"SKIP","floor":25},{"not_picked":["hexamod:SpectralAdrenaline","hexamod:NightmareStrike","hexamod:EtherealExpedition"],"picked":"SKIP","floor":26},{"not_picked":["hexamod:SwordOfDarkness","hexamod:FifthSeal","hexamod:GhostLash"],"picked":"SKIP","floor":27},{"not_picked":["hexamod:RetreatToShadows","hexamod:TurnItUp","hexamod:ExtraCrispy"],"picked":"SKIP","floor":28},{"not_picked":["hexamod:AdvancingGuard+1","hexamod:Haunt","hexamod:BurningTouch"],"picked":"SKIP","floor":30},{"not_picked":["hexamod:SkipABeat","hexamod:Hexaguard","hexamod:NightmareGuise"],"picked":"SKIP","floor":31}],"player_experience":1275130,"relics_obtained":[{"floor":8,"key":"vexMod:PlasmaPancake"},{"floor":14,"key":"Gremlin Food"},{"floor":24,"key":"Darkstone Periapt"},{"floor":30,"key":"infinitespire:FocusingShard"}],"event_choices":[{"damage_healed":0,"gold_gain":0,"player_choice":"Leave","damage_taken":0,"max_hp_gain":0,"max_hp_loss":0,"event_name":"conspire:Investor","floor":6,"gold_loss":0},{"damage_healed":0,"gold_gain":0,"player_choice":"Ignored","damage_taken":0,"max_hp_gain":0,"max_hp_loss":0,"event_name":"betterNote:BetterNote","floor":21,"gold_loss":0,"cards_obtained":["Guardian:RevengeProtocol"]}],"is_beta":false,"boss_relics":[{"not_picked":["Coffee Dripper","energizedSpire:EnergizedDie"],"picked":"Sozu"}],"items_purged_floors":[],"is_endless":true,"potions_floor_spawned":[3,10,13,14,15,16,19,20,22,26,31],"killed_by":"Shelled Parasite and Fungi","ascension_level":0}}