{"host":"6jtzbi9kl8x9w6dt","time":1610691534,"event":{"mods":["Act Like it!","Aspiration","BaseMod","BetterRewards","Colored Powertips","Defuse TimeMaze Blight","Downfall","Friendly Minions","Halation","Hallownest","Hermit","Hubris","Marisa????????","Mimic Mod","Minty Spire (QoL Compilation)","Prisma Mod","READ ME - Guardian Mod","StSLib","SuperFastMode","Td1madao Mod","The Animator","The Bladedancer","The Construct","The Cursed","The Disciple","The Hierophant","The Mystic","The Necromancer","The Senshi","The Servant 0.9.4"],"gold_per_floor":[99,99,110,190,190,190,190,221,233,8,8,18,18,3,23,119,119,119,135,150,168,168,168,193,208,208,20,20,20,37,22,41,140,140,140,154,168,184,197,222,222,222,235,253,283,283,283,283,297,297],"floor_reached":51,"language":"ENG","playtime":1965,"items_purged":[],"score":701,"play_id":"de9fe742-6755-4502-81a9-4bbc49610c84","local_time":"20210114221854","is_ascension_mode":false,"campfire_choices":[{"floor":1,"key":"RECALL"},{"floor":10,"key":"REST"},{"floor":13,"key":"REST"},{"data":"BinaryStars","floor":18,"key":"SMITH"},{"floor":26,"key":"REST"},{"data":"OpenUniverse","floor":29,"key":"SMITH"},{"floor":35,"key":"REST"},{"floor":42,"key":"REST"},{"floor":46,"key":"REST"}],"circlet_count":0,"master_deck":["Strike_MRS","Strike_MRS+1","Strike_MRS","Strike_MRS+1","Defend_MRS","Defend_MRS+1","Defend_MRS","Defend_MRS","Acceleration+1","Regret","hubris:DuctTapeCard","TreasureHunter","ChargeUpSpray","ShootingEcho","BinaryStars+1","GrandCross","PowerUp+1","SprinkleStarSeal","RitualDagger+1","OpenUniverse+1","ChargeUpSpray","UltimateShortwave","Necronomicurse","MysteriousBeam","PulseMagic+1","BinaryStars","LuminesStrike","PowerUp","DC+1","EarthLightRay+1","ChargingUp","GrandCross","PulseMagic+1"],"relics":["MiniHakkero","hubris:DuctTape","Anchor","downfall:HeartBlessingBlue","downfall:HeartBlessingGreen","downfall:HeartBlessingRed","Ancient Tea Set","Busted Crown","aspiration:RitualStick","Whetstone","Necronomicon","Fusion Hammer","Nunchaku","hubris:MysteriousPyramids","Incense Burner"],"acts_visited":["Exordium","TheCity","TheBeyond"],"potions_floor_usage":[16,16,16,21,32,33,33,33,45,49,50,50],"damage_taken":[{"damage":3,"enemies":"Small Slimes","floor":3,"turns":3},{"damage":64,"enemies":"Lagavulin","floor":8,"turns":7},{"damage":0,"enemies":"Jaw Worm","floor":9,"turns":3},{"damage":0,"enemies":"2 Louse","floor":12,"turns":2},{"damage":8,"enemies":"downfall:FleeingMerchant","floor":14,"turns":4},{"damage":10,"enemies":"Large Slime","floor":15,"turns":4},{"damage":62,"enemies":"downfall:Ironclad","floor":16,"turns":7},{"damage":1,"enemies":"Chosen","floor":19,"turns":3},{"damage":0,"enemies":"Spheric Guardian","floor":20,"turns":2},{"damage":9,"enemies":"Centurion and Healer","floor":21,"turns":5},{"damage":0,"enemies":"Cultist and Chosen","floor":25,"turns":3},{"damage":16,"enemies":"downfall:FleeingMerchant","floor":27,"turns":4},{"damage":7,"enemies":"Sentry and Sphere","floor":30,"turns":3},{"damage":9,"enemies":"downfall:FleeingMerchant","floor":31,"turns":4},{"damage":18,"enemies":"Shelled Parasite and Fungi","floor":32,"turns":3},{"damage":22,"enemies":"downfall:Defect","floor":33,"turns":8},{"damage":0,"enemies":"3 Darklings","floor":36,"turns":2},{"damage":0,"enemies":"Orb Walker","floor":37,"turns":3},{"damage":26,"enemies":"4 Shapes","floor":38,"turns":4},{"damage":20,"enemies":"Jaw Worm Horde","floor":39,"turns":4},{"damage":11,"enemies":"Spire Growth","floor":43,"turns":5},{"damage":52,"enemies":"Sphere and 2 Shapes","floor":44,"turns":5},{"damage":23,"enemies":"Jaw Worm Horde","floor":45,"turns":3},{"damage":16,"enemies":"Spire Growth","floor":49,"turns":3},{"damage":14,"enemies":"downfall:Watcher","floor":50,"turns":5}],"seed_played":"5214388307322203200","potions_obtained":[{"floor":3,"key":"GamblersBrew"},{"floor":8,"key":"Block Potion"},{"floor":12,"key":"SkillPotion"},{"floor":16,"key":"Block Potion"},{"floor":20,"key":"Strength Potion"},{"floor":22,"key":"CultistPotion"},{"floor":32,"key":"sneckomod:MuddlingPotion"},{"floor":36,"key":"champ:CounterPotion"},{"floor":39,"key":"hexamod:EctoCoolerPotion"},{"floor":45,"key":"GamblersBrew"},{"floor":45,"key":"Strength Potion"},{"floor":49,"key":"SneckoOil"}],"is_trial":false,"path_per_floor":["R","?","M","T","?","?","T","E","M","R","T","M","R","$","M","B",null,"R","M","M","M","?","?","T","M","R","$","?","R","M","$","M","B",null,"R","M","M","M","M","T","T","R","M","M","M","R","?","T","M","B",null],"character_chosen":"MARISA","items_purchased":["UltimateShortwave","CultistPotion"],"campfire_rested":6,"item_purchase_floors":[27,27],"current_hp_per_floor":[89,89,86,86,86,86,86,22,22,61,61,61,90,82,72,10,99,99,98,98,89,89,69,69,69,98,82,66,66,59,50,32,10,99,99,99,99,73,53,53,53,82,71,25,2,31,31,31,21,13],"gold":297,"neow_bonus":"TWENTY_PERCENT_HP_BONUS","is_daily":false,"chose_seed":false,"campfire_upgraded":2,"win_rate":0.0,"timestamp":1610691534,"path_taken":["R","?","M","?","?","?","T","E","M","R","?","M","R","?","M","BOSS","R","M","M","M","?","?","T","M","R","$","?","R","M","?","M","BOSS","R","M","?","M","M","?","T","R","?","M","M","R","?","?","M","BOSS"],"items_purchased_type":["Card","Potion"],"build_version":"2020-12-22","purchased_purges":0,"victory":true,"max_hp_per_floor":[89,89,89,89,89,89,89,89,89,99,99,99,99,99,99,99,99,99,99,99,99,99,99,99,99,99,99,99,99,99,99,99,99,99,99,99,99,99,99,99,99,99,99,99,99,99,99,99,99,99],"card_choices":[{"not_picked":["6A","DoubleSpark"],"picked":"Acceleration","floor":3},{"not_picked":["Singularity","EnergyRecoil"],"picked":"TreasureHunter","floor":8},{"not_picked":["GravityBeat","DarkSpark","NonDirectionalLaser"],"picked":"SKIP","floor":9},{"not_picked":["IllusionStar","6A"],"picked":"ChargeUpSpray","floor":12},{"not_picked":["UnstableBomb","OneTimeOff","GravityBeat"],"picked":"SKIP","floor":14},{"not_picked":["WitchOfGreed","MilkyWay"],"picked":"ShootingEcho","floor":15},{"not_picked":["BigCrunch","JA"],"picked":"BinaryStars","floor":16},{"not_picked":[],"picked":"GrandCross","floor":19},{"not_picked":[],"picked":"PowerUp+1","floor":20},{"not_picked":[],"picked":"SprinkleStarSeal","floor":21},{"not_picked":[],"picked":"OpenUniverse","floor":25},{"not_picked":[],"picked":"ChargeUpSpray","floor":27},{"not_picked":["EnergyRecoil"],"picked":"SKIP","floor":30},{"not_picked":[],"picked":"MysteriousBeam","floor":31},{"not_picked":[],"picked":"PulseMagic+1","floor":32},{"not_picked":[],"picked":"BinaryStars","floor":33},{"not_picked":[],"picked":"LuminesStrike","floor":36},{"not_picked":[],"picked":"PowerUp","floor":37},{"not_picked":[],"picked":"DC+1","floor":38},{"not_picked":[],"picked":"EarthLightRay+1","floor":39},{"not_picked":[],"picked":"ChargingUp","floor":43},{"not_picked":[],"picked":"WitchOfGreed","floor":44},{"not_picked":[],"picked":"GrandCross","floor":45},{"not_picked":[],"picked":"PulseMagic+1","floor":49}],"player_experience":95858,"relics_obtained":[{"floor":7,"key":"hubris:DuctTape"},{"floor":8,"key":"Anchor"},{"floor":11,"key":"Ancient Tea Set"},{"floor":24,"key":"Whetstone"},{"floor":28,"key":"Necronomicon"},{"floor":40,"key":"Nunchaku"},{"floor":41,"key":"hubris:MysteriousPyramids"},{"floor":48,"key":"Incense Burner"}],"event_choices":[{"cards_removed":["animator:Curse_Greed"],"damage_healed":0,"gold_gain":0,"player_choice":"Card Removal","damage_taken":0,"max_hp_gain":0,"max_hp_loss":0,"event_name":"The Cleric","floor":2,"gold_loss":0},{"cards_removed":["WitchOfGreed"],"damage_healed":0,"gold_gain":0,"player_choice":"Removed Power","damage_taken":0,"max_hp_gain":0,"max_hp_loss":0,"event_name":"Falling","floor":47,"gold_loss":0}],"is_beta":false,"boss_relics":[{"not_picked":["aspiration:SecretTechniqueScroll","halation:HeavySnake"],"picked":"Busted Crown"},{"not_picked":["Tiny House","aspiration:FutureDiary"],"picked":"Fusion Hammer"}],"items_purged_floors":[],"is_endless":false,"potions_floor_spawned":[3,8,12,16,20,30,32,36,39,45,49],"ascension_level":0}}