{"host":"r6wilvrr1tovskr2","time":1610697274,"event":{"mods":["2.2 Compatiblity","AchievementEnabler","Aspiration","BaseMod","Beaked The Cultist","Bestiary","Better Altar","Better Match","Better Note","Better Sensory Stone","Better Skull","Better Third Choice","Colored Powertips","Conspire","Curses Come First","Downfall","Energized Spire","GifTheSpireLib","Halation","Hermit","Highlight Path","Hubris","Infinite Spire","Marked Mod","Minty Spire (QoL Compilation)","Quick Restart","Replay The Spire","Shop Mod","Spicy Shops","Spikes Relics","StSLib","Stuff the Spire","The Blue Laboratory","The Cursed","The Disciple","The Gatherer","The Hierophant","The Necromancer","The Runesmith","vexMod"],"gold_per_floor":[99,110,110,127,140,140,140,65,50,65,78,63,63,98,116,116,116,116],"floor_reached":16,"language":"ENG","playtime":1549,"items_purged":[],"score":102,"play_id":"da7fdfdb-cf89-4425-86b5-7647249b0472","local_time":"20210115015434","is_ascension_mode":false,"campfire_choices":[{"floor":1,"key":"RECALL"},{"floor":8,"key":"REST"},{"data":"hexamod:GhostflameInferno","floor":13,"key":"SMITH"}],"circlet_count":0,"master_deck":["hexamod:Strike","hexamod:Strike","hexamod:Strike","hexamod:Defend","hexamod:Defend","hexamod:Defend","hexamod:Defend","hexamod:Sear","hexamod:Float","hexamod:GhostflameInferno+1","hexamod:HeatShield","hexamod:ThirdSeal","hexamod:FastForward","hexamod:RadiantFlame","hexamod:FifthSeal"],"relics":["hexamod:SpiritBrand","SnailShell","downfall:HeartBlessingBlue","WizardHat"],"acts_visited":["Exordium"],"potions_floor_usage":[11,16],"damage_taken":[{"damage":0,"enemies":"Cultist","floor":2,"turns":3},{"damage":0,"enemies":"conspire:RoseBush","floor":4,"turns":3},{"damage":0,"enemies":"Jaw Worm","floor":5,"turns":4},{"damage":0,"enemies":"downfall:FleeingMerchant","floor":9,"turns":4},{"damage":0,"enemies":"Exordium Thugs","floor":10,"turns":4},{"damage":0,"enemies":"Exordium Wildlife","floor":11,"turns":4},{"damage":0,"enemies":"downfall:FleeingMerchant","floor":12,"turns":4},{"damage":70,"enemies":"3 Sentries","floor":14,"turns":18},{"damage":0,"enemies":"conspire:2 RoseBushes","floor":15,"turns":4},{"damage":16,"enemies":"downfall:Silent","floor":16,"turns":4}],"seed_played":"-2475345860707621490","potions_obtained":[{"floor":2,"key":"Fire Potion"},{"floor":4,"key":"blueLaboratory:Moonshine"},{"floor":10,"key":"Strength Potion"},{"floor":14,"key":"SkillPotion"}],"is_trial":false,"path_per_floor":["R","M","?","M","M","?","T","R","$","M","M","$","R","E","M","B"],"character_chosen":"THE_SPIRIT","items_purchased":[],"campfire_rested":1,"item_purchase_floors":[],"current_hp_per_floor":[49,49,49,49,49,46,46,80,80,80,80,80,80,10,10,0,0,0],"gold":116,"neow_bonus":"THREE_RARE_CARDS","is_daily":false,"chose_seed":false,"campfire_upgraded":1,"win_rate":0.0,"timestamp":1610697274,"path_taken":["R","M","?","M","?","?","T","R","?","M","M","$","R","E","M","BOSS"],"items_purchased_type":[],"build_version":"2020-12-22","purchased_purges":0,"victory":false,"max_hp_per_floor":[70,70,70,70,70,70,70,80,80,80,80,80,80,80,80,80,80,80],"card_choices":[{"not_picked":["hexamod:CrushingStance","hexamod:ParanormalForm"],"picked":"hexamod:GhostflameInferno","floor":0},{"not_picked":["hexamod:SpectersWail","hexamod:ShieldOfDarkness"],"picked":"hexamod:HeatShield","floor":2},{"not_picked":["hexamod:ShieldOfDarkness","hexamod:Firestarter"],"picked":"hexamod:FastForward","floor":4},{"not_picked":["hexamod:RainOfEmbers","hexamod:FastForward","hexamod:AdvancingGuard"],"picked":"SKIP","floor":4},{"not_picked":["hexamod:DynamicBlow","hexamod:PhantomFireball","hexamod:SpectersWail"],"picked":"SKIP","floor":5},{"not_picked":["hexamod:SwordOfDarkness","hexamod:ShieldOfDarkness","hexamod:FastForward"],"picked":"SKIP","floor":5},{"not_picked":["hexamod:PhantomFireball","hexamod:ShieldOfDarkness","hexamod:NightmareStrike"],"picked":"SKIP","floor":9},{"not_picked":["hexamod:ShieldOfDarkness","hexamod:NightmareStrike","hexamod:HauntingEcho"],"picked":"SKIP","floor":10},{"not_picked":["hexamod:ThermalTransfer","hexamod:GhostShield"],"picked":"hexamod:RadiantFlame","floor":11},{"not_picked":["hexamod:FastForward","hexamod:StepThrough","hexamod:SpectralAdrenaline"],"picked":"SKIP","floor":11},{"not_picked":["hexamod:EmpoweringStance","hexamod:GhostLash"],"picked":"hexamod:FifthSeal","floor":12},{"not_picked":["hexamod:ThermalTransfer","hexamod:VolcanoVisage","hexamod:TurnItUp"],"picked":"SKIP","floor":12},{"not_picked":["hexamod:SixthSeal","hexamod:ThirdSeal","hexamod:SecondSeal"],"picked":"SKIP","floor":14},{"not_picked":["hexamod:HauntingEcho","hexamod:Hexaguard","hexamod:RainOfEmbers"],"picked":"SKIP","floor":14},{"not_picked":["hexamod:RainOfEmbers","hexamod:ThirdSeal","hexamod:NightmareStrike"],"picked":"SKIP","floor":15}],"player_experience":1279826,"relics_obtained":[{"floor":14,"key":"WizardHat"}],"event_choices":[{"damage_healed":0,"gold_gain":0,"cards_transformed":["hexamod:Strike"],"player_choice":"Transformed","damage_taken":0,"max_hp_gain":0,"max_hp_loss":0,"event_name":"Transmorgrifier","floor":3,"gold_loss":0,"cards_obtained":["hexamod:ThirdSeal"]},{"damage_healed":0,"gold_gain":0,"player_choice":"Relic ","damage_taken":3,"max_hp_gain":0,"max_hp_loss":0,"event_name":"betterThird:BetterScrap","floor":6,"gold_loss":0,"cards_obtained":["Setup"]}],"is_beta":false,"boss_relics":[],"items_purged_floors":[],"is_endless":false,"potions_floor_spawned":[2,4,10,14],"killed_by":"downfall:Silent","ascension_level":0}}