{"host":"m6ptjq1h7q0nif66","time":1610698058,"event":{"mods":["2.2 Compatiblity","A Magickal Journey","Aspiration","Bard","BaseMod","Beaked The Cultist","Bestiary","Better Third Choice","BetterRewards","Colored Map","Colored Powertips","Googly Eyes","Halation","Hermit","Hubris","Infinite Spire","Jorbs\u0027s Wanderer Trilogy","Minty Spire (QoL Compilation)","Permanent Neow","Quick Restart","Relic Stats","Remove Card Discount Mod","Replay The Spire","Robot Space Explorer","Shop Mod","StSLib","SuperFastMode","The Blackbeard","The Bladedancer","The Construct","The Cursed","The Disciple","The Forsaken","The Hierophant","The IronCluck","The Necromancer","The Runesmith"],"gold_per_floor":[118,137,187,237,249,249,265,600,624,658,676,726,742,781,781,911,911,925,975,673,775,794,828,828,828,828],"floor_reached":25,"language":"ENG","playtime":1521,"items_purged":["Strike_R","Defend_R","Strike_R","Strike_R"],"score":366,"play_id":"b5a1e906-97c7-4111-b845-3d82a3de75d5","local_time":"20210115080737","is_ascension_mode":false,"campfire_choices":[{"data":"ReplayTheSpireMod:Muscle Training","floor":6,"key":"SMITH"},{"data":"Heavy Blade","floor":15,"key":"SMITH"},{"data":"Brutality","floor":24,"key":"SMITH"}],"circlet_count":0,"master_deck":["Bash","Inflame","ReplayTheSpireMod:Muscle Training+1","Shrug It Off","Rampage","Twin Strike","Rupture","Sword Boomerang+1","Carnage","ReplayTheSpireMod:Muscle Training","Thunderclap","Evolve","Heavy Blade+1","Disarm","Headbutt","Injury","Sword Boomerang","Double Tap","Demonic Infusion","Barricade","Feed","Juggernaut","ReplayTheSpireMod:Stacked","Rupture","Armaments","Brutality+1","Power Through","Perfected Strike"],"relics":["Burning Blood","Mummified Hand","MerchantsRug","construct:BoolHorns","SsserpentHead","Old Coin","Golden Idol","halation:PromiseList","halation:PinkSoulGem","aspiration:StickyExplosives_weak","Centennial Puzzle","Ancient Tea Set"],"acts_visited":["Exordium","TheCity"],"potions_floor_usage":[14,14,23],"damage_taken":[{"damage":1,"enemies":"2 Louse","floor":1,"turns":2},{"damage":1,"enemies":"Cultist","floor":2,"turns":2},{"damage":3,"enemies":"Jaw Worm","floor":5,"turns":2},{"damage":2,"enemies":"Exordium Wildlife","floor":7,"turns":2},{"damage":17,"enemies":"Replay:BlueRogue","floor":8,"turns":4},{"damage":26,"enemies":"Lagavulin","floor":10,"turns":5},{"damage":17,"enemies":"Exordium Thugs","floor":11,"turns":3},{"damage":11,"enemies":"Red Slaver","floor":13,"turns":3},{"damage":10,"enemies":"Gremlin Nob","floor":14,"turns":3},{"damage":12,"enemies":"Fading Forest","floor":16,"turns":11},{"damage":47,"enemies":"2 Thieves","floor":18,"turns":4},{"damage":11,"enemies":"Shell Parasite","floor":22,"turns":3},{"damage":34,"enemies":"Slavers","floor":23,"turns":4},{"damage":11,"enemies":"Shelled Parasite and Fungi","floor":25,"turns":2}],"seed_played":"-8948375095822960387","potions_obtained":[{"floor":1,"key":"BloodPotion"},{"floor":7,"key":"Elixir"},{"floor":11,"key":"SkillPotion"},{"floor":22,"key":"AttackPotion"}],"is_trial":false,"path_per_floor":["M","M","?","?","M","R","M","E","T","E","M","?","M","E","R","B",null,"M","?","$","T","M","E","R","M"],"character_chosen":"IRONCLAD","items_purchased":["Mummified Hand","Inflame","ReplayTheSpireMod:Muscle Training","Shrug It Off","Rampage","Twin Strike","MerchantsRug","Rupture","Sword Boomerang","Armaments","Brutality","aspiration:StickyExplosives_weak","Power Through"],"campfire_rested":0,"item_purchase_floors":[0,0,0,0,0,0,0,0,0,20,20,20,20],"current_hp_per_floor":[80,80,64,64,67,67,71,60,60,40,29,29,24,36,36,40,80,43,43,43,43,41,16,16,5,5],"gold":828,"neow_bonus":"","is_daily":false,"chose_seed":false,"campfire_upgraded":3,"win_rate":0.0,"timestamp":1610698057,"path_taken":["M","M","?","?","M","R","M","E","T","E","M","?","M","E","R","BOSS","M","?","?","?","M","E","R","M"],"items_purchased_type":["Relic","Card","Card","Card","Card","Card","Relic","Card","Card","Card","Card","Relic","Card"],"build_version":"2020-12-22","purchased_purges":4,"victory":false,"max_hp_per_floor":[80,80,80,80,80,80,80,80,80,80,80,80,80,80,80,80,80,84,84,84,84,87,90,90,90,90],"relic_stats":{"SsserpentHead":300,"Centennial Puzzle":[9],"counters":[111,518],"Mummified Hand":[35],"Golden Idol":51,"obtain_stats":[{"Golden Egg":54,"Replay:Accelerometer":53,"infinitespire:BottledMercury":36,"Vajra":44,"Bottled Tornado":54,"hubris:MysteriousPyramids":53,"halation:StarCompass":7,"halation:HeavySnake":17,"Old Coin":8,"Blood Vial":20,"theForsaken:HumbleEgg":9,"Centennial Puzzle":47,"DollysMirror":0,"MealTicket":36,"aspiration:ArtOfWarUpgrade":8,"HandDrill":36,"halation:PromiseList":14,"hubris:TinFlute":42,"Replay:Bottled Steam":48,"MerchantsRug":20,"halation:OrihimeAndHikoboshiSamaAndTears":5,"Ring of Hypnosis":22,"ReplayTheSpireMod:CursedCoin":26,"Blue Candle":7,"Oddly Smooth Stone":26,"infinitespire:Beetle Shell":20,"ReplayTheSpireMod:SealedPack":34,"aspiration:SeaSaltIceCream":26,"War Paint":10,"aspiration:FrozenJewel":0,"Du-Vu Doll":0,"hubris:Zylophone":28,"infinitespire:EvilPickle":33,"hermit:PetGhost":53,"Shuriken":43,"Bronze Scales":11,"MutagenicStrength":19,"Onion Ring":14,"Pandora\u0027s Box":17,"ReplayTheSpireMod:TigerMarble":12,"Black Star":17,"Grinning Jar":43,"hermit:Momento":0,"infinitespire:PuzzleCube":0,"construct:BoolHorns":0,"Regal Pillow":36,"halation:PapillonHeart":37,"aspiration:Lifesprig":54,"Singing Bowl":24,"Painkiller Herb":34,"StoneCalendar":38,"Juzu Bracelet":30,"hubris:SlimyHat":23,"Replay:Mystery Machine":47,"theForsaken:Gavel":0,"Smiling Mask":10,"Ancient Tea Set":23,"Burning Blood":20,"ClockworkSouvenir":29,"aspiration:StickyExplosives_weak":20,"SsserpentHead":0,"Nunchaku":6,"hubris:Icosahedron":22,"Matryoshka":26,"TheAbacus":36,"Mummified Hand":0,"Ring of Peace":20,"hubris:CuriousFeather":44,"Red Mask":37,"halation:LettersToHer":0,"InkBottle":43,"Gremlin Food":24,"construct:ClawGrip":17,"BargainBundle":0,"aspiration:FetidBarrel":54,"Golden Idol":12,"betterThird:NestCultRelic":31,"infinitespire:Joker Card":0,"PreservedInsect":43,"aspiration:HummingbirdHeart":0,"Orichalcum":2,"Strange Spoon":0,"CaptainsWheel":24,"Anchor":42,"Ring of Misfortune":22,"infinitespire:Satchel":7,"ChewingGum":34,"Ectoplasm":21,"Art of War":0,"Bottled Lightning":11,"Membership Card":0,"halation:AfternoonTea":41,"halation:TwoAmDonut":10,"halation:PinkSoulGem":37},{"Golden Egg":26,"Replay:Accelerometer":55,"infinitespire:BottledMercury":77,"Vajra":21,"Bottled Tornado":26,"hubris:MysteriousPyramids":55,"halation:StarCompass":88,"halation:HeavySnake":68,"Old Coin":102,"Blood Vial":10,"theForsaken:HumbleEgg":63,"Centennial Puzzle":53,"DollysMirror":27,"MealTicket":47,"aspiration:ArtOfWarUpgrade":63,"HandDrill":47,"halation:PromiseList":106,"hubris:TinFlute":20,"Replay:Bottled Steam":54,"MerchantsRug":10,"halation:OrihimeAndHikoboshiSamaAndTears":3,"Ring of Hypnosis":42,"ReplayTheSpireMod:CursedCoin":72,"Blue Candle":63,"Oddly Smooth Stone":12,"infinitespire:Beetle Shell":10,"ReplayTheSpireMod:SealedPack":76,"aspiration:SeaSaltIceCream":72,"War Paint":88,"aspiration:FrozenJewel":84,"Du-Vu Doll":0,"hubris:Zylophone":44,"infinitespire:EvilPickle":46,"hermit:PetGhost":55,"Shuriken":51,"Bronze Scales":36,"MutagenicStrength":93,"Onion Ring":38,"Pandora\u0027s Box":107,"ReplayTheSpireMod:TigerMarble":6,"Black Star":8,"Grinning Jar":20,"hermit:Momento":0,"infinitespire:PuzzleCube":84,"construct:BoolHorns":97,"Regal Pillow":47,"halation:PapillonHeart":77,"aspiration:Lifesprig":83,"Singing Bowl":11,"Painkiller Herb":16,"StoneCalendar":77,"Juzu Bracelet":15,"hubris:SlimyHat":43,"Replay:Mystery Machine":53,"theForsaken:Gavel":57,"Smiling Mask":103,"Ancient Tea Set":110,"Burning Blood":108,"ClockworkSouvenir":44,"aspiration:StickyExplosives_weak":108,"SsserpentHead":97,"Nunchaku":32,"hubris:Icosahedron":10,"Matryoshka":43,"TheAbacus":77,"Mummified Hand":97,"Ring of Peace":70,"hubris:CuriousFeather":21,"Red Mask":47,"halation:LettersToHer":27,"InkBottle":51,"Gremlin Food":72,"construct:ClawGrip":39,"BargainBundle":84,"aspiration:FetidBarrel":56,"Golden Idol":104,"betterThird:NestCultRelic":45,"infinitespire:Joker Card":57,"PreservedInsect":78,"aspiration:HummingbirdHeart":57,"Orichalcum":28,"Strange Spoon":57,"CaptainsWheel":11,"Anchor":20,"Ring of Misfortune":42,"infinitespire:Satchel":4,"ChewingGum":46,"Ectoplasm":10,"Art of War":57,"Bottled Lightning":5,"Membership Card":27,"halation:AfternoonTea":50,"halation:TwoAmDonut":64,"halation:PinkSoulGem":18},{"Golden Egg":126,"Replay:Accelerometer":287,"infinitespire:BottledMercury":390,"Vajra":95,"Bottled Tornado":126,"hubris:MysteriousPyramids":287,"halation:StarCompass":426,"halation:HeavySnake":347,"Old Coin":481,"Blood Vial":44,"theForsaken:HumbleEgg":324,"Centennial Puzzle":270,"DollysMirror":135,"MealTicket":238,"aspiration:ArtOfWarUpgrade":324,"HandDrill":238,"halation:PromiseList":495,"hubris:TinFlute":89,"Replay:Bottled Steam":278,"MerchantsRug":44,"halation:OrihimeAndHikoboshiSamaAndTears":12,"Ring of Hypnosis":209,"ReplayTheSpireMod:CursedCoin":363,"Blue Candle":324,"Oddly Smooth Stone":53,"infinitespire:Beetle Shell":44,"ReplayTheSpireMod:SealedPack":386,"aspiration:SeaSaltIceCream":363,"War Paint":426,"aspiration:FrozenJewel":415,"Du-Vu Doll":0,"hubris:Zylophone":218,"infinitespire:EvilPickle":233,"hermit:PetGhost":287,"Shuriken":261,"Bronze Scales":183,"MutagenicStrength":450,"Onion Ring":193,"Pandora\u0027s Box":506,"ReplayTheSpireMod:TigerMarble":27,"Black Star":37,"Grinning Jar":89,"hermit:Momento":0,"infinitespire:PuzzleCube":415,"construct:BoolHorns":469,"Regal Pillow":238,"halation:PapillonHeart":390,"aspiration:Lifesprig":414,"Singing Bowl":48,"Painkiller Herb":69,"StoneCalendar":390,"Juzu Bracelet":63,"hubris:SlimyHat":214,"Replay:Mystery Machine":270,"theForsaken:Gavel":300,"Smiling Mask":486,"Ancient Tea Set":516,"Burning Blood":510,"ClockworkSouvenir":218,"aspiration:StickyExplosives_weak":510,"SsserpentHead":469,"Nunchaku":169,"hubris:Icosahedron":44,"Matryoshka":214,"TheAbacus":390,"Mummified Hand":469,"Ring of Peace":355,"hubris:CuriousFeather":95,"Red Mask":238,"halation:LettersToHer":135,"InkBottle":261,"Gremlin Food":363,"construct:ClawGrip":201,"BargainBundle":415,"aspiration:FetidBarrel":292,"Golden Idol":489,"betterThird:NestCultRelic":223,"infinitespire:Joker Card":300,"PreservedInsect":394,"aspiration:HummingbirdHeart":300,"Orichalcum":138,"Strange Spoon":300,"CaptainsWheel":48,"Anchor":89,"Ring of Misfortune":209,"infinitespire:Satchel":18,"ChewingGum":233,"Ectoplasm":44,"Art of War":300,"Bottled Lightning":22,"Membership Card":135,"halation:AfternoonTea":255,"halation:TwoAmDonut":328,"halation:PinkSoulGem":76}],"Burning Blood":68},"card_choices":[{"not_picked":["Reckless Charge","Havoc"],"picked":"Carnage","floor":1},{"not_picked":["Seeing Red","Twin Strike"],"picked":"ReplayTheSpireMod:Muscle Training","floor":2},{"not_picked":["Warcry","Seeing Red"],"picked":"Thunderclap","floor":5},{"not_picked":["Cleave","Perfected Strike"],"picked":"Evolve","floor":7},{"not_picked":["Dark Embrace","Perfected Strike"],"picked":"Heavy Blade","floor":8},{"not_picked":["Pommel Strike","Body Slam"],"picked":"Disarm","floor":10},{"not_picked":["Searing Blow","Defy Death"],"picked":"Headbutt","floor":11},{"not_picked":["ReplayReversal","Wild Strike"],"picked":"Sword Boomerang","floor":13},{"not_picked":["Warcry","Perfected Strike","Power Through"],"picked":"SKIP","floor":14},{"not_picked":["Juggernaut","hubris:StunningStrike"],"picked":"Double Tap","floor":16},{"not_picked":["Heavy Blade","ReplayTheSpireMod:Strike From Hell+1"],"picked":"Rupture","floor":18},{"not_picked":["Headbutt","Replay:Undeath\u0027s Touch","Clash"],"picked":"SKIP","floor":22},{"not_picked":["Clothesline+1","Cleave"],"picked":"Perfected Strike","floor":23}],"player_experience":255364,"relics_obtained":[{"floor":8,"key":"Old Coin"},{"floor":10,"key":"Smiling Mask"},{"floor":14,"key":"halation:PromiseList"},{"floor":21,"key":"Centennial Puzzle"},{"floor":23,"key":"Ancient Tea Set"}],"event_choices":[{"damage_healed":80,"gold_gain":0,"player_choice":"Upgrade","damage_taken":16,"max_hp_gain":0,"max_hp_loss":80,"event_name":"betterThird:BetterShining","floor":3,"gold_loss":0,"cards_upgraded":["Sword Boomerang","Strike_R"]},{"damage_healed":0,"gold_gain":0,"player_choice":"Take Wound","damage_taken":0,"relics_obtained":["Golden Idol"],"max_hp_gain":0,"max_hp_loss":0,"event_name":"Golden Idol","floor":12,"gold_loss":0,"cards_obtained":["Injury"]}],"is_beta":false,"boss_relics":[{"not_picked":["Runic Dome","SacredBark"],"picked":"Pandora\u0027s Box"}],"items_purged_floors":[0,0,0,0],"is_endless":false,"potions_floor_spawned":[1,7,11,13,22],"killed_by":"Shelled Parasite and Fungi","ascension_level":0}}