{"host":"11728qvdvolffudn","time":1610731015,"event":{"mods":["BaseMod","Block Reminder","Colored Powertips","Curses Come First","Custom Start","Displayed Cursed Tome","Highlight Path","Minty Spire (QoL Compilation)","Permanent Neow","Quick Restart","Rare Cards Sparkle","Relic Stats","StSLib"],"gold_per_floor":[109,123,143,63,89,89,109,109,162,182,61,79,96,113,113,209,209,209],"floor_reached":17,"language":"ENG","playtime":7310,"items_purged":["Strike_B"],"score":151,"play_id":"b900d793-b916-47c4-8c58-e599718868bd","local_time":"20210115171655","is_ascension_mode":false,"campfire_choices":[{"data":"Chill","floor":6,"key":"SMITH"},{"data":"Zap","floor":8,"key":"SMITH"},{"data":"Defragment","floor":15,"key":"SMITH"}],"circlet_count":0,"master_deck":["Strike_B","Strike_B","Strike_B","Defend_B","Defend_B","Defend_B","Defend_B","Zap+1","Dualcast","BootSequence","Chill+1","Self Repair","Defragment+1","White Noise","Rainbow"],"relics":["Cracked Core","Bronze Scales","Smiling Mask","Toy Ornithopter","Runic Pyramid"],"acts_visited":["Exordium","TheCity"],"potions_floor_usage":[16],"damage_taken":[{"damage":1,"enemies":"Cultist","floor":1,"turns":3},{"damage":0,"enemies":"Small Slimes","floor":2,"turns":3},{"damage":1,"enemies":"Jaw Worm","floor":3,"turns":2},{"damage":2,"enemies":"Exordium Wildlife","floor":7,"turns":6},{"damage":0,"enemies":"Looter","floor":10,"turns":3},{"damage":0,"enemies":"3 Louse","floor":12,"turns":4},{"damage":8,"enemies":"Gremlin Gang","floor":13,"turns":4},{"damage":2,"enemies":"Looter","floor":14,"turns":4},{"damage":30,"enemies":"The Guardian","floor":16,"turns":11}],"seed_played":"2991733104244761232","potions_obtained":[{"floor":3,"key":"Energy Potion"},{"floor":7,"key":"PotionOfCapacity"},{"floor":10,"key":"GamblersBrew"},{"floor":16,"key":"Strength Potion"}],"is_trial":false,"path_per_floor":["M","M","M","$","T","R","M","R","T","M","$","M","M","M","R","B",null],"character_chosen":"DEFECT","items_purchased":["Self Repair","Defragment"],"campfire_rested":0,"item_purchase_floors":[4,11],"current_hp_per_floor":[74,74,73,73,73,73,75,75,75,75,75,75,74,75,75,52,75,75],"gold":209,"neow_bonus":"RANDOM_COMMON_RELIC","is_daily":false,"chose_seed":false,"campfire_upgraded":3,"win_rate":0.0,"timestamp":1610731015,"path_taken":["M","M","M","$","?","R","?","R","T","M","?","?","M","M","R","BOSS"],"items_purchased_type":["Card","Card"],"build_version":"2020-12-22","purchased_purges":1,"victory":false,"max_hp_per_floor":[75,75,75,75,75,75,75,75,75,75,75,75,75,75,75,75,75,75],"relic_stats":{"counters":[9,40],"Bronze Scales":[114],"Smiling Mask":25,"obtain_stats":[{"Bronze Scales":0,"Cracked Core":0,"Smiling Mask":5,"Toy Ornithopter":9,"Runic Pyramid":17},{"Bronze Scales":0,"Cracked Core":0,"Smiling Mask":3,"Toy Ornithopter":4,"Runic Pyramid":9},{"Bronze Scales":0,"Cracked Core":0,"Smiling Mask":8,"Toy Ornithopter":14,"Runic Pyramid":40}],"Toy Ornithopter":0},"card_choices":[{"not_picked":["Sweeping Beam","Undo","Auto Shields"],"picked":"SKIP","floor":1},{"not_picked":["Stack","Heatsinks"],"picked":"BootSequence","floor":2},{"not_picked":["Tempest","Blizzard"],"picked":"Chill","floor":3},{"not_picked":["Leap","Loop","Barrage"],"picked":"SKIP","floor":7},{"not_picked":["Compile Driver","Beam Cell","Steam Power"],"picked":"SKIP","floor":10},{"not_picked":["Tempest","Leap","Skim"],"picked":"SKIP","floor":12},{"not_picked":["Force Field","Conserve Battery"],"picked":"White Noise","floor":13},{"not_picked":["Leap","Fission","Stack"],"picked":"SKIP","floor":14},{"not_picked":["Machine Learning","Fission"],"picked":"Rainbow","floor":16}],"player_experience":115453,"relics_obtained":[{"floor":5,"key":"Smiling Mask"},{"floor":9,"key":"Toy Ornithopter"}],"event_choices":[],"is_beta":false,"boss_relics":[{"not_picked":["Tiny House","Empty Cage"],"picked":"Runic Pyramid"}],"items_purged_floors":[11],"is_endless":false,"potions_floor_spawned":[3,7,10,16],"ascension_level":0}}