{"host":"lxihx0b6awoz2w1j","time":1610736401,"event":{"mods":["Aspiration","BaseMod","Better Third Choice","CapriCore","Colored Powertips","Downfall","Hermit","Hubris","Infinite Spire","JesterMod","Luminous","Marisa????????","Melee Mod","Minty Spire (QoL Compilation)","Prisma Mod","Quick Restart","Relic Stats","Replay The Spire","Shade Mod","Spicy Shops","StSLib","The Alterego","The Blue Laboratory","The Cursed","The Disciple","The Forsaken","The Immortal","The Jungle","The Marked","The Runesmith","The Senshi","The Servant 0.9.4","Waifu the Spire"],"gold_per_floor":[115,128,148,163,174,174,174,174,174,16,46,1,12,26,26,130,130,145,145,161,161,180,180,200,200,200,215,215,215,215,226,226,325,325,348,348,348,348,358,375,375,393,393,413,413,438,438,455,455,462],"floor_reached":51,"language":"ENG","playtime":2361,"items_purged":[],"score":733,"play_id":"e83f99be-8b29-4e63-92e7-2aa8f7cb26ff","local_time":"20210115194641","is_ascension_mode":false,"campfire_choices":[{"floor":6.0,"key":"REST"},{"data":"Neutralize","floor":8.0,"key":"SMITH"},{"data":"Leg Sweep","floor":15.0,"key":"SMITH"},{"data":"Cloak And Dagger","floor":23.0,"key":"SMITH"},{"floor":28.0,"key":"REST"},{"data":"1","floor":30.0,"key":"LIFT"},{"data":"Accuracy","floor":32.0,"key":"SMITH"},{"data":"2","floor":41.0,"key":"LIFT"},{"data":"3","floor":47,"key":"LIFT"},{"data":"Envenom","floor":49,"key":"SMITH"}],"circlet_count":0,"master_deck":["Strike_G","Strike_G","Strike_G","Strike_G","Strike_G","Defend_G","Defend_G","Defend_G","Defend_G","Defend_G","Survivor","Neutralize+1","Caltrops","Riddle With Holes","Outmaneuver","Dagger Throw","Leg Sweep+1","Accuracy+1","Backstab","Slice","ReplayTheSpireMod:Shiv Toss","Quick Slash","Malaise","Backflip+1","Dash","Cloak And Dagger+1","Blade Dance","Cloak And Dagger+1","Blade Dance","Envenom+1","Cloak And Dagger+1","expansioncontent:DecasProtection","Accuracy+1","ReplayTheSpireMod:Muscle Training","Dodge and Roll+1","Parasite","Limit Break","Envenom","Fire Breathing","Phantasmal Killer"],"relics":["Ring of the Snake","hubris:Towel","hubris:SphereOfDissonance","Replay:Lucky Slots","Happy Flower","Philosopher\u0027s Stone","alterego_mod:SomeoneToFightFor","Girya","Mango","Pet Ghost","aspiration:IroncladSkillbook","Boot","hubris:BundleOfHerbs"],"acts_visited":["Exordium","TheCity","TheBeyond"],"potions_floor_usage":[50],"damage_taken":[{"damage":4.0,"enemies":"Jaw Worm","floor":1.0,"turns":7.0},{"damage":0.0,"enemies":"Small Slimes","floor":2.0,"turns":4.0},{"damage":1.0,"enemies":"2 Louse","floor":3.0,"turns":3.0},{"damage":8.0,"enemies":"Blue Slaver","floor":4.0,"turns":5.0},{"damage":7.0,"enemies":"3 Louse","floor":5.0,"turns":3.0},{"damage":32.0,"enemies":"3 Sentries","floor":11.0,"turns":12.0},{"damage":0.0,"enemies":"Exordium Wildlife","floor":13.0,"turns":2.0},{"damage":0.0,"enemies":"Looter","floor":14.0,"turns":3.0},{"damage":36.0,"enemies":"Hexaghost","floor":16.0,"turns":12.0},{"damage":14.0,"enemies":"Spheric Guardian","floor":18.0,"turns":6.0},{"damage":0.0,"enemies":"Shell Parasite","floor":20.0,"turns":2.0},{"damage":6.0,"enemies":"Centurion and Healer","floor":22.0,"turns":7.0},{"damage":6.0,"enemies":"Snake Plant","floor":24.0,"turns":7.0},{"damage":15.0,"enemies":"Snecko","floor":27.0,"turns":6.0},{"damage":1.0,"enemies":"Sentry and Sphere","floor":31.0,"turns":5.0},{"damage":22.0,"enemies":"Champ","floor":33.0,"turns":9.0},{"damage":0.0,"enemies":"Orb Walker","floor":35.0,"turns":1.0},{"damage":2.0,"enemies":"3 Shapes","floor":39.0,"turns":3.0},{"damage":34.0,"enemies":"Sphere and 2 Shapes","floor":40.0,"turns":7.0},{"damage":3.0,"enemies":"Spire Growth","floor":42.0,"turns":2.0},{"damage":10,"enemies":"Writhing Mass","floor":44,"turns":5},{"damage":9,"enemies":"Nightmare","floor":46,"turns":7},{"damage":10,"enemies":"Maw","floor":48,"turns":6},{"damage":106,"enemies":"Donu and Deca","floor":50,"turns":8}],"seed_played":"-2507149147204911306","potions_obtained":[{"floor":4.0,"key":"blueLaboratory:NinjaPotion"},{"floor":5.0,"key":"blueLaboratory:SavagePotion"},{"floor":11.0,"key":"blueLaboratory:SuffocatingSmog"},{"floor":35.0,"key":"Fire Potion"}],"is_trial":false,"path_per_floor":["M","M","M","M","M","R","?","R","T","$","E","$","M","M","R","B",null,"M","?","M","AVR","M","R","M","?","T","M","R","T","R","M","R","B",null,"M","?","?","?","M","M","R","M","T","M","?","NM","R","M","R","B",null],"character_chosen":"THE_SILENT","items_purchased":["Replay:Lucky Slots","Accuracy","Slice"],"campfire_rested":2,"item_purchase_floors":[10,10,12],"current_hp_per_floor":[73,73,72,64,57,77,77,77,77,77,45,45,45,45,45,9,77,63,63,70,70,64,64,58,58,72,57,84,84,84,91,91,69,91,91,91,91,91,91,75,75,76,76,70,70,72,72,66,66,20],"gold":462,"neow_bonus":"TEN_PERCENT_HP_BONUS","is_daily":false,"chose_seed":false,"campfire_upgraded":5,"win_rate":0.0,"timestamp":1610736401,"path_taken":["M","M","M","M","M","R","?","R","T","$","E","$","M","M","R","BOSS","M","?","M","AVR","M","R","M","?","T","M","R","?","R","M","R","BOSS","M","?","?","?","M","M","R","M","T","?","?","NM","R","?","R","BOSS"],"items_purchased_type":["Relic","Card","Card"],"build_version":"2020-12-22","purchased_purges":0,"victory":true,"max_hp_per_floor":[77,77,77,77,77,77,77,77,77,77,77,77,77,77,77,77,77,77,77,77,77,77,77,77,77,91,91,91,91,91,91,91,91,91,91,91,91,91,91,91,91,91,91,91,91,91,91,91,91,91],"relic_stats":{"Happy Flower":[32],"counters":[24,132],"Boot":[6],"obtain_stats":[{"Girya":21,"Happy Flower":11,"hubris:SphereOfDissonance":9,"Mango":26,"hubris:Towel":7,"alterego_mod:SomeoneToFightFor":19,"Boot":43,"Pet Ghost":29,"aspiration:IroncladSkillbook":34,"Philosopher\u0027s Stone":17,"Replay:Lucky Slots":10,"hubris:BundleOfHerbs":46,"Ring of the Snake":0},{"Girya":11,"Happy Flower":6,"hubris:SphereOfDissonance":5,"Mango":13,"hubris:Towel":5,"alterego_mod:SomeoneToFightFor":10,"Boot":20,"Pet Ghost":14,"aspiration:IroncladSkillbook":16,"Philosopher\u0027s Stone":9,"Replay:Lucky Slots":5,"hubris:BundleOfHerbs":22,"Ring of the Snake":0},{"Girya":59,"Happy Flower":34,"hubris:SphereOfDissonance":22,"Mango":73,"hubris:Towel":22,"alterego_mod:SomeoneToFightFor":57,"Boot":106,"Pet Ghost":79,"aspiration:IroncladSkillbook":93,"Philosopher\u0027s Stone":51,"Replay:Lucky Slots":22,"hubris:BundleOfHerbs":118,"Ring of the Snake":0}],"Ring of the Snake":[48]},"card_choices":[{"not_picked":["PiercingWail","Predator"],"picked":"Caltrops","floor":1.0},{"not_picked":["hubris:Counter","Acrobatics"],"picked":"Riddle With Holes","floor":2.0},{"not_picked":["Riddle With Holes","Predator"],"picked":"Outmaneuver","floor":3.0},{"not_picked":["Expertise","hubris:Sniper"],"picked":"Dagger Throw","floor":4.0},{"not_picked":["Deflect","Sucker Punch"],"picked":"Leg Sweep","floor":5.0},{"not_picked":["ReplayTheSpireMod:Speed Training","Flechettes"],"picked":"Backstab","floor":11.0},{"not_picked":["Well Laid Plans","Acrobatics"],"picked":"ReplayTheSpireMod:Shiv Toss","floor":13.0},{"not_picked":["Prepared","hubris:TrickCloak"],"picked":"Quick Slash","floor":14.0},{"not_picked":["aspiration:Lunge","Grand Finale"],"picked":"Malaise","floor":16.0},{"not_picked":["Outmaneuver+1","Deadly Poison"],"picked":"Backflip+1","floor":18.0},{"not_picked":["Caltrops","PiercingWail"],"picked":"Dash","floor":20.0},{"not_picked":["Sucker Punch","Masterful Stab"],"picked":"Cloak And Dagger","floor":22.0},{"not_picked":["ReplayTheSpireMod:Scrap Shanks","Underhanded Strike"],"picked":"Blade Dance","floor":24.0},{"not_picked":["Sucker Punch","Dodge and Roll+1"],"picked":"Cloak And Dagger+1","floor":27.0},{"not_picked":["Bane","Backflip"],"picked":"Blade Dance","floor":31.0},{"not_picked":["ReplayTheSpireMod:Necrosis","Malaise"],"picked":"Envenom","floor":33.0},{"not_picked":["ReplayTheSpireMod:Strike From Hell+1","Shockwave+1","Outmaneuver"],"picked":"Cloak And Dagger+1","floor":35.0},{"not_picked":["Dramatic Entrance","expansioncontent:DonusPower","Crow Ritual"],"picked":"expansioncontent:DecasProtection","floor":36.0},{"not_picked":["Bouncing Flask","Catalyst+1","Whirlwind"],"picked":"Accuracy+1","floor":39.0},{"not_picked":["ReplayTheSpireMod:LeadingStrike","Backflip+1","Riddle With Holes"],"picked":"ReplayTheSpireMod:Muscle Training","floor":40.0},{"not_picked":["Deflect+1","Sucker Punch+1","Underhanded Strike"],"picked":"Dodge and Roll+1","floor":42.0},{"not_picked":["Body Slam+1","Well Laid Plans","Clothesline"],"picked":"Limit Break","floor":44},{"not_picked":["Shrug It Off+1","Finisher+1","ReplayTheSpireMod:Shiv Toss+1"],"picked":"Fire Breathing","floor":46},{"not_picked":["hubris:SlightOfHand+1","Run Through+1","Fire Breathing"],"picked":"Phantasmal Killer","floor":48}],"player_experience":618009,"relics_obtained":[{"floor":9.0,"key":"hubris:SphereOfDissonance"},{"floor":11.0,"key":"Happy Flower"},{"floor":26.0,"key":"Mango"},{"floor":29.0,"key":"Pet Ghost"},{"floor":43.0,"key":"Boot"},{"floor":46,"key":"hubris:BundleOfHerbs"}],"event_choices":[{"damage_healed":0.0,"max_hp_gain":0.0,"max_hp_loss":0.0,"gold_gain":0.0,"event_name":"Secret Garden","player_choice":"Choice 2","floor":19.0,"gold_loss":0.0,"damage_taken":0.0,"relics_obtained":["alterego_mod:SomeoneToFightFor"]},{"damage_healed":0.0,"max_hp_gain":0.0,"max_hp_loss":0.0,"gold_gain":0.0,"event_name":"SensoryStone","player_choice":"Memory 1","floor":36.0,"gold_loss":0.0,"damage_taken":0.0},{"damage_healed":0,"gold_gain":0,"player_choice":"Copied","damage_taken":0,"max_hp_gain":0,"max_hp_loss":0,"event_name":"Duplicator","floor":45,"gold_loss":0,"cards_obtained":["Envenom"]}],"is_beta":false,"boss_relics":[{"not_picked":["Velvet Choker","Tiny House"],"picked":"Philosopher\u0027s Stone"},{"not_picked":["Pandora\u0027s Box","aspiration:RunicSpoon"],"picked":"aspiration:IroncladSkillbook"}],"items_purged_floors":[],"is_endless":true,"potions_floor_spawned":[4,5,11,14,22,31,33,35,46,48],"ascension_level":0}}