{"host":"v9oq5ccz01n9mezq","time":1610754147,"event":{"mods":["BaseMod","Colored Map","Minty Spire (QoL Compilation)"],"gold_per_floor":[110,129,139,154,154,189,189,221,274,274,285,313,313,1,1,106,106,126,126,225,225,245,280,280,293,293,327,341,341,134,59,59,159,159,170,170,220,238,238,238,256,256,338,373,373,16,34,48,48,48],"floor_reached":51,"language":"ENG","playtime":2932,"items_purged":["Strike_R","Strike_R","Strike_R"],"score":966,"play_id":"62d55014-6fb3-41f0-ac48-a743d3c6177b","local_time":"20210115184227","is_ascension_mode":true,"campfire_choices":[{"data":"Rampage","floor":7,"key":"SMITH"},{"floor":10,"key":"REST"},{"data":"True Grit","floor":13,"key":"SMITH"},{"data":"Bash","floor":15,"key":"SMITH"},{"floor":24,"key":"REST"},{"data":"Whirlwind","floor":29,"key":"SMITH"},{"data":"Ghostly","floor":32,"key":"SMITH"},{"data":"Ghostly","floor":40,"key":"SMITH"},{"data":"Ghostly","floor":45,"key":"SMITH"},{"data":"Ghostly","floor":49,"key":"SMITH"}],"circlet_count":0,"master_deck":["Strike_R","Defend_R","Defend_R","Defend_R","Defend_R","Bash+1","Inflame","Rampage+1","Headbutt","True Grit+1","Anger","Inflame","Bludgeon","Pommel Strike","Ghostly+1","Ghostly+1","Ghostly+1","Ghostly+1","Ghostly","Sword Boomerang+1","Whirlwind+1","Seeing Red","Berserk","Warcry","Shrug It Off+1","Blind","Spot Weakness","Warcry+1","Apotheosis","Secret Technique","Parasite","Heavy Blade+1"],"relics":["Burning Blood","Peace Pipe","Sundial","Shuriken","Smiling Mask","Toy Ornithopter","Membership Card","PreservedInsect","Black Star","MealTicket","Calipers","HornCleat","Regal Pillow","Orichalcum","Lantern","Happy Flower","Coffee Dripper","Charon\u0027s Ashes","Question Card","The Courier","Pear","Anchor","Bag of Preparation"],"acts_visited":["Exordium","TheCity","TheBeyond"],"potions_floor_usage":[3,6,12,16,22,33,33,41,42,50],"damage_taken":[{"damage":0,"enemies":"Small Slimes","floor":1,"turns":3},{"damage":6,"enemies":"Cultist","floor":2,"turns":3},{"damage":8,"enemies":"Jaw Worm","floor":3,"turns":3},{"damage":10,"enemies":"3 Louse","floor":4,"turns":4},{"damage":32,"enemies":"Gremlin Nob","floor":6,"turns":4},{"damage":35,"enemies":"3 Sentries","floor":8,"turns":8},{"damage":4,"enemies":"Blue Slaver","floor":11,"turns":4},{"damage":16,"enemies":"Gremlin Nob","floor":12,"turns":3},{"damage":25,"enemies":"Hexaghost","floor":16,"turns":9},{"damage":24,"enemies":"Spheric Guardian","floor":18,"turns":5},{"damage":27,"enemies":"3 Byrds","floor":22,"turns":7},{"damage":9,"enemies":"Book of Stabbing","floor":23,"turns":6},{"damage":2,"enemies":"Centurion and Healer","floor":25,"turns":6},{"damage":7,"enemies":"Slavers","floor":27,"turns":6},{"damage":0,"enemies":"3 Cultists","floor":28,"turns":6},{"damage":30,"enemies":"Champ","floor":33,"turns":9},{"damage":0,"enemies":"3 Darklings","floor":35,"turns":5},{"damage":0,"enemies":"Mind Bloom Boss Battle","floor":37,"turns":6},{"damage":0,"enemies":"Orb Walker","floor":38,"turns":2},{"damage":13,"enemies":"Sphere and 2 Shapes","floor":41,"turns":6},{"damage":24,"enemies":"Giant Head","floor":42,"turns":6},{"damage":0,"enemies":"Reptomancer","floor":44,"turns":4},{"damage":0,"enemies":"Writhing Mass","floor":47,"turns":6},{"damage":0,"enemies":"4 Shapes","floor":48,"turns":2},{"damage":30,"enemies":"Awakened One","floor":50,"turns":9}],"seed_played":"-9217099997989564282","potions_obtained":[{"floor":1,"key":"EssenceOfSteel"},{"floor":3,"key":"LiquidBronze"},{"floor":11,"key":"AttackPotion"},{"floor":12,"key":"EssenceOfSteel"},{"floor":18,"key":"Fire Potion"},{"floor":25,"key":"PowerPotion"},{"floor":28,"key":"Block Potion"},{"floor":33,"key":"SmokeBomb"},{"floor":35,"key":"Fruit Juice"},{"floor":47,"key":"HeartOfIron"}],"is_trial":false,"path_per_floor":["M","M","M","M","?","E","R","E","T","R","M","E","R","$","R","B",null,"M","?","?","?","M","E","R","M","T","E","M","R","$","?","R","B",null,"M","?","?","M","?","R","M","E","T","E","R","$","M","M","R","B",null],"character_chosen":"IRONCLAD","items_purchased":["Membership Card","PreservedInsect","Inflame","Lantern","Happy Flower","Anchor","Apotheosis","Secret Technique","Fire Potion","Bag of Preparation","Block Potion","SteroidPotion"],"campfire_rested":2,"item_purchase_floors":[14,14,14,30,30,46,46,46,46,46,46,46],"current_hp_per_floor":[72,72,70,66,66,40,40,11,11,32,34,24,24,24,24,10,72,54,41,41,38,22,19,30,34,34,33,38,38,38,38,38,19,38,38,36,36,36,36,36,39,26,26,42,42,51,51,51,51,27],"gold":48,"neow_bonus":"ONE_RARE_RELIC","is_daily":false,"chose_seed":false,"campfire_upgraded":8,"win_rate":0.0,"timestamp":1610754147,"path_taken":["M","M","M","M","?","E","R","E","T","R","M","E","R","?","R","BOSS","M","?","?","?","M","E","R","M","T","E","M","R","?","?","R","BOSS","M","?","?","?","?","R","M","E","T","E","R","$","M","M","R","BOSS"],"items_purchased_type":["Relic","Relic","Card","Relic","Relic","Relic","Card","Card","Potion","Relic","Potion","Potion"],"build_version":"2020-12-22","purchased_purges":3,"victory":true,"max_hp_per_floor":[72,72,72,72,72,72,72,72,72,72,72,72,72,72,72,72,72,72,77,77,38,38,38,38,38,38,38,38,38,38,38,38,38,38,38,36,36,36,36,36,41,41,41,51,51,51,51,51,51,51],"card_choices":[{"not_picked":["Power Through","Twin Strike"],"picked":"Inflame","floor":1},{"not_picked":["True Grit","Ghostly Armor"],"picked":"Rampage","floor":2},{"not_picked":["Ghostly Armor","Havoc"],"picked":"Headbutt","floor":3},{"not_picked":["Perfected Strike","Second Wind","Iron Wave"],"picked":"SKIP","floor":4},{"not_picked":["Pommel Strike","Rampage","Clash"],"picked":"SKIP","floor":6},{"not_picked":["Flex","Exhume"],"picked":"True Grit","floor":8},{"not_picked":["Hemokinesis","Havoc","Pummel"],"picked":"SKIP","floor":11},{"not_picked":["Thunderclap","Uppercut"],"picked":"Anger","floor":12},{"not_picked":["Demon Form","Barricade"],"picked":"Bludgeon","floor":16},{"not_picked":["Iron Wave","Entrench"],"picked":"Pommel Strike","floor":18},{"not_picked":["Searing Blow","Clash"],"picked":"Sword Boomerang+1","floor":22},{"not_picked":["Rampage+1","Heavy Blade"],"picked":"Whirlwind","floor":23},{"not_picked":["Thunderclap+1","Cleave"],"picked":"Seeing Red","floor":25},{"not_picked":["Cleave","Berserk","Clothesline+1"],"picked":"SKIP","floor":27},{"not_picked":["Cleave","Clothesline+1"],"picked":"Berserk","floor":27},{"not_picked":["Dual Wield","Shockwave"],"picked":"Warcry","floor":28},{"not_picked":["Sever Soul+1","Dual Wield"],"picked":"Shrug It Off+1","floor":35},{"not_picked":["Pommel Strike+1","Cleave+1","Clothesline"],"picked":"SKIP","floor":38},{"not_picked":["Bandage Up","Metamorphosis"],"picked":"Blind","floor":39},{"not_picked":["Flex+1","Wild Strike+1"],"picked":"Spot Weakness","floor":41},{"not_picked":["Barricade","Perfected Strike","Anger"],"picked":"Warcry+1","floor":44},{"not_picked":["Rampage","Power Through+1","Shrug It Off+1"],"picked":"Heavy Blade+1","floor":47},{"not_picked":["Second Wind+1","Reaper","Body Slam+1","Metallicize"],"picked":"SKIP","floor":48}],"player_experience":80409,"relics_obtained":[{"floor":6,"key":"Sundial"},{"floor":8,"key":"Shuriken"},{"floor":9,"key":"Smiling Mask"},{"floor":12,"key":"Toy Ornithopter"},{"floor":23,"key":"MealTicket"},{"floor":23,"key":"Calipers"},{"floor":26,"key":"HornCleat"},{"floor":27,"key":"Regal Pillow"},{"floor":27,"key":"Orichalcum"},{"floor":37,"key":"Charon\u0027s Ashes"},{"floor":43,"key":"Question Card"},{"floor":44,"key":"The Courier"},{"floor":44,"key":"Pear"}],"event_choices":[{"damage_healed":0,"gold_gain":0,"player_choice":"0 cards matched","damage_taken":0,"max_hp_gain":0,"max_hp_loss":0,"event_name":"Match and Keep!","floor":5,"gold_loss":0,"cards_obtained":[]},{"damage_healed":0,"gold_gain":0,"player_choice":"Shed Blood","damage_taken":18,"max_hp_gain":5,"max_hp_loss":0,"event_name":"Forgotten Altar","floor":19,"gold_loss":0},{"damage_healed":0,"gold_gain":99,"player_choice":"Stole From Cult","damage_taken":0,"max_hp_gain":0,"max_hp_loss":0,"event_name":"Nest","floor":20,"gold_loss":0},{"damage_healed":0,"gold_gain":0,"player_choice":"Became a Ghost","damage_taken":0,"max_hp_gain":0,"max_hp_loss":39,"event_name":"Ghosts","floor":21,"gold_loss":0,"cards_obtained":["Ghostly","Ghostly","Ghostly","Ghostly","Ghostly"]},{"cards_removed":["Strike_R"],"damage_healed":0,"gold_gain":0,"player_choice":"Gave Gold","damage_taken":0,"max_hp_gain":0,"max_hp_loss":0,"event_name":"Beggar","floor":31,"gold_loss":75},{"damage_healed":0,"gold_gain":0,"player_choice":"Max HP","damage_taken":0,"max_hp_gain":0,"max_hp_loss":2,"event_name":"Winding Halls","floor":36,"gold_loss":0},{"damage_healed":0,"gold_gain":0,"player_choice":"Fight","damage_taken":0,"max_hp_gain":0,"max_hp_loss":0,"event_name":"MindBloom","floor":37,"gold_loss":0},{"damage_healed":0,"gold_gain":0,"player_choice":"Memory 1","damage_taken":0,"max_hp_gain":0,"max_hp_loss":0,"event_name":"SensoryStone","floor":39,"gold_loss":0}],"is_beta":false,"boss_relics":[{"not_picked":["Fusion Hammer","Cursed Key"],"picked":"Black Star"},{"not_picked":["Black Blood","Snecko Eye"],"picked":"Coffee Dripper"}],"items_purged_floors":[14,30,46],"is_endless":false,"potions_floor_spawned":[1,3,11,12,18,25,28,33,35,47],"ascension_level":4}}