{"host":"s7f8yj5urueb7fy1","time":1610702129,"event":{"mods":["Act Like it!","Bard","BaseMod","Better Third Choice","Conspire","Downfall","Hallownest","Minty Spire (QoL Compilation)","Replay The Spire","Shop Mod","Somnambulant","StSLib","The Bug Knight","The Cursed","The Factory","The Hierophant","The Jungle","TheFirefly","Wandering Minibosses"],"gold_per_floor":[99,99,166,166,166,201,283,300,4,23,45,45,45,62,81,179,179,179,197,217,234,26,26,26,11,28,28,63,63,63,82,100,198,198,48,60,74,74,27,55,55,55,68,81,101,101,120,179,197,197],"floor_reached":51,"language":"ENG","playtime":7109,"items_purged":["theJungle:Gourd"],"score":798,"play_id":"174574d9-a7ff-48e4-ba39-4fe74fd08f2e","local_time":"20210115011529","is_ascension_mode":false,"campfire_choices":[{"floor":1,"key":"DIG"},{"data":"champ:ArenaPreparation","floor":13,"key":"SMITH"},{"floor":18,"key":"DIG"},{"floor":23,"key":"RECALL"},{"data":"Midas Touch","floor":29,"key":"SMITH"},{"data":"expansioncontent:QuickStudy","floor":42,"key":"SMITH"},{"data":"champ:CrookedStrike","floor":46,"key":"SMITH"}],"circlet_count":0,"master_deck":["champ:Strike","champ:Strike","champ:Strike","champ:Strike","champ:Execute","champ:AdrenalArmor","champ:FlashCut","champ:Riposte","champ:Encircle","champ:ArenaPreparation+1","champ:FaceSlap+1","champ:FaceSlap","champ:CrookedStrike","champ:BerserkerStyle","champ:LastStand","champ:HeartStrike","Midas Touch+1","champ:FanOfKnives","champ:BladeFlurry","champ:BringItOn+1","theJungle:Gourd","theJungle:Gourd","theJungle:Gourd","theJungle:Gourd","champ:CrookedStrike+1","champ:CrownThrow","champ:CrookedStrike+1","champ:Duel+1","champ:IronFortress","expansioncontent:QuickStudy+1","champ:Haymaker+1"],"relics":["champ:ChampionCrownUpgraded","downfall:HeartsMalice","ReplayTheSpireMod:Ninjato","Divine Protection","Kunai","Orichalcum","Sundial","Toolbox","Odd Mushroom","downfall:BrokenWingStatue","conspire:TopHat","Torii","Pet Ghost","theJungle:SpiritDisease","Busted Crown","downfall:HeartBlessingRed","downfall:HeartBlessingGreen","wanderingMiniBosses:Inkheart","Pocketwatch","Spirit Poop","Counterbalance"],"acts_visited":["Exordium","Exordium","Hallownest:KingdomsEdge"],"potions_floor_usage":[28,33,37,48],"damage_taken":[{"damage":0,"enemies":"Small Slimes","floor":2,"turns":1},{"damage":0,"enemies":"conspire:RoseBush","floor":5,"turns":1},{"damage":0,"enemies":"Gremlin Nob","floor":6,"turns":1},{"damage":11,"enemies":"Jaw Worm","floor":8,"turns":5},{"damage":10,"enemies":"downfall:FleeingMerchant","floor":9,"turns":4},{"damage":17,"enemies":"2 Fungi Beasts","floor":10,"turns":3},{"damage":32,"enemies":"The Mushroom Lair","floor":11,"turns":3},{"damage":13,"enemies":"Red Slaver","floor":14,"turns":3},{"damage":13,"enemies":"3 Louse","floor":15,"turns":3},{"damage":44,"enemies":"downfall:Watcher","floor":16,"turns":9},{"damage":24,"enemies":"theJungle:GiantWrat","floor":19,"turns":3},{"damage":1,"enemies":"Shell Parasite","floor":20,"turns":2},{"damage":38,"enemies":"theJungle:JungleHuntersEncounter","floor":21,"turns":7},{"damage":31,"enemies":"downfall:FleeingMerchant","floor":22,"turns":7},{"damage":10,"enemies":"downfall:FleeingMerchant","floor":25,"turns":4},{"damage":36,"enemies":"theJungle:Lyon","floor":26,"turns":4},{"damage":60,"enemies":"theJungle:MamaSnecko","floor":28,"turns":7},{"damage":23,"enemies":"theJungle:SlimyTreeVines","floor":31,"turns":3},{"damage":19,"enemies":"theJungle:2_Flameangoes","floor":32,"turns":4},{"damage":76,"enemies":"downfall:Ironclad","floor":33,"turns":7},{"damage":48,"enemies":"Hallownest:2_Littles","floor":36,"turns":6},{"damage":0,"enemies":"Hallownest:3_Siblings","floor":37,"turns":4},{"damage":6,"enemies":"downfall:FleeingMerchant","floor":39,"turns":1},{"damage":15,"enemies":"Hallownest:StalkingDevout","floor":40,"turns":5},{"damage":7,"enemies":"Hallownest:2_Great","floor":43,"turns":4},{"damage":21,"enemies":"Hallownest:2_Wing_and_1_Kings","floor":44,"turns":3},{"damage":5,"enemies":"Hallownest:2_Soldiers_and_1_Guardian","floor":45,"turns":3},{"damage":10,"enemies":"Hallownest:monsterPrimalAspid","floor":47,"turns":2},{"damage":20,"enemies":"Hallownest:2_Primals","floor":48,"turns":4},{"damage":20,"enemies":"Hallownest:2_Great","floor":49,"turns":2},{"damage":13,"enemies":"downfall:Defect","floor":50,"turns":4}],"seed_played":"-1849164478938221591","potions_obtained":[{"floor":3,"key":"conspire:TimeTravelPotion"},{"floor":8,"key":"FearPotion"},{"floor":10,"key":"Block Potion"},{"floor":16,"key":"champ:OpenerPotion"},{"floor":28,"key":"Dexterity Potion"},{"floor":33,"key":"champ:OpenerPotion"},{"floor":45,"key":"Slimebound:ThreeZeroPotion"},{"floor":47,"key":"Energy Potion"},{"floor":49,"key":"Milkshake"}],"is_trial":false,"path_per_floor":["R","M","?","T","M","E","T","M","$","M","?","?","R","M","M","B",null,"R","M","M","M","$","R","T","$","M","?","E","R","?","M","M","B",null,"R","M","M","?","$","E","T","R","M","M","M","R","M","?","M","B",null],"character_chosen":"THE_CHAMP","items_purchased":["champ:ArenaPreparation","champ:FaceSlap+1","Toolbox","Midas Touch","champ:FanOfKnives","champ:IronFortress","expansioncontent:QuickStudy","AttackPotion"],"campfire_rested":0,"item_purchase_floors":[9,9,9,22,22,39,39,39],"current_hp_per_floor":[90,90,54,54,54,54,54,55,59,67,63,63,63,68,67,52,90,90,90,90,71,78,78,78,79,67,67,53,53,53,59,67,15,90,90,73,87,56,64,72,72,72,80,76,84,84,90,90,90,90],"gold":197,"neow_bonus":"THREE_ENEMY_KILL","is_daily":false,"chose_seed":false,"campfire_upgraded":4,"win_rate":0.0,"timestamp":1610702129,"path_taken":["R","M","?","?","?","E","T","M","$","M","?","?","R","M","M","BOSS","R","M","M","M","$","R","T","$","M","?","E","R","?","M","M","BOSS","R","M","M","?","$","E","T","R","M","?","M","R","M","?","M","BOSS"],"items_purchased_type":["Card","Card","Relic","Card","Card","Card","Card","Potion"],"build_version":"2020-12-22","purchased_purges":1,"victory":true,"max_hp_per_floor":[90,90,90,90,90,90,90,90,90,90,90,90,90,90,90,90,90,90,90,90,90,90,90,90,90,90,90,90,90,90,90,90,90,90,90,90,90,90,90,90,90,90,90,90,90,90,90,90,90,90],"card_choices":[{"not_picked":["champ:FlashCut","champ:EnGarde"],"picked":"champ:AdrenalArmor","floor":2},{"not_picked":["champ:Circumvent","champ:PerfectedStrike"],"picked":"champ:FlashCut","floor":3},{"not_picked":["champ:BladeFlurry","champ:FlashCut"],"picked":"champ:EndlessRage","floor":5},{"not_picked":["champ:CalledShot","champ:FocusedDefense"],"picked":"champ:Riposte","floor":6},{"not_picked":["champ:BladeFlurry","champ:ViciousMockery"],"picked":"champ:Encircle","floor":8},{"not_picked":["champ:HeartStrike","champ:BladeFlurry"],"picked":"champ:StanceDance","floor":9},{"not_picked":["champ:PerfectedStrike","champ:SteelEdge"],"picked":"champ:FaceSlap","floor":10},{"not_picked":["champ:DefensiveShout","champ:GladiatorsShout"],"picked":"champ:CrookedStrike","floor":11},{"not_picked":["champ:Circumvent","champ:EnragedBash"],"picked":"champ:BerserkerStyle","floor":14},{"not_picked":["champ:Duel","champ:Circumvent","champ:FaceSlap"],"picked":"SKIP","floor":15},{"not_picked":["champ:SwordThrow","champ:HoldFirm"],"picked":"champ:LastStand","floor":16},{"not_picked":["champ:FalseCounter","champ:GladiatorStyle"],"picked":"champ:HeartStrike","floor":19},{"not_picked":["champ:PerfectedStrike","champ:FlashCut+1","champ:DefensiveShout+1"],"picked":"SKIP","floor":20},{"not_picked":["champ:PreciseThrust","champ:EndlessRage"],"picked":"champ:LastStand","floor":21},{"not_picked":["champ:FocusedDefense","champ:FlashCut","champ:BerserkersShout"],"picked":"SKIP","floor":22},{"not_picked":["champ:HeavySlash","champ:GladiatorStyle"],"picked":"champ:BladeFlurry","floor":25},{"not_picked":["champ:GutPunch","champ:AdrenalArmor"],"picked":"champ:BringItOn+1","floor":26},{"not_picked":["champ:DefensiveShout","champ:BerserkersShout","champ:HeartStrike"],"picked":"SKIP","floor":28},{"not_picked":["champ:GutPunch","champ:BerserkersShout+1","champ:Circumvent"],"picked":"SKIP","floor":31},{"not_picked":["champ:FlashCut","champ:EnGarde"],"picked":"champ:CrookedStrike","floor":32},{"not_picked":["champ:SkillfulDodge"],"picked":"SKIP","floor":36},{"not_picked":[],"picked":"champ:CrookedStrike+1","floor":37},{"not_picked":[],"picked":"champ:Duel+1","floor":39},{"not_picked":["champ:GladiatorStyle"],"picked":"SKIP","floor":40},{"not_picked":["champ:Circumvent"],"picked":"SKIP","floor":43},{"not_picked":["champ:DefensiveShout"],"picked":"SKIP","floor":44},{"not_picked":[],"picked":"champ:Haymaker+1","floor":45},{"not_picked":["champ:EndlessRage+1"],"picked":"SKIP","floor":47},{"not_picked":["champ:IronFortress"],"picked":"SKIP","floor":49}],"player_experience":405978,"relics_obtained":[{"floor":1,"key":"ReplayTheSpireMod:Ninjato"},{"floor":3,"key":"Divine Protection"},{"floor":4,"key":"Kunai"},{"floor":6,"key":"Orichalcum"},{"floor":7,"key":"Sundial"},{"floor":11,"key":"Odd Mushroom"},{"floor":18,"key":"conspire:TopHat"},{"floor":24,"key":"Torii"},{"floor":28,"key":"Pet Ghost"},{"floor":36,"key":"wanderingMiniBosses:Inkheart"},{"floor":40,"key":"Pocketwatch"},{"floor":41,"key":"Spirit Poop"},{"floor":48,"key":"Counterbalance"}],"event_choices":[{"damage_healed":0,"gold_gain":0,"player_choice":"Fought Mushrooms","damage_taken":0,"max_hp_gain":0,"max_hp_loss":0,"event_name":"Mushrooms","floor":11,"gold_loss":0}],"is_beta":false,"boss_relics":[{"not_picked":["conspire:SlowCooker","Painkiller Herb"],"picked":"champ:ChampionCrownUpgraded"},{"not_picked":["conspire:SeveredTorchhead","Honey Jar"],"picked":"Busted Crown"}],"items_purged_floors":[39],"is_endless":false,"potions_floor_spawned":[8,10,11,15,16,20,26,28,31,33,43,45,47,49],"ascension_level":0}}