{"host":"4ek4eq5z32z3zgvw","time":1610676761,"event":{"mods":["2.2 Compatiblity","AchievementEnabler","Act Like it!","AlwaysNeverKeys","Aspiration","BaseMod","Better Match","Better Note","Better Sensory Stone","Better Third Choice","BetterRewards","Block Reminder","Colored Map","Colored Powertips","DeckTracker","Defuse TimeMaze Blight","Downfall","Energized Spire","Halation","Hubris","Infinite Spire","Minty Spire (QoL Compilation)","Permanent Neow","Quick Restart","Rare Cards Sparkle","Relic Filter","Relic Sorter","Replay The Spire","Shop Mod","Spikes Relics","StSLib","SuperFastMode","Synergy Search","Unceasing Turn Reminder","UnlockEverythingMod","egg","vexMod"],"gold_per_floor":[112,1,15,15,112,112,112,126,126,126,126,142,153,6,6,107,107,126,126,13,13,32,32,61,79,79,79,98,98,98],"floor_reached":29,"language":"ENG","playtime":1043,"items_purged":["Strike_B"],"score":192,"play_id":"a9ad1f6e-b83b-482d-aa67-fb6263404c31","local_time":"20210114201241","is_ascension_mode":true,"campfire_choices":[{"data":"Double Energy","floor":6,"key":"SMITH"},{"data":"Replay:Dark Deal","floor":11,"key":"SMITH"},{"floor":15,"key":"REST"},{"data":"Creative AI","floor":23,"key":"SMITH"},{"floor":27,"key":"REST"}],"circlet_count":0,"master_deck":["Strike_B","Strike_B","Strike_B","Defend_B","Defend_B","Defend_B","Defend_B","Zap","Dualcast","Replay:Dark Deal+1","Gash","Heatsinks","Panic Button","aspiration:Polymerization+1","Self Repair","Static Discharge+1","Heatsinks","Coolheaded","Capacitor","Steam","Gash+1","Time Bomb","Hologram","Hologram","hubris:DuctTapeCard"],"relics":["Cracked Core","halation:LostSnail","infinitespire:WardingShard","Gremlin Horn","AncientExoskeleton","Geode","hubris:DuctTape","hubris:ToyBattleship"],"acts_visited":["Exordium","TheCity"],"potions_floor_usage":[3,13,22,29],"damage_taken":[{"damage":0,"enemies":"Small Slimes","floor":1,"turns":2},{"damage":6,"enemies":"2 Louse","floor":3,"turns":2},{"damage":4,"enemies":"Cultist","floor":8,"turns":3},{"damage":9,"enemies":"2 Fungi Beasts","floor":12,"turns":2},{"damage":2,"enemies":"Exordium Thugs","floor":13,"turns":3},{"damage":5,"enemies":"Fading Forest","floor":16,"turns":3},{"damage":1,"enemies":"Shell Parasite","floor":18,"turns":8},{"damage":35,"enemies":"3 Byrds","floor":22,"turns":6},{"damage":22,"enemies":"Replay:Snechameleon","floor":24,"turns":4},{"damage":31,"enemies":"3 Cultists","floor":25,"turns":6},{"damage":10,"enemies":"Centurion and Healer","floor":28,"turns":7},{"damage":39,"enemies":"Slavers","floor":29,"turns":3}],"seed_played":"2563985472426915426","potions_obtained":[{"floor":1,"key":"LifebloodPotion"},{"floor":16,"key":"Energy Potion"},{"floor":28,"key":"Languid Potion"}],"is_trial":false,"path_per_floor":["M","$","M","?","?","R","?","M","T","?","R","M","M","$","R","B",null,"M","?","$","?","M","R","E","M","T","R","M","E"],"character_chosen":"DEFECT","items_purchased":["halation:LostSnail","infinitespire:WardingShard","Replay:Dark Deal","SkillPotion","Gash","Heatsinks","Capacitor","Steam","Gash+1","Hologram","DistilledChaos"],"campfire_rested":2,"item_purchase_floors":[0,0,0,0,0,2,14,14,14,20,20],"current_hp_per_floor":[40,40,34,34,34,34,34,30,30,30,30,21,26,26,48,50,75,75,75,75,75,47,47,32,18,18,40,37,0,0],"gold":98,"neow_bonus":"","is_daily":false,"chose_seed":false,"campfire_upgraded":3,"win_rate":0.0,"timestamp":1610676761,"path_taken":["M","$","M","?","?","R","?","?","T","?","R","M","M","?","R","BOSS","M","?","$","?","?","R","E","M","T","R","M","E"],"items_purchased_type":["Relic","Relic","Card","Potion","Card","Card","Card","Card","Card","Card","Potion"],"build_version":"2020-12-22","purchased_purges":1,"victory":false,"max_hp_per_floor":[75,75,75,75,75,75,75,75,75,75,75,75,75,75,75,75,75,75,75,75,75,75,75,75,75,75,75,75,75,75],"card_choices":[{"not_picked":["Time Bomb","Conserve Battery"],"picked":"White Noise","floor":1},{"not_picked":["Aggregate","Gash","Rebound"],"picked":"SKIP","floor":3},{"not_picked":["Consume","Compile Driver"],"picked":"Panic Button","floor":5},{"not_picked":["Chill","Streamline"],"picked":"aspiration:Polymerization","floor":5},{"not_picked":["ReplayTheSpireMod:GoodbyeWorld","Ball Lightning"],"picked":"Double Energy","floor":5},{"not_picked":["Sweeping Beam","Steam"],"picked":"Self Repair","floor":8},{"not_picked":["Undo","Ball Lightning"],"picked":"Heatsinks","floor":12},{"not_picked":["Streamline","Beam Cell"],"picked":"Coolheaded","floor":13},{"not_picked":["Rainbow","ReplayRNGCard"],"picked":"Creative AI","floor":16},{"not_picked":["Doom and Gloom","Compile Driver+1"],"picked":"Time Bomb","floor":18},{"not_picked":["Stack","Rip and Tear","BasicCrystalCard"],"picked":"SKIP","floor":22},{"not_picked":["Steam Power","Chaos","Turbo"],"picked":"SKIP","floor":24},{"not_picked":["Barrage","Compile Driver","FIFO Queue"],"picked":"SKIP","floor":25},{"not_picked":["Chaos","Reprogram","Beam Cell"],"picked":"SKIP","floor":28}],"player_experience":607218,"relics_obtained":[{"floor":9,"key":"Gremlin Horn"},{"floor":24,"key":"hubris:DuctTape"},{"floor":26,"key":"hubris:ToyBattleship"}],"event_choices":[{"damage_healed":0,"gold_gain":0,"player_choice":"Upgraded","damage_taken":0,"max_hp_gain":0,"max_hp_loss":0,"event_name":"Upgrade Shrine","floor":7,"gold_loss":0,"cards_upgraded":["White Noise"]},{"damage_healed":0,"gold_gain":0,"player_choice":"Gave Potion","damage_taken":0,"relics_obtained":["Geode"],"max_hp_gain":0,"max_hp_loss":0,"event_name":"WeMeetAgain","floor":19,"gold_loss":0},{"damage_healed":0,"gold_gain":0,"player_choice":"Forge","damage_taken":0,"max_hp_gain":0,"max_hp_loss":0,"event_name":"Accursed Blacksmith","floor":21,"gold_loss":0,"cards_upgraded":["aspiration:Polymerization"]}],"is_beta":false,"boss_relics":[{"not_picked":["Painkiller Herb","vexMod:FluxCapacitor"],"picked":"AncientExoskeleton"}],"items_purged_floors":[2],"is_endless":false,"potions_floor_spawned":[1,16,28],"killed_by":"Slavers","ascension_level":1}}