{"host":"7f01flv6y0vhl3vt","time":1610748045,"event":{"mods":["Act Like it!","BaseMod","Downfall","Minty Spire (QoL Compilation)","StSLib"],"gold_per_floor":[99,99,99,24,24,24,24,49,34,209,59,59,59,116,135,135,135],"floor_reached":16,"language":"ENG","playtime":1112,"items_purged":["sneckomod:Strike"],"score":117,"play_id":"16ba85e0-2ec1-446b-a6a4-1020a2b028cf","local_time":"20210115170045","is_ascension_mode":false,"campfire_choices":[{"floor":1,"key":"RECALL"},{"data":"sneckomod:UnknownRareAttack","floor":6,"key":"SMITH"},{"floor":11,"key":"REST"},{"data":"sneckomod:Unknown3Cost","floor":13,"key":"SMITH"}],"circlet_count":0,"master_deck":["sneckomod:Strike","sneckomod:Defend","sneckomod:Defend","sneckomod:Defend","sneckomod:TailWhip","sneckomod:SnekBite","sneckomod:Unknown","sneckomod:Unknown","sneckomod:PureSnecko","sneckomod:UnknownClassHEXA_GHOST_PURPLE","sneckomod:UnknownRareAttack+1","sneckomod:UnknownWeak","sneckomod:Unknown3Cost+1","Doubt","sneckomod:CheapStock+1","sneckomod:UnknownClassPURPLE"],"relics":["sneckomod:SneckoSoul","downfall:HeartsMalice","Meat on the Bone","downfall:HeartBlessingBlue","downfall:HeartBlessingRed","Frozen Egg 2","MealTicket"],"acts_visited":["Exordium"],"potions_floor_usage":[14,15,16],"damage_taken":[{"damage":0,"enemies":"2 Louse","floor":2,"turns":1},{"damage":0,"enemies":"Jaw Worm","floor":3,"turns":1},{"damage":0,"enemies":"downfall:FleeingMerchant","floor":4,"turns":1},{"damage":39,"enemies":"3 Sentries","floor":8,"turns":7},{"damage":0,"enemies":"downfall:FleeingMerchant","floor":9,"turns":4},{"damage":50,"enemies":"Gremlin Nob","floor":14,"turns":6},{"damage":39,"enemies":"Small Slimes","floor":15,"turns":3},{"damage":35,"enemies":"downfall:Ironclad","floor":16,"turns":5}],"seed_played":"-1992970107951194376","potions_obtained":[{"floor":8,"key":"DistilledChaos"},{"floor":14,"key":"sneckomod:MuddlingPotion"},{"floor":15,"key":"SkillPotion"}],"is_trial":false,"path_per_floor":["R","M","M","$","?","R","T","E","$","?","R","?","R","?","M","B"],"character_chosen":"THE_SNECKO","items_purchased":[],"campfire_rested":1,"item_purchase_floors":[],"current_hp_per_floor":[90,90,91,92,92,92,92,54,55,55,96,84,84,46,35,0,0],"gold":135,"neow_bonus":"THREE_ENEMY_KILL","is_daily":false,"chose_seed":false,"campfire_upgraded":2,"win_rate":0.0,"timestamp":1610748045,"path_taken":["R","M","M","$","?","R","T","E","$","?","R","?","R","?","M","BOSS"],"items_purchased_type":[],"build_version":"2020-12-22","purchased_purges":1,"victory":false,"max_hp_per_floor":[90,90,91,92,92,92,92,93,94,94,104,104,104,104,105,105,105],"card_choices":[{"not_picked":["sneckomod:UnknownCommonAttack","sneckomod:UnknownWeak"],"picked":"sneckomod:PureSnecko","floor":2},{"not_picked":["sneckomod:SoulRoll","sneckomod:DiceCrush"],"picked":"sneckomod:UnknownClassHEXA_GHOST_PURPLE","floor":3},{"not_picked":["sneckomod:SoulDraw","sneckomod:UnknownCommonAttack"],"picked":"sneckomod:UnknownRareAttack","floor":4},{"not_picked":["sneckomod:IronFang","sneckomod:Unknown1Cost"],"picked":"sneckomod:UnknownWeak","floor":8},{"not_picked":["sneckomod:UnknownUncommonPower","sneckomod:Unknown1Cost"],"picked":"sneckomod:Unknown3Cost","floor":9},{"not_picked":["sneckomod:UnknownClassHEXA_GHOST_PURPLE","sneckomod:UnknownVulnerable"],"picked":"sneckomod:CheapStock+1","floor":14},{"not_picked":["sneckomod:UnknownEthereal","sneckomod:SlitherStrike"],"picked":"sneckomod:UnknownClassPURPLE","floor":15}],"player_experience":1275949,"relics_obtained":[{"floor":8,"key":"Meat on the Bone"},{"floor":14,"key":"MealTicket"}],"event_choices":[{"damage_healed":0,"gold_gain":0,"player_choice":"Success","damage_taken":12,"relics_obtained":["Frozen Egg 2"],"max_hp_gain":0,"max_hp_loss":0,"event_name":"Scrap Ooze","floor":12,"gold_loss":0}],"is_beta":false,"boss_relics":[],"items_purged_floors":[4],"is_endless":false,"potions_floor_spawned":[8,14,15],"killed_by":"downfall:Ironclad","ascension_level":0}}