{"host":"hbmugw1tcdgjy91l","time":1610678406,"event":{"mods":["Act Like it!","Arknights The Spire","BaseMod","Downfall","Gensokyo","Gremlin Mod","GungeonMod","Lobotomy","LobotomyExtend","Mari Mod (Legacy)","Mari\u0027s V1 Patch","Minty Spire (QoL Compilation)","Pale of the Ancients","Prisma Mod","READ ME - Guardian Mod","Replay The Spire","StSLib","TestMod","WarShipGirlsR/战舰少女R mod","vexMod","【功能Mod】混沌之环修复补丁"],"gold_per_floor":[276,295,49,49,49,74,74,106,186,220,105,122,122,152,152,152,152],"floor_reached":16,"language":"ZHS","playtime":1567,"items_purged":[],"score":126,"play_id":"16d71887-e0f7-4d0c-9e37-df1f5c8649ac","local_time":"20210115104006","is_ascension_mode":false,"campfire_choices":[{"data":"testmod-LimitFlipper","floor":7,"key":"SMITH"}],"circlet_count":0,"master_deck":["DemoMod:Strike_Huntress","DemoMod:Strike_Huntress","DemoMod:Strike_Huntress","DemoMod:Defend_Huntress","DemoMod:Defend_Huntress","DemoMod:Defend_Huntress","DemoMod:Defend_Huntress","DemoMod:Roll","DemoMod:ManualReload","DemoMod:RustySidearm","DemoMod:CrossBow","DemoMod:Unity","Wellcheers","DemoMod:MachoBrace","DemoMod:Elimentaler","DemoMod:ProbeStrike","testmod-LimitFlipper+1","DemoMod:ChanceBullets+1","BeautyBeast","DemoMod:TripleGun","CherryBlossoms","DemoMod:DarkMarker"],"relics":["DemoMod:Dog","testmod-TestBox","CogitoBucket","LetterFromLob","BargainBundle","testmod-IndustrialRevolution","Sundial","vexMod:InvisibilityCloak","DemoMod:ClearGuonStone","DemoMod:GnawedKey","Du-Vu Doll","Garlic"],"acts_visited":["Exordium"],"potions_floor_usage":[6,6,8,12,12,14],"damage_taken":[{"damage":0.0,"enemies":"Small Slimes","floor":1.0,"turns":4.0},{"damage":1.0,"enemies":"Jaw Worm","floor":2.0,"turns":3.0},{"damage":17,"enemies":"Gremlin Nob","floor":6,"turns":4},{"damage":15,"enemies":"3 Sentries","floor":8,"turns":10},{"damage":19,"enemies":"Gremlin Nob","floor":10,"turns":5},{"damage":5,"enemies":"2 Louse","floor":12,"turns":6},{"damage":10,"enemies":"Lagavulin","floor":14,"turns":7},{"damage":14,"enemies":"Slime Boss","floor":16,"turns":6}],"seed_played":"-5960996006755052774","potions_obtained":[{"floor":8,"key":"DuplicationPotion"},{"floor":10,"key":"SkillPotion"},{"floor":12,"key":"Adrenaline Potion"}],"is_trial":false,"path_per_floor":["M","M","$","?","T","E","R","E","T","E","$","M","T","E","R","B"],"character_chosen":"HUNTRESS","items_purchased":["BargainBundle","DemoMod:Elimentaler","DemoMod:ProbeStrike","testmod-LimitFlipper","ColorlessPotion","champ:CounterPotion","Adrenaline Potion","DemoMod:GnawedKey"],"campfire_rested":0,"item_purchase_floors":[3,3,3,3,3,3,3,11],"current_hp_per_floor":[70,69,69,69,69,52,52,37,37,18,18,13,13,3,3,0,0],"gold":152,"neow_bonus":"","is_daily":false,"chose_seed":false,"campfire_upgraded":1,"win_rate":0.0,"timestamp":1610678406,"path_taken":["M","M","$","?","?","E","R","E","T","E","$","M","?","E","R","BOSS"],"items_purchased_type":["Relic","Card","Card","Card","Potion","Potion","Potion","Relic"],"build_version":"2020-12-22","purchased_purges":0,"victory":false,"max_hp_per_floor":[70,70,70,70,70,70,70,70,70,70,70,70,70,70,70,70,70],"card_choices":[{"not_picked":["DemoMod:Camera","DemoMod:BattleInHaste"],"picked":"DemoMod:Unity","floor":1.0},{"not_picked":["Bloodbath","OSAHOGD"],"picked":"Wellcheers","floor":1.0},{"not_picked":["DemoMod:SAA","DemoMod:Ejector"],"picked":"DemoMod:MachoBrace","floor":2.0},{"not_picked":["DemoMod:BoxingGlove","DemoMod:CursedBullets"],"picked":"DemoMod:ChanceBullets","floor":6},{"not_picked":["PunishingBird","CrumblingArmor"],"picked":"BeautyBeast","floor":6},{"not_picked":["DemoMod:Unmoved","DemoMod:TeaPot","DemoMod:RadGun"],"picked":"SKIP","floor":8},{"not_picked":["DemoMod:SAA","DemoMod:BoxingGlove","DemoMod:Camera"],"picked":"SKIP","floor":10},{"not_picked":["DemoMod:HardPowerCard","DemoMod:DoubleSwitch"],"picked":"DemoMod:TripleGun","floor":12},{"not_picked":["Murderer","FieryBird"],"picked":"CherryBlossoms","floor":12},{"not_picked":["DemoMod:FastSwitch","DemoMod:MegaHand"],"picked":"DemoMod:DarkMarker","floor":14}],"player_experience":421350,"relics_obtained":[{"floor":1.0,"key":"LetterFromLob"},{"floor":6,"key":"testmod-IndustrialRevolution"},{"floor":8,"key":"Sundial"},{"floor":9,"key":"vexMod:InvisibilityCloak"},{"floor":10,"key":"DemoMod:ClearGuonStone"},{"floor":13,"key":"Du-Vu Doll"},{"floor":14,"key":"Garlic"}],"event_choices":[{"damage_healed":0,"gold_gain":0,"player_choice":"Leave","damage_taken":0,"max_hp_gain":0,"max_hp_loss":0,"event_name":"The Cleric","floor":4,"gold_loss":0},{"damage_healed":0,"gold_gain":0,"player_choice":"Grow","damage_taken":0,"max_hp_gain":0,"max_hp_loss":0,"event_name":"Living Wall","floor":15,"gold_loss":0,"cards_upgraded":["DemoMod:ChanceBullets"]}],"is_beta":false,"boss_relics":[],"items_purged_floors":[],"is_endless":false,"potions_floor_spawned":[8,10,12],"killed_by":"Slime Boss","ascension_level":0}}