{"host":"oeotdbd679q6m6vu","time":1610714408,"event":{"mods":["Act Like it!","BaseMod","Colored Map","Decade(Õı–°√˜)","Downfall","Friendly Minions","Gensokyo","GifTheSpireLib","Highlight Path","Marisa£®ÏF”Í°°ƒß¿Ì…≥£©","Minty Spire (QoL Compilation)","Rare Cards Sparkle","Reimu£®≤©¿ˆ¡È√Œ£©","StSLib","The Animator","Youmu£®ªÍ∆«—˝√Œ£©"],"gold_per_floor":[99,119,133,149,149,169,195,220,670,292,310,336,350,361,371,371,371,371],"floor_reached":16,"language":"ZHS","playtime":812,"items_purged":["Slimebound:Icky"],"score":106,"play_id":"5b1f370d-cd80-4df4-9223-10cd5c71dfe8","local_time":"20210115074008","is_ascension_mode":false,"campfire_choices":[{"data":"Guardian:FastForward","floor":1,"key":"SMITH"}],"circlet_count":0,"master_deck":["Guardian:Strike_Guardian","Guardian:Strike_Guardian","Guardian:Strike_Guardian","Guardian:Strike_Guardian","Guardian:Defend_Guardian","Guardian:Defend_Guardian","Guardian:Defend_Guardian","Guardian:Defend_Guardian","Guardian:CurlUp","Guardian:TwinSlam","Gensokyo:AllTheWorldsEvil","Guardian:FastForward+1","Guardian:Gem_Blue","Guardian:Gem_Red","Guardian:ArmoredProtocol","Guardian:PrismaticBeam","Slimebound:Icky","Slimebound:Icky","Guardian:EvasiveProtocol","Guardian:Gem_Blue","Guardian:SpikerProtocol","Guardian:Gem_Orange","Guardian:EvasiveProtocol"],"relics":["Guardian:ModeShifter","Orichalcum","Odd Mushroom","Calipers","RuthlessExorcism:ReiMu"],"acts_visited":["Exordium"],"potions_floor_usage":[8,12,14,15,16,16,16],"damage_taken":[{"damage":6,"enemies":"Cultist","floor":2,"turns":4},{"damage":0,"enemies":"Small Slimes","floor":3,"turns":3},{"damage":0,"enemies":"Jaw Worm","floor":4,"turns":4},{"damage":2,"enemies":"Lots of Slimes","floor":6,"turns":4},{"damage":15,"enemies":"The Mushroom Lair","floor":8,"turns":5},{"damage":5,"enemies":"downfall:FleeingMerchant","floor":10,"turns":4},{"damage":16,"enemies":"3 Louse","floor":11,"turns":6},{"damage":53,"enemies":"Gremlin Nob","floor":12,"turns":8},{"damage":3,"enemies":"Exordium Thugs","floor":13,"turns":5},{"damage":0,"enemies":"Red Slaver","floor":14,"turns":4},{"damage":0,"enemies":"3 Louse","floor":15,"turns":4},{"damage":24,"enemies":"downfall:Silent","floor":16,"turns":8}],"seed_played":"5294760661484270844","potions_obtained":[{"floor":5,"key":"hexamod:EctoCoolerPotion"},{"floor":5,"key":"Ancient Potion"},{"floor":5,"key":"FairyPotion"},{"floor":8,"key":"Block Potion"},{"floor":11,"key":"hexamod:EctoCoolerPotion"},{"floor":12,"key":"hexamod:EctoCoolerPotion"},{"floor":13,"key":"Weak Potion"},{"floor":14,"key":"SpeedPotion"},{"floor":15,"key":"LiquidBronze"}],"is_trial":false,"path_per_floor":["R","M","M","M","?","M","T","?","?","$","M","E","M","M","M","B"],"character_chosen":"GUARDIAN","items_purchased":["Calipers"],"campfire_rested":0,"item_purchase_floors":[10],"current_hp_per_floor":[80,74,74,74,74,72,72,57,57,52,36,24,21,21,21,0,0,0],"gold":371,"neow_bonus":"THREE_RARE_CARDS","is_daily":false,"chose_seed":false,"campfire_upgraded":1,"win_rate":0.0,"timestamp":1610714408,"path_taken":["R","M","M","M","?","?","T","?","?","?","M","E","M","M","M","BOSS"],"items_purchased_type":["Relic"],"build_version":"2020-12-22","purchased_purges":1,"victory":false,"max_hp_per_floor":[80,80,80,80,80,80,80,80,80,80,80,80,80,80,80,80,80,80],"card_choices":[{"not_picked":["Guardian:RevengeProtocol","Guardian:Gem_Synthetic"],"picked":"Guardian:FastForward","floor":0},{"not_picked":["Guardian:Gem_Red","Guardian:ArmoredProtocol"],"picked":"Guardian:Gem_Blue","floor":2},{"not_picked":["Guardian:Incinerate","Guardian:TemporalShield"],"picked":"Guardian:Gem_Red","floor":3},{"not_picked":["Guardian:ShieldCharger","Guardian:PrimingBeam"],"picked":"Guardian:ArmoredProtocol","floor":4},{"not_picked":["Guardian:TimeBomb","Guardian:TemporalShield"],"picked":"Guardian:PrismaticBeam","floor":6},{"not_picked":["Guardian:RollAttack","Guardian:Recover"],"picked":"Guardian:EvasiveProtocol","floor":10},{"not_picked":["Guardian:Gem_Purple","Guardian:PrimingBeam"],"picked":"Guardian:Gem_Blue","floor":11},{"not_picked":["Guardian:Gem_Blue","Guardian:TemporalShield"],"picked":"Guardian:SpikerProtocol","floor":12},{"not_picked":["Guardian:Gem_Cyan","Guardian:Gem_Red"],"picked":"Guardian:Gem_Orange","floor":13},{"not_picked":["Guardian:SentryBeam","Guardian:PrimingBeam","Guardian:Reroute"],"picked":"SKIP","floor":14},{"not_picked":["Guardian:ArmoredProtocol","Guardian:Reroute"],"picked":"Guardian:EvasiveProtocol","floor":15}],"player_experience":321268,"relics_obtained":[{"floor":7,"key":"Orichalcum"},{"floor":8,"key":"Odd Mushroom"},{"floor":12,"key":"RuthlessExorcism:ReiMu"}],"event_choices":[{"damage_healed":0,"gold_gain":0,"player_choice":"Got Potions","damage_taken":0,"max_hp_gain":0,"max_hp_loss":0,"event_name":"Lab","floor":5,"gold_loss":0},{"damage_healed":0,"gold_gain":0,"player_choice":"Fought Mushrooms","damage_taken":0,"max_hp_gain":0,"max_hp_loss":0,"event_name":"Mushrooms","floor":8,"gold_loss":0}],"is_beta":false,"boss_relics":[],"items_purged_floors":[10],"is_endless":false,"potions_floor_spawned":[8,11,12,13,14,15],"killed_by":"downfall:Silent","ascension_level":0}}