{"host":"fxrgx7wt2cpkbhka","time":1610690877,"event":{"mods":["AchievementEnabler","BaseMod","Colored Powertips","Minty Spire (QoL Compilation)","Permanent Neow","Slay-I","StSLib","Waifu the Spire"],"gold_per_floor":[216,230,230,230,41,41,41,41,41,56,231,231,111,124,124,229,229,239,85,85,102,102,137,137,137,137,137,137],"floor_reached":27,"language":"ENG","playtime":421,"items_purged":["Doubt"],"score":350,"play_id":"2a3071c2-d4b4-42d4-8738-2e12a1dc2176","local_time":"20210114220757","is_ascension_mode":true,"campfire_choices":[{"data":"Apotheosis","floor":6,"key":"SMITH"},{"data":"Perfected Strike","floor":8,"key":"SMITH"},{"data":"Perfected Strike","floor":15,"key":"SMITH"},{"floor":25,"key":"REST"}],"circlet_count":0,"master_deck":["AscendersBane","Strike_R","Strike_R","Strike_R","Strike_R","Strike_R","Defend_R","Defend_R","Defend_R","Bash+1","Perfected Strike+1","Apotheosis+1","Twin Strike+1","Perfected Strike+1","Demon Form","Spot Weakness"],"relics":["Burning Blood","Mummified Hand","Pocketwatch","Mark of Pain","Membership Card","Centennial Puzzle"],"acts_visited":["Exordium","TheCity"],"potions_floor_usage":[10,24,27,27,27],"damage_taken":[{"damage":6,"enemies":"Cultist","floor":1,"turns":3},{"damage":7,"enemies":"Small Slimes","floor":2,"turns":4},{"damage":0,"enemies":"2 Louse","floor":10,"turns":2},{"damage":11,"enemies":"Looter","floor":14,"turns":2},{"damage":40,"enemies":"Hexaghost","floor":16,"turns":8},{"damage":8,"enemies":"Chosen","floor":18,"turns":4},{"damage":11,"enemies":"Spheric Guardian","floor":21,"turns":3},{"damage":54,"enemies":"Book of Stabbing","floor":23,"turns":4},{"damage":0,"enemies":"Snake Plant","floor":24,"turns":1},{"damage":39,"enemies":"Slavers","floor":27,"turns":2}],"seed_played":"-6804779328836620888","potions_obtained":[{"floor":1,"key":"DistilledChaos"},{"floor":16,"key":"SmokeBomb"},{"floor":21,"key":"CultistPotion"},{"floor":23,"key":"EntropicBrew"}],"is_trial":false,"path_per_floor":["M","M","?","?","$","R","$","R","T","M","?","?","$","M","R","B",null,"M","$","?","M","?","E","M","R","T","E"],"character_chosen":"IRONCLAD","items_purchased":["Apotheosis","Perfected Strike","Membership Card"],"campfire_rested":1,"item_purchase_floors":[5,13,19],"current_hp_per_floor":[72,71,71,64,64,64,64,64,64,70,70,54,54,49,49,15,64,62,62,62,57,57,9,15,39,39,0,0],"gold":137,"neow_bonus":"HUNDRED_GOLD","is_daily":false,"chose_seed":false,"campfire_upgraded":3,"win_rate":0.0,"timestamp":1610690877,"path_taken":["M","M","?","?","$","R","$","R","T","M","?","?","?","?","R","BOSS","M","$","?","M","?","E","M","R","T","E"],"items_purchased_type":["Card","Card","Relic"],"build_version":"2020-12-22","purchased_purges":1,"victory":false,"max_hp_per_floor":[80,80,80,80,80,80,80,80,80,80,80,80,80,80,80,80,80,80,80,80,80,80,80,80,80,80,80,80],"card_choices":[{"not_picked":["Pummel","Sword Boomerang"],"picked":"Perfected Strike","floor":1},{"not_picked":["Anger","Sword Boomerang","Body Slam"],"picked":"SKIP","floor":2},{"not_picked":["Hemokinesis","Anger"],"picked":"Twin Strike","floor":10},{"not_picked":["Bloodletting","Sentinel","Wild Strike"],"picked":"SKIP","floor":14},{"not_picked":["Fiend Fire","Feed"],"picked":"Demon Form","floor":16},{"not_picked":["Battle Trance","Pommel Strike","Sword Boomerang"],"picked":"SKIP","floor":18},{"not_picked":["Hemokinesis","Wild Strike"],"picked":"Spot Weakness","floor":21},{"not_picked":["Pommel Strike","Havoc","Evolve"],"picked":"SKIP","floor":23}],"player_experience":709556,"relics_obtained":[{"floor":9,"key":"Pocketwatch"},{"floor":23,"key":"Centennial Puzzle"}],"event_choices":[{"damage_healed":0,"gold_gain":0,"player_choice":"Box","damage_taken":0,"relics_obtained":["Mummified Hand"],"max_hp_gain":0,"max_hp_loss":0,"event_name":"Big Fish","floor":3,"gold_loss":0,"cards_obtained":["Regret"]},{"cards_removed":["Regret"],"damage_healed":0,"gold_gain":0,"player_choice":"Card Removal","damage_taken":7,"max_hp_gain":0,"max_hp_loss":0,"event_name":"Golden Wing","floor":4,"gold_loss":0},{"damage_healed":0,"gold_gain":175,"player_choice":"AGREE","damage_taken":0,"max_hp_gain":0,"max_hp_loss":0,"event_name":"Liars Game","floor":11,"gold_loss":0,"cards_obtained":["Doubt"]},{"damage_healed":0,"gold_gain":0,"player_choice":"Entered Light","damage_taken":16,"max_hp_gain":0,"max_hp_loss":0,"event_name":"Shining Light","floor":12,"gold_loss":0,"cards_upgraded":["Bash","Twin Strike"]},{"damage_healed":0,"gold_gain":0,"player_choice":"Ignored","damage_taken":0,"max_hp_gain":0,"max_hp_loss":0,"event_name":"Vampires","floor":20,"gold_loss":0},{"cards_removed":["Defend_R"],"damage_healed":0,"gold_gain":0,"player_choice":"Purged","damage_taken":0,"max_hp_gain":0,"max_hp_loss":0,"event_name":"Purifier","floor":22,"gold_loss":0}],"is_beta":false,"boss_relics":[{"not_picked":["Velvet Choker","SlaversCollar"],"picked":"Mark of Pain"}],"items_purged_floors":[13],"is_endless":false,"potions_floor_spawned":[1,16,21,23],"killed_by":"Slavers","ascension_level":12}}