{"host":"s5i48q09v0un9rqc","time":1610717616,"event":{"mods":["BaseMod","BetterRewards","Highlight Path","Minty Spire (QoL Compilation)","Rare Cards Sparkle","Shop Mod"],"gold_per_floor":[110,110,125,144,154,154,180,180,180,40,97,129,148,148,148,244,244,184,184],"floor_reached":18,"language":"ZHS","playtime":719,"items_purged":["Strike_R","Strike_R"],"score":179,"play_id":"6b9586b6-34ca-4036-9056-1978cddbb64f","local_time":"20210115213336","is_ascension_mode":true,"campfire_choices":[{"data":"Evolve","floor":6.0,"key":"SMITH"},{"data":"Second Wind","floor":15.0,"key":"SMITH"}],"circlet_count":0,"master_deck":["Strike_R","Strike_R","Strike_R+1","Defend_R","Defend_R","Defend_R","Defend_R","Bash+1","Second Wind+1","Evolve+1","Impervious","Feel No Pain+1","Shrug It Off","Feed"],"relics":["Burning Blood","Chemical X","PreservedInsect","TheAbacus","Lizard Tail","Frozen Egg 2","StoneCalendar","Ancient Tea Set","White Beast Statue","SlaversCollar"],"acts_visited":["Exordium","TheCity"],"potions_floor_usage":[],"damage_taken":[{"damage":0.0,"enemies":"Small Slimes","floor":1.0,"turns":3.0},{"damage":0.0,"enemies":"2 Louse","floor":3.0,"turns":3.0},{"damage":1.0,"enemies":"Cultist","floor":4.0,"turns":3.0},{"damage":6.0,"enemies":"Looter","floor":5.0,"turns":4.0},{"damage":15.0,"enemies":"Lagavulin","floor":7.0,"turns":6.0},{"damage":10.0,"enemies":"Gremlin Nob","floor":11.0,"turns":4.0},{"damage":5.0,"enemies":"3 Sentries","floor":12.0,"turns":7.0},{"damage":10.0,"enemies":"Exordium Thugs","floor":13.0,"turns":7.0},{"damage":5.0,"enemies":"Hexaghost","floor":16.0,"turns":13.0},{"damage":20,"enemies":"2 Thieves","floor":18,"turns":3}],"seed_played":"-8961280336920232486","potions_obtained":[{"floor":1.0,"key":"Fire Potion"},{"floor":5.0,"key":"Dexterity Potion"},{"floor":11.0,"key":"ColorlessPotion"},{"floor":12.0,"key":"CultistPotion"},{"floor":13.0,"key":"Energy Potion"}],"is_trial":false,"path_per_floor":["M","?","M","M","M","R","E","?","T","$","?","E","M","T","R","B",null,"M"],"character_chosen":"IRONCLAD","items_purchased":["Chemical X","PreservedInsect","TheAbacus","Feel No Pain+1"],"campfire_rested":0,"item_purchase_floors":[0,0,0,10],"current_hp_per_floor":[50,34,40,45,45,45,36,36,36,36,32,33,29,29,29,30,80,60,60],"gold":184,"neow_bonus":"","is_daily":false,"chose_seed":false,"campfire_upgraded":2,"win_rate":0.0,"timestamp":1610717616,"path_taken":["M","?","M","M","M","R","E","?","T","$","?","E","M","?","R","BOSS","M"],"items_purchased_type":["Relic","Relic","Relic","Card"],"build_version":"2020-12-22","purchased_purges":2,"victory":false,"max_hp_per_floor":[80,80,80,80,80,80,80,80,80,80,80,80,80,80,80,80,80,80,80],"card_choices":[{"not_picked":["Uppercut","Heavy Blade"],"picked":"Second Wind","floor":1.0},{"not_picked":["Flame Barrier","Cleave","Clothesline"],"picked":"SKIP","floor":3.0},{"not_picked":["Inflame","Havoc"],"picked":"Evolve","floor":4.0},{"not_picked":["Disarm","Entrench","Sword Boomerang"],"picked":"SKIP","floor":5.0},{"not_picked":["Flex","True Grit"],"picked":"Impervious","floor":7.0},{"not_picked":["Wild Strike","Anger"],"picked":"Shrug It Off","floor":11.0},{"not_picked":["Cleave","Fiend Fire","Blood for Blood"],"picked":"SKIP","floor":12.0},{"not_picked":["Intimidate","Bloodletting","Clothesline"],"picked":"SKIP","floor":13.0},{"not_picked":["Reaper","Demon Form+1"],"picked":"Feed","floor":16.0}],"player_experience":775547,"relics_obtained":[{"floor":7.0,"key":"Frozen Egg 2"},{"floor":11.0,"key":"StoneCalendar"},{"floor":12.0,"key":"Ancient Tea Set"},{"floor":14.0,"key":"White Beast Statue"}],"event_choices":[{"damage_healed":0.0,"max_hp_gain":0.0,"max_hp_loss":0.0,"gold_gain":0.0,"event_name":"Shining Light","player_choice":"Entered Light","floor":2.0,"gold_loss":0.0,"damage_taken":16.0,"cards_upgraded":["Bash","Strike_R"]},{"damage_healed":0.0,"max_hp_gain":0.0,"max_hp_loss":0.0,"gold_gain":0.0,"event_name":"Liars Game","player_choice":"Ignored","floor":8.0,"gold_loss":0.0,"damage_taken":0.0},{"damage_healed":0.0,"max_hp_gain":0.0,"max_hp_loss":0.0,"gold_gain":0.0,"event_name":"Dead Adventurer","player_choice":"Searched \u00272\u0027 times","floor":11.0,"gold_loss":0.0,"damage_taken":0.0}],"is_beta":false,"boss_relics":[{"not_picked":["Tiny House","Busted Crown"],"picked":"SlaversCollar"}],"items_purged_floors":[0,10],"is_endless":false,"potions_floor_spawned":[1,5,11,12,13,16],"killed_by":"2 Thieves","ascension_level":1}}