{"host":"Jinnai","time":1610724984,"event":{"mods":["BaseMod","Bestiary","Block Reminder","Colored Map","Colored Powertips","Highlight Path","Minty Spire (QoL Compilation)","Quick Restart","Relic Stats","StSLib"],"gold_per_floor":[118,118,134,149,164,189,189,221,221,221,231,231,265,283,283,283,283],"floor_reached":16,"language":"ENG","playtime":729,"items_purged":[],"score":238,"play_id":"56ce0ae1-697c-4c2f-859c-c0e888e29db5","local_time":"20210115103624","is_ascension_mode":true,"campfire_choices":[{"floor":7,"key":"REST"},{"data":"Fasting2","floor":10,"key":"SMITH"},{"data":"Wallop","floor":12,"key":"SMITH"},{"data":"Wallop","floor":15,"key":"SMITH"}],"circlet_count":0,"master_deck":["AscendersBane","Strike_P","Strike_P","Strike_P","Defend_P","Defend_P","Eruption","Vigilance","Wallop+1","Consecrate","CutThroughFate","Fasting2+1","Blasphemy","Wallop+1","FlurryOfBlows","EmptyFist"],"relics":["Empty Cage","Pear","The Courier","StrikeDummy","Nunchaku"],"acts_visited":["Exordium"],"potions_floor_usage":[11,14],"damage_taken":[{"damage":7,"enemies":"2 Louse","floor":1,"turns":2},{"damage":0,"enemies":"Cultist","floor":3,"turns":2},{"damage":0,"enemies":"Jaw Worm","floor":4,"turns":3},{"damage":12,"enemies":"Looter","floor":5,"turns":4},{"damage":27,"enemies":"3 Sentries","floor":6,"turns":9},{"damage":8,"enemies":"Gremlin Nob","floor":8,"turns":3},{"damage":0,"enemies":"Exordium Wildlife","floor":11,"turns":1},{"damage":12,"enemies":"Lagavulin","floor":13,"turns":6},{"damage":9,"enemies":"Gremlin Gang","floor":14,"turns":3},{"damage":24,"enemies":"Hexaghost","floor":16,"turns":4}],"seed_played":"7345821237456539050","potions_obtained":[{"floor":1,"key":"SteroidPotion"},{"floor":3,"key":"Swift Potion"}],"is_trial":false,"path_per_floor":["M","?","M","M","M","E","R","E","T","R","M","R","E","M","R","B"],"character_chosen":"WATCHER","items_purchased":[],"campfire_rested":1,"item_purchase_floors":[],"current_hp_per_floor":[54,54,54,54,42,25,48,40,40,40,40,40,28,19,19,0,0],"gold":283,"neow_bonus":"BOSS_RELIC","is_daily":false,"chose_seed":false,"campfire_upgraded":3,"win_rate":0.0,"timestamp":1610724984,"path_taken":["M","?","M","?","M","E","R","E","T","R","M","R","E","M","R","BOSS"],"items_purchased_type":[],"build_version":"2020-12-18","purchased_purges":0,"victory":false,"max_hp_per_floor":[68,68,68,68,68,78,78,78,78,78,78,78,78,78,78,78,78],"relic_stats":{"Nunchaku":[1],"counters":[10,37],"obtain_stats":[{"Nunchaku":13,"Pear":6,"The Courier":8,"PureWater":0,"Empty Cage":0,"StrikeDummy":9},{"Nunchaku":8,"Pear":5,"The Courier":6,"PureWater":0,"Empty Cage":0,"StrikeDummy":6},{"Nunchaku":30,"Pear":20,"The Courier":23,"PureWater":0,"Empty Cage":0,"StrikeDummy":23}]},"card_choices":[{"not_picked":["WaveOfTheHand","BattleHymn"],"picked":"Wallop","floor":1},{"not_picked":["WindmillStrike","Crescendo"],"picked":"Consecrate","floor":3},{"not_picked":["Vengeance","FlurryOfBlows"],"picked":"CutThroughFate","floor":4},{"not_picked":["EmptyFist","DeceiveReality"],"picked":"Fasting2","floor":5},{"not_picked":["Crescendo","WaveOfTheHand"],"picked":"Blasphemy","floor":6},{"not_picked":["PathToVictory","Evaluate"],"picked":"Wallop","floor":8},{"not_picked":["CrushJoints","Collect"],"picked":"FlurryOfBlows","floor":11},{"not_picked":["WreathOfFlame","Crescendo","Sanctity"],"picked":"SKIP","floor":13},{"not_picked":["Evaluate","WreathOfFlame"],"picked":"EmptyFist","floor":14}],"player_experience":1508880,"relics_obtained":[{"floor":6,"key":"Pear"},{"floor":8,"key":"The Courier"},{"floor":9,"key":"StrikeDummy"},{"floor":13,"key":"Nunchaku"}],"event_choices":[{"cards_removed":["Strike_P"],"damage_healed":0,"gold_gain":0,"player_choice":"Purged","damage_taken":0,"max_hp_gain":0,"max_hp_loss":0,"event_name":"Purifier","floor":2,"gold_loss":0}],"is_beta":true,"boss_relics":[],"items_purged_floors":[],"is_endless":false,"potions_floor_spawned":[1,3,4,6],"killed_by":"Hexaghost","ascension_level":19}}