{"host":"y3h3n3f7seyagppx","time":1610694456,"event":{"mods":["AlwaysNeverKeys","BaseMod","Better Vampires","Colored Powertips","DeckTracker","Emptier Cage","Minty Spire (QoL Compilation)","Permanent Neow","Quick Restart","Rare Cards Sparkle","Relic Sorter","Relic Stats","StSLib","Transform Curses"],"gold_per_floor":[365,290,303,322,39,50,78,98,98,124,124,142,142,167,167,241,241,256,13,27,27,27,27,52,52,52,84,103,137,137,154,154,228,228,239,253,266,5,23,49,49,49,49],"floor_reached":42,"language":"ENG","playtime":3761,"items_purged":["Strike_G","Strike_G"],"score":1162,"play_id":"d6002cf3-7961-4eb9-96c1-5f0f4cdb8bd5","local_time":"20210115020736","is_ascension_mode":true,"campfire_choices":[{"data":"Neutralize","floor":15.0,"key":"SMITH"},{"data":"Dash","floor":23.0,"key":"SMITH"},{"data":"Leg Sweep","floor":30,"key":"SMITH"},{"data":"Bouncing Flask","floor":32,"key":"SMITH"},{"data":"Survivor","floor":41,"key":"SMITH"}],"circlet_count":0,"master_deck":["AscendersBane","Strike_G","Defend_G","Defend_G","Defend_G","Defend_G","Defend_G","Survivor+1","Neutralize+1","All Out Attack","Poisoned Stab","Dash+1","Dash","Storm of Steel","Terror","Die Die Die","Calculated Gamble","Predator+1","Leg Sweep+1","Backflip+1","Bouncing Flask","PiercingWail+1","Bouncing Flask+1","Acrobatics","Night Terror","PiercingWail","Noxious Fumes"],"relics":["Ring of the Snake","Mercury Hourglass","Pen Nib","Odd Mushroom","Juzu Bracelet","Akabeko","Cursed Key","Bag of Marbles","Ninja Scroll","Potion Belt","Matryoshka","SacredBark","Snake Skull","Meat on the Bone"],"acts_visited":["Exordium","TheCity","TheBeyond"],"potions_floor_usage":[33,40,42],"damage_taken":[{"damage":3.0,"enemies":"2 Louse","floor":1.0,"turns":6.0},{"damage":4.0,"enemies":"Small Slimes","floor":3.0,"turns":4.0},{"damage":0.0,"enemies":"Cultist","floor":4.0,"turns":3.0},{"damage":6.0,"enemies":"Exordium Wildlife","floor":6.0,"turns":4.0},{"damage":6.0,"enemies":"Gremlin Nob","floor":7.0,"turns":3.0},{"damage":0.0,"enemies":"The Mushroom Lair","floor":8.0,"turns":3.0},{"damage":5.0,"enemies":"3 Sentries","floor":10.0,"turns":6.0},{"damage":0.0,"enemies":"2 Fungi Beasts","floor":12.0,"turns":2.0},{"damage":0.0,"enemies":"Gremlin Nob","floor":14.0,"turns":3.0},{"damage":18.0,"enemies":"The Guardian","floor":16.0,"turns":11.0},{"damage":0.0,"enemies":"3 Byrds","floor":18.0,"turns":4.0},{"damage":1.0,"enemies":"Spheric Guardian","floor":20.0,"turns":3.0},{"damage":5.0,"enemies":"Gremlin Leader","floor":24.0,"turns":4.0},{"damage":0,"enemies":"Slavers","floor":27,"turns":1},{"damage":0,"enemies":"Centurion and Healer","floor":28,"turns":4},{"damage":0,"enemies":"Gremlin Leader","floor":29,"turns":4},{"damage":8,"enemies":"Snake Plant","floor":31,"turns":3},{"damage":22,"enemies":"Collector","floor":33,"turns":10},{"damage":0,"enemies":"3 Shapes","floor":35,"turns":3},{"damage":0,"enemies":"Orb Walker","floor":36,"turns":2},{"damage":0,"enemies":"3 Darklings","floor":37,"turns":7},{"damage":0,"enemies":"Jaw Worm Horde","floor":39,"turns":3},{"damage":7,"enemies":"Reptomancer","floor":40,"turns":6},{"damage":73,"enemies":"Giant Head","floor":42,"turns":7}],"seed_played":"-6759390597529414512","potions_obtained":[{"floor":1.0,"key":"AttackPotion"},{"floor":4.0,"key":"ColorlessPotion"},{"floor":7.0,"key":"Strength Potion"},{"floor":10.0,"key":"FearPotion"},{"floor":14.0,"key":"Fire Potion"},{"floor":16.0,"key":"BlessingOfTheForge"},{"floor":20.0,"key":"SpeedPotion"},{"floor":29,"key":"LiquidMemories"},{"floor":31,"key":"CunningPotion"},{"floor":33,"key":"SneckoOil"},{"floor":37,"key":"Energy Potion"},{"floor":40,"key":"Energy Potion"}],"is_trial":false,"path_per_floor":["M","?","M","M","$","M","E","?","T","E","?","M","?","E","R","B",null,"M","$","M","?","?","R","E","T","T","E","M","E","R","M","R","B",null,"M","M","M","$","M","E","R","E"],"character_chosen":"THE_SILENT","items_purchased":["Mercury Hourglass","Bag of Marbles","Snake Skull"],"campfire_rested":0,"item_purchase_floors":[5,19,38],"current_hp_per_floor":[56,56,52,52,52,46,40,40,40,35,35,35,28,28,28,10,52,52,52,51,51,51,51,46,46,46,46,46,46,46,38,38,16,54,54,54,54,54,54,47,47,0,0],"gold":49,"neow_bonus":"TWO_FIFTY_GOLD","is_daily":false,"chose_seed":false,"campfire_upgraded":5,"win_rate":0.0,"timestamp":1610694456,"path_taken":["M","?","M","M","$","M","E","?","T","E","?","M","?","E","R","BOSS","M","$","M","?","?","R","E","?","T","E","M","E","R","M","R","BOSS","M","M","M","$","M","E","R","E"],"items_purchased_type":["Relic","Relic","Relic"],"build_version":"2020-12-22","purchased_purges":2,"victory":false,"max_hp_per_floor":[66,66,66,66,66,66,66,66,66,66,66,66,66,66,66,66,66,66,66,66,66,66,66,66,66,66,66,66,66,66,66,66,66,66,66,66,66,66,66,66,66,66,66],"relic_stats":{"counters":[24,105],"Pen Nib":[19],"Snake Skull":[30],"Juzu Bracelet":1,"Cursed Key":0,"obtain_stats":[{"Potion Belt":27,"SacredBark":34,"Pen Nib":7,"Snake Skull":38,"Juzu Bracelet":9,"Odd Mushroom":8,"Cursed Key":17,"Akabeko":14,"Mercury Hourglass":5,"Matryoshka":29,"Ninja Scroll":24,"Bag of Marbles":19,"Ring of the Snake":0,"Meat on the Bone":40},{"Potion Belt":14,"SacredBark":18,"Pen Nib":5,"Snake Skull":21,"Juzu Bracelet":6,"Odd Mushroom":6,"Cursed Key":10,"Akabeko":9,"Mercury Hourglass":3,"Matryoshka":16,"Ninja Scroll":13,"Bag of Marbles":11,"Ring of the Snake":0,"Meat on the Bone":23},{"Potion Belt":57,"SacredBark":78,"Pen Nib":20,"Snake Skull":89,"Juzu Bracelet":23,"Odd Mushroom":23,"Cursed Key":45,"Akabeko":34,"Mercury Hourglass":13,"Matryoshka":65,"Ninja Scroll":56,"Bag of Marbles":49,"Ring of the Snake":0,"Meat on the Bone":98}],"Ring of the Snake":[48],"Mercury Hourglass":[423],"Meat on the Bone":0},"card_choices":[{"not_picked":["Backflip","Setup"],"picked":"All Out Attack","floor":1.0},{"not_picked":["Caltrops","Outmaneuver"],"picked":"Poisoned Stab","floor":3.0},{"not_picked":["Sucker Punch","Flying Knee","Blade Dance"],"picked":"SKIP","floor":4.0},{"not_picked":["Bane","Backflip"],"picked":"Dash","floor":6.0},{"not_picked":["All Out Attack","Dagger Spray"],"picked":"Dash","floor":7.0},{"not_picked":["Deadly Poison","Poisoned Stab"],"picked":"Storm of Steel","floor":10.0},{"not_picked":["Outmaneuver","Well Laid Plans"],"picked":"Terror","floor":12.0},{"not_picked":["Endless Agony","Deadly Poison","Masterful Stab"],"picked":"SKIP","floor":14.0},{"not_picked":["Phantasmal Killer","Grand Finale"],"picked":"Die Die Die","floor":16.0},{"not_picked":["Dagger Spray","Noxious Fumes"],"picked":"Calculated Gamble","floor":18.0},{"not_picked":["Concentrate","Endless Agony"],"picked":"Predator+1","floor":20.0},{"not_picked":["Blade Dance","Calculated Gamble"],"picked":"Backflip+1","floor":24.0},{"not_picked":["Infinite Blades","Bouncing Flask","Blur"],"picked":"SKIP","floor":27},{"not_picked":["Infinite Blades","Blur"],"picked":"Bouncing Flask","floor":27},{"not_picked":["Heel Hook","Backflip"],"picked":"PiercingWail+1","floor":28},{"not_picked":["Underhanded Strike","Die Die Die"],"picked":"Bouncing Flask","floor":29},{"not_picked":["Slice","Eviscerate"],"picked":"Acrobatics","floor":31},{"not_picked":["Unload","Malaise"],"picked":"Night Terror","floor":33},{"not_picked":["Acrobatics","Masterful Stab","Slice"],"picked":"SKIP","floor":35},{"not_picked":["Riddle With Holes","Calculated Gamble+1","Finisher"],"picked":"SKIP","floor":36},{"not_picked":["Riddle With Holes","Calculated Gamble+1","Finisher"],"picked":"SKIP","floor":36},{"not_picked":["Riddle With Holes","Calculated Gamble+1","Finisher"],"picked":"SKIP","floor":36},{"not_picked":["Quick Slash","All Out Attack"],"picked":"PiercingWail","floor":37},{"not_picked":["PiercingWail+1","Dagger Spray"],"picked":"Noxious Fumes","floor":39},{"not_picked":["Prepared","Backstab+1","Quick Slash+1"],"picked":"SKIP","floor":40}],"player_experience":20975923,"relics_obtained":[{"floor":7.0,"key":"Pen Nib"},{"floor":8.0,"key":"Odd Mushroom"},{"floor":9.0,"key":"Juzu Bracelet"},{"floor":14.0,"key":"Akabeko"},{"floor":24.0,"key":"Ninja Scroll"},{"floor":27,"key":"Potion Belt"},{"floor":29,"key":"Matryoshka"},{"floor":40,"key":"Meat on the Bone"}],"event_choices":[{"cards_removed":["Pain"],"damage_healed":0.0,"max_hp_gain":0.0,"max_hp_loss":0.0,"gold_gain":0.0,"event_name":"The Cleric","player_choice":"Card Removal","floor":2.0,"gold_loss":75.0,"damage_taken":0.0},{"damage_healed":0.0,"max_hp_gain":0.0,"max_hp_loss":0.0,"gold_gain":0.0,"event_name":"Mushrooms","player_choice":"Fought Mushrooms","floor":8.0,"gold_loss":0.0,"damage_taken":0.0},{"cards_removed":["Strike_G"],"damage_healed":0.0,"max_hp_gain":0.0,"max_hp_loss":0.0,"gold_gain":0.0,"event_name":"Wheel of Change","player_choice":"Card Removal","floor":11.0,"gold_loss":0.0,"damage_taken":0.0},{"cards_removed":["Strike_G"],"damage_healed":0.0,"max_hp_gain":0.0,"max_hp_loss":0.0,"gold_gain":0.0,"event_name":"Golden Wing","player_choice":"Card Removal","floor":13.0,"gold_loss":0.0,"damage_taken":7.0},{"damage_healed":0.0,"max_hp_gain":0.0,"max_hp_loss":0.0,"gold_gain":0.0,"event_name":"The Library","player_choice":"Read","floor":21.0,"gold_loss":0.0,"damage_taken":0.0,"cards_obtained":["Leg Sweep"]}],"is_beta":false,"boss_relics":[{"not_picked":["Runic Dome","WristBlade"],"picked":"Cursed Key"},{"not_picked":["Black Star","Velvet Choker"],"picked":"SacredBark"}],"items_purged_floors":[19,38],"is_endless":false,"potions_floor_spawned":[1,4,7,10,14,16,18,20,29,31,33,36,37,40],"killed_by":"Giant Head","ascension_level":20}}