{"host":"Rowan","time":1610741353,"event":{"mods":["BaseMod","Minty Spire (QoL Compilation)"],"gold_per_floor":[109,122,142,153,153,153,0,16,16,44,44,44,55,73,73,176,176,186,186,186,186,196,196,176,176,176,186,186,111,126,137,137,137,137],"floor_reached":33,"language":"ENG","playtime":2185,"items_purged":[],"score":249,"play_id":"a34e167b-b620-4162-af6e-0753732bcb80","local_time":"20210115120913","is_ascension_mode":false,"campfire_choices":[{"floor":6,"key":"RECALL"},{"data":"Footwork","floor":15,"key":"SMITH"},{"data":"Riddle With Holes","floor":23,"key":"SMITH"},{"data":"Leg Sweep","floor":25,"key":"SMITH"},{"data":"Finisher","floor":28,"key":"SMITH"},{"floor":32,"key":"REST"}],"circlet_count":0,"master_deck":["Strike_G","Strike_G","Strike_G","Strike_G","Defend_G","Defend_G","Defend_G","Defend_G","Defend_G","Survivor","Neutralize","Leg Sweep+1","Skewer+1","Outmaneuver","Footwork+1","Dodge and Roll","Flying Knee","Crippling Poison","Slice","Corpse Explosion","Bane","Finisher+1","Riddle With Holes+1","Backflip","Dash","Setup+1"],"relics":["Runic Dome","OrangePellets","Bird Faced Urn","Pear","SacredBark","FossilizedHelix","Nilry\u0027s Codex","StrikeDummy"],"acts_visited":["Exordium","TheCity"],"potions_floor_usage":[10,10,16,27,33,33,33],"damage_taken":[{"damage":1,"enemies":"Cultist","floor":1,"turns":4},{"damage":0,"enemies":"Small Slimes","floor":2,"turns":3},{"damage":0,"enemies":"Jaw Worm","floor":3,"turns":3},{"damage":7,"enemies":"Blue Slaver","floor":4,"turns":3},{"damage":0,"enemies":"Exordium Wildlife","floor":8,"turns":6},{"damage":4,"enemies":"3 Sentries","floor":10,"turns":9},{"damage":0,"enemies":"Large Slime","floor":13,"turns":6},{"damage":0,"enemies":"Red Slaver","floor":14,"turns":4},{"damage":15,"enemies":"The Guardian","floor":16,"turns":10},{"damage":12,"enemies":"Spheric Guardian","floor":18,"turns":6},{"damage":0,"enemies":"3 Byrds","floor":22,"turns":4},{"damage":14,"enemies":"Snake Plant","floor":27,"turns":3},{"damage":14,"enemies":"Cultist and Chosen","floor":30,"turns":5},{"damage":0,"enemies":"3 Cultists","floor":31,"turns":5},{"damage":86,"enemies":"Automaton","floor":33,"turns":12}],"seed_played":"-3316179305456444221","potions_obtained":[{"floor":2,"key":"Explosive Potion"},{"floor":8,"key":"Energy Potion"},{"floor":10,"key":"GamblersBrew"},{"floor":13,"key":"Strength Potion"},{"floor":14,"key":"CunningPotion"},{"floor":18,"key":"Fire Potion"},{"floor":24,"key":"BlessingOfTheForge"},{"floor":27,"key":"DistilledChaos"},{"floor":31,"key":"Explosive Potion"}],"is_trial":false,"path_per_floor":["M","M","M","M","?","R","$","M","T","E","$","T","M","M","R","B",null,"M","?","?","?","M","R","?","R","T","M","R","$","M","M","R","B"],"character_chosen":"THE_SILENT","items_purchased":["OrangePellets","Dash"],"campfire_rested":1,"item_purchase_floors":[7,29],"current_hp_per_floor":[69,69,69,62,62,62,62,62,62,58,58,68,70,72,72,59,80,68,68,52,52,52,52,52,52,52,38,38,38,24,28,52,0,0],"gold":137,"neow_bonus":"BOSS_RELIC","is_daily":false,"chose_seed":false,"campfire_upgraded":4,"win_rate":0.0,"timestamp":1610741353,"path_taken":["M","M","M","?","?","R","$","M","T","E","?","?","M","M","R","BOSS","M","?","?","?","?","R","?","R","T","?","R","$","M","M","R","BOSS"],"items_purchased_type":["Relic","Card"],"build_version":"2020-12-18","purchased_purges":0,"victory":false,"max_hp_per_floor":[70,70,70,70,70,70,70,70,70,70,70,80,80,80,80,80,80,80,80,80,80,80,80,80,80,80,80,80,80,80,80,80,80,80],"card_choices":[{"not_picked":["Dodge and Roll","Crippling Poison"],"picked":"Leg Sweep","floor":1},{"not_picked":["Dodge and Roll","Backflip"],"picked":"Skewer","floor":2},{"not_picked":["Choke","Bane"],"picked":"Outmaneuver","floor":3},{"not_picked":["Sucker Punch","Endless Agony"],"picked":"Footwork","floor":4},{"not_picked":["Blade Dance","Expertise"],"picked":"Dodge and Roll","floor":8},{"not_picked":["Blur","Grand Finale"],"picked":"Flying Knee","floor":10},{"not_picked":["Cloak And Dagger","Bane"],"picked":"Crippling Poison","floor":13},{"not_picked":["Predator","PiercingWail"],"picked":"Slice","floor":14},{"not_picked":["Tools of the Trade","Storm of Steel"],"picked":"Corpse Explosion","floor":16},{"not_picked":["Acrobatics","Underhanded Strike"],"picked":"Bane","floor":18},{"not_picked":["Dodge and Roll","Poisoned Stab+1"],"picked":"Riddle With Holes","floor":22},{"not_picked":["Finisher","Bane"],"picked":"Backflip","floor":27},{"not_picked":["Sucker Punch","Backstab+1"],"picked":"Setup+1","floor":30},{"not_picked":["Flying Knee","Underhanded Strike+1","Dodge and Roll"],"picked":"SKIP","floor":31}],"player_experience":381902,"relics_obtained":[{"floor":10,"key":"Bird Faced Urn"},{"floor":12,"key":"Pear"},{"floor":20,"key":"Nilry\u0027s Codex"},{"floor":26,"key":"StrikeDummy"}],"event_choices":[{"damage_healed":0,"gold_gain":0,"player_choice":"Upgraded","damage_taken":0,"max_hp_gain":0,"max_hp_loss":0,"event_name":"Upgrade Shrine","floor":5,"gold_loss":0,"cards_upgraded":["Skewer"]},{"damage_healed":0,"gold_gain":0,"player_choice":"Opened","damage_taken":0,"relics_obtained":["FossilizedHelix"],"max_hp_gain":0,"max_hp_loss":0,"event_name":"The Mausoleum","floor":19,"gold_loss":0},{"damage_healed":0,"gold_gain":0,"player_choice":"Obtained Book","damage_taken":16,"max_hp_gain":0,"max_hp_loss":0,"event_name":"Cursed Tome","floor":20,"gold_loss":0},{"damage_healed":0,"gold_gain":0,"cards_transformed":["Strike_G"],"player_choice":"Transformed","damage_taken":0,"max_hp_gain":0,"max_hp_loss":0,"event_name":"Transmorgrifier","floor":21,"gold_loss":0,"cards_obtained":["Finisher"]},{"damage_healed":0,"gold_gain":0,"player_choice":"Bought 1 Potion","damage_taken":0,"max_hp_gain":0,"max_hp_loss":0,"event_name":"The Woman in Blue","floor":24,"gold_loss":0}],"is_beta":true,"boss_relics":[{"not_picked":["Fusion Hammer","Velvet Choker"],"picked":"SacredBark"}],"items_purged_floors":[],"is_endless":false,"potions_floor_spawned":[2,8,10,13,14,18,27,31],"killed_by":"Automaton","ascension_level":0}}