{"host":"8rqsnaeml9gxb0kp","time":1610678311,"event":{"mods":["AchievementEnabler","BaseMod","Dark Map","Minty Spire (QoL Compilation)","StSLib"],"gold_per_floor":[112,39,55,75,75,75,110,110,110,145,145,171,171,191,191,295,295,312,299,312,327,15,47,47,79,134,0,0,32,44,76,76,178,178,194,208,221,221,240,271,271,290,290,290,306,306,340,350,350,350,350],"floor_reached":50,"language":"ENG","playtime":3457,"items_purged":[],"score":683,"play_id":"dcfb4a89-db26-40b4-aa5e-55598b4d7d7a","local_time":"20210114183831","is_ascension_mode":true,"campfire_choices":[{"floor":6,"key":"REST"},{"data":"Deadly Poison","floor":11,"key":"SMITH"},{"floor":13,"key":"REST"},{"data":"Corpse Explosion","floor":15,"key":"SMITH"},{"data":"Night Terror","floor":24,"key":"SMITH"},{"data":"Footwork","floor":28,"key":"SMITH"},{"floor":32,"key":"REST"},{"floor":41,"key":"REST"},{"data":"Backflip","floor":46,"key":"SMITH"},{"floor":49,"key":"REST"}],"circlet_count":0,"master_deck":["Strike_G+1","Strike_G+1","Strike_G","Defend_G+1","Defend_G+1","Defend_G","Defend_G+1","Survivor","Predator+1","Dash","Dagger Throw","Flying Knee","Poisoned Stab","Deadly Poison+1","Corpse Explosion+1","PiercingWail","Glass Knife","Bane+1","Quick Slash+1","Deflect+1","PiercingWail+1","Outmaneuver+1","Footwork+1","Night Terror+1","Quick Slash+1","Dagger Spray","Crippling Poison","Caltrops","Calculated Gamble+1","Tools of the Trade","Backflip+1","Endless Agony+1","Terror+1","Expertise+1","Dagger Spray+1","Poisoned Stab+1","Dagger Spray+1","Heel Hook+1","Acrobatics+1"],"relics":["Ring of the Snake","Lantern","Du-Vu Doll","TungstenRod","Eternal Feather","Whetstone","Bird Faced Urn","Astrolabe","Mango","Happy Flower","Toy Ornithopter","War Paint","Potion Belt","Snake Skull","SacredBark","FossilizedHelix","Omamori","Ornamental Fan"],"acts_visited":["Exordium","TheCity","TheBeyond"],"potions_floor_usage":[16,16,21,23,29,31,33,40,40,48],"damage_taken":[{"damage":2,"enemies":"Cultist","floor":1,"turns":6},{"damage":2,"enemies":"Jaw Worm","floor":3,"turns":4},{"damage":0,"enemies":"2 Louse","floor":4,"turns":2},{"damage":12,"enemies":"Gremlin Nob","floor":7,"turns":4},{"damage":11,"enemies":"Lagavulin","floor":10,"turns":5},{"damage":16,"enemies":"Gremlin Nob","floor":12,"turns":4},{"damage":1,"enemies":"Looter","floor":14,"turns":3},{"damage":7,"enemies":"Slime Boss","floor":16,"turns":5},{"damage":0,"enemies":"3 Byrds","floor":18,"turns":3},{"damage":0,"enemies":"2 Thieves","floor":19,"turns":4},{"damage":6,"enemies":"Snecko","floor":20,"turns":5},{"damage":6,"enemies":"Cultist and Chosen","floor":21,"turns":5},{"damage":2,"enemies":"Gremlin Leader","floor":23,"turns":6},{"damage":6,"enemies":"Book of Stabbing","floor":25,"turns":7},{"damage":20,"enemies":"Gremlin Leader","floor":29,"turns":6},{"damage":11,"enemies":"Sentry and Sphere","floor":30,"turns":5},{"damage":11,"enemies":"Book of Stabbing","floor":31,"turns":5},{"damage":79,"enemies":"Champ","floor":33,"turns":15},{"damage":8,"enemies":"Orb Walker","floor":35,"turns":4},{"damage":6,"enemies":"3 Shapes","floor":36,"turns":6},{"damage":26,"enemies":"3 Darklings","floor":37,"turns":5},{"damage":29,"enemies":"4 Shapes","floor":39,"turns":5},{"damage":36,"enemies":"Reptomancer","floor":40,"turns":6},{"damage":12,"enemies":"Sphere and 2 Shapes","floor":42,"turns":6},{"damage":15,"enemies":"Spire Growth","floor":45,"turns":4},{"damage":64,"enemies":"Nemesis","floor":47,"turns":7},{"damage":6,"enemies":"Writhing Mass","floor":48,"turns":7},{"damage":89,"enemies":"Time Eater","floor":50,"turns":7}],"seed_played":"7371978348432227394","potions_obtained":[{"floor":3,"key":"Energy Potion"},{"floor":12,"key":"DuplicationPotion"},{"floor":14,"key":"Swift Potion"},{"floor":19,"key":"Explosive Potion"},{"floor":21,"key":"Energy Potion"},{"floor":23,"key":"Explosive Potion"},{"floor":31,"key":"CunningPotion"},{"floor":36,"key":"Energy Potion"},{"floor":37,"key":"Energy Potion"},{"floor":39,"key":"Regen Potion"}],"is_trial":false,"path_per_floor":["M","$","M","M","?","R","E","?","T","E","R","E","R","M","R","B",null,"M","M","M","M","$","E","R","E","T","?","R","E","M","E","R","B",null,"M","M","M","?","M","E","R","M","T","?","M","R","E","M","R","B"],"character_chosen":"THE_SILENT","items_purchased":["Dash","Mango"],"campfire_rested":5,"item_purchase_floors":[2,22],"current_hp_per_floor":[68,68,66,66,52,70,58,51,51,40,49,33,63,62,70,63,70,70,70,64,60,74,74,84,80,80,80,84,66,57,55,84,9,84,76,74,52,52,25,46,80,68,68,68,53,74,12,17,62,0,0],"gold":350,"neow_bonus":"RANDOM_COMMON_RELIC","is_daily":false,"chose_seed":false,"campfire_upgraded":5,"win_rate":0.0,"timestamp":1610678311,"path_taken":["M","$","M","M","?","R","E","?","T","E","R","E","R","M","R","BOSS","M","M","M","M","$","E","R","E","T","?","R","E","M","E","R","BOSS","M","M","M","?","M","E","R","M","T","?","M","R","E","M","R","BOSS"],"items_purchased_type":["Card","Relic"],"build_version":"2020-12-22","purchased_purges":0,"victory":false,"max_hp_per_floor":[70,70,70,70,70,70,70,70,70,70,70,70,70,70,70,70,70,70,70,70,70,84,84,84,84,84,84,84,84,84,84,84,84,84,84,84,84,80,80,80,80,80,80,80,80,80,80,80,80,80,80],"card_choices":[{"not_picked":["Bane","Terror"],"picked":"Predator","floor":1},{"not_picked":["Blur","Prepared"],"picked":"Dagger Throw","floor":3},{"not_picked":["Terror","PiercingWail"],"picked":"Flying Knee","floor":4},{"not_picked":["Dagger Throw","Well Laid Plans"],"picked":"Poisoned Stab","floor":7},{"not_picked":["Dash","Skewer"],"picked":"Deadly Poison","floor":10},{"not_picked":["Dagger Throw","Deflect"],"picked":"Corpse Explosion","floor":12},{"not_picked":["Deflect","Eviscerate"],"picked":"PiercingWail","floor":14},{"not_picked":["Phantasmal Killer","Bullet Time"],"picked":"Glass Knife","floor":16},{"not_picked":["Dagger Spray","Tactician+1"],"picked":"PiercingWail+1","floor":18},{"not_picked":["Distraction","Eviscerate"],"picked":"Outmaneuver+1","floor":19},{"not_picked":["PiercingWail","Deadly Poison"],"picked":"Footwork","floor":20},{"not_picked":["Infinite Blades","Poisoned Stab"],"picked":"Night Terror","floor":21},{"not_picked":["Deadly Poison","Prepared"],"picked":"Quick Slash+1","floor":23},{"not_picked":["Underhanded Strike","Footwork"],"picked":"Dagger Spray","floor":25},{"not_picked":["Skewer","Well Laid Plans"],"picked":"Crippling Poison","floor":29},{"not_picked":["Blade Dance","Outmaneuver"],"picked":"Caltrops","floor":30},{"not_picked":["Skewer","Deflect"],"picked":"Calculated Gamble+1","floor":31},{"not_picked":["After Image","Glass Knife"],"picked":"Tools of the Trade","floor":33},{"not_picked":["PiercingWail","Bane+1"],"picked":"Backflip","floor":35},{"not_picked":["Finisher","Bane"],"picked":"Endless Agony+1","floor":36},{"not_picked":["PiercingWail","Prepared"],"picked":"Terror+1","floor":37},{"not_picked":["Deflect","Eviscerate"],"picked":"Expertise+1","floor":39},{"not_picked":["Deadly Poison+1","Bane"],"picked":"Dagger Spray+1","floor":40},{"not_picked":["Prepared","Adrenaline"],"picked":"Poisoned Stab+1","floor":42},{"not_picked":["Blade Dance+1","Bane+1"],"picked":"Dagger Spray+1","floor":45},{"not_picked":["Blade Dance+1","Glass Knife"],"picked":"Heel Hook+1","floor":47},{"not_picked":["Finisher+1","Flying Knee"],"picked":"Acrobatics+1","floor":48}],"player_experience":68515,"relics_obtained":[{"floor":7,"key":"Du-Vu Doll"},{"floor":9,"key":"Eternal Feather"},{"floor":10,"key":"Whetstone"},{"floor":12,"key":"Bird Faced Urn"},{"floor":23,"key":"Happy Flower"},{"floor":25,"key":"Toy Ornithopter"},{"floor":26,"key":"War Paint"},{"floor":29,"key":"Potion Belt"},{"floor":31,"key":"Snake Skull"},{"floor":40,"key":"FossilizedHelix"},{"floor":43,"key":"Omamori"},{"floor":47,"key":"Ornamental Fan"}],"event_choices":[{"damage_healed":0,"gold_gain":0,"player_choice":"Entered Light","damage_taken":14,"max_hp_gain":0,"max_hp_loss":0,"event_name":"Shining Light","floor":5,"gold_loss":0,"cards_upgraded":["Strike_G","Defend_G"]},{"damage_healed":0,"gold_gain":0,"player_choice":"Success","damage_taken":7,"relics_obtained":["TungstenRod"],"max_hp_gain":0,"max_hp_loss":0,"event_name":"Scrap Ooze","floor":8,"gold_loss":0},{"damage_healed":0,"gold_gain":0,"player_choice":"Paid Fearfully","damage_taken":0,"max_hp_gain":0,"max_hp_loss":0,"event_name":"Masked Bandits","floor":27,"gold_loss":134},{"damage_healed":0,"gold_gain":0,"player_choice":"Max HP","damage_taken":0,"max_hp_gain":0,"max_hp_loss":4,"event_name":"Winding Halls","floor":38,"gold_loss":0},{"cards_removed":["Neutralize"],"damage_healed":0,"gold_gain":0,"player_choice":"Removed Attack","damage_taken":0,"max_hp_gain":0,"max_hp_loss":0,"event_name":"Falling","floor":44,"gold_loss":0}],"is_beta":false,"boss_relics":[{"not_picked":["Empty Cage","Runic Pyramid"],"picked":"Astrolabe"},{"not_picked":["Cursed Key","Tiny House"],"picked":"SacredBark"}],"items_purged_floors":[],"is_endless":false,"potions_floor_spawned":[3,12,14,19,21,23,31,36,37,39],"killed_by":"Time Eater","ascension_level":1}}