{"host":"1pwde2j81wdvsae3","time":1610705875,"event":{"mods":["BaseMod","Minty Spire (QoL Compilation)","Replay The Spire","Shop Mod","StSLib"],"gold_per_floor":[116,15,15,15,26,57,57,75,75,87,120,138,138,118,118,214,214,233,23,39,39,39,74,87,87,110,110,137,137,166,207,207,320,320,345,375,38,74,74,121,121,164,236,283,307,331,362,387,387,391],"floor_reached":51,"language":"ZHS","playtime":2688,"items_purged":[],"score":1094,"play_id":"56289cb4-4db0-488a-b248-932523d82424","local_time":"20210115181755","is_ascension_mode":true,"campfire_choices":[{"data":"Infernal Blade","floor":7,"key":"SMITH"},{"data":"Perfected Strike","floor":13,"key":"SMITH"},{"data":"Havoc","floor":15,"key":"SMITH"},{"floor":27,"key":"REST"},{"data":"Dark Embrace","floor":29,"key":"SMITH"},{"data":"Clothesline","floor":32,"key":"SMITH"},{"data":"Perfected Strike","floor":41,"key":"SMITH"},{"floor":49,"key":"REST"}],"circlet_count":0,"master_deck":["AscendersBane","Strike_R+1","Strike_R+1","Strike_R+1","Strike_R+1","Strike_R+1","Defend_R+1","Defend_R+1","Defend_R+1","Defend_R+1","Bash+1","Wild Strike","ReplayTheSpireMod:Muscle Training+1","ReplayTheSpireMod:Strike From Hell","ReplayTheSpireMod:Strike From Hell","Twin Strike","Infernal Blade+1","Havoc+1","Headbutt","Perfected Strike+1","Warcry","Corruption+1","Armaments+1","Shockwave+1","Dark Embrace+1","Rage","ReplayTheSpireMod:Corrosion Curse","Survey Options","Shockwave","Clothesline+1","ReplayTheSpireMod:Stacked","Disarm","Exhume","True Grit+1","Perfected Strike+1","Impervious","Twin Strike+1","Spot Weakness+1","Demon Form","Rupture","Wild Strike","Pommel Strike","Fire Breathing","Seeing Red+1"],"relics":["Burning Blood","NeowsBlessing","ReplayTheSpireMod:TigerMarble","Counterbalance","Matryoshka","HornCleat","Honey Jar","Toolbox","Bottled Lightning","Replay:Bandana","Dream Catcher","Black Star","Bottled Tornado","King of Hearts","Gremlin Horn","StoneCalendar","Anchor","Pear","Replay:Bottled Eggs","Red Skull","Happy Flower"],"acts_visited":["Exordium","TheCity","TheBeyond"],"potions_floor_usage":[11,16,23,28,36,36,50,50],"damage_taken":[{"damage":0,"enemies":"Small Slimes","floor":1,"turns":1},{"damage":0,"enemies":"Jaw Worm","floor":5,"turns":1},{"damage":0,"enemies":"Lagavulin","floor":6,"turns":1},{"damage":1,"enemies":"Cultist","floor":8,"turns":2},{"damage":11,"enemies":"Gremlin Gang","floor":10,"turns":4},{"damage":17,"enemies":"Gremlin Nob","floor":11,"turns":3},{"damage":5,"enemies":"3 Louse","floor":12,"turns":3},{"damage":42,"enemies":"The Guardian","floor":16,"turns":6},{"damage":12,"enemies":"2 Thieves","floor":18,"turns":3},{"damage":17,"enemies":"Spheric Guardian","floor":20,"turns":4},{"damage":17,"enemies":"Slavers","floor":23,"turns":5},{"damage":1,"enemies":"Centurion and Healer","floor":24,"turns":5},{"damage":0,"enemies":"Chosen and Byrds","floor":28,"turns":4},{"damage":18,"enemies":"Shelled Parasite and Fungi","floor":30,"turns":5},{"damage":5,"enemies":"Centurion and Healer","floor":31,"turns":6},{"damage":32,"enemies":"Automaton","floor":33,"turns":7},{"damage":19,"enemies":"3 Shapes","floor":35,"turns":4},{"damage":19,"enemies":"3 Darklings","floor":36,"turns":7},{"damage":6,"enemies":"Spire Growth","floor":38,"turns":4},{"damage":18,"enemies":"Nemesis","floor":40,"turns":7},{"damage":16,"enemies":"Reptomancer","floor":42,"turns":5},{"damage":0,"enemies":"Giant Head","floor":44,"turns":7},{"damage":13,"enemies":"4 Shapes","floor":45,"turns":6},{"damage":8,"enemies":"Jaw Worm Horde","floor":46,"turns":4},{"damage":4,"enemies":"Sphere and 2 Shapes","floor":47,"turns":4},{"damage":1,"enemies":"Spire Growth","floor":48,"turns":4},{"damage":0,"enemies":"Replay:Hell Engine","floor":50,"turns":7}],"seed_played":"-8222511651695518014","potions_obtained":[{"floor":1,"key":"AttackPotion"},{"floor":6,"key":"CultistPotion"},{"floor":14,"key":"Elixir"},{"floor":16,"key":"Weak Potion"},{"floor":23,"key":"Adrenaline Potion"},{"floor":28,"key":"Ancient Potion"},{"floor":30,"key":"Energy Potion"},{"floor":33,"key":"Flashbang"},{"floor":36,"key":"Fire Potion"},{"floor":44,"key":"Milkshake"}],"is_trial":false,"path_per_floor":["M","$","?","T","M","E","R","M","T","M","E","M","R","?","R","B",null,"M","$","M","?","?","E","M","?","T","R","M","R","M","M","R","B",null,"M","M","$","M","?","E","R","E","T","E","M","M","M","M","R","B",null],"character_chosen":"IRONCLAD","items_purchased":["ReplayTheSpireMod:Muscle Training","ReplayTheSpireMod:Strike From Hell","Shockwave+1","Toolbox","Bottled Tornado","Bludgeon"],"campfire_rested":2,"item_purchase_floors":[2,2,19,19,37,37],"current_hp_per_floor":[78,78,78,78,80,80,80,80,80,75,64,65,65,65,65,29,67,61,61,54,54,54,43,48,36,36,61,73,73,61,62,62,36,72,59,46,46,60,94,82,82,72,82,88,81,79,81,86,104,104],"gold":391,"neow_bonus":"THREE_ENEMY_KILL","is_daily":false,"chose_seed":false,"campfire_upgraded":6,"win_rate":0.0,"timestamp":1610705875,"path_taken":["M","$","?","?","?","E","R","?","T","M","E","M","R","?","R","BOSS","M","$","M","?","?","E","?","?","T","R","M","R","M","M","R","BOSS","M","?","$","M","?","E","R","E","T","E","M","M","M","M","R","BOSS"],"items_purchased_type":["Card","Card","Card","Relic","Relic","Card"],"build_version":"2020-12-22","purchased_purges":0,"victory":true,"max_hp_per_floor":[80,80,80,80,80,80,80,80,80,80,80,80,80,80,80,80,80,80,80,84,84,84,84,84,84,84,84,84,84,84,84,84,84,84,84,84,84,84,94,94,94,94,104,104,104,104,104,104,104,104],"card_choices":[{"not_picked":["Seeing Red","Armaments"],"picked":"Wild Strike","floor":1},{"not_picked":["Thunderclap","Clash"],"picked":"Twin Strike","floor":5},{"not_picked":["Twin Strike","Clothesline"],"picked":"Infernal Blade","floor":6},{"not_picked":["Clothesline","True Grit"],"picked":"Havoc","floor":8},{"not_picked":["Flex","Blood for Blood"],"picked":"Headbutt","floor":10},{"not_picked":["Rampage","Entrench"],"picked":"Perfected Strike","floor":11},{"not_picked":["Fiend Fire","Perfected Strike"],"picked":"Warcry","floor":12},{"not_picked":["Reaper","Demon Form"],"picked":"Corruption","floor":16},{"not_picked":["Flame Barrier","Sword Boomerang","ReplayTheSpireMod:Limb From Limb"],"picked":"Armaments+1","floor":18},{"not_picked":["Metallicize","Battle Trance","Run Through"],"picked":"Dark Embrace","floor":20},{"not_picked":["Blood for Blood","Clothesline","Thunderclap"],"picked":"Rage","floor":23},{"not_picked":["ReplayTheSpireMod:Limb From Limb","Combust","Dark Embrace"],"picked":"ReplayTheSpireMod:Corrosion Curse","floor":24},{"not_picked":["Massacre","Whirlwind","Heavy Blade"],"picked":"Shockwave","floor":27},{"not_picked":["Cleave","Armaments","Reckless Charge"],"picked":"Clothesline","floor":28},{"not_picked":["Havoc","Iron Wave","Anger"],"picked":"ReplayTheSpireMod:Stacked","floor":30},{"not_picked":["Sword Boomerang","Run Through","Clothesline"],"picked":"Disarm","floor":31},{"not_picked":["Limit Break","Bludgeon","Demon Form"],"picked":"Exhume","floor":33},{"not_picked":["Perfected Strike+1","Headbutt","Warcry"],"picked":"True Grit+1","floor":35},{"not_picked":["Body Slam","Anger+1","Clothesline"],"picked":"Perfected Strike","floor":36},{"not_picked":["Armaments","Warcry","Cleave"],"picked":"Impervious","floor":38},{"not_picked":["Iron Wave","Heavy Blade","ReplayTheSpireMod:Muscle Training"],"picked":"Twin Strike+1","floor":40},{"not_picked":["Headbutt","Anger","Reckless Charge"],"picked":"Spot Weakness+1","floor":42},{"not_picked":["Armaments","Carnage","Abandon+1"],"picked":"Demon Form","floor":44},{"not_picked":["Dropkick","Body Slam+1","Pummel"],"picked":"Rupture","floor":45},{"not_picked":["ReplayTheSpireMod:Strike From Hell+1","Warcry","Whirlwind"],"picked":"Wild Strike","floor":46},{"not_picked":["Body Slam","Sword Boomerang+1","Dark Embrace"],"picked":"Pommel Strike","floor":47},{"not_picked":["Clash","Life Link+1","ReplayTheSpireMod:Corrosion Curse+1"],"picked":"Fire Breathing","floor":48},{"not_picked":["Uppercut","Combust+1","Run Through"],"picked":"Seeing Red+1","floor":49}],"player_experience":209589,"relics_obtained":[{"floor":4,"key":"ReplayTheSpireMod:TigerMarble"},{"floor":6,"key":"Counterbalance"},{"floor":9,"key":"Matryoshka"},{"floor":11,"key":"HornCleat"},{"floor":23,"key":"Bottled Lightning"},{"floor":26,"key":"Replay:Bandana"},{"floor":26,"key":"Dream Catcher"},{"floor":40,"key":"King of Hearts"},{"floor":40,"key":"Gremlin Horn"},{"floor":42,"key":"StoneCalendar"},{"floor":42,"key":"Anchor"},{"floor":43,"key":"Pear"},{"floor":43,"key":"Replay:Bottled Eggs"},{"floor":44,"key":"Red Skull"},{"floor":44,"key":"Happy Flower"}],"event_choices":[{"damage_healed":0,"gold_gain":0,"player_choice":"Grow","damage_taken":0,"max_hp_gain":0,"max_hp_loss":0,"event_name":"Living Wall","floor":3,"gold_loss":0,"cards_upgraded":["Bash"]},{"damage_healed":0,"gold_gain":0,"player_choice":"Bought 1 Potion","damage_taken":0,"max_hp_gain":0,"max_hp_loss":0,"event_name":"The Woman in Blue","floor":14,"gold_loss":0},{"damage_healed":0,"gold_gain":0,"player_choice":"Simplicity","damage_taken":0,"max_hp_gain":0,"max_hp_loss":0,"event_name":"Back to Basics","floor":21,"gold_loss":0,"cards_upgraded":["Strike_R","Strike_R","Strike_R","Strike_R","Strike_R","Defend_R","Defend_R","Defend_R","Defend_R"]},{"damage_healed":0,"gold_gain":0,"player_choice":"Forge","damage_taken":0,"max_hp_gain":0,"max_hp_loss":0,"event_name":"Accursed Blacksmith","floor":22,"gold_loss":0,"cards_upgraded":["Corruption"]},{"damage_healed":0,"gold_gain":0,"player_choice":"CARD ","damage_taken":12,"max_hp_gain":0,"max_hp_loss":0,"event_name":"Knowing Skull","floor":25,"potions_obtained":[],"gold_loss":0,"cards_obtained":["Survey Options"]},{"cards_removed":["Bludgeon"],"damage_healed":24,"gold_gain":0,"player_choice":"Offered Rare","damage_taken":0,"max_hp_gain":10,"max_hp_loss":0,"event_name":"Bonfire Elementals","floor":39,"gold_loss":0}],"is_beta":false,"boss_relics":[{"not_picked":["Replay:Ancient Bell","Coffee Dripper"],"picked":"Honey Jar"},{"not_picked":["Black Blood","Empty Cage"],"picked":"Black Star"}],"items_purged_floors":[],"is_endless":false,"potions_floor_spawned":[1,6,10,16,23,28,30,33,36,44,46],"ascension_level":12}}