{"host":"g01l53quoe6lrer0","time":1610669307,"event":{"mods":["2.2 Compatiblity","AchievementEnabler","BaseMod","Colored Map","Highlight Path","Keyboard Shortcuts","Minty Spire (QoL Compilation)","Permanent Neow","StSLib","SuperFastMode","everything is the same but u backflip on backflip"],"gold_per_floor":[132,164,204,257,90,90,90,132,183,199,199,199,254,291,291,365,365,378,414,480,500,500,500,425,425,425,68,106,146,183,19,19,95,395,431,431,476,476,476,476,476,476],"floor_reached":41,"language":"KOR","playtime":1534,"items_purged":["Writhe","Defend_B"],"score":827,"play_id":"f1f7d111-1543-41a1-8f77-9e0dea528b78","local_time":"20210115090827","is_ascension_mode":true,"campfire_choices":[{"data":"HandOfGreed","floor":6.0,"key":"SMITH"},{"floor":12.0,"key":"REST"},{"data":"Enlightenment","floor":15.0,"key":"SMITH"},{"floor":23.0,"key":"REST"},{"data":"Coolheaded","floor":25.0,"key":"SMITH"},{"data":"Defragment","floor":32.0,"key":"SMITH"},{"data":"Hologram","floor":40.0,"key":"SMITH"}],"circlet_count":0,"master_deck":["AscendersBane","Defend_B","Zap","Dualcast","HandOfGreed+1","Sunder","Consume+1","Undo","Steam","Enlightenment+1","Cold Snap","Ball Lightning","Stack","Meteor Strike","Auto Shields+1","Chaos+1","Beam Cell+1","Turbo","Coolheaded+1","Self Repair","Leap","Hologram","Aggregate","Compile Driver","Defragment+1","Steam Power","Meteor Strike","CurseOfTheBell","Chill+1","Coolheaded+1","Hologram+1"],"relics":["Cracked Core","Centennial Puzzle","Pantograph","Astrolabe","Calipers","Lee\u0027s Waffle","Calling Bell","Anchor","Frozen Egg 2","Old Coin"],"acts_visited":["Exordium","TheCity","TheBeyond"],"potions_floor_usage":[],"damage_taken":[{"damage":1.0,"enemies":"Cultist","floor":1.0,"turns":3.0},{"damage":7.0,"enemies":"Jaw Worm","floor":2.0,"turns":4.0},{"damage":0.0,"enemies":"2 Louse","floor":3.0,"turns":2.0},{"damage":9.0,"enemies":"Exordium Thugs","floor":4.0,"turns":4.0},{"damage":20.0,"enemies":"Exordium Wildlife","floor":8.0,"turns":4.0},{"damage":11.0,"enemies":"Looter","floor":10.0,"turns":5.0},{"damage":0.0,"enemies":"3 Sentries","floor":13.0,"turns":6.0},{"damage":2.0,"enemies":"Blue Slaver","floor":14.0,"turns":2.0},{"damage":43.0,"enemies":"Hexaghost","floor":16.0,"turns":9.0},{"damage":4.0,"enemies":"3 Byrds","floor":18.0,"turns":4.0},{"damage":6.0,"enemies":"Spheric Guardian","floor":19.0,"turns":4.0},{"damage":11.0,"enemies":"Centurion and Healer","floor":20.0,"turns":5.0},{"damage":16.0,"enemies":"Cultist and Chosen","floor":21.0,"turns":4.0},{"damage":37.0,"enemies":"Shelled Parasite and Fungi","floor":28.0,"turns":8.0},{"damage":0.0,"enemies":"Centurion and Healer","floor":29.0,"turns":7.0},{"damage":17.0,"enemies":"Cultist and Chosen","floor":30.0,"turns":5.0},{"damage":44.0,"enemies":"Collector","floor":33.0,"turns":13.0},{"damage":1.0,"enemies":"3 Shapes","floor":35.0,"turns":5.0},{"damage":11.0,"enemies":"Orb Walker","floor":37.0,"turns":4.0},{"damage":72,"enemies":"Giant Head","floor":41,"turns":7}],"seed_played":"-6261838786741670893","potions_obtained":[{"floor":1.0,"key":"Block Potion"},{"floor":4.0,"key":"EssenceOfDarkness"},{"floor":13.0,"key":"LiquidBronze"},{"floor":16.0,"key":"DistilledChaos"},{"floor":18.0,"key":"AttackPotion"},{"floor":21.0,"key":"Block Potion"},{"floor":29.0,"key":"Strength Potion"}],"is_trial":false,"path_per_floor":["M","M","M","M","$","R","?","M","T","M","?","R","E","M","R","B",null,"M","M","M","M","?","R","?","R","T","$","M","M","M","$","R","B",null,"M","?","M","?","?","R","E"],"character_chosen":"DEFECT","items_purchased":["Enlightenment","Leap","Lee\u0027s Waffle","PowerPotion","Defragment","Steam Power"],"campfire_rested":2,"item_purchase_floors":[5,27,27,27,31,31],"current_hp_per_floor":[63,56,56,47,47,47,47,27,27,16,16,37,37,35,35,17,58,54,48,37,21,21,42,42,42,42,78,55,55,45,45,45,33,67,73,73,69,69,69,69,0,0],"gold":476,"neow_bonus":"RANDOM_COLORLESS_2","is_daily":false,"chose_seed":false,"campfire_upgraded":5,"win_rate":0.0,"timestamp":1610669307,"path_taken":["M","M","M","M","$","R","?","M","T","M","?","R","E","M","R","BOSS","M","M","M","M","?","R","?","R","T","$","M","M","M","$","R","BOSS","M","?","?","?","?","R","E"],"items_purchased_type":["Card","Card","Relic","Potion","Card","Card"],"build_version":"2020-12-22","purchased_purges":2,"victory":false,"max_hp_per_floor":[71,71,71,71,71,71,71,71,71,71,71,71,71,71,71,71,71,71,71,71,71,71,71,71,71,71,78,78,78,78,78,78,78,78,78,78,78,78,78,78,78,78],"card_choices":[{"not_picked":["Transmutation","Thinking Ahead"],"picked":"HandOfGreed","floor":0.0},{"not_picked":["Barrage","Sweeping Beam"],"picked":"Sunder","floor":1.0},{"not_picked":["Cold Snap","Rebound"],"picked":"Consume","floor":2.0},{"not_picked":["Gash","Cold Snap"],"picked":"Undo","floor":3.0},{"not_picked":["Beam Cell","Thunder Strike"],"picked":"Steam","floor":4.0},{"not_picked":["Conserve Battery","Steam"],"picked":"Cold Snap","floor":8.0},{"not_picked":["Scrape","Sweeping Beam","Beam Cell"],"picked":"SKIP","floor":10.0},{"not_picked":["Stack","Steam"],"picked":"Ball Lightning","floor":13.0},{"not_picked":["Beam Cell","Sweeping Beam"],"picked":"Stack","floor":14.0},{"not_picked":["Multi-Cast","Creative AI"],"picked":"Meteor Strike","floor":16.0},{"not_picked":["Streamline","Undo"],"picked":"Turbo","floor":18.0},{"not_picked":["Turbo","Rebound"],"picked":"Coolheaded","floor":19.0},{"not_picked":["Sweeping Beam","Thunder Strike"],"picked":"Rebound","floor":20.0},{"not_picked":["Stack","Ball Lightning"],"picked":"Self Repair","floor":21.0},{"not_picked":["Compile Driver","Genetic Algorithm"],"picked":"Hologram","floor":28.0},{"not_picked":["Blizzard","Storm+1"],"picked":"Aggregate","floor":29.0},{"not_picked":["Conserve Battery+1","Redo"],"picked":"Compile Driver","floor":30.0},{"not_picked":["Rainbow","Thunder Strike"],"picked":"Meteor Strike","floor":33.0},{"not_picked":["Leap","Cold Snap"],"picked":"Chill+1","floor":35.0},{"not_picked":["Compile Driver","Barrage"],"picked":"Hologram","floor":37.0}],"player_experience":199545,"relics_obtained":[{"floor":9.0,"key":"Centennial Puzzle"},{"floor":13.0,"key":"Pantograph"},{"floor":26.0,"key":"Calipers"},{"floor":34.0,"key":"Anchor"},{"floor":34.0,"key":"Frozen Egg 2"},{"floor":34.0,"key":"Old Coin"}],"event_choices":[{"damage_healed":0.0,"max_hp_gain":0.0,"max_hp_loss":0.0,"gold_gain":0.0,"event_name":"Accursed Blacksmith","player_choice":"Forge","floor":7.0,"gold_loss":0.0,"damage_taken":0.0,"cards_upgraded":["Consume"]},{"cards_removed":["Strike_B"],"damage_healed":0.0,"max_hp_gain":0.0,"max_hp_loss":0.0,"gold_gain":0.0,"event_name":"Purifier","player_choice":"Purged","floor":11.0,"gold_loss":0.0,"damage_taken":0.0},{"cards_removed":["Strike_B"],"damage_healed":0.0,"max_hp_gain":0.0,"max_hp_loss":0.0,"gold_gain":0.0,"event_name":"Back to Basics","player_choice":"Elegance","floor":22.0,"gold_loss":0.0,"damage_taken":0.0},{"cards_removed":["Defend_B"],"damage_healed":0.0,"max_hp_gain":0.0,"max_hp_loss":0.0,"gold_gain":0.0,"event_name":"Beggar","player_choice":"Gave Gold","floor":24.0,"gold_loss":75.0,"damage_taken":0.0},{"damage_healed":0.0,"max_hp_gain":0.0,"max_hp_loss":0.0,"gold_gain":0.0,"event_name":"Duplicator","player_choice":"Copied","floor":36.0,"gold_loss":0.0,"damage_taken":0.0,"cards_obtained":["Coolheaded"]},{"cards_removed":["Rebound"],"damage_healed":0.0,"max_hp_gain":0.0,"max_hp_loss":0.0,"gold_gain":0.0,"event_name":"Falling","player_choice":"Removed Attack","floor":38.0,"gold_loss":0.0,"damage_taken":0.0},{"damage_healed":0.0,"max_hp_gain":0.0,"max_hp_loss":0.0,"gold_gain":0.0,"event_name":"Mysterious Sphere","player_choice":"Ignored","floor":39.0,"gold_loss":0.0,"damage_taken":0.0}],"is_beta":false,"boss_relics":[{"not_picked":["Pandora\u0027s Box","Ectoplasm"],"picked":"Astrolabe"},{"not_picked":["Tiny House","Velvet Choker"],"picked":"Calling Bell"}],"items_purged_floors":[5,27],"is_endless":false,"potions_floor_spawned":[1,4,13,16,18,21,29],"killed_by":"Giant Head","ascension_level":18}}