{"host":"ty2cix8xj6r3ad26","time":1610753617,"event":{"mods":["AchievementEnabler","BaseMod","BetterRewards","Hubris","Minty Spire (QoL Compilation)","Replay The Spire","StSLib","SuperFastMode"],"gold_per_floor":[109,109,109,121,133,165,165,193,193,37,37,37,52,68,68,167,167,186,204,11,11,11,11,11,45,45,63,63,63,11,28,45,77,77,182,182,198,198,178,192,208,238,0,18,68,83,116,116,116,59,59,61,61,61,11,52,54,54],"floor_reached":57,"language":"ENG","playtime":3792,"items_purged":["Strike_P","Strike_P","Strike_P"],"score":1233,"play_id":"16e7ff6c-383c-4549-a48b-e8fd067667ec","local_time":"20210116013337","is_ascension_mode":true,"campfire_choices":[{"data":"Judgement","floor":7,"key":"SMITH"},{"data":"PathToVictory","floor":12,"key":"SMITH"},{"data":"PathToVictory","floor":15,"key":"SMITH"},{"data":"hubris:Insight","floor":26,"key":"SMITH"},{"data":"PathToVictory","floor":34,"key":"SMITH"},{"floor":48,"key":"RECALL"},{"data":"EmptyBody","floor":54,"key":"SMITH"}],"circlet_count":0,"master_deck":["Defend_P","Vigilance","PathToVictory+1","PathToVictory+1","EmptyBody+1","ForeignInfluence","Steam","Conclude","Judgement+1","Scrawl","FearNoEvil","hubris:Insight+1","Protect","PathToVictory+1","LikeWater+1","Wireheading"],"relics":["PureWater","Garlic","Replay:Towering Pillar of Hats","Sundial","Kunai","TeardropLocket","Blood Vial","Black Star","Omamori","Onion Ring","Singing Bowl","Gremlin Food","Bag of Marbles","Nunchaku","Cursed Key","hubris:Icosahedron","Bronze Scales","Damaru","Red Mask","Molten Egg 2","Replay:Bandana","Oddly Smooth Stone","Lantern"],"acts_visited":["Exordium","TheCity","TheBeyond","TheEnding"],"potions_floor_usage":[6,8,16,35,40,47,47,57,57],"damage_taken":[{"damage":0,"enemies":"Small Slimes","floor":1,"turns":3},{"damage":0,"enemies":"Cultist","floor":4,"turns":3},{"damage":0,"enemies":"Jaw Worm","floor":5,"turns":3},{"damage":2,"enemies":"Gremlin Nob","floor":6,"turns":3},{"damage":11,"enemies":"Lagavulin","floor":8,"turns":6},{"damage":0,"enemies":"Exordium Thugs","floor":13,"turns":1},{"damage":0,"enemies":"Exordium Wildlife","floor":14,"turns":2},{"damage":0,"enemies":"Fading Forest","floor":16,"turns":11},{"damage":1,"enemies":"Chosen","floor":18,"turns":2},{"damage":0,"enemies":"3 Byrds","floor":19,"turns":2},{"damage":27,"enemies":"Book of Stabbing","floor":25,"turns":6},{"damage":0,"enemies":"Snecko","floor":27,"turns":3},{"damage":0,"enemies":"Shelled Parasite and Fungi","floor":31,"turns":2},{"damage":0,"enemies":"Sentry and Sphere","floor":32,"turns":2},{"damage":0,"enemies":"Gremlin Leader","floor":33,"turns":3},{"damage":19,"enemies":"hubris:MusketHawk","floor":35,"turns":6},{"damage":0,"enemies":"Orb Walker","floor":37,"turns":2},{"damage":0,"enemies":"3 Shapes","floor":40,"turns":1},{"damage":0,"enemies":"3 Darklings","floor":41,"turns":2},{"damage":0,"enemies":"Nemesis","floor":42,"turns":3},{"damage":0,"enemies":"Spire Growth","floor":44,"turns":3},{"damage":0,"enemies":"Jaw Worm Horde","floor":46,"turns":2},{"damage":15,"enemies":"R_Hoarder","floor":47,"turns":8},{"damage":10,"enemies":"Time Eater","floor":52,"turns":5},{"damage":33,"enemies":"Shield and Spear","floor":56,"turns":5},{"damage":91,"enemies":"The Heart","floor":57,"turns":6}],"seed_played":"-8409565347083075698","potions_obtained":[{"floor":4,"key":"StancePotion"},{"floor":5,"key":"PowerPotion"},{"floor":14,"key":"AttackPotion"},{"floor":25,"key":"DistilledChaos"},{"floor":32,"key":"SkillPotion"},{"floor":39,"key":"Ambrosia"},{"floor":42,"key":"FairyPotion"},{"floor":44,"key":"Dexterity Potion"},{"floor":46,"key":"Weak Potion"},{"floor":47,"key":"FearPotion"}],"is_trial":false,"path_per_floor":["M","?","?","M","M","E","R","E","T","$","?","R","M","M","R","B",null,"M","M","$","?","PTL","PTL","$","E","R","M","T","?","?","M","M","E","R","B",null,"M","?","?","M","M","E","?","M","T","M","E","R","?","$","R","B",null,"R","$","E","B"],"character_chosen":"WATCHER","items_purchased":["PathToVictory","Garlic","PathToVictory","ColorlessPotion","Blood Vial","LikeWater","LikeWater+1","SpeedPotion"],"campfire_rested":0,"item_purchase_floors":[0,0,0,0,10,20,50,55],"current_hp_per_floor":[33,33,33,33,33,31,31,20,20,20,20,20,22,24,24,34,63,64,66,66,66,66,66,66,41,41,43,43,43,43,47,51,55,55,40,70,74,74,74,78,82,86,86,90,90,92,79,79,79,79,79,71,88,88,88,59,0,0],"gold":54,"neow_bonus":"","is_daily":false,"chose_seed":false,"campfire_upgraded":6,"win_rate":0.0,"timestamp":1610753617,"path_taken":["M","?","?","M","?","E","R","E","T","?","?","R","M","M","R","BOSS","M","M","$","?","PTL","PTL","?","E","R","M","T","?","?","?","?","E","R","BOSS","M","?","?","?","M","E","?","M","T","M","E","R","?","$","R","BOSS","R","$","E","BOSS"],"items_purchased_type":["Card","Relic","Card","Potion","Relic","Card","Card","Potion"],"build_version":"2020-12-22","purchased_purges":3,"victory":false,"max_hp_per_floor":[72,72,72,72,72,72,72,72,72,72,72,72,72,72,72,72,72,72,72,72,72,72,72,72,72,72,72,72,72,72,74,76,78,78,80,80,82,82,82,84,86,88,88,90,90,92,94,94,94,94,94,94,94,94,94,96,96,96],"card_choices":[{"not_picked":["Replay:BluntJabs","Swivel"],"picked":"EmptyBody","floor":1},{"not_picked":["FlyingSleeves","ThirdEye","Replay:ManipulateFuture"],"picked":"SKIP","floor":4},{"not_picked":["ReachHeaven","Protect"],"picked":"Conclude","floor":5},{"not_picked":["Weave","EmptyBody"],"picked":"Judgement","floor":6},{"not_picked":["Crescendo","EmptyFist"],"picked":"Scrawl","floor":8},{"not_picked":["Crescendo","Wallop"],"picked":"FearNoEvil","floor":13},{"not_picked":["Tantrum","CutThroughFate","ClearTheMind"],"picked":"SKIP","floor":14},{"not_picked":["SashWhip","Replay:BluntJabs+1","Indignation"],"picked":"SKIP","floor":18},{"not_picked":["Conclude+1","Crescendo+1","Prostrate"],"picked":"SKIP","floor":19},{"not_picked":["Adaptation","Replay:BluntJabs","CutThroughFate"],"picked":"SKIP","floor":25},{"not_picked":["Replay:BluntJabs+1","FollowUp"],"picked":"PathToVictory","floor":27},{"not_picked":["EmptyBody","CutThroughFate","Protect"],"picked":"Singing Bowl","floor":31},{"not_picked":["SignatureMove","JustLucky","Evaluate"],"picked":"Singing Bowl","floor":32},{"not_picked":["Brilliance","FlurryOfBlows+1","SandsOfTime+1"],"picked":"Singing Bowl","floor":33},{"not_picked":["Wish","Scrawl","Devotion"],"picked":"Singing Bowl","floor":35},{"not_picked":["Crescendo+1","Halt","ThirdEye"],"picked":"Singing Bowl","floor":37},{"not_picked":["BattleHymn+1","Collect+1","Indignation+1"],"picked":"Singing Bowl","floor":40},{"not_picked":["Replay:ManipulateFuture","Vengeance","Replay:Hum+1"],"picked":"Singing Bowl","floor":41},{"not_picked":["ClearTheMind+1","Evaluate","Wallop+1"],"picked":"Singing Bowl","floor":42},{"not_picked":["JustLucky","Replay:Hum","EmptyFist+1"],"picked":"Singing Bowl","floor":44},{"not_picked":["Adaptation","Tantrum","Crescendo+1"],"picked":"Singing Bowl","floor":46},{"not_picked":["Collect+1","FollowUp+1","Prostrate+1"],"picked":"Singing Bowl","floor":47},{"not_picked":["Pray+1","WindmillStrike+1","Replay:Anticipation"],"picked":"Singing Bowl","floor":56}],"player_experience":502158,"relics_obtained":[{"floor":6,"key":"Sundial"},{"floor":8,"key":"Kunai"},{"floor":9,"key":"TeardropLocket"},{"floor":25,"key":"Omamori"},{"floor":25,"key":"Onion Ring"},{"floor":28,"key":"Singing Bowl"},{"floor":33,"key":"Bag of Marbles"},{"floor":33,"key":"Nunchaku"},{"floor":42,"key":"Bronze Scales"},{"floor":42,"key":"Damaru"},{"floor":47,"key":"Molten Egg 2"},{"floor":47,"key":"Replay:Bandana"},{"floor":56,"key":"Oddly Smooth Stone"},{"floor":56,"key":"Lantern"}],"event_choices":[{"cards_removed":["Eruption"],"damage_healed":0,"gold_gain":0,"player_choice":"Offered Basic","damage_taken":0,"max_hp_gain":0,"max_hp_loss":0,"event_name":"Bonfire Elementals","floor":3,"gold_loss":0},{"damage_healed":0,"gold_gain":0,"player_choice":"2 cards matched","damage_taken":0,"max_hp_gain":0,"max_hp_loss":0,"event_name":"Match and Keep!","floor":21,"gold_loss":0,"cards_obtained":["hubris:Insight","Protect"]},{"damage_healed":0,"gold_gain":0,"player_choice":"Ignored","damage_taken":0,"max_hp_gain":0,"max_hp_loss":0,"event_name":"Ghosts","floor":29,"gold_loss":0},{"damage_healed":0,"gold_gain":0,"player_choice":"Paid Gold","damage_taken":0,"relics_obtained":["Gremlin Food"],"max_hp_gain":0,"max_hp_loss":0,"event_name":"WeMeetAgain","floor":30,"gold_loss":52},{"damage_healed":0,"gold_gain":0,"player_choice":"Bought 1 Potion","damage_taken":0,"max_hp_gain":0,"max_hp_loss":0,"event_name":"The Woman in Blue","floor":39,"gold_loss":0},{"damage_healed":0,"gold_gain":0,"player_choice":"Paid","damage_taken":0,"relics_obtained":["Red Mask"],"max_hp_gain":0,"max_hp_loss":0,"event_name":"Tomb of Lord Red Mask","floor":43,"gold_loss":238},{"cards_removed":["LikeWater"],"damage_healed":0,"gold_gain":0,"player_choice":"Removed Power","damage_taken":0,"max_hp_gain":0,"max_hp_loss":0,"event_name":"Falling","floor":49,"gold_loss":0}],"is_beta":false,"boss_relics":[{"not_picked":["Busted Crown","Philosopher\u0027s Stone"],"picked":"Black Star"},{"not_picked":["Pandora\u0027s Box","Snecko Heart"],"picked":"Cursed Key"}],"items_purged_floors":[0,0,20],"is_endless":false,"potions_floor_spawned":[4,5,14,25,32,42,44,46,47],"killed_by":"The Heart","ascension_level":6}}