{"host":"l84l8xigz5v5foa2","time":1610696172,"event":{"mods":["2.2 Compatiblity","AchievementEnabler","BaseMod","Better Note","Better Vampires","Card Filter","Colored Map","DeckTracker","Downfall","Gremlin Skip","Highlight Path","Keyboard Shortcuts","Minty Spire (QoL Compilation)","Permanent Neow","Quick Restart","Relic Filter","Relic Stats","StSLib","SuperFastMode","Transform Curses","Unknown Chances"],"gold_per_floor":[349,362,362,362,374,374,445,445,460,474,298,298,223,35,46,125,125,125,140,155,155,167,167,247,247,258,289,174,174,174,174,174],"floor_reached":30,"language":"ENG","playtime":1468,"items_purged":["hexamod:Strike","hexamod:Strike"],"score":501,"play_id":"d7a96972-44b7-4969-968a-858fc073110b","local_time":"20210115163612","is_ascension_mode":true,"campfire_choices":[{"data":"hexamod:Float","floor":1.0,"key":"SMITH"},{"floor":8.0,"key":"RECALL"},{"data":"hexamod:GhostOfSpirePast","floor":13.0,"key":"SMITH"},{"data":"hexamod:GhostOfSpirePresent","floor":18.0,"key":"SMITH"}],"circlet_count":0,"master_deck":["AscendersBane","hexamod:Strike+1","hexamod:Defend","hexamod:Defend+1","hexamod:Defend","hexamod:Sear+1","hexamod:Float+1","hexamod:SpectersWail","hexamod:ThirdSeal","hexamod:GhostOfSpirePresent+1","hexamod:StepThrough","hexamod:AdvancingGuard+1","hexamod:FirstSeal","hexamod:SuperheatedStrike+1","hexamod:GhostOfSpirePast+1","hexamod:HauntingEcho+1","hexamod:FourthSeal","hexamod:GhostShield","hexamod:SixthSeal","hexamod:HexaLevel","hexamod:ShieldOfDarkness","hexamod:BacktrackSmack","hexamod:GhostOfSpirePast+1","hexamod:NecessarySacrifice","hexamod:InspiringFlames","hexamod:GhostShield+1","hexamod:Rewind","hexamod:FastForward","hexamod:FirstSeal","hexamod:StepThrough"],"relics":["hexamod:SpiritBrand","Mango","Singing Bowl","downfall:HeartBlessingRed","Lee\u0027s Waffle","Coffee Dripper","Meat on the Bone","champ:DeflectingBracers"],"acts_visited":["Exordium","TheCity"],"potions_floor_usage":[],"damage_taken":[{"damage":1.0,"enemies":"Jaw Worm","floor":2.0,"turns":3.0},{"damage":5.0,"enemies":"2 Louse","floor":5.0,"turns":2.0},{"damage":1.0,"enemies":"Small Slimes","floor":9.0,"turns":3.0},{"damage":6.0,"enemies":"Exordium Wildlife","floor":10.0,"turns":4.0},{"damage":0.0,"enemies":"downfall:FleeingMerchant","floor":11.0,"turns":4.0},{"damage":0.0,"enemies":"downfall:FleeingMerchant","floor":14.0,"turns":4.0},{"damage":3.0,"enemies":"Exordium Thugs","floor":15.0,"turns":4.0},{"damage":67.0,"enemies":"downfall:Ironclad","floor":16.0,"turns":11.0},{"damage":15.0,"enemies":"Chosen","floor":19.0,"turns":6.0},{"damage":14.0,"enemies":"Shelled Parasite and Fungi","floor":20.0,"turns":7.0},{"damage":0.0,"enemies":"3 Cultists","floor":22.0,"turns":5.0},{"damage":23.0,"enemies":"Snake Plant","floor":26.0,"turns":4.0},{"damage":60.0,"enemies":"Gremlin Leader","floor":27.0,"turns":8.0},{"damage":0.0,"enemies":"downfall:FleeingMerchant","floor":28.0,"turns":4.0},{"damage":46,"enemies":"Book of Stabbing","floor":30,"turns":5}],"seed_played":"-3204698017711207651","potions_obtained":[{"floor":10.0,"key":"Weak Potion"},{"floor":15.0,"key":"DuplicationPotion"},{"floor":16.0,"key":"Strength Potion"},{"floor":16.0,"key":"Swift Potion"},{"floor":19.0,"key":"Block Potion"},{"floor":19.0,"key":"sneckomod:MuddlingPotion"},{"floor":20.0,"key":"Guardian:BlockOnCardUsePotion"},{"floor":22.0,"key":"GamblersBrew"},{"floor":26.0,"key":"Swift Potion"},{"floor":27.0,"key":"Explosive Potion"},{"floor":28.0,"key":"Explosive Potion"}],"is_trial":false,"path_per_floor":["R","M","?","?","M","?","T","R","M","M","$","?","R","$","M","B",null,"R","M","M","?","M","?","T","?","M","E","$","?","E"],"character_chosen":"THE_SPIRIT","items_purchased":["hexamod:GhostOfSpirePast","Lee\u0027s Waffle"],"campfire_rested":0,"item_purchase_floors":[11,14],"current_hp_per_floor":[42,41,37,37,32,32,32,32,33,27,27,27,27,86,86,28,73,73,65,58,58,65,65,65,65,61,22,43,43,0,0,0],"gold":174,"neow_bonus":"TWO_FIFTY_GOLD","is_daily":false,"chose_seed":false,"campfire_upgraded":3,"win_rate":0.0,"timestamp":1610696172,"path_taken":["R","M","?","?","M","?","T","R","?","M","?","?","R","$","M","BOSS","R","M","M","?","M","?","T","?","M","E","$","?","E"],"items_purchased_type":["Card","Relic"],"build_version":"2020-12-22","purchased_purges":2,"victory":false,"max_hp_per_floor":[63,63,77,77,77,77,77,77,79,79,79,79,79,86,86,88,88,88,88,88,88,88,88,88,88,88,90,92,92,92,92,92],"relic_stats":{"Lee\u0027s Waffle":52,"Singing Bowl":8,"counters":[15,74],"obtain_stats":[{"Lee\u0027s Waffle":14,"Singing Bowl":7,"downfall:HeartBlessingRed":13,"Mango":3,"champ:DeflectingBracers":27,"Coffee Dripper":17,"hexamod:SpiritBrand":0,"Meat on the Bone":24},{"Lee\u0027s Waffle":6,"Singing Bowl":2,"downfall:HeartBlessingRed":5,"Mango":1,"champ:DeflectingBracers":13,"Coffee Dripper":8,"hexamod:SpiritBrand":0,"Meat on the Bone":11},{"Lee\u0027s Waffle":20,"Singing Bowl":5,"downfall:HeartBlessingRed":16,"Mango":3,"champ:DeflectingBracers":65,"Coffee Dripper":35,"hexamod:SpiritBrand":0,"Meat on the Bone":53}],"Meat on the Bone":36},"card_choices":[{"not_picked":["hexamod:NightmareGuise","hexamod:SpectralAdrenaline"],"picked":"hexamod:SpectersWail","floor":2.0},{"not_picked":["hexamod:Firestarter","hexamod:GhostShield"],"picked":"hexamod:Hexaguard","floor":5.0},{"not_picked":["hexamod:PhantomCloak","hexamod:NightmareStrike","hexamod:Firestarter"],"picked":"Singing Bowl","floor":9.0},{"not_picked":["hexamod:BacktrackSmack","hexamod:SwordOfDarkness"],"picked":"hexamod:GhostOfSpirePresent","floor":9.0},{"not_picked":["hexamod:SpectersWail","hexamod:HeatCrush"],"picked":"hexamod:StepThrough","floor":10.0},{"not_picked":["hexamod:DynamicBlow","hexamod:GhostShield"],"picked":"hexamod:AdvancingGuard","floor":10.0},{"not_picked":["hexamod:SwordOfDarkness","hexamod:Firestarter"],"picked":"hexamod:FirstSeal","floor":11.0},{"not_picked":["hexamod:SearingWound","hexamod:GhostLash"],"picked":"hexamod:SuperheatedStrike","floor":11.0},{"not_picked":["hexamod:AdvancingGuard","hexamod:BurningTouch"],"picked":"hexamod:HauntingEcho","floor":14.0},{"not_picked":["hexamod:TimeOfNeed","hexamod:BurningTouch"],"picked":"hexamod:FourthSeal","floor":14.0},{"not_picked":["hexamod:GhostLash","hexamod:SpectersWail"],"picked":"hexamod:GhostShield","floor":15.0},{"not_picked":["hexamod:WildfireWeapon","hexamod:ParanormalForm"],"picked":"hexamod:SixthSeal","floor":16.0},{"not_picked":["hexamod:VolcanoVisage","hexamod:GhostflameInferno","hexamod:UnleashSpirits"],"picked":"Singing Bowl","floor":16.0},{"not_picked":["hexamod:WildfireWeapon","hexamod:ApocalypticArmor"],"picked":"hexamod:HexaLevel","floor":16.0},{"not_picked":["hexamod:GhostLash","hexamod:SwordOfDarkness"],"picked":"hexamod:ShieldOfDarkness","floor":19.0},{"not_picked":["hexamod:GhostflameBarrier","hexamod:Firestarter"],"picked":"hexamod:BacktrackSmack","floor":19.0},{"not_picked":["hexamod:BurningTouch","hexamod:GhostflameBarrier"],"picked":"hexamod:GhostOfSpirePast+1","floor":20.0},{"not_picked":["hexamod:AdvancingGuard","hexamod:Hexaguard"],"picked":"hexamod:NecessarySacrifice","floor":20.0},{"not_picked":["hexamod:SwordOfDarkness","hexamod:NightmareGuise"],"picked":"hexamod:InspiringFlames","floor":22.0},{"not_picked":["hexamod:ExtraCrispy","hexamod:SoulSteal+1"],"picked":"hexamod:GhostShield+1","floor":22.0},{"not_picked":["hexamod:SearingWound","hexamod:ShieldOfDarkness"],"picked":"hexamod:Rewind","floor":26.0},{"not_picked":["hexamod:ShieldOfDarkness","hexamod:SwordOfDarkness"],"picked":"hexamod:FastForward","floor":26.0},{"not_picked":["hexamod:DynamicBlow","hexamod:ThermalTransfer"],"picked":"hexamod:FirstSeal","floor":27.0},{"not_picked":["hexamod:Haunt","hexamod:Hexaguard","hexamod:AdvancingGuard+1"],"picked":"Singing Bowl","floor":27.0},{"not_picked":["hexamod:ThermalTransfer+1","hexamod:SpectralAdrenaline"],"picked":"hexamod:StepThrough","floor":28.0},{"not_picked":["hexamod:PhantomFireball","hexamod:GhostOfSpirePresent","hexamod:PhantomCloak"],"picked":"Singing Bowl","floor":28.0}],"player_experience":3217607,"relics_obtained":[{"floor":7.0,"key":"Singing Bowl"},{"floor":24.0,"key":"Meat on the Bone"},{"floor":27.0,"key":"champ:DeflectingBracers"}],"event_choices":[{"damage_healed":0.0,"max_hp_gain":0.0,"max_hp_loss":0.0,"gold_gain":0.0,"event_name":"Scrap Ooze","player_choice":"Success","floor":3.0,"gold_loss":0.0,"damage_taken":18.0,"relics_obtained":["Mango"]},{"cards_removed":["hexamod:Defend"],"damage_healed":0.0,"max_hp_gain":0.0,"max_hp_loss":0.0,"gold_gain":0.0,"event_name":"Back to Basics","player_choice":"Elegance","floor":23.0,"gold_loss":0.0,"damage_taken":0.0}],"is_beta":false,"boss_relics":[{"not_picked":["SlaversCollar","Sozu"],"picked":"Coffee Dripper"}],"items_purged_floors":[11,28],"is_endless":false,"potions_floor_spawned":[10,15,16,19,20,27],"killed_by":"Book of Stabbing","ascension_level":20}}