{"host":"1fgbilnqahig8ycc","time":1610688826,"event":{"mods":["AchievementEnabler","BaseMod","Bestiary","Better Match","Better Vampires","BetterRewards","Colored Map","Colored Powertips","Dark Map","Downfall","Energized Spire","Friendly Minions","Hermit","Hubris","Jorbs\u0027s Wanderer Trilogy","Minty Spire (QoL Compilation)","Quick Restart","Rare Cards Sparkle","Relic Stats","Replay The Spire","Spicy Shops","StSLib","The Administrix","The Bug Knight","The Cursed","The Gatherer","The Hierophant","The Marked","The Servant 0.9.4","TheBandit"],"gold_per_floor":[116,136,136,151,165,165,199,7,79,113,124,172,31,50,50,148,98,98],"floor_reached":17,"language":"ENG","playtime":949,"items_purged":["TheCursedMod:Defend_TheCursed"],"score":280,"play_id":"cc246824-485f-4b8b-bcf4-631ba801e6dd","local_time":"20210114213346","is_ascension_mode":true,"campfire_choices":[{"data":"TheCursedMod:CursedWand","floor":6,"key":"SMITH"}],"circlet_count":0,"master_deck":["TheCursedMod:Strike_TheCursed+1","TheCursedMod:Strike_TheCursed+1","TheCursedMod:Strike_TheCursed+1","TheCursedMod:Strike_TheCursed+1","TheCursedMod:Defend_TheCursed","TheCursedMod:Defend_TheCursed","TheCursedMod:Defend_TheCursed","TheCursedMod:CursedWand+1","TheCursedMod:CleanUpWorkshop","TheCursedMod:Dregs","TheCursedMod:SurpriseAttack","TheCursedMod:ReleasedStrength","TheCursedMod:Torture","Deep Breath","TheCursedMod:VitalStrike","TheCursedMod:PrepareRite","TheCursedMod:HellsGateOpen","Good Instincts","Secret Technique","Crow Ritual","TheCursedMod:BloodBarrier","TheCursedMod:VoidForm","TheCursedMod:Strike_TheCursed+1","TheCursedMod:Torture"],"relics":["TheCursedMod:BlackMagic101","Strawberry","hubris:64BitClover","Tiny Chest","Chemical X","Nunchaku","Membership Card","Replay:Bottled Eggs","Snack Pack","Boot","ReplayTheSpireMod:ShopPack","TheCursedMod:MagicCandle","energizedSpire:HugeHouse"],"acts_visited":["Exordium","TheCity"],"potions_floor_usage":[7],"damage_taken":[{"damage":4,"enemies":"Small Slimes","floor":1,"turns":5},{"damage":1,"enemies":"Cultist","floor":2,"turns":4},{"damage":1,"enemies":"Jaw Worm","floor":4,"turns":5},{"damage":0,"enemies":"Large Slime","floor":5,"turns":6},{"damage":23,"enemies":"Gremlin Nob","floor":7,"turns":4},{"damage":24,"enemies":"Lagavulin","floor":10,"turns":5},{"damage":9,"enemies":"Exordium Wildlife","floor":11,"turns":2},{"damage":9,"enemies":"2 Fungi Beasts","floor":14,"turns":3},{"damage":30,"enemies":"Slime Boss","floor":16,"turns":7}],"seed_played":"1981979694764176818","potions_obtained":[{"floor":2,"key":"Energy Potion"},{"floor":5,"key":"PowerPotion"},{"floor":16,"key":"hexamod:EctoCoolerPotion"}],"is_trial":false,"path_per_floor":["M","M","?","M","M","R","E","$","T","E","M","T","$","M","R_BF","B",null],"character_chosen":"THE_CURSED","items_purchased":["Strawberry","TheCursedMod:Hemoplague","Tiny Chest","Chemical X","Membership Card","Deep Breath","TheCursedMod:HellsGateOpen","ReplayTheSpireMod:ShopPack"],"campfire_rested":0,"item_purchase_floors":[0,0,0,0,8,8,13,13],"current_hp_per_floor":[54,53,53,52,57,57,39,39,39,23,23,23,23,24,24,4,77,77],"gold":98,"neow_bonus":"","is_daily":false,"chose_seed":false,"campfire_upgraded":1,"win_rate":0.0,"timestamp":1610688826,"path_taken":["M","M","?","?","M","R","E","?","T","E","M","?","$","M","R_BF","BOSS"],"items_purchased_type":["Relic","Card","Relic","Relic","Relic","Card","Card","Relic"],"build_version":"2020-12-22","purchased_purges":1,"victory":false,"max_hp_per_floor":[82,82,82,82,82,82,82,82,82,82,82,82,82,82,82,82,77,77],"relic_stats":{"Nunchaku":[3],"counters":[9,41],"Tiny Chest":1,"Chemical X":[1],"Boot":[0],"obtain_stats":[{"hubris:64BitClover":0,"hierophant:PropheticMaskRelic":0,"TheCursedMod:MagicCandle":16,"Boot":12,"Nunchaku":7,"Strawberry":0,"Tiny Chest":0,"Snack Pack":10,"energizedSpire:HugeHouse":17,"Chemical X":0,"Membership Card":8,"Replay:Bottled Eggs":9,"ReplayTheSpireMod:ShopPack":13},{"hubris:64BitClover":0,"hierophant:PropheticMaskRelic":0,"TheCursedMod:MagicCandle":9,"Boot":7,"Nunchaku":5,"Strawberry":0,"Tiny Chest":0,"Snack Pack":6,"energizedSpire:HugeHouse":9,"Chemical X":0,"Membership Card":5,"Replay:Bottled Eggs":5,"ReplayTheSpireMod:ShopPack":7},{"hubris:64BitClover":0,"hierophant:PropheticMaskRelic":0,"TheCursedMod:MagicCandle":41,"Boot":31,"Nunchaku":24,"Strawberry":0,"Tiny Chest":0,"Snack Pack":29,"energizedSpire:HugeHouse":41,"Chemical X":0,"Membership Card":24,"Replay:Bottled Eggs":24,"ReplayTheSpireMod:ShopPack":31}]},"card_choices":[{"not_picked":["TheCursedMod:BlessingInDisguise","TheCursedMod:DoubleShield"],"picked":"TheCursedMod:SurpriseAttack","floor":1},{"not_picked":["TheCursedMod:TacticalStrike","TheCursedMod:Wield"],"picked":"TheCursedMod:ReleasedStrength","floor":2},{"not_picked":["TheCursedMod:CursedShiv","TheCursedMod:Wield"],"picked":"TheCursedMod:SoulReap","floor":4},{"not_picked":["TheCursedMod:RapidMovement","TheCursedMod:CircleOfWindfury","TheCursedMod:VitalStrike"],"picked":"SKIP","floor":5},{"not_picked":["TheCursedMod:Grudge","TheCursedMod:Stretching"],"picked":"TheCursedMod:Torture","floor":7},{"not_picked":["TheCursedMod:RapidMovement","TheCursedMod:ReleasedStrength"],"picked":"TheCursedMod:VitalStrike","floor":10},{"not_picked":["TheCursedMod:BloodBarrier","TheCursedMod:TacticalStrike"],"picked":"TheCursedMod:PrepareRite","floor":11},{"not_picked":["Replay:SS_hec_2","expansioncontent:CaCaw"],"picked":"Good Instincts","floor":13},{"not_picked":["expansioncontent:DonusPower","Impatience"],"picked":"Secret Technique","floor":13},{"not_picked":["expansioncontent:Corrupt","Magnetism"],"picked":"Crow Ritual","floor":13},{"not_picked":["TheCursedMod:TacticalStrike","TheCursedMod:Wield"],"picked":"TheCursedMod:AntiAging","floor":14},{"not_picked":["TheCursedMod:CursedRelics","TheCursedMod:ShockAndAwe"],"picked":"TheCursedMod:VoidForm","floor":16}],"player_experience":398480,"relics_obtained":[{"floor":7,"key":"Nunchaku"},{"floor":9,"key":"Replay:Bottled Eggs"},{"floor":10,"key":"Snack Pack"},{"floor":12,"key":"Boot"},{"floor":16,"key":"TheCursedMod:MagicCandle"}],"event_choices":[{"cards_removed":["TheCursedMod:Hemoplague"],"damage_healed":0,"gold_gain":0,"player_choice":"Purged","damage_taken":0,"max_hp_gain":0,"max_hp_loss":0,"event_name":"Purifier","floor":3,"gold_loss":0}],"is_beta":false,"boss_relics":[{"not_picked":["hubris:Backtick","Snecko Eye"],"picked":"energizedSpire:HugeHouse"}],"items_purged_floors":[13],"is_endless":false,"potions_floor_spawned":[2,5,16],"ascension_level":1}}