{"host":"5p9hybygolzp0efr","time":1610715802,"event":{"mods":["AchievementEnabler","BaseMod","Bestiary","Colored Map","Googly Eyes","Minty Spire (QoL Compilation)","Relic Stats"],"gold_per_floor":[113,113,125,142,61,61,101,120,147,177,210,260,272,302,314,457,469,520,550,603,615,627,639,566,677,713,725,291,291,47,63,63,224,224,278,357,357,14,39,70,97,150,150,230,281,295,318,373,373,373],"floor_reached":51,"language":"ENG","playtime":3009,"items_purged":["Injury"],"score":743,"play_id":"033f6288-8e3f-44fe-8aaa-8f18ea7b6f4e","local_time":"20210115210322","is_ascension_mode":false,"campfire_choices":[{"data":"Ragnarok","floor":15.0,"key":"SMITH"},{"data":"Prostrate","floor":23.0,"key":"SMITH"},{"data":"Devotion","floor":29.0,"key":"SMITH"},{"floor":32.0,"key":"REST"},{"data":"Apotheosis","floor":49.0,"key":"SMITH"}],"circlet_count":0,"master_deck":["Eruption","Vigilance","ThirdEye","EmptyFist","Ragnarok+1","JustLucky","Consecrate","Crescendo","FearNoEvil","Tantrum","Wireheading","Vault","FlurryOfBlows","Collect","Prostrate+1","WreathOfFlame","Devotion+1","Omniscience","Wish","Scrawl","WheelKick","TalkToTheHand","Apotheosis+1","Protect","Vault"],"relics":["Snecko Eye","Blood Vial","Golden Idol","Ancient Tea Set","MawBank","Centennial Puzzle","Pandora\u0027s Box","Enchiridion","Oddly Smooth Stone","Lantern","MutagenicStrength","Orichalcum","Bottled Lightning","Philosopher\u0027s Stone","Akabeko","Dream Catcher","Nunchaku","InkBottle","Bag of Preparation"],"acts_visited":["Exordium","TheCity","TheBeyond"],"potions_floor_usage":[50],"damage_taken":[{"damage":0.0,"enemies":"Small Slimes","floor":1.0,"turns":2.0},{"damage":0.0,"enemies":"2 Louse","floor":3.0,"turns":2.0},{"damage":6.0,"enemies":"Jaw Worm","floor":4.0,"turns":5.0},{"damage":0.0,"enemies":"Gremlin Nob","floor":7.0,"turns":2.0},{"damage":0.0,"enemies":"Blue Slaver","floor":8.0,"turns":3.0},{"damage":10.0,"enemies":"3 Louse","floor":10.0,"turns":2.0},{"damage":11.0,"enemies":"Lots of Slimes","floor":11.0,"turns":4.0},{"damage":10.0,"enemies":"3 Sentries","floor":12.0,"turns":4.0},{"damage":0.0,"enemies":"Large Slime","floor":14.0,"turns":2.0},{"damage":19.0,"enemies":"The Guardian","floor":16.0,"turns":7.0},{"damage":6.0,"enemies":"Chosen","floor":18.0,"turns":3.0},{"damage":0.0,"enemies":"2 Thieves","floor":19.0,"turns":1.0},{"damage":0.0,"enemies":"Snecko","floor":20.0,"turns":3.0},{"damage":0.0,"enemies":"Centurion and Healer","floor":31.0,"turns":2.0},{"damage":28.0,"enemies":"Champ","floor":33.0,"turns":6.0},{"damage":0.0,"enemies":"3 Darklings","floor":35.0,"turns":1.0},{"damage":1.0,"enemies":"Orb Walker","floor":36.0,"turns":4.0},{"damage":0.0,"enemies":"Sphere and 2 Shapes","floor":39.0,"turns":2.0},{"damage":0.0,"enemies":"Reptomancer","floor":40.0,"turns":3.0},{"damage":2.0,"enemies":"4 Shapes","floor":42.0,"turns":8.0},{"damage":0.0,"enemies":"3 Darklings","floor":44.0,"turns":2.0},{"damage":2.0,"enemies":"Sphere and 2 Shapes","floor":45.0,"turns":4.0},{"damage":0.0,"enemies":"4 Shapes","floor":46.0,"turns":1.0},{"damage":0.0,"enemies":"Maw","floor":48.0,"turns":5.0},{"damage":16,"enemies":"Donu and Deca","floor":50,"turns":5}],"seed_played":"2580490834786530257","potions_obtained":[{"floor":3.0,"key":"BlessingOfTheForge"},{"floor":7.0,"key":"Strength Potion"},{"floor":8.0,"key":"StancePotion"},{"floor":16.0,"key":"Fire Potion"},{"floor":42.0,"key":"Regen Potion"},{"floor":44.0,"key":"FearPotion"}],"is_trial":false,"path_per_floor":["M","?","M","M","$","?","E","M","T","M","M","E","?","M","R","B",null,"M","M","M","?","?","R","?","?","T","?","$","R","$","M","R","B",null,"M","M","?","$","M","E","T","M","T","M","M","M","T","M","R","B",null],"character_chosen":"WATCHER","items_purchased":["Ragnarok","TalkToTheHand","Apotheosis","Orichalcum","Bottled Lightning","Akabeko","Vault","Strength Potion"],"campfire_rested":1,"item_purchase_floors":[5,28,28,28,30,38,38,38],"current_hp_per_floor":[72,65,67,63,63,63,65,67,67,59,50,42,42,44,44,27,72,66,68,70,54,54,54,54,54,54,54,54,54,54,56,72,44,72,72,71,68,68,68,68,68,66,66,68,66,68,68,68,68,52],"gold":373,"neow_bonus":"BOSS_RELIC","is_daily":false,"chose_seed":false,"campfire_upgraded":4,"win_rate":0.0,"timestamp":1610715802,"path_taken":["M","?","M","M","$","?","E","M","T","M","M","E","?","M","R","BOSS","M","M","M","?","?","R","?","?","T","?","$","R","?","?","R","BOSS","M","M","?","$","M","E","?","M","T","M","M","M","?","M","R","BOSS"],"items_purchased_type":["Card","Card","Card","Relic","Relic","Relic","Card","Potion"],"build_version":"2020-12-22","purchased_purges":1,"victory":true,"max_hp_per_floor":[72,72,72,72,72,72,72,72,72,72,72,72,72,72,72,72,72,72,72,72,72,72,72,72,72,72,72,72,72,72,72,72,72,72,72,72,68,68,68,68,68,68,68,68,68,68,68,68,68,68],"relic_stats":{"counters":[25,83],"Golden Idol":162,"Bag of Preparation":[4],"Orichalcum":[42],"MawBank":228,"Blood Vial":28,"Centennial Puzzle":[21],"Dream Catcher":0,"Nunchaku":[5],"Snecko Eye":[177,156,159,133],"Pandora\u0027s Box":["FlurryOfBlows","Collect","Prostrate","WreathOfFlame","Devotion","Omniscience","Wish","Scrawl"],"obtain_stats":[{"Lantern":26,"Golden Idol":6,"Enchiridion":21,"Oddly Smooth Stone":24,"Bag of Preparation":47,"Orichalcum":28,"Ancient Tea Set":7,"MawBank":9,"Akabeko":38,"Blood Vial":2,"Centennial Puzzle":12,"Dream Catcher":40,"Nunchaku":41,"MutagenicStrength":27,"Snecko Eye":0,"Pandora\u0027s Box":17,"Philosopher\u0027s Stone":34,"Bottled Lightning":30,"PureWater":0,"InkBottle":43},{"Lantern":13,"Golden Idol":3,"Enchiridion":13,"Oddly Smooth Stone":13,"Bag of Preparation":23,"Orichalcum":13,"Ancient Tea Set":4,"MawBank":5,"Akabeko":17,"Blood Vial":1,"Centennial Puzzle":8,"Dream Catcher":19,"Nunchaku":19,"MutagenicStrength":13,"Snecko Eye":0,"Pandora\u0027s Box":10,"Philosopher\u0027s Stone":15,"Bottled Lightning":13,"PureWater":0,"InkBottle":20},{"Lantern":40,"Golden Idol":9,"Enchiridion":40,"Oddly Smooth Stone":40,"Bag of Preparation":73,"Orichalcum":40,"Ancient Tea Set":11,"MawBank":14,"Akabeko":53,"Blood Vial":2,"Centennial Puzzle":24,"Dream Catcher":58,"Nunchaku":58,"MutagenicStrength":40,"Snecko Eye":0,"Pandora\u0027s Box":33,"Philosopher\u0027s Stone":48,"Bottled Lightning":40,"PureWater":0,"InkBottle":66}],"InkBottle":[9]},"card_choices":[{"not_picked":["FlyingSleeves","Indignation"],"picked":"ThirdEye","floor":1.0},{"not_picked":["Collect","PathToVictory","FlurryOfBlows"],"picked":"SKIP","floor":3.0},{"not_picked":["WaveOfTheHand","Crescendo"],"picked":"EmptyFist","floor":4.0},{"not_picked":["FollowUp","LikeWater"],"picked":"JustLucky","floor":7.0},{"not_picked":["BattleHymn","Prostrate"],"picked":"Consecrate","floor":8.0},{"not_picked":["CrushJoints","SashWhip"],"picked":"Crescendo","floor":10.0},{"not_picked":["Vengeance","Judgement"],"picked":"FearNoEvil","floor":11.0},{"not_picked":["Consecrate","EmptyBody"],"picked":"Tantrum","floor":12.0},{"not_picked":["Crescendo","FlyingSleeves"],"picked":"Wireheading","floor":14.0},{"not_picked":["ConjureBlade","Brilliance"],"picked":"Vault","floor":16.0},{"not_picked":["FlyingSleeves+1","ForeignInfluence","EmptyBody"],"picked":"SKIP","floor":18.0},{"not_picked":["FlyingSleeves","Pray+1"],"picked":"WheelKick","floor":19.0},{"not_picked":["EmptyFist","Nirvana","FlurryOfBlows"],"picked":"SKIP","floor":20.0},{"not_picked":["SignatureMove","CrushJoints","SashWhip"],"picked":"SKIP","floor":31.0},{"not_picked":["InnerPeace","Crescendo+1"],"picked":"Protect","floor":35.0},{"not_picked":["SandsOfTime","Conclude+1","Prostrate+1"],"picked":"SKIP","floor":36.0},{"not_picked":["ReachHeaven+1","Evaluate","Weave"],"picked":"SKIP","floor":39.0},{"not_picked":["EmptyBody","CrushJoints+1","Crescendo"],"picked":"SKIP","floor":40.0},{"not_picked":["ThirdEye","EmptyFist","Halt"],"picked":"SKIP","floor":42.0},{"not_picked":["FollowUp","EmptyBody+1","Protect+1"],"picked":"SKIP","floor":44.0},{"not_picked":["SashWhip","Evaluate+1","MentalFortress+1"],"picked":"SKIP","floor":45.0},{"not_picked":["DeceiveReality+1","LessonLearned","FlurryOfBlows+1"],"picked":"SKIP","floor":46.0},{"not_picked":["ForeignInfluence","Sanctity","ClearTheMind"],"picked":"SKIP","floor":48.0}],"player_experience":454596,"relics_obtained":[{"floor":7.0,"key":"Ancient Tea Set"},{"floor":9.0,"key":"MawBank"},{"floor":12.0,"key":"Centennial Puzzle"},{"floor":21.0,"key":"Enchiridion"},{"floor":26.0,"key":"Lantern"},{"floor":40.0,"key":"Dream Catcher"},{"floor":41.0,"key":"Nunchaku"},{"floor":43.0,"key":"InkBottle"},{"floor":47.0,"key":"Bag of Preparation"}],"event_choices":[{"damage_healed":0.0,"max_hp_gain":0.0,"max_hp_loss":0.0,"gold_gain":0.0,"event_name":"Scrap Ooze","player_choice":"Success","floor":2.0,"gold_loss":0.0,"damage_taken":7.0,"relics_obtained":["Blood Vial"]},{"damage_healed":0.0,"max_hp_gain":0.0,"max_hp_loss":0.0,"gold_gain":0.0,"event_name":"Golden Idol","player_choice":"Take Wound","floor":6.0,"gold_loss":0.0,"damage_taken":0.0,"relics_obtained":["Golden Idol"],"cards_obtained":["Injury"]},{"damage_healed":0.0,"max_hp_gain":0.0,"max_hp_loss":0.0,"gold_gain":0.0,"event_name":"Liars Game","player_choice":"Ignored","floor":13.0,"gold_loss":0.0,"damage_taken":0.0},{"damage_healed":0.0,"max_hp_gain":0.0,"max_hp_loss":0.0,"gold_gain":0.0,"event_name":"Cursed Tome","player_choice":"Obtained Book","floor":21.0,"gold_loss":0.0,"damage_taken":16.0},{"damage_healed":0.0,"max_hp_gain":0.0,"max_hp_loss":0.0,"gold_gain":0.0,"event_name":"Ghosts","player_choice":"Ignored","floor":22.0,"gold_loss":0.0,"damage_taken":0.0},{"damage_healed":0.0,"max_hp_gain":0.0,"max_hp_loss":0.0,"gold_gain":0.0,"event_name":"Addict","player_choice":"Obtained Relic","floor":24.0,"gold_loss":85.0,"damage_taken":0.0,"relics_obtained":["Oddly Smooth Stone"]},{"damage_healed":0.0,"max_hp_gain":0.0,"max_hp_loss":0.0,"gold_gain":99.0,"event_name":"Nest","player_choice":"Stole From Cult","floor":25.0,"gold_loss":0.0,"damage_taken":0.0},{"damage_healed":0.0,"max_hp_gain":0.0,"max_hp_loss":0.0,"gold_gain":0.0,"event_name":"Drug Dealer","player_choice":"Inject Mutagens","floor":27.0,"gold_loss":0.0,"damage_taken":0.0,"relics_obtained":["MutagenicStrength"]},{"damage_healed":0.0,"max_hp_gain":0.0,"max_hp_loss":4.0,"gold_gain":0.0,"event_name":"Winding Halls","player_choice":"Max HP","floor":37.0,"gold_loss":0.0,"damage_taken":0.0}],"is_beta":false,"boss_relics":[{"not_picked":["Fusion Hammer","SacredBark"],"picked":"Pandora\u0027s Box"},{"not_picked":["Runic Pyramid","Astrolabe"],"picked":"Philosopher\u0027s Stone"}],"items_purged_floors":[28],"is_endless":false,"potions_floor_spawned":[3,7,8,10,16,18,31,42,44,45,46],"ascension_level":0}}