{"host":"0mk07bycsqo1qk03","time":1610746345,"event":{"mods":["BaseMod","Bestiary","Downfall","Hermit","Hubris","Minty Spire (QoL Compilation)","Replay The Spire","StSLib","The Cursed","The Servant 0.9.4"],"gold_per_floor":[110,110,123,141,160,160,120,154,154,154,181,181,18,32,32,32,32],"floor_reached":16,"language":"ENG","playtime":482,"items_purged":[],"score":220,"play_id":"daf05d9a-4a69-414b-97e6-de55801393c2","local_time":"20210115223225","is_ascension_mode":true,"campfire_choices":[{"floor":6,"key":"REST"},{"floor":15,"key":"REST"}],"circlet_count":0,"master_deck":["AscendersBane","Strike_R","Strike_R","Strike_R","Strike_R","Strike_R","Defend_R","Defend_R+1","Defend_R","Defend_R+1","Bash+1","ReplayTheSpireMod:Limb From Limb","Uppercut","Inflame","hubris:DuctTapeCard","ReplayTheSpireMod:Limb From Limb","Demon Form"],"relics":["Burning Blood","Gremlin Food","hubris:DuctTape","Prayer Wheel","hubris:DeckOfHolding","Golden Idol","Orrery"],"acts_visited":["Exordium"],"potions_floor_usage":[5,11],"damage_taken":[{"damage":2,"enemies":"Cultist","floor":1,"turns":4},{"damage":0,"enemies":"2 Louse","floor":3,"turns":3},{"damage":0,"enemies":"Jaw Worm","floor":4,"turns":5},{"damage":54,"enemies":"Exordium Wildlife","floor":5,"turns":8},{"damage":27,"enemies":"Lagavulin","floor":8,"turns":5},{"damage":21,"enemies":"Replay:BlueRogue","floor":11,"turns":6},{"damage":21,"enemies":"Large Slime","floor":14,"turns":8},{"damage":45,"enemies":"The Guardian","floor":16,"turns":5}],"seed_played":"-6626033991931295015","potions_obtained":[{"floor":3,"key":"Weak Potion"},{"floor":8,"key":"Regen Potion"},{"floor":11,"key":"FairyPotion"}],"is_trial":false,"path_per_floor":["M","?","M","M","M","R","$","E","T","?","E","?","$","M","R","B"],"character_chosen":"IRONCLAD","items_purchased":["Inflame","Orrery"],"campfire_rested":2,"item_purchase_floors":[7,13],"current_hp_per_floor":[72,72,75,75,27,49,49,28,28,28,28,2,2,14,36,0,0],"gold":32,"neow_bonus":"RANDOM_COMMON_RELIC","is_daily":false,"chose_seed":false,"campfire_upgraded":0,"win_rate":0.0,"timestamp":1610746345,"path_taken":["M","?","M","?","M","R","$","E","T","?","E","?","?","M","R","BOSS"],"items_purchased_type":["Card","Relic"],"build_version":"2020-12-22","purchased_purges":0,"victory":false,"max_hp_per_floor":[75,75,75,75,75,75,75,75,75,75,75,75,75,75,75,75,75],"card_choices":[{"not_picked":["Replay:Undeath\u0027s Touch","Havoc"],"picked":"ReplayTheSpireMod:Limb From Limb","floor":1},{"not_picked":["Twin Strike","Perfected Strike"],"picked":"Shrug It Off","floor":3},{"not_picked":["Bloodletting","Shrug It Off"],"picked":"Uppercut","floor":4},{"not_picked":["True Grit","Clash"],"picked":"Replay:Undeath\u0027s Touch","floor":5},{"not_picked":["Bloodletting","True Grit","Clash"],"picked":"SKIP","floor":8},{"not_picked":["Shockwave","Warcry"],"picked":"ReplayTheSpireMod:Limb From Limb","floor":11},{"not_picked":["Replay:Undeath\u0027s Touch","Limit Break"],"picked":"Demon Form","floor":13},{"not_picked":["Evolve","Bloodletting","Run Through"],"picked":"SKIP","floor":14},{"not_picked":["hubris:CleavingFinish","Run Through","Havoc"],"picked":"SKIP","floor":14}],"player_experience":897048,"relics_obtained":[{"floor":8,"key":"hubris:DuctTape"},{"floor":9,"key":"Prayer Wheel"},{"floor":11,"key":"hubris:DeckOfHolding"}],"event_choices":[{"damage_healed":0,"gold_gain":0,"player_choice":"Upgraded","damage_taken":0,"max_hp_gain":0,"max_hp_loss":0,"event_name":"Upgrade Shrine","floor":2,"gold_loss":0,"cards_upgraded":["Bash"]},{"damage_healed":0,"gold_gain":0,"player_choice":"Ignored","damage_taken":0,"max_hp_gain":0,"max_hp_loss":0,"event_name":"Liars Game","floor":10,"gold_loss":0},{"damage_healed":0,"gold_gain":0,"player_choice":"Take Damage","damage_taken":26,"relics_obtained":["Golden Idol"],"max_hp_gain":0,"max_hp_loss":0,"event_name":"Golden Idol","floor":12,"gold_loss":0}],"is_beta":false,"boss_relics":[],"items_purged_floors":[],"is_endless":false,"potions_floor_spawned":[3,8,11],"killed_by":"The Guardian","ascension_level":20}}