{"host":"bq4pt811tk9yrmjl","time":1610669165,"event":{"mods":["AchievementEnabler","BaseMod","Colored Map","Colored Powertips","Defuse TimeMaze Blight","Hermit","Minty Spire (QoL Compilation)","StSLib","SuperFastMode"],"gold_per_floor":[110,126,126,126,126,160,160,160,160,16,36,36,46,111,111,211,261,261,261],"floor_reached":18,"language":"ENG","playtime":217,"items_purged":["Regret"],"score":192,"play_id":"c63166ad-4ac3-43a8-a616-be9c0e8339c0","local_time":"20210114220605","is_ascension_mode":true,"campfire_choices":[{"data":"Body Slam","floor":7,"key":"SMITH"},{"data":"Feel No Pain","floor":12,"key":"SMITH"},{"data":"Whirlwind","floor":15,"key":"SMITH"}],"circlet_count":0,"master_deck":["Strike_R","Strike_R","Strike_R","Strike_R+1","Strike_R","Defend_R","Defend_R","Defend_R","Defend_R","Bash","Clash","Metallicize+1","Body Slam+1","Feel No Pain+1","Whirlwind+1","Berserk"],"relics":["Burning Blood","NeowsBlessing","Akabeko","Paper Frog","Mummified Hand","Tiny House"],"acts_visited":["Exordium","TheCity"],"potions_floor_usage":[16],"damage_taken":[{"damage":0,"enemies":"Small Slimes","floor":1,"turns":1},{"damage":0,"enemies":"Cultist","floor":2,"turns":1},{"damage":0,"enemies":"Gremlin Nob","floor":6,"turns":1},{"damage":0,"enemies":"2 Louse","floor":11,"turns":3},{"damage":0,"enemies":"Looter","floor":13,"turns":1},{"damage":35,"enemies":"The Guardian","floor":16,"turns":17},{"damage":0,"enemies":"3 Byrds","floor":18,"turns":1}],"seed_played":"3244131861915653596","potions_obtained":[{"floor":6,"key":"FearPotion"},{"floor":16,"key":"SpeedPotion"},{"floor":17,"key":"SneckoOil"}],"is_trial":false,"path_per_floor":["M","M","?","$","$","E","R","?","T","$","M","R","M","?","R","B",null,"M"],"character_chosen":"IRONCLAD","items_purchased":["Feel No Pain"],"campfire_rested":0,"item_purchase_floors":[10],"current_hp_per_floor":[80,80,80,80,80,80,80,80,80,80,80,80,80,80,80,51,85,85,85],"gold":261,"neow_bonus":"THREE_ENEMY_KILL","is_daily":false,"chose_seed":false,"campfire_upgraded":3,"win_rate":0.0,"timestamp":1610669165,"path_taken":["M","M","?","?","$","E","R","?","T","$","M","R","M","?","R","BOSS","M"],"items_purchased_type":["Card"],"build_version":"2020-12-22","purchased_purges":1,"victory":false,"max_hp_per_floor":[80,80,80,80,80,80,80,80,80,80,80,80,80,80,80,80,85,85,85],"card_choices":[{"not_picked":["Sword Boomerang","Flex"],"picked":"Clash","floor":1},{"not_picked":["Headbutt","Armaments"],"picked":"Metallicize","floor":2},{"not_picked":["Havoc","Bloodletting"],"picked":"Body Slam","floor":6},{"not_picked":["Clothesline","Blood for Blood"],"picked":"Whirlwind","floor":11},{"not_picked":["Sword Boomerang","Armaments","Warcry"],"picked":"SKIP","floor":13},{"not_picked":["Reaper","Corruption"],"picked":"Berserk","floor":16}],"player_experience":161066,"relics_obtained":[{"floor":6,"key":"Akabeko"},{"floor":9,"key":"Mummified Hand"}],"event_choices":[{"damage_healed":0,"gold_gain":0,"player_choice":"Forge","damage_taken":0,"max_hp_gain":0,"max_hp_loss":0,"event_name":"Accursed Blacksmith","floor":3,"gold_loss":0,"cards_upgraded":["Metallicize"]},{"damage_healed":0,"gold_gain":0,"player_choice":"Box","damage_taken":0,"relics_obtained":["Paper Frog"],"max_hp_gain":0,"max_hp_loss":0,"event_name":"Big Fish","floor":8,"gold_loss":0,"cards_obtained":["Regret"]},{"damage_healed":0,"gold_gain":65,"player_choice":"Gained Gold","damage_taken":0,"max_hp_gain":0,"max_hp_loss":0,"event_name":"Golden Wing","floor":14,"gold_loss":0}],"is_beta":false,"boss_relics":[{"not_picked":["Runic Pyramid","Snecko Eye"],"picked":"Tiny House"}],"items_purged_floors":[10],"is_endless":false,"potions_floor_spawned":[6,16],"killed_by":"3 Byrds","ascension_level":1}}