{"host":"1vfpjvae9xcvmh7u","time":1610698936,"event":{"mods":["BaseMod","Downfall","Hermit","Hubris","Infinite Spire","Jorbs\u0027s Wanderer Trilogy","Minty Spire (QoL Compilation)","Replay The Spire","StSLib","The Construct","The Cursed","The Disciple","The Hierophant","The Jungle","The Marked","The Mystic","The Necromancer","The Runesmith","The Servant 0.9.4"],"gold_per_floor":[116,116,116,136,136,136,169,169,218,218,301,61,81,98,98,203,203,213,213,231,81,81,81,108,108,108,108,127,146,146,163,163,260,260,270,283,302,1,0,0,15,65,88,88,103,103,103,121,121,121,121],"floor_reached":50,"language":"ENG","playtime":2548,"items_purged":[],"score":510,"play_id":"4bd7da71-2fc2-49bf-bb8e-3f021b4c8470","local_time":"20210115002216","is_ascension_mode":false,"campfire_choices":[{"data":"theMarked:SoldierOfQuellstein","floor":6,"key":"SMITH"},{"data":"theMarked:RepellingDischarge","floor":8,"key":"SMITH"},{"data":"theMarked:EnhanceMovement","floor":10,"key":"SMITH"},{"data":"theMarked:Reabsorb","floor":15,"key":"SMITH"},{"data":"theMarked:ComboAttacks","floor":23,"key":"SMITH"},{"data":"theMarked:HeritageOfTheMarked","floor":23,"key":"SMITH"},{"data":"theMarked:BindingBlade","floor":25,"key":"SMITH"},{"data":"champ:LastStand","floor":25,"key":"SMITH"},{"data":"hermit:RoundhouseKick","floor":27,"key":"SMITH"},{"data":"theMarked:Defend","floor":27,"key":"SMITH"},{"data":"theMarked:Panic","floor":32,"key":"SMITH"},{"data":"theMarked:Opportunist","floor":32,"key":"SMITH"},{"data":"theMarked:SoldierForm","floor":40,"key":"SMITH"},{"data":"theMarked:KeepCalmAndFightOn","floor":40,"key":"SMITH"},{"data":"theMarked:FavorableWinds","floor":44,"key":"SMITH"},{"data":"theMarked:Defend","floor":44,"key":"SMITH"},{"data":"theMarked:Defend","floor":47,"key":"SMITH"},{"data":"theMarked:Defend","floor":47,"key":"SMITH"},{"data":"theMarked:Strike","floor":49,"key":"SMITH"},{"data":"theMarked:Strike","floor":49,"key":"SMITH"}],"circlet_count":0,"master_deck":["theMarked:Strike","theMarked:Strike","theMarked:Strike","theMarked:Strike+1","theMarked:Strike+1","theMarked:Defend+1","theMarked:Defend+1","theMarked:Defend+1","theMarked:Defend+1","theMarked:SoldierOfQuellstein+1","theMarked:EnhanceMovement+1","theMarked:LightningStrikesTwice","Doubt","theMarked:RepellingDischarge+1","theMarked:GodGivenPower","theMarked:HeritageOfTheMarked+1","theMarked:Reabsorb+1","theMarked:BindingBlade+1","theMarked:ComboAttacks+1","hermit:RoundhouseKick+1","champ:LastStand+1","theMarked:Panic+1","theMarked:Opportunist+1","theMarked:FavorableWinds+1","theMarked:SoldierForm+1","theMarked:KeepCalmAndFightOn+1","hubris:NaturalOne","theMarked:ContemptForTheProud+1"],"relics":["theMarked:ArtifactOfAir","NeowsBlessing","hubris:Icosahedron","hubris:DisguiseKit","Akabeko","Ancient Tea Set","Potion Belt","hubris:SphereOfDissonance","hubris:ScarierMask","Painkiller Herb","Replay:Arrowhead","Strawberry","Gremlin Food","Eternal Feather","theMarked:SpiritSword","hubris:CuriousFeather","Red Mask","StoneCalendar","Art of War"],"acts_visited":["Exordium","TheCity","TheBeyond"],"potions_floor_usage":[16,16,16,20,20,24,33,42,42,50,50,50],"damage_taken":[{"damage":0,"enemies":"Small Slimes","floor":1,"turns":1},{"damage":0,"enemies":"Jaw Worm","floor":4,"turns":1},{"damage":0,"enemies":"Gremlin Nob","floor":7,"turns":1},{"damage":0,"enemies":"Cultist","floor":13,"turns":2},{"damage":0,"enemies":"Looter","floor":14,"turns":2},{"damage":29,"enemies":"Slime Boss","floor":16,"turns":8},{"damage":0,"enemies":"2 Thieves","floor":18,"turns":2},{"damage":0,"enemies":"Shell Parasite","floor":20,"turns":4},{"damage":0,"enemies":"Gremlin Leader","floor":24,"turns":6},{"damage":2,"enemies":"Centurion and Healer","floor":28,"turns":4},{"damage":1,"enemies":"3 Cultists","floor":29,"turns":4},{"damage":13,"enemies":"Snake Plant","floor":31,"turns":3},{"damage":61,"enemies":"Champ","floor":33,"turns":10},{"damage":10,"enemies":"Orb Walker","floor":35,"turns":2},{"damage":10,"enemies":"3 Darklings","floor":36,"turns":3},{"damage":0,"enemies":"Transient","floor":37,"turns":5},{"damage":12,"enemies":"Writhing Mass","floor":41,"turns":3},{"damage":4,"enemies":"Mind Bloom Boss Battle","floor":42,"turns":6},{"damage":3,"enemies":"4 Shapes","floor":45,"turns":4},{"damage":5,"enemies":"Maw","floor":48,"turns":5},{"damage":110,"enemies":"Awakened One","floor":50,"turns":6}],"seed_played":"-5822238374503121454","potions_obtained":[{"floor":4,"key":"ColorlessPotion"},{"floor":11,"key":"Guardian:BlockOnCardUsePotion"},{"floor":11,"key":"Swift Potion"},{"floor":14,"key":"Swift Potion"},{"floor":16,"key":"Strength Potion"},{"floor":18,"key":"ColorlessPotion"},{"floor":28,"key":"BlessingOfTheForge"},{"floor":29,"key":"Strength Potion"},{"floor":33,"key":"theMarked:ChargePotion"},{"floor":35,"key":"SpeedPotion"},{"floor":36,"key":"SpeedPotion"},{"floor":48,"key":"hexamod:EctoCoolerPotion"}],"is_trial":false,"path_per_floor":["M","?","?","M","?","R","E","R","T","R","?","$","M","M","R","B",null,"M","AVR","?","T","?","T","E","T","T","T","?","?","?","?","T","B",null,"?","?","?","T","?","T","?","?","T","T","?","T","T","?","T","B"],"character_chosen":"THE_DEFAULT","items_purchased":["hubris:SphereOfDissonance","Strawberry","hubris:CuriousFeather"],"campfire_rested":0,"item_purchase_floors":[12,21,38],"current_hp_per_floor":[70,70,70,70,70,70,70,70,70,70,53,53,53,53,53,24,70,70,70,70,77,77,77,77,77,77,77,75,74,74,61,73,12,77,67,57,57,57,57,72,60,56,56,71,68,68,77,72,77,0,0],"gold":121,"neow_bonus":"THREE_ENEMY_KILL","is_daily":false,"chose_seed":false,"campfire_upgraded":20,"win_rate":0.0,"timestamp":1610698936,"path_taken":["M","?","?","M","?","R","E","R","T","R","?","$","?","M","R","BOSS","M","AVR","?","T","?","T","E","T","T","T","?","?","?","?","T","BOSS","?","?","?","T","?","T","?","?","T","T","?","T","T","?","T","BOSS"],"items_purchased_type":["Relic","Relic","Relic"],"build_version":"2020-12-22","purchased_purges":0,"victory":false,"max_hp_per_floor":[70,70,70,70,70,70,70,70,70,70,70,70,70,70,70,70,70,70,70,70,77,77,77,77,77,77,77,77,77,77,77,77,77,77,77,77,77,77,77,77,77,77,77,77,77,77,77,77,77,77,77],"card_choices":[{"not_picked":["theMarked:WardOff","theMarked:Static"],"picked":"theMarked:EnhanceMovement","floor":1},{"not_picked":["theMarked:WastefulAttack","theMarked:WardOff"],"picked":"theMarked:LightningStrikesTwice","floor":4},{"not_picked":["theMarked:ChainLightning","theMarked:Improvise","champ:AdrenalArmor"],"picked":"theMarked:RepellingDischarge","floor":7},{"not_picked":["theMarked:WardOff","theMarked:Seal","champ:PerfectedStrike"],"picked":"theMarked:GodGivenPower","floor":11},{"not_picked":["theMarked:RepellingDischarge","theMarked:Polarize","champ:StanceDance"],"picked":"theMarked:HeritageOfTheMarked","floor":13},{"not_picked":["theMarked:WastefulDefense","theMarked:Frustration","champ:DefensiveShout"],"picked":"theMarked:Reabsorb","floor":14},{"not_picked":["theMarked:SuspiciousRaven","theMarked:ThrowWeapon","champ:DancingMaster"],"picked":"theMarked:BindingBlade","floor":16},{"not_picked":["theMarked:WastefulDefense","theMarked:RepellingDischarge","champ:BerserkersShout"],"picked":"theMarked:ComboAttacks","floor":18},{"not_picked":["theMarked:HeightenedSenses","theMarked:Frustration","theMarked:SwordAndMagic+1","champ:Circumvent"],"picked":"SKIP","floor":20},{"not_picked":["theMarked:ShockingTouch","theMarked:Aftermath","theMarked:WardOff+1"],"picked":"champ:LastStand","floor":24},{"not_picked":["theMarked:RepellingDischarge","theMarked:Standoff","champ:AdrenalArmor"],"picked":"theMarked:Panic","floor":28},{"not_picked":["theMarked:HeightenedSenses","theMarked:SwordAndMagic+1","champ:BerserkersShout"],"picked":"theMarked:Opportunist","floor":29},{"not_picked":["theMarked:WastefulDefense+1","theMarked:Improvise","champ:Backstep"],"picked":"theMarked:FavorableWinds","floor":31},{"not_picked":["theMarked:MuscleMemory","theMarked:ThrowWeapon","champ:SwordThrow"],"picked":"theMarked:SoldierForm","floor":33},{"not_picked":["theMarked:SwordAndMagic+1","theMarked:Frustration+1","champ:PerfectedStrike"],"picked":"theMarked:KeepCalmAndFightOn","floor":35},{"not_picked":["theMarked:Convert","theMarked:Electrify+1","theMarked:ReduceFriction","champ:DefensiveShout"],"picked":"SKIP","floor":36},{"not_picked":["theMarked:HeightenedSenses+1","theMarked:ReduceFriction+1","theMarked:Frustration","champ:AdrenalArmor"],"picked":"SKIP","floor":37},{"not_picked":["theMarked:RepellingDischarge+1","theMarked:HeightenedSenses+1","theMarked:Indomitable","champ:AdrenalArmor"],"picked":"SKIP","floor":41},{"not_picked":["theMarked:Seal","theMarked:Indomitable+1","champ:StanceDance"],"picked":"theMarked:ContemptForTheProud+1","floor":45},{"not_picked":["theMarked:EmpowerWeapon","theMarked:ResourceFulStrike+1","theMarked:Convert+1","champ:FlashCut"],"picked":"SKIP","floor":48}],"player_experience":2060628,"relics_obtained":[{"floor":7,"key":"Akabeko"},{"floor":9,"key":"Ancient Tea Set"},{"floor":11,"key":"Potion Belt"},{"floor":24,"key":"Gremlin Food"},{"floor":26,"key":"Eternal Feather"},{"floor":42,"key":"StoneCalendar"},{"floor":43,"key":"Art of War"}],"event_choices":[{"damage_healed":0,"gold_gain":0,"player_choice":"Read","damage_taken":0,"max_hp_gain":0,"max_hp_loss":0,"event_name":"The Library","floor":22,"gold_loss":0,"cards_obtained":["hermit:RoundhouseKick"]},{"damage_healed":0,"gold_gain":0,"player_choice":"Paid","damage_taken":0,"relics_obtained":["Red Mask"],"max_hp_gain":0,"max_hp_loss":0,"event_name":"Tomb of Lord Red Mask","floor":39,"gold_loss":1},{"damage_healed":0,"gold_gain":0,"player_choice":"Fight","damage_taken":0,"max_hp_gain":0,"max_hp_loss":0,"event_name":"MindBloom","floor":42,"gold_loss":0}],"is_beta":false,"boss_relics":[{"not_picked":["Coffee Dripper","Ectoplasm"],"picked":"hubris:ScarierMask"},{"not_picked":["Calling Bell","Replay:Wanted Poster"],"picked":"theMarked:SpiritSword"}],"items_purged_floors":[],"is_endless":false,"potions_floor_spawned":[4,14,16,18,28,29,33,35,36,48],"killed_by":"Awakened One","ascension_level":0}}