{"host":"fqepcc6wiujntn7y","time":1610705930,"event":{"mods":["AchievementEnabler","BaseMod","Minty Spire (QoL Compilation)","Quick Restart","Replay The Spire","StSLib","The Hayseed","The Jungle","The Necromancer"],"gold_per_floor":[112,132,82,82,101,119,119,149,175,206,1,36,51,61,61,163,163,182,302,322,339,4,35,35,46,70,85,117,67,85,139,139,237,237,254,264,276,9,26,58,58,86,112,130,130,130],"floor_reached":45,"language":"ENG","playtime":7246,"items_purged":["Strike_R","Defend_R"],"score":739,"play_id":"10c3c70a-30f8-40ec-99ae-0f15f95cc5d9","local_time":"20210115101850","is_ascension_mode":false,"campfire_choices":[{"data":"Armaments","floor":7,"key":"SMITH"},{"floor":15,"key":"REST"},{"data":"ReplayReversal","floor":24,"key":"SMITH"},{"data":"Feel No Pain","floor":32,"key":"SMITH"},{"floor":41,"key":"REST"}],"circlet_count":0,"master_deck":["Defend_R","Defend_R","Bash","ReplayReversal+1","Armaments+1","Body Slam","Bludgeon","Shrug It Off","Double Tap","Pummel","Cleave","Inflame","Eclipse","Overencumbered","Overencumbered","Rampage+1","Power Through","Feel No Pain+1","Defy Death","ReplayReversal+1","Feel No Pain","Body Slam","Intimidate","Shrug It Off+1","Bludgeon","Overencumbered","AbeCurse","Writhe","Dark Embrace","Magnetism","Mayhem","ReplayTheSpireMod:Trickstab","Run Through+1","Fire Breathing"],"relics":["Burning Blood","Smiling Mask","Regal Pillow","Replay:Baseball","TheAbacus","Tiny Chest","Kintsugi","Replay:Kaleidoscope","Pet Ghost","Lantern","Replay:Bottled Flurry","Juzu Bracelet","Replay:Ancient Bell","PreservedInsect","Shuriken","Calipers","Bronze Scales","ReplayTheSpireMod:ShopPack","Oddly Smooth Stone","Replay:Mystery Machine","Red Skull"],"acts_visited":["Exordium","Exordium","TheBeyond"],"potions_floor_usage":[16,20,23,23,30,39,44,44],"damage_taken":[{"damage":20,"enemies":"Jaw Worm","floor":1,"turns":4},{"damage":13,"enemies":"2 Louse","floor":2,"turns":5},{"damage":0,"enemies":"Cultist","floor":5,"turns":4},{"damage":0,"enemies":"Exordium Wildlife","floor":6,"turns":4},{"damage":19,"enemies":"Gremlin Nob","floor":8,"turns":4},{"damage":25,"enemies":"Lagavulin","floor":10,"turns":6},{"damage":28,"enemies":"3 Sentries","floor":12,"turns":6},{"damage":0,"enemies":"Exordium Thugs","floor":13,"turns":4},{"damage":0,"enemies":"Large Slime","floor":14,"turns":5},{"damage":70,"enemies":"Slime Boss","floor":16,"turns":9},{"damage":18,"enemies":"theJungle:MUSHROOMGANG","floor":18,"turns":3},{"damage":8,"enemies":"theJungle:Flameango_and_Byrd","floor":20,"turns":4},{"damage":10,"enemies":"theJungle:JungleHuntersEncounter","floor":21,"turns":6},{"damage":3,"enemies":"theJungle:2_Phrogs","floor":23,"turns":10},{"damage":7,"enemies":"theJungle:SlimyTreeVines","floor":25,"turns":9},{"damage":0,"enemies":"Snake Plant","floor":27,"turns":3},{"damage":21,"enemies":"theJungle:MamaSnecko","floor":28,"turns":8},{"damage":4,"enemies":"theJungle:2_Snecko_Cultists","floor":30,"turns":5},{"damage":0,"enemies":"theJungle:FunGuy","floor":33,"turns":8},{"damage":0,"enemies":"Orb Walker","floor":35,"turns":4},{"damage":40,"enemies":"3 Shapes","floor":36,"turns":7},{"damage":0,"enemies":"Maw","floor":37,"turns":7},{"damage":24,"enemies":"Sphere and 2 Shapes","floor":39,"turns":6},{"damage":6,"enemies":"R_Hoarder","floor":40,"turns":4},{"damage":12,"enemies":"Nemesis","floor":42,"turns":7},{"damage":85,"enemies":"Transient","floor":44,"turns":5},{"damage":21,"enemies":"3 Darklings","floor":45,"turns":2}],"seed_played":"4092780398794320545","potions_obtained":[{"floor":2,"key":"Swift Potion"},{"floor":5,"key":"LifebloodPotion"},{"floor":6,"key":"Energy Potion"},{"floor":14,"key":"Reflective Coating"},{"floor":16,"key":"Adrenaline Potion"},{"floor":20,"key":"BloodPotion"},{"floor":21,"key":"Block Potion"},{"floor":27,"key":"Adrenaline Potion"},{"floor":30,"key":"Adrenaline Potion"},{"floor":33,"key":"SteroidPotion"},{"floor":42,"key":"Block Potion"}],"is_trial":false,"path_per_floor":["M","M","?","?","M","M","R","E","T","E","$","E","M","M","R","B",null,"M","?","M","M","$","E","R","M","T","M","E","$","M","T","R","B",null,"M","M","M","$","M","E","R","E","T","M","M"],"character_chosen":"IRONCLAD","items_purchased":["TheAbacus","Replay:Kaleidoscope","Defy Death","Bronze Scales","ReplayTheSpireMod:ShopPack"],"campfire_rested":2,"item_purchase_floors":[11,22,22,38,38],"current_hp_per_floor":[66,59,59,90,90,90,90,77,77,58,58,36,42,48,90,26,90,78,65,63,59,59,62,62,67,67,73,58,58,60,60,60,66,90,90,56,62,62,44,44,86,80,80,19,0,0],"gold":130,"neow_bonus":"THREE_RARE_CARDS","is_daily":false,"chose_seed":false,"campfire_upgraded":3,"win_rate":0.0,"timestamp":1610705930,"path_taken":["M","M","?","?","M","M","R","E","T","E","$","E","M","?","R","BOSS","M","?","M","M","$","E","R","M","T","M","E","?","M","?","R","BOSS","M","M","M","$","M","E","R","E","T","M","M"],"items_purchased_type":["Relic","Relic","Card","Relic","Relic"],"build_version":"2020-12-22","purchased_purges":2,"victory":false,"max_hp_per_floor":[80,80,80,90,90,90,90,90,90,90,90,90,90,90,90,90,90,90,90,90,90,90,90,90,90,90,90,90,90,90,90,90,90,90,90,90,90,90,90,90,90,90,90,90,90,90],"card_choices":[{"not_picked":["Offering","Juggernaut"],"picked":"Replay:Many Hands","floor":0},{"not_picked":["ReplayTheSpireMod:Muscle Training","Disarm"],"picked":"ReplayReversal","floor":1},{"not_picked":["Searing Blow","Clash"],"picked":"Armaments","floor":2},{"not_picked":["Flex","Twin Strike"],"picked":"Body Slam","floor":5},{"not_picked":["Perfected Strike","Clothesline"],"picked":"Bludgeon","floor":6},{"not_picked":["True Grit","Clash"],"picked":"Shrug It Off","floor":8},{"not_picked":["ReplayTheSpireMod:Stacked","Iron Wave"],"picked":"Double Tap","floor":10},{"not_picked":["Replay:Undeath\u0027s Touch","Pommel Strike"],"picked":"Pummel","floor":12},{"not_picked":["ReplayTheSpireMod:Strike From Hell","Anger"],"picked":"Cleave","floor":13},{"not_picked":["Fire Breathing","Carnage"],"picked":"Inflame","floor":14},{"not_picked":["Fiend Fire","Replay:Many Hands"],"picked":"Eclipse","floor":16},{"not_picked":["Bloodletting+1","ReplayTheSpireMod:Strike From Hell"],"picked":"Rampage+1","floor":18},{"not_picked":["Iron Wave","Replay:Undeath\u0027s Touch+1"],"picked":"Power Through","floor":20},{"not_picked":["Searing Blow+1","True Grit+1"],"picked":"Feel No Pain","floor":21},{"not_picked":["Warcry","Offering"],"picked":"ReplayReversal+1","floor":23},{"not_picked":["Anger","Perfected Strike"],"picked":"Feel No Pain","floor":25},{"not_picked":["Anger+1","Perfected Strike"],"picked":"Body Slam","floor":27},{"not_picked":["Seeing Red","ReplayTheSpireMod:Corrosion Curse"],"picked":"Intimidate","floor":28},{"not_picked":["Warcry+1","Massacre"],"picked":"Shrug It Off+1","floor":30},{"not_picked":["Demonic Infusion","Brutality"],"picked":"Bludgeon","floor":33},{"not_picked":["Pain","Looming Evil"],"picked":"Overencumbered","floor":34},{"not_picked":["TheSimpletonMod:Gnats","Normality"],"picked":"AbeCurse","floor":34},{"not_picked":["ReplayTheSpireMod:Restless Dread","CommonCold"],"picked":"Writhe","floor":34},{"not_picked":["Twin Strike+1","Reckless Charge","Seeing Red+1"],"picked":"SKIP","floor":35},{"not_picked":["Dropkick+1","ReplayTheSpireMod:Stacked+1"],"picked":"Dark Embrace","floor":36},{"not_picked":["Iron Wave","Abandon+1","ReplayTheSpireMod:Strike From Hell"],"picked":"SKIP","floor":37},{"not_picked":["Chrysalis","ReplayTheSpireMod:Brewmster"],"picked":"Magnetism","floor":38},{"not_picked":["Replay:BasicMightCard","Forethought"],"picked":"Mayhem","floor":38},{"not_picked":["Deep Breath","Good Instincts"],"picked":"ReplayTheSpireMod:Trickstab","floor":38},{"not_picked":["Headbutt","True Grit"],"picked":"Run Through+1","floor":39},{"not_picked":["Replay:Undeath\u0027s Touch+1","Massacre+1","Burning Pact+1"],"picked":"SKIP","floor":40},{"not_picked":["Disarm+1","Inflame+1"],"picked":"Fire Breathing","floor":42},{"not_picked":["Run Through","Warcry+1","Sever Soul"],"picked":"SKIP","floor":44}],"player_experience":25188,"relics_obtained":[{"floor":8,"key":"Smiling Mask"},{"floor":9,"key":"Regal Pillow"},{"floor":10,"key":"Replay:Baseball"},{"floor":12,"key":"Tiny Chest"},{"floor":23,"key":"Pet Ghost"},{"floor":26,"key":"Lantern"},{"floor":28,"key":"Replay:Bottled Flurry"},{"floor":31,"key":"Juzu Bracelet"},{"floor":40,"key":"Oddly Smooth Stone"},{"floor":42,"key":"Replay:Mystery Machine"},{"floor":43,"key":"Red Skull"}],"event_choices":[{"cards_removed":["TheSimpletonMod:Spoilage"],"damage_healed":0,"gold_gain":0,"player_choice":"Card Removal","damage_taken":0,"max_hp_gain":0,"max_hp_loss":0,"event_name":"The Cleric","floor":3,"gold_loss":50},{"cards_removed":["Replay:Many Hands"],"damage_healed":21,"gold_gain":0,"player_choice":"Offered Rare","damage_taken":0,"max_hp_gain":10,"max_hp_loss":0,"event_name":"Bonfire Elementals","floor":4,"gold_loss":0}],"is_beta":false,"boss_relics":[{"not_picked":["Velvet Choker","ReplayTheSpireMod:DimensionalGlitch"],"picked":"Kintsugi"},{"not_picked":["Honey Jar","Ooze Armor"],"picked":"Replay:Ancient Bell"},{"not_picked":["Nunchaku","Blood Vial"],"picked":"PreservedInsect"},{"not_picked":["Replay:Bottled Eggs","HornCleat"],"picked":"Shuriken"},{"not_picked":["Gambling Chip","Bird Faced Urn"],"picked":"Calipers"}],"items_purged_floors":[11,29],"is_endless":false,"potions_floor_spawned":[2,5,6,14,16,20,21,27,30,33,37,42],"killed_by":"3 Darklings","ascension_level":0}}