{"host":"4kqumtn9vzgpomuw","time":1610751387,"event":{"mods":["AchievementEnabler","BaseMod","Colored Map","Minty Spire (QoL Compilation)","StSLib"],"gold_per_floor":[22222,22233,22247,21535,21535,21570,21570,21595,21643,21654,20935,20935,20946,20969,20969,21071,21071,21090,21090,21189,20430,20345,20345,20378,20378,20378,19445,19461,19478,19493,19518,19530,19644,19656,19679,18519,22222,22235,21103,21130,21144,21144,21144,19988,19988,20006,20006,20021,20021,20021],"floor_reached":51,"language":"KOR","playtime":2556,"items_purged":["Defend_G","Defend_G","Defend_G","Defend_G","Defend_G","Survivor","Underhanded Strike"],"score":873,"play_id":"c7e7a821-5eb3-4d1b-9d23-155594082316","local_time":"20210116075627","is_ascension_mode":false,"campfire_choices":[{"data":"Expertise","floor":7,"key":"SMITH"},{"data":"Wraith Form v2","floor":12,"key":"SMITH"},{"floor":15,"key":"REST"},{"data":"Noxious Fumes","floor":23,"key":"SMITH"},{"data":"Infinite Blades","floor":32,"key":"SMITH"},{"data":"After Image","floor":45,"key":"SMITH"},{"data":"Mayhem","floor":49,"key":"SMITH"}],"circlet_count":0,"master_deck":["Strike_G","Strike_G","Strike_G","Strike_G","Neutralize","Backflip","Noxious Fumes+1","Deadly Poison","Deadly Poison","Expertise+1","Wraith Form v2+1","Poisoned Stab","Well Laid Plans","Wraith Form v2","Noxious Fumes+1","Deadly Poison","Footwork","Panache","Infinite Blades+1","Caltrops","Deadly Poison","Escape Plan","Corpse Explosion","Wraith Form v2","Backstab","Poisoned Stab","A Thousand Cuts","Slice","Blade Dance","Well Laid Plans+1","Slice","After Image+1","Mayhem+1","Backstab+1"],"relics":["Ring of the Snake","HandDrill","Vajra","Ninja Scroll","Pantograph","Bag of Preparation","Anchor","TwistedFunnel","Bottled Flame","Blood Vial","Centennial Puzzle","WristBlade","Cauldron","Boot","Mummified Hand","Kunai","Pear","Eternal Feather","Toolbox","Gremlin Horn","Bronze Scales","MawBank","Black Star","Sling","Lizard Tail","Tough Bandages","Red Mask","TheAbacus","White Beast Statue","Torii","Toy Ornithopter","Dream Catcher","Shuriken","Medical Kit","Potion Belt","Strawberry"],"acts_visited":["Exordium","TheCity","TheBeyond"],"potions_floor_usage":[6,6,16,40,40,40,50,50,50,50],"damage_taken":[{"damage":7,"enemies":"2 Louse","floor":1,"turns":3},{"damage":10,"enemies":"Cultist","floor":2,"turns":4},{"damage":8,"enemies":"Jaw Worm","floor":3,"turns":4},{"damage":9,"enemies":"3 Sentries","floor":6,"turns":6},{"damage":26,"enemies":"Lagavulin","floor":8,"turns":5},{"damage":0,"enemies":"Exordium Wildlife","floor":10,"turns":3},{"damage":0,"enemies":"2 Fungi Beasts","floor":13,"turns":3},{"damage":52,"enemies":"The Guardian","floor":16,"turns":8},{"damage":18,"enemies":"Chosen","floor":18,"turns":5},{"damage":0,"enemies":"Gremlin Leader","floor":24,"turns":5},{"damage":0,"enemies":"Shell Parasite","floor":28,"turns":2},{"damage":0,"enemies":"Snake Plant","floor":29,"turns":2},{"damage":0,"enemies":"Shelled Parasite and Fungi","floor":30,"turns":2},{"damage":2,"enemies":"Book of Stabbing","floor":31,"turns":2},{"damage":76,"enemies":"Champ","floor":33,"turns":8},{"damage":0,"enemies":"Orb Walker","floor":35,"turns":2},{"damage":0,"enemies":"3 Darklings","floor":38,"turns":3},{"damage":4,"enemies":"Reptomancer","floor":40,"turns":3},{"damage":2,"enemies":"Maw","floor":41,"turns":5},{"damage":0,"enemies":"Transient","floor":46,"turns":5},{"damage":0,"enemies":"Jaw Worm Horde","floor":48,"turns":1},{"damage":27,"enemies":"Awakened One","floor":50,"turns":8}],"seed_played":"-4129299974420872042","potions_obtained":[{"floor":1,"key":"Dexterity Potion"},{"floor":3,"key":"SteroidPotion"},{"floor":10,"key":"DistilledChaos"},{"floor":18,"key":"PowerPotion"},{"floor":21,"key":"Weak Potion"},{"floor":21,"key":"Block Potion"},{"floor":40,"key":"DuplicationPotion"},{"floor":41,"key":"GamblersBrew"}],"is_trial":false,"path_per_floor":["M","M","M","$","?","E","R","E","T","M","$","R","M","T","R","B",null,"M","?","?","$","?","R","E","?","T","$","M","M","M","E","R","B",null,"M","$","?","M","$","E","M","?","T","$","R","M","?","M","R","B",null],"character_chosen":"THE_SILENT","items_purchased":["HandDrill","Vajra","Ninja Scroll","Expertise","TwistedFunnel","Bottled Flame","Blood Vial","Well Laid Plans","Cauldron","Boot","Mummified Hand","Noxious Fumes","Deadly Poison","Panache","Infinite Blades","Toolbox","Gremlin Horn","Bronze Scales","Sling","Lizard Tail","Tough Bandages","Wraith Form v2","Backstab","TheAbacus","White Beast Statue","Torii","A Thousand Cuts","Slice","Blade Dance","Medical Kit","Potion Belt","Strawberry","After Image","Mayhem","Poison Potion","Poison Potion","Swift Potion"],"campfire_rested":1,"item_purchase_floors":[4,4,4,4,11,11,11,11,21,21,21,21,21,27,27,27,27,27,36,36,36,36,36,39,39,39,39,39,39,44,44,44,44,44,44,44,44],"current_hp_per_floor":[63,53,45,45,45,36,36,10,10,10,10,10,12,12,999,999,70,52,9999,9999,9999,9999,9999,10009,10009,10009,10009,10009,10009,10009,10007,10009,9933,10009,10009,10009,10009,10009,10009,10005,10005,10005,10005,10012,10016,10016,9015,9017,9035,9055],"gold":20021,"neow_bonus":"THREE_CARDS","is_daily":false,"chose_seed":false,"campfire_upgraded":6,"win_rate":0.0,"timestamp":1610751387,"path_taken":["M","M","M","$","?","E","R","E","T","?","$","R","M","?","R","BOSS","M","?","?","$","?","R","E","?","T","$","?","M","M","E","R","BOSS","M","$","?","M","$","E","M","?","T","$","R","?","?","?","R","BOSS"],"items_purchased_type":["Relic","Relic","Relic","Card","Relic","Relic","Relic","Card","Relic","Relic","Relic","Card","Card","Card","Card","Relic","Relic","Relic","Relic","Relic","Relic","Card","Card","Relic","Relic","Relic","Card","Card","Card","Relic","Relic","Relic","Card","Card","Potion","Potion","Potion"],"build_version":"2020-12-22","purchased_purges":7,"victory":true,"max_hp_per_floor":[70,70,70,70,70,70,70,70,70,70,70,70,70,70,70,70,70,70,9999,9999,9999,9999,9999,10009,10009,10009,10009,10009,10009,10009,10009,10009,10009,10009,10009,10009,10009,10009,10009,10009,10009,10009,10009,10016,10016,10016,10016,10016,10016,10016],"card_choices":[{"not_picked":["Escape Plan","Dodge and Roll"],"picked":"Backflip","floor":0},{"not_picked":["Flying Knee","Calculated Gamble"],"picked":"Noxious Fumes","floor":1},{"not_picked":["Tactician","Quick Slash"],"picked":"Deadly Poison","floor":2},{"not_picked":["Dodge and Roll","Underhanded Strike"],"picked":"Deadly Poison","floor":3},{"not_picked":["Noxious Fumes","Flying Knee"],"picked":"Blur","floor":6},{"not_picked":["Backflip","Leg Sweep"],"picked":"Wraith Form v2","floor":8},{"not_picked":["Outmaneuver","Backstab"],"picked":"Poisoned Stab","floor":10},{"not_picked":["Flying Knee","Acrobatics","Blade Dance"],"picked":"SKIP","floor":13},{"not_picked":["Die Die Die","Venomology"],"picked":"Wraith Form v2","floor":16},{"not_picked":["Leg Sweep","Reflex","Underhanded Strike"],"picked":"SKIP","floor":18},{"not_picked":["Eviscerate","Unload"],"picked":"Footwork","floor":24},{"not_picked":["Dagger Throw","Blade Dance+1"],"picked":"Caltrops","floor":28},{"not_picked":["Heel Hook","Dagger Spray"],"picked":"Deadly Poison","floor":29},{"not_picked":["Acrobatics","Sucker Punch"],"picked":"Escape Plan","floor":30},{"not_picked":["Underhanded Strike","Dagger Spray","Flechettes"],"picked":"SKIP","floor":31},{"not_picked":["Die Die Die","Tools of the Trade"],"picked":"Corpse Explosion","floor":33},{"not_picked":["Acrobatics+1","Dagger Throw+1","Blur+1"],"picked":"SKIP","floor":35},{"not_picked":["Dagger Throw+1","Blade Dance+1"],"picked":"Poisoned Stab","floor":38},{"not_picked":["Blade Dance","Prepared"],"picked":"Well Laid Plans+1","floor":40},{"not_picked":["Backflip","Underhanded Strike+1"],"picked":"Slice","floor":41},{"not_picked":["Poisoned Stab+1","Dodge and Roll+1"],"picked":"Backstab+1","floor":46},{"not_picked":["Leg Sweep","Riddle With Holes+1","Blur"],"picked":"SKIP","floor":48}],"player_experience":19283,"relics_obtained":[{"floor":6,"key":"Pantograph"},{"floor":8,"key":"Bag of Preparation"},{"floor":9,"key":"Anchor"},{"floor":14,"key":"Centennial Puzzle"},{"floor":24,"key":"Pear"},{"floor":26,"key":"Eternal Feather"},{"floor":31,"key":"MawBank"},{"floor":40,"key":"Toy Ornithopter"},{"floor":40,"key":"Dream Catcher"},{"floor":43,"key":"Shuriken"}],"event_choices":[{"damage_healed":0,"gold_gain":0,"player_choice":"Upgraded","damage_taken":0,"max_hp_gain":0,"max_hp_loss":0,"event_name":"Upgrade Shrine","floor":5,"gold_loss":0,"cards_upgraded":["Noxious Fumes"]},{"damage_healed":0,"gold_gain":0,"player_choice":"Shed Blood","damage_taken":18,"max_hp_gain":5,"max_hp_loss":0,"event_name":"Forgotten Altar","floor":19,"gold_loss":0},{"damage_healed":0,"gold_gain":99,"player_choice":"Stole From Cult","damage_taken":0,"max_hp_gain":0,"max_hp_loss":0,"event_name":"Nest","floor":20,"gold_loss":0},{"damage_healed":0,"gold_gain":0,"player_choice":"Obtained Relic","damage_taken":0,"relics_obtained":["Kunai"],"max_hp_gain":0,"max_hp_loss":0,"event_name":"Addict","floor":22,"gold_loss":85},{"cards_removed":["Blur"],"damage_healed":0,"gold_gain":0,"player_choice":"Elegance","damage_taken":0,"max_hp_gain":0,"max_hp_loss":0,"event_name":"Back to Basics","floor":25,"gold_loss":0},{"damage_healed":0,"gold_gain":0,"player_choice":"Paid","damage_taken":0,"relics_obtained":["Red Mask"],"max_hp_gain":0,"max_hp_loss":0,"event_name":"Tomb of Lord Red Mask","floor":37,"gold_loss":18519},{"damage_healed":0,"gold_gain":0,"cards_transformed":["Strike_G"],"player_choice":"Transformed","damage_taken":0,"max_hp_gain":0,"max_hp_loss":0,"event_name":"Transmorgrifier","floor":42,"gold_loss":0,"cards_obtained":["Underhanded Strike"]},{"damage_healed":0,"gold_gain":0,"player_choice":"Damaged","damage_taken":1001,"max_hp_gain":0,"max_hp_loss":0,"event_name":"Wheel of Change","floor":47,"gold_loss":0}],"is_beta":false,"boss_relics":[{"not_picked":["Velvet Choker","SacredBark"],"picked":"WristBlade"},{"not_picked":["Fusion Hammer","Runic Dome"],"picked":"Black Star"}],"items_purged_floors":[4,11,21,27,36,39,44],"is_endless":false,"potions_floor_spawned":[1,3,10,18,29,40,41,46,48],"ascension_level":0}}