{"host":"h5mpg8xef8fl8s1y","time":1610693547,"event":{"mods":["100% Spire Juice","AchievementEnabler","BaseMod","Bestiary","Block Reminder","CapriCore","Colored Map","Colored Powertips","Curses Come First","Dark Map","Displayed Cursed Tome","Googly Eyes","Koishi","Marisa????????","Minty Spire (QoL Compilation)","Permanent Neow","Quick Restart","Random Character Button","Rare Cards Sparkle","Reimu??????","Relic Stats","Remilia??????","StSLib","Starting Relic: Pandora\u0027s Box","The Immortal","The Marked","The Senshi","The Servant 0.9.4","TheVelvet","Waifu the Spire","Yakumo Yukari mod","Yuyuko","everything is the same but u backflip on backflip"],"gold_per_floor":[112,127,127,302,267,292,292,292,292,292,304,336,354,374,374,470,470,485,500,151,163,163,197,197,229,253,279,320,342,354,366,378,488,500,526,538,249,249,249],"floor_reached":38,"language":"ENG","playtime":2661,"items_purged":["Doubt"],"score":566,"play_id":"ed956de2-4d0c-4222-863f-7f13c7b42f48","local_time":"20210115015227","is_ascension_mode":true,"campfire_choices":[{"data":"Stack","floor":8,"key":"SMITH"},{"data":"Hologram","floor":10,"key":"SMITH"},{"data":"Scrape","floor":15,"key":"SMITH"},{"data":"Chaos","floor":24,"key":"SMITH"},{"data":"Conserve Battery","floor":30,"key":"SMITH"},{"data":"Loop","floor":32,"key":"SMITH"}],"circlet_count":0,"master_deck":["Zap","Dualcast+1","Streamline","Scrape+1","Streamline","Lockon","Stack+1","Compile Driver+1","Beam Cell","Auto Shields","Hologram+1","Gash","Redo","Gash","Defragment","Ball Lightning","White Noise","Echo Form","Ball Lightning","White Noise","Loop+1","Ball Lightning+1","Zap","Heatsinks","Chaos+1","Static Discharge","Hologram","Hologram+1","Conserve Battery+1","Meteor Strike","Conserve Battery+1"],"relics":["Snecko Eye","PreservedInsect","RuthlessExorcism:ReiMu","Bag of Marbles","Nuclear Battery","theSenshi:SuperSailorFukuRelic","Boot","Peace Pipe","MawBank","White Beast Statue","Tea:ReiMu","Busted Crown","Ice Cream"],"acts_visited":["Exordium","TheCity","TheBeyond"],"potions_floor_usage":[27,33,33,38],"damage_taken":[{"damage":0,"enemies":"Cultist","floor":1,"turns":3},{"damage":0,"enemies":"2 Louse","floor":2,"turns":2},{"damage":17,"enemies":"3 Sentries","floor":6,"turns":6},{"damage":6,"enemies":"Jaw Worm","floor":11,"turns":2},{"damage":0,"enemies":"Lagavulin","floor":12,"turns":3},{"damage":0,"enemies":"2 Fungi Beasts","floor":13,"turns":2},{"damage":8,"enemies":"Blue Slaver","floor":14,"turns":3},{"damage":48,"enemies":"The Guardian","floor":16,"turns":7},{"damage":0,"enemies":"Spheric Guardian","floor":18,"turns":3},{"damage":0,"enemies":"3 Byrds","floor":19,"turns":3},{"damage":0,"enemies":"Sentry and Sphere","floor":21,"turns":3},{"damage":8,"enemies":"Gremlin Leader","floor":23,"turns":3},{"damage":0,"enemies":"Slavers","floor":25,"turns":2},{"damage":0,"enemies":"Centurion and Healer","floor":27,"turns":4},{"damage":10,"enemies":"Gremlin Leader","floor":28,"turns":3},{"damage":0,"enemies":"Chosen and Byrds","floor":29,"turns":4},{"damage":49,"enemies":"Collector","floor":33,"turns":8},{"damage":0,"enemies":"3 Darklings","floor":35,"turns":2},{"damage":73,"enemies":"3 Darklings","floor":38,"turns":8}],"seed_played":"-8310927828186660065","potions_obtained":[{"floor":2,"key":"PowerPotion"},{"floor":11,"key":"AttackPotion"},{"floor":13,"key":"BlessingOfTheForge"},{"floor":14,"key":"Energy Potion"},{"floor":27,"key":"EssenceOfSteel"},{"floor":33,"key":"GrandPatriotsElixir:ReiMu"},{"floor":35,"key":"Ancient Potion"}],"is_trial":false,"path_per_floor":["M","M","?","?","?","E","?","R","T","R","M","E","M","M","R","B",null,"M","M","$","M","?","E","R","E","T","M","E","M","R","?","R","B",null,"M","?","$","?"],"character_chosen":"DEFECT","items_purchased":["theSenshi:SuperSailorFukuRelic","Loop","Ice Cream"],"campfire_rested":0,"item_purchase_floors":[20,20,37],"current_hp_per_floor":[75,75,60,60,75,58,63,63,63,63,57,57,57,49,49,1,80,80,80,80,80,80,72,72,72,72,72,62,62,62,62,62,13,80,80,80,80,0,0],"gold":249,"neow_bonus":"BOSS_RELIC","is_daily":false,"chose_seed":false,"campfire_upgraded":6,"win_rate":0.0,"timestamp":1610693547,"path_taken":["M","M","?","?","?","E","?","R","T","R","M","E","M","?","R","BOSS","M","M","$","M","?","E","R","E","T","?","E","M","R","?","R","BOSS","M","?","$","?"],"items_purchased_type":["Relic","Card","Relic"],"build_version":"2020-12-22","purchased_purges":1,"victory":false,"max_hp_per_floor":[75,75,75,75,75,75,80,80,80,80,80,80,80,80,80,80,80,80,80,80,80,80,80,80,80,80,80,80,80,80,80,80,80,80,80,80,80,80,80],"relic_stats":{"Peace Pipe":0,"Busted Crown":2,"counters":[19,71],"Snecko Eye":[171,170,150,162],"PreservedInsect":160,"Boot":[52],"MawBank":132,"obtain_stats":[{"Ice Cream":37,"theSenshi:SuperSailorFukuRelic":20,"Tea:ReiMu":31,"PreservedInsect":6,"Boot":23,"MawBank":26,"White Beast Statue":28,"Nuclear Battery":17,"Peace Pipe":25,"Busted Crown":34,"Snecko Eye":0,"Pandora\u0027s Box":0,"Bag of Marbles":12,"RuthlessExorcism:ReiMu":9},{"Ice Cream":18,"theSenshi:SuperSailorFukuRelic":10,"Tea:ReiMu":16,"PreservedInsect":3,"Boot":12,"MawBank":13,"White Beast Statue":15,"Nuclear Battery":8,"Peace Pipe":13,"Busted Crown":17,"Snecko Eye":0,"Pandora\u0027s Box":0,"Bag of Marbles":5,"RuthlessExorcism:ReiMu":3},{"Ice Cream":63,"theSenshi:SuperSailorFukuRelic":34,"Tea:ReiMu":53,"PreservedInsect":11,"Boot":40,"MawBank":42,"White Beast Statue":49,"Nuclear Battery":28,"Peace Pipe":42,"Busted Crown":61,"Snecko Eye":0,"Pandora\u0027s Box":0,"Bag of Marbles":16,"RuthlessExorcism:ReiMu":11}]},"card_choices":[{"not_picked":["Beam Cell","Streamline"],"picked":"Hologram","floor":1},{"not_picked":["Hologram","Streamline"],"picked":"Gash","floor":2},{"not_picked":["Barrage","Steam"],"picked":"Redo","floor":6},{"not_picked":["Steam","Steam Power"],"picked":"Gash","floor":11},{"not_picked":["Buffer","Go for the Eyes"],"picked":"Defragment","floor":12},{"not_picked":["Capacitor","Self Repair"],"picked":"Ball Lightning","floor":13},{"not_picked":["Melter","Redo"],"picked":"White Noise","floor":14},{"not_picked":["Core Surge","Hyperbeam"],"picked":"Echo Form","floor":16},{"not_picked":["Beam Cell","Hologram"],"picked":"Ball Lightning","floor":18},{"not_picked":["Auto Shields","Defragment"],"picked":"White Noise","floor":19},{"not_picked":["Steam Power","Blizzard+1"],"picked":"Ball Lightning+1","floor":21},{"not_picked":["Coolheaded","Rebound"],"picked":"Chaos","floor":23},{"not_picked":["Barrage","Reboot"],"picked":"Static Discharge","floor":25},{"not_picked":["Steam+1","Static Discharge+1"],"picked":"Hologram","floor":27},{"not_picked":["Streamline","Compile Driver"],"picked":"Hologram+1","floor":28},{"not_picked":["Cold Snap+1","White Noise"],"picked":"Conserve Battery","floor":29},{"not_picked":["Hyperbeam","Thunder Strike"],"picked":"Meteor Strike","floor":33},{"not_picked":[],"picked":"Conserve Battery+1","floor":35}],"player_experience":232653,"relics_obtained":[{"floor":6,"key":"PreservedInsect"},{"floor":9,"key":"RuthlessExorcism:ReiMu"},{"floor":12,"key":"Bag of Marbles"},{"floor":23,"key":"Boot"},{"floor":25,"key":"Peace Pipe"},{"floor":26,"key":"MawBank"},{"floor":28,"key":"White Beast Statue"}],"event_choices":[{"damage_healed":0,"gold_gain":0,"player_choice":"Entered Light","damage_taken":15,"max_hp_gain":0,"max_hp_loss":0,"event_name":"Shining Light","floor":3,"gold_loss":0,"cards_upgraded":["Compile Driver","Dualcast"]},{"damage_healed":0,"gold_gain":175,"player_choice":"AGREE","damage_taken":0,"max_hp_gain":0,"max_hp_loss":0,"event_name":"Liars Game","floor":4,"gold_loss":0,"cards_obtained":["Doubt"]},{"damage_healed":18,"gold_gain":0,"player_choice":"Healed","damage_taken":0,"max_hp_gain":0,"max_hp_loss":0,"event_name":"The Cleric","floor":5,"gold_loss":35},{"damage_healed":0,"gold_gain":0,"player_choice":"Donut","damage_taken":0,"max_hp_gain":5,"max_hp_loss":0,"event_name":"Big Fish","floor":7,"gold_loss":0},{"damage_healed":0,"gold_gain":0,"player_choice":"2 cards matched","damage_taken":0,"max_hp_gain":0,"max_hp_loss":0,"event_name":"Match and Keep!","floor":22,"gold_loss":0,"cards_obtained":["Zap","Heatsinks"]},{"damage_healed":0,"gold_gain":0,"player_choice":"Gave Potion","damage_taken":0,"relics_obtained":["Tea:ReiMu"],"max_hp_gain":0,"max_hp_loss":0,"event_name":"WeMeetAgain","floor":31,"gold_loss":0},{"damage_healed":0,"gold_gain":0,"player_choice":"Ignored","damage_taken":0,"max_hp_gain":0,"max_hp_loss":0,"event_name":"Tomb of Lord Red Mask","floor":36,"gold_loss":0}],"is_beta":false,"boss_relics":[{"not_picked":["Runic Pyramid","Inserter"],"picked":"Nuclear Battery"},{"not_picked":["Tiny House","SacredBark"],"picked":"Busted Crown"}],"items_purged_floors":[20],"is_endless":false,"potions_floor_spawned":[2,11,13,14,23,27,29,33,35],"killed_by":"3 Darklings","ascension_level":3}}