{"host":"9ndbo4kgsfoemf7y","time":1610722179,"event":{"mods":["AchievementEnabler","BaseMod","Colored Map","DeckTracker","Keyboard Shortcuts","Minty Spire (QoL Compilation)","Permanent Neow","Quick Restart","Relic Stats","StSLib","SuperFastMode"],"gold_per_floor":[112,3,22,22,22,22,36,71,98,98,98],"floor_reached":10,"language":"KOR","playtime":195,"items_purged":["Strike_B"],"score":86,"play_id":"b59c97f0-c072-4536-9598-6b9ecad5f95a","local_time":"20210115234939","is_ascension_mode":true,"campfire_choices":[{"data":"Zap","floor":6.0,"key":"SMITH"}],"circlet_count":0,"master_deck":["Strike_B","Strike_B","Strike_B","Defend_B","Defend_B","Defend_B","Defend_B","Zap+1","Dualcast","Gash","Scrape","Capacitor","Capacitor","Ball Lightning"],"relics":["Cracked Core","Bronze Scales","Golden Idol","Omamori","Centennial Puzzle"],"acts_visited":["Exordium"],"potions_floor_usage":[],"damage_taken":[{"damage":0.0,"enemies":"Cultist","floor":1.0,"turns":3.0},{"damage":0.0,"enemies":"Small Slimes","floor":3.0,"turns":3.0},{"damage":2.0,"enemies":"Jaw Worm","floor":7.0,"turns":3.0},{"damage":35,"enemies":"Lagavulin","floor":8,"turns":5},{"damage":34,"enemies":"Gremlin Nob","floor":10,"turns":3}],"seed_played":"-4918135251784668718","potions_obtained":[],"is_trial":false,"path_per_floor":["M","$","M","?","$","R","M","E","T","E"],"character_chosen":"DEFECT","items_purchased":["Scrape"],"campfire_rested":0,"item_purchase_floors":[2],"current_hp_per_floor":[68,68,68,68,68,68,66,31,31,0,0],"gold":98,"neow_bonus":"RANDOM_COMMON_RELIC","is_daily":false,"chose_seed":false,"campfire_upgraded":1,"win_rate":0.0,"timestamp":1610722179,"path_taken":["M","?","M","?","?","R","?","E","T","E"],"items_purchased_type":["Card"],"build_version":"2020-12-22","purchased_purges":1,"victory":false,"max_hp_per_floor":[75,75,75,69,69,69,69,69,69,69,69],"relic_stats":{"Centennial Puzzle":[3],"counters":[5,17],"Golden Idol":10,"Bronze Scales":[15],"obtain_stats":[{"Centennial Puzzle":9,"Golden Idol":4,"Bronze Scales":0,"Omamori":8,"Cracked Core":0},{"Centennial Puzzle":4,"Golden Idol":2,"Bronze Scales":0,"Omamori":4,"Cracked Core":0},{"Centennial Puzzle":14,"Golden Idol":6,"Bronze Scales":0,"Omamori":14,"Cracked Core":0}]},"card_choices":[{"not_picked":["Leap","Static Discharge"],"picked":"Gash","floor":1.0},{"not_picked":["Lockon","Steam"],"picked":"Capacitor","floor":3.0},{"not_picked":["Rip and Tear","Stack"],"picked":"Capacitor","floor":7.0},{"not_picked":["Auto Shields","Reprogram"],"picked":"Ball Lightning","floor":8}],"player_experience":821176,"relics_obtained":[{"floor":8,"key":"Omamori"},{"floor":9,"key":"Centennial Puzzle"}],"event_choices":[{"damage_healed":0.0,"max_hp_gain":0.0,"max_hp_loss":6.0,"gold_gain":0.0,"event_name":"Golden Idol","player_choice":"Lose Max HP","floor":4.0,"gold_loss":0.0,"damage_taken":0.0,"relics_obtained":["Golden Idol"]}],"is_beta":false,"boss_relics":[],"items_purged_floors":[2],"is_endless":false,"potions_floor_spawned":[],"killed_by":"Gremlin Nob","ascension_level":6}}