{"host":"ecaj4hn004xnnrw9","time":1610711396,"event":{"mods":["AchievementEnabler","BaseMod","Better Third Choice","Hermit","Hubris","Infinite Spire","Jorbs\u0027s Wanderer Trilogy","Minty Spire (QoL Compilation)","Quick Restart","Shop Mod","StSLib","The Construct","The Jungle","The Runesmith"],"gold_per_floor":[113,113,38,113,133,133,166,166,191,191,222,2,2,16,16,16,16],"floor_reached":16,"language":"ENG","playtime":265,"items_purged":["Strike_P"],"score":111,"play_id":"6feec19a-c23e-46b7-8d0f-16d8152f8cb7","local_time":"20210115114956","is_ascension_mode":true,"campfire_choices":[{"data":"WindmillStrike","floor":6,"key":"SMITH"},{"data":"Vigilance","floor":8,"key":"SMITH"},{"floor":15,"key":"REST"}],"circlet_count":0,"master_deck":["Strike_P+1","Strike_P","Strike_P","Defend_P","Defend_P","Defend_P","Defend_P","Eruption","Vigilance+1","Protect+1","WindmillStrike+1","Adaptation+1"],"relics":["Snecko Eye","infinitespire:Cubic Diamond","hubris:SlimyHat","Omamori","Blood Vial","Happy Flower"],"acts_visited":["Exordium"],"potions_floor_usage":[],"damage_taken":[{"damage":0,"enemies":"Small Slimes","floor":1,"turns":2},{"damage":2,"enemies":"Jaw Worm","floor":5,"turns":2},{"damage":3,"enemies":"3 Sentries","floor":7,"turns":7},{"damage":1,"enemies":"Lagavulin","floor":11,"turns":6},{"damage":0,"enemies":"Cultist","floor":14,"turns":2},{"damage":0,"enemies":"Slime Boss","floor":16,"turns":1}],"seed_played":"-7560901783973721156","potions_obtained":[{"floor":7,"key":"BlessingOfTheForge"},{"floor":11,"key":"Strength Potion"}],"is_trial":false,"path_per_floor":["M","?","$","?","M","R","E","R","T","?","E","$","?","M","R","B"],"character_chosen":"WATCHER","items_purchased":["WindmillStrike","Happy Flower"],"campfire_rested":1,"item_purchase_floors":[3,12],"current_hp_per_floor":[72,72,72,61,59,59,56,56,56,42,41,41,41,43,64,66,66],"gold":16,"neow_bonus":"BOSS_RELIC","is_daily":false,"chose_seed":false,"campfire_upgraded":2,"win_rate":0.0,"timestamp":1610711396,"path_taken":["M","?","$","?","M","R","E","R","T","?","E","$","?","M","R","BOSS"],"items_purchased_type":["Card","Relic"],"build_version":"2020-12-22","purchased_purges":1,"victory":false,"max_hp_per_floor":[72,72,72,72,72,72,72,72,72,72,72,72,72,72,72,72,72],"card_choices":[{"not_picked":["CrushJoints","Prostrate"],"picked":"Protect","floor":1},{"not_picked":["Protect","FlyingSleeves","JustLucky"],"picked":"SKIP","floor":5},{"not_picked":["FlyingSleeves","FearNoEvil"],"picked":"Adaptation","floor":7},{"not_picked":["Prostrate","Crescendo","WindmillStrike"],"picked":"SKIP","floor":11},{"not_picked":["CrushJoints","BattleHymn","Prostrate"],"picked":"SKIP","floor":14}],"player_experience":348968,"relics_obtained":[{"floor":7,"key":"hubris:SlimyHat"},{"floor":9,"key":"Omamori"},{"floor":11,"key":"Blood Vial"}],"event_choices":[{"damage_healed":0,"gold_gain":75,"player_choice":"Gold","damage_taken":11,"max_hp_gain":0,"max_hp_loss":0,"event_name":"betterThird:BetterGoop","floor":4,"gold_loss":0},{"damage_healed":56,"gold_gain":0,"player_choice":"Upgrade","damage_taken":14,"max_hp_gain":0,"max_hp_loss":72,"event_name":"betterThird:BetterShining","floor":10,"gold_loss":0,"cards_upgraded":["Strike_P","Adaptation"]}],"is_beta":false,"boss_relics":[],"items_purged_floors":[12],"is_endless":false,"potions_floor_spawned":[7,11],"killed_by":"Slime Boss","ascension_level":1}}