{"host":"cfnmff32z0ky6ioz","time":1610690816,"event":{"mods":["BaseMod","Bestiary","Colored Powertips","Downfall","Friendly Minions","Hermit","Highlight Path","KinomotoSakuraMod(木之本?)","Luminous","Minty Spire (QoL Compilation)","Quick Restart","Replay The Spire","StSLib","The Alterego","The Animator","The IronCluck","The Jungle","The Marked","【?物卡牌】REMEMod"],"gold_per_floor":[100,100,100,100,100,25,25,25,25,58,58,58,58,103,123,173,173],"floor_reached":16,"language":"ZHS","playtime":1162,"items_purged":[],"score":94,"play_id":"79f83c7d-8184-4c49-807a-55cdc7645fe7","local_time":"20210115140656","is_ascension_mode":false,"campfire_choices":[{"floor":1,"key":"RECALL"},{"data":"REME_SelfUpgrade","floor":6,"key":"SMITH"},{"data":"alterego_mod:Impale","floor":13,"key":"SMITH"}],"circlet_count":0,"master_deck":["alterego_mod:Strike","alterego_mod:Strike","alterego_mod:Strike","alterego_mod:Strike","alterego_mod:Defend","alterego_mod:Defend","alterego_mod:Defend","alterego_mod:Impale+1","alterego_mod:BigMeatyClaws","alterego_mod:BrynhildrsRune","REME_SelfUpgrade+1","alterego_mod:1TonWallop","Injury","alterego_mod:Exercise","alterego_mod:TrashNCrash","alterego_mod:Valentines","alterego_mod:Maid"],"relics":["alterego_mod:MasochisticConstitution","REME_ComplimentaryCards","downfall:HeartsMalice","Replay:Bandana","ReplayTheSpireMod:Ring of Challenge","downfall:HeartBlessingRed","Smiling Mask"],"acts_visited":["Exordium"],"potions_floor_usage":[16,16],"damage_taken":[{"damage":0,"enemies":"Cultist","floor":2,"turns":1},{"damage":0,"enemies":"Small Slimes","floor":8,"turns":1},{"damage":0,"enemies":"2 Louse","floor":9,"turns":1},{"damage":10,"enemies":"Red Slaver","floor":10,"turns":4},{"damage":44,"enemies":"3 Sentries","floor":14,"turns":8},{"damage":4,"enemies":"3 Louse","floor":15,"turns":1},{"damage":37,"enemies":"downfall:Watcher","floor":16,"turns":5}],"seed_played":"-4340351819218893294","potions_obtained":[{"floor":12,"key":"downfall:CursedFountainPotion"},{"floor":14,"key":"REME_GoldPotion"},{"floor":15,"key":"ColorlessPotion"}],"is_trial":false,"path_per_floor":["R","M","T","?","?","R","T","M","M","M","?","?","R","E","M","B"],"character_chosen":"The_Alterego","items_purchased":[],"campfire_rested":0,"item_purchase_floors":[],"current_hp_per_floor":[70,70,70,70,70,70,70,70,70,61,61,61,61,25,22,0,0],"gold":173,"neow_bonus":"THREE_ENEMY_KILL","is_daily":false,"chose_seed":false,"campfire_upgraded":2,"win_rate":0.0,"timestamp":1610690816,"path_taken":["R","M","?","?","?","R","T","?","M","M","?","?","R","E","M","BOSS"],"items_purchased_type":[],"build_version":"2020-12-22","purchased_purges":0,"victory":false,"max_hp_per_floor":[70,70,70,70,70,70,70,70,70,71,71,71,71,72,73,73,73],"card_choices":[{"not_picked":["alterego_mod:PerceptionDisorder","alterego_mod:BiFurious"],"picked":"alterego_mod:1TonWallop","floor":2},{"not_picked":["alterego_mod:Belts","alterego_mod:BusterCard"],"picked":"alterego_mod:Exercise","floor":8},{"not_picked":["alterego_mod:Jiggle","alterego_mod:Pet"],"picked":"alterego_mod:Belle","floor":9},{"not_picked":["alterego_mod:Nekomimi","alterego_mod:Crossover","alterego_mod:BreastValley","alterego_mod:Support"],"picked":"alterego_mod:TrashNCrash","floor":10},{"not_picked":["alterego_mod:PresenceConcealment","alterego_mod:GachaTicket","alterego_mod:Alter","alterego_mod:ChallengeComplete"],"picked":"alterego_mod:Valentines","floor":14},{"not_picked":["alterego_mod:Undulate","alterego_mod:HighServant"],"picked":"alterego_mod:Maid","floor":15}],"player_experience":376991,"relics_obtained":[{"floor":3,"key":"Replay:Bandana"},{"floor":4,"key":"ReplayTheSpireMod:Ring of Challenge"},{"floor":14,"key":"Smiling Mask"}],"event_choices":[{"cards_removed":["Voices"],"damage_healed":0,"gold_gain":0,"player_choice":"Took Card","damage_taken":0,"max_hp_gain":0,"max_hp_loss":0,"event_name":"NoteForYourself","floor":5,"gold_loss":0,"cards_obtained":["Injury"]}],"is_beta":false,"boss_relics":[],"items_purged_floors":[],"is_endless":false,"potions_floor_spawned":[14,15],"killed_by":"downfall:Watcher","ascension_level":0}}