{"host":"f67xjzd4p2hy4eub","time":1610675641,"event":{"mods":["BaseMod","Duelist Mod","Googly Eyes","Hermit","Hubris","Minty Spire (QoL Compilation)","Replay The Spire","StSLib","The Bug Knight","The Cursed","everything is the same but u backflip on backflip","slay the spire mod where everything is the same but ironclad has a cowboy hat"],"gold_per_floor":[118,130,142,157,173,207,219,251,296,296,308,308,121,131,131,131,131],"floor_reached":16,"language":"ENG","playtime":1457,"items_purged":[],"score":116,"play_id":"b2097e1d-fd7d-4099-9c39-b931fc02718a","local_time":"20210114205401","is_ascension_mode":false,"campfire_choices":[{"data":"hermit:Combo","floor":15,"key":"SMITH"}],"circlet_count":0,"master_deck":["hermit:Strike_Hermit","hermit:Strike_Hermit","hermit:Strike_Hermit","hermit:Strike_Hermit","hermit:Defend_Hermit","hermit:Defend_Hermit","hermit:Defend_Hermit","hermit:Defend_Hermit","hermit:Snapshot","hermit:Covet","hermit:Snipe","hermit:WideOpen","hermit:BigShot","hermit:ItchyTrigger","hermit:ItchyTrigger","hermit:CursedWeapon","hermit:BlackWind","hermit:Combo+1","theDuelist:CombinationAttack"],"relics":["hermit:Momento","NeowsBlessing","Replay:Kaleidoscope","Centennial Puzzle","PrismaticShard","Toolbox"],"acts_visited":["Exordium"],"potions_floor_usage":[6,7],"damage_taken":[{"damage":0,"enemies":"Cultist","floor":1,"turns":1},{"damage":0,"enemies":"2 Louse","floor":2,"turns":1},{"damage":0,"enemies":"Small Slimes","floor":3,"turns":1},{"damage":5,"enemies":"2 Fungi Beasts","floor":4,"turns":2},{"damage":2,"enemies":"Large Slime","floor":5,"turns":4},{"damage":18,"enemies":"3 Sentries","floor":6,"turns":7},{"damage":2,"enemies":"Looter","floor":7,"turns":4},{"damage":40,"enemies":"Replay:BlueRogue","floor":8,"turns":8},{"damage":19,"enemies":"Gremlin Gang","floor":11,"turns":6},{"damage":13,"enemies":"Red Slaver","floor":14,"turns":2},{"damage":45,"enemies":"The Guardian","floor":16,"turns":5}],"seed_played":"-1754607353093023907","potions_obtained":[{"floor":1,"key":"Weak Potion"},{"floor":4,"key":"SkillPotion"},{"floor":11,"key":"Strength Potion"},{"floor":14,"key":"GamblersBrew"}],"is_trial":false,"path_per_floor":["M","M","M","M","M","E","M","E","T","?","M","?","$","M","R","B"],"character_chosen":"HERMIT","items_purchased":["hermit:Combo","Toolbox"],"campfire_rested":0,"item_purchase_floors":[13,13],"current_hp_per_floor":[75,75,75,70,68,50,48,8,8,75,56,56,56,43,43,0,0],"gold":131,"neow_bonus":"THREE_ENEMY_KILL","is_daily":false,"chose_seed":false,"campfire_upgraded":1,"win_rate":0.0,"timestamp":1610675641,"path_taken":["M","M","M","?","M","E","M","E","T","?","?","?","$","M","R","BOSS"],"items_purchased_type":["Card","Relic"],"build_version":"2020-12-22","purchased_purges":0,"victory":false,"max_hp_per_floor":[75,75,75,75,75,75,75,75,75,75,75,75,75,75,75,75,75],"card_choices":[{"not_picked":["hermit:Misfire","hermit:LowProfile"],"picked":"hermit:Midnight","floor":1},{"not_picked":["hermit:Midnight","hermit:Ricochet"],"picked":"hermit:Snipe","floor":2},{"not_picked":["hermit:Dive","hermit:Feint"],"picked":"hermit:WideOpen","floor":3},{"not_picked":["hermit:Shortfuse","hermit:EyeOfTheStorm"],"picked":"hermit:BigShot","floor":4},{"not_picked":["hermit:Snipe","hermit:Glare"],"picked":"hermit:ItchyTrigger","floor":5},{"not_picked":["hermit:CalledShot","hermit:HighCaliber"],"picked":"hermit:ItchyTrigger","floor":6},{"not_picked":["hermit:Quickdraw","hermit:PistolWhip"],"picked":"hermit:CursedWeapon","floor":7},{"not_picked":["hermit:Vantage","hermit:Manifest"],"picked":"hermit:BlackWind","floor":8},{"not_picked":["hermit:CalledShot","hermit:Manifest","hermit:ItchyTrigger"],"picked":"SKIP","floor":11},{"not_picked":["theDuelist:JudgeMan","Caltrops"],"picked":"theDuelist:CombinationAttack","floor":14}],"player_experience":275008,"relics_obtained":[{"floor":6,"key":"Replay:Kaleidoscope"},{"floor":8,"key":"Centennial Puzzle"}],"event_choices":[{"cards_removed":["hermit:Midnight"],"damage_healed":67,"gold_gain":0,"player_choice":"Offered Uncommon","damage_taken":0,"max_hp_gain":0,"max_hp_loss":0,"event_name":"Bonfire Elementals","floor":10,"gold_loss":0}],"is_beta":false,"boss_relics":[],"items_purged_floors":[],"is_endless":false,"potions_floor_spawned":[1,4,11,14],"killed_by":"The Guardian","ascension_level":0}}