{"host":"cv77zuuuekizn3ic","time":1610702965,"event":{"mods":["AchievementEnabler","Act Like it!","BaseMod","Gensokyo","Marisa£®ÏF”Í°°ƒß¿Ì…≥£©","Minty Spire (QoL Compilation)","StSLib","Waifu the Spire","everything is the same but u backflip on backflip","slay the spire mod where everything is the same but ironclad has a cowboy hat"],"gold_per_floor":[117,133,143,20,32,32,67,67,67,267,267],"floor_reached":10,"language":"ZHS","playtime":403,"items_purged":[],"score":123,"play_id":"c6d2840a-2a7b-4e13-8577-01b978e85f79","local_time":"20210115172925","is_ascension_mode":true,"campfire_choices":[{"data":"Tactician","floor":6.0,"key":"SMITH"}],"circlet_count":0,"master_deck":["AscendersBane","Strike_G","Strike_G","Strike_G","Strike_G","Strike_G","Defend_G","Defend_G","Defend_G","Defend_G","Defend_G","Survivor","Tactician+1","Escape Plan","Backflip","Backflip"],"relics":["Ring of the Snake","NeowsBlessing","MealTicket","Anchor","Happy Flower","Kunai","The Specimen"],"acts_visited":["Exordium"],"potions_floor_usage":[7],"damage_taken":[{"damage":0.0,"enemies":"Gensokyo:2_Kodama","floor":1.0,"turns":1.0},{"damage":0.0,"enemies":"Gensokyo:Python","floor":2.0,"turns":1.0},{"damage":0.0,"enemies":"Gensokyo:3_Fairies","floor":3.0,"turns":1.0},{"damage":7.0,"enemies":"Gensokyo:CorruptedTreant","floor":5.0,"turns":8.0},{"damage":71,"enemies":"Gensokyo:Cirno","floor":7,"turns":10},{"damage":12,"enemies":"Gensokyo:Mamizou","floor":10,"turns":7}],"seed_played":"-4694381115152715041","potions_obtained":[{"floor":1.0,"key":"LiquidBronze"},{"floor":2.0,"key":"FairyPotion"}],"is_trial":false,"path_per_floor":["M","M","M","COS","M","R","E","?","T","E"],"character_chosen":"THE_SILENT","items_purchased":[],"campfire_rested":0,"item_purchase_floors":[],"current_hp_per_floor":[59,59,59,59,52,52,7,7,7,0,0],"gold":267,"neow_bonus":"THREE_ENEMY_KILL","is_daily":false,"chose_seed":false,"campfire_upgraded":1,"win_rate":0.0,"timestamp":1610702965,"path_taken":["M","?","M","COS","M","R","E","?","T","E"],"items_purchased_type":[],"build_version":"2020-12-22","purchased_purges":0,"victory":false,"max_hp_per_floor":[66,66,66,66,66,66,66,66,66,66,66],"card_choices":[{"not_picked":["All Out Attack","PiercingWail"],"picked":"Tactician","floor":1.0},{"not_picked":["Quick Slash","Outmaneuver"],"picked":"Escape Plan","floor":2.0},{"not_picked":["Slice","Underhanded Strike","Endless Agony"],"picked":"SKIP","floor":3.0},{"not_picked":["Poisoned Stab","Deflect"],"picked":"Backflip","floor":5.0},{"not_picked":["Poisoned Stab","Cloak And Dagger"],"picked":"Backflip","floor":7}],"player_experience":910156,"relics_obtained":[{"floor":7,"key":"Anchor"},{"floor":9,"key":"Kunai"}],"event_choices":[],"is_beta":false,"boss_relics":[],"items_purged_floors":[],"is_endless":false,"potions_floor_spawned":[1,2],"killed_by":"Gensokyo:Mamizou","ascension_level":19}}