{"host":"nl9gyitbz774fola","time":1610737511,"event":{"mods":["AchievementEnabler","BaseMod","Colored Map","Colored Powertips","Minty Spire (QoL Compilation)","Replay The Spire","StSLib"],"gold_per_floor":[115,115,290,290,310,348,348,368,368,69,144,144,188,188,188,307,307,322,343,343,343,25,66,80,80,80,96,96,22,22,22],"floor_reached":30,"language":"ENG","playtime":2916,"items_purged":["MasterReality"],"score":304,"play_id":"06d7eed9-0ea4-4e1e-abc1-83c34e42a913","local_time":"20210115140511","is_ascension_mode":false,"campfire_choices":[{"floor":7,"key":"DIG"},{"floor":15,"key":"REST"},{"floor":28,"key":"REST"}],"circlet_count":0,"master_deck":["Strike_P+1","Strike_P+1","Strike_P+1","Strike_P+1","Defend_P+1","Defend_P+1","Defend_P+1","Defend_P+1","Eruption","Vigilance","Evaluate","Swivel","Replay:AtTheReady","DevaForm","JustLucky","Regret","Judgement+1","Replay:Vibes+1","Shame","FlurryOfBlows+1","PathToVictory","EmptyMind"],"relics":["HolyWater","NeowsBlessing","Golden Idol","Shovel","HornCleat","ReplayTheSpireMod:Shallot","Toolbox","GoldenEye","Pondfish Scales","Replay:Bottled Eggs","Quantum Egg","Pear","Replay:Bottled Flurry","Bottled Tornado"],"acts_visited":["Exordium","TheCity"],"potions_floor_usage":[13,16,16],"damage_taken":[{"damage":0,"enemies":"Jaw Worm","floor":1,"turns":1},{"damage":0,"enemies":"2 Louse","floor":5,"turns":2},{"damage":0,"enemies":"Gremlin Nob","floor":6,"turns":1},{"damage":0,"enemies":"Cultist","floor":8,"turns":3},{"damage":0,"enemies":"3 Sentries","floor":13,"turns":7},{"damage":78,"enemies":"The Guardian","floor":16,"turns":21},{"damage":14,"enemies":"3 Byrds","floor":18,"turns":5},{"damage":0,"enemies":"Spheric Guardian","floor":19,"turns":2},{"damage":26,"enemies":"Book of Stabbing","floor":23,"turns":13},{"damage":36,"enemies":"Snake Plant","floor":24,"turns":6},{"damage":3,"enemies":"Centurion and Healer","floor":27,"turns":8},{"damage":31,"enemies":"Cultist and Chosen","floor":30,"turns":4}],"seed_played":"1648460973544585284","potions_obtained":[{"floor":6,"key":"ColorlessPotion"},{"floor":13,"key":"GamblersBrew"},{"floor":27,"key":"DuplicationPotion"}],"is_trial":false,"path_per_floor":["M","?","?","?","M","E","R","M","T","$","?","$","E","?","R","B",null,"M","M","?","?","$","E","M","?","T","M","R","$","M"],"character_chosen":"WATCHER","items_purchased":["Toolbox","FairyPotion","PowerPotion","Pear","GamblersBrew"],"campfire_rested":2,"item_purchase_floors":[10,10,10,22,29],"current_hp_per_floor":[72,54,54,54,54,54,54,54,54,54,43,43,43,43,64,15,72,58,58,58,58,68,42,6,6,6,3,27,27,0,0],"gold":22,"neow_bonus":"THREE_ENEMY_KILL","is_daily":false,"chose_seed":false,"campfire_upgraded":0,"win_rate":0.0,"timestamp":1610737511,"path_taken":["M","?","?","?","?","E","R","M","T","$","?","?","E","?","R","BOSS","M","M","?","?","$","E","?","?","T","M","R","$","M"],"items_purchased_type":["Relic","Potion","Potion","Relic","Potion"],"build_version":"2020-12-22","purchased_purges":1,"victory":false,"max_hp_per_floor":[72,72,72,72,72,72,72,72,72,72,72,72,72,72,72,72,72,72,72,72,72,82,82,82,82,82,82,82,82,82,82],"card_choices":[{"not_picked":["BowlingBash","TalkToTheHand"],"picked":"Evaluate","floor":1},{"not_picked":["BowlingBash","CrushJoints"],"picked":"Swivel","floor":5},{"not_picked":["EmptyFist","BowlingBash"],"picked":"Replay:AtTheReady","floor":6},{"not_picked":["SashWhip","Conclude"],"picked":"DevaForm","floor":8},{"not_picked":["Collect","BowlingBash"],"picked":"JustLucky","floor":13},{"not_picked":["Brilliance","Ragnarok"],"picked":"Judgement","floor":16},{"not_picked":["JustLucky","CutThroughFate"],"picked":"Replay:Vibes+1","floor":18},{"not_picked":["ClearTheMind","ReachHeaven"],"picked":"MasterReality","floor":19},{"not_picked":["FollowUp","BowlingBash"],"picked":"FlurryOfBlows+1","floor":23},{"not_picked":["InnerPeace+1","JustLucky"],"picked":"PathToVictory","floor":24},{"not_picked":["PathToVictory","Collect"],"picked":"EmptyMind","floor":27}],"player_experience":14396,"relics_obtained":[{"floor":6,"key":"Shovel"},{"floor":7,"key":"HornCleat"},{"floor":9,"key":"ReplayTheSpireMod:Shallot"},{"floor":13,"key":"GoldenEye"},{"floor":23,"key":"Replay:Bottled Flurry"},{"floor":26,"key":"Bottled Tornado"}],"event_choices":[{"damage_healed":0,"gold_gain":0,"player_choice":"Take Damage","damage_taken":18,"relics_obtained":["Golden Idol"],"max_hp_gain":0,"max_hp_loss":0,"event_name":"Golden Idol","floor":2,"gold_loss":0},{"damage_healed":0,"gold_gain":175,"player_choice":"AGREE","damage_taken":0,"max_hp_gain":0,"max_hp_loss":0,"event_name":"Liars Game","floor":3,"gold_loss":0,"cards_obtained":["Doubt"]},{"cards_removed":["Doubt"],"damage_healed":0,"gold_gain":0,"player_choice":"Removed Curses","damage_taken":0,"max_hp_gain":0,"max_hp_loss":0,"event_name":"Fountain of Cleansing","floor":4,"gold_loss":0},{"damage_healed":0,"gold_gain":75,"player_choice":"Gather Gold","damage_taken":11,"max_hp_gain":0,"max_hp_loss":0,"event_name":"World of Goop","floor":11,"gold_loss":0},{"damage_healed":0,"gold_gain":0,"player_choice":"Box","damage_taken":0,"relics_obtained":["Pondfish Scales"],"max_hp_gain":0,"max_hp_loss":0,"event_name":"Big Fish","floor":14,"gold_loss":0,"cards_obtained":["Regret"]},{"damage_healed":0,"gold_gain":0,"player_choice":"Stole Relic","damage_taken":0,"relics_obtained":["Replay:Bottled Eggs"],"max_hp_gain":0,"max_hp_loss":0,"event_name":"Addict","floor":20,"gold_loss":0,"cards_obtained":["Shame"]},{"damage_healed":0,"gold_gain":0,"player_choice":"Opened","damage_taken":0,"relics_obtained":["Quantum Egg"],"max_hp_gain":0,"max_hp_loss":0,"event_name":"The Mausoleum","floor":21,"gold_loss":0},{"damage_healed":0,"gold_gain":0,"player_choice":"Simplicity","damage_taken":0,"max_hp_gain":0,"max_hp_loss":0,"event_name":"Back to Basics","floor":25,"gold_loss":0,"cards_upgraded":["Strike_P","Strike_P","Strike_P","Strike_P","Defend_P","Defend_P","Defend_P","Defend_P"]}],"is_beta":false,"boss_relics":[{"not_picked":["Fusion Hammer","Empty Cage"],"picked":"HolyWater"}],"items_purged_floors":[22],"is_endless":false,"potions_floor_spawned":[6,13,27],"killed_by":"Cultist and Chosen","ascension_level":0}}