{"host":"zq4tmp0p98b2vpa9","time":1610711168,"event":{"mods":["AchievementEnabler","BaseMod","Minty Spire (QoL Compilation)","Relic Stats"],"gold_per_floor":[110,122,72,87,99,99,133,147,147,147,147,167,167,188,188,308,308,282,295,37,37,53,53,53],"floor_reached":23,"language":"ENG","playtime":1452,"items_purged":["Defend_B"],"score":195,"play_id":"6c1deef9-01e4-4238-a3e7-ea7bdda1211a","local_time":"20210115124608","is_ascension_mode":false,"campfire_choices":[{"data":"Streamline","floor":6,"key":"SMITH"},{"floor":13,"key":"REST"},{"floor":15,"key":"REST"}],"circlet_count":0,"master_deck":["Strike_B","Strike_B","Defend_B","Defend_B","Zap","Dualcast","Conserve Battery","Streamline+1","Gash","Conserve Battery","Buffer","Leap","Go for the Eyes","Cold Snap","Amplify","Streamline","Gash","Rebound","Beam Cell"],"relics":["Cracked Core","CaptainsWheel","Bottled Tornado","Bloody Idol","Cursed Key","Membership Card"],"acts_visited":["Exordium","TheCity"],"potions_floor_usage":[7,12,16,16],"damage_taken":[{"damage":6,"enemies":"Jaw Worm","floor":1,"turns":3},{"damage":0,"enemies":"Small Slimes","floor":2,"turns":3},{"damage":0,"enemies":"Cultist","floor":4,"turns":4},{"damage":10,"enemies":"Gremlin Gang","floor":5,"turns":5},{"damage":23,"enemies":"Gremlin Nob","floor":7,"turns":4},{"damage":1,"enemies":"2 Fungi Beasts","floor":8,"turns":2},{"damage":5,"enemies":"Lots of Slimes","floor":12,"turns":4},{"damage":12,"enemies":"Exordium Thugs","floor":14,"turns":4},{"damage":12,"enemies":"The Guardian","floor":16,"turns":12},{"damage":8,"enemies":"2 Thieves","floor":18,"turns":5},{"damage":4,"enemies":"3 Byrds","floor":19,"turns":6},{"damage":1,"enemies":"Snecko","floor":22,"turns":5},{"damage":62,"enemies":"Gremlin Leader","floor":23,"turns":7}],"seed_played":"2863800102702349499","potions_obtained":[{"floor":5,"key":"FearPotion"},{"floor":8,"key":"SneckoOil"},{"floor":12,"key":"AttackPotion"},{"floor":14,"key":"FearPotion"}],"is_trial":false,"path_per_floor":["M","M","?","M","M","R","E","M","T","?","?","M","R","M","R","B",null,"M","M","$","?","M","E"],"character_chosen":"DEFECT","items_purchased":["Membership Card","Rebound"],"campfire_rested":2,"item_purchase_floors":[20,20],"current_hp_per_floor":[48,48,48,48,38,38,15,14,14,14,14,9,29,17,37,25,69,61,57,57,57,61,0,0],"gold":53,"neow_bonus":"REMOVE_TWO","is_daily":false,"chose_seed":false,"campfire_upgraded":1,"win_rate":0.0,"timestamp":1610711168,"path_taken":["M","M","?","M","M","R","E","M","T","?","?","M","R","M","R","BOSS","M","M","$","?","M","E"],"items_purchased_type":["Relic","Card"],"build_version":"2020-12-22","purchased_purges":1,"victory":false,"max_hp_per_floor":[75,75,75,75,75,75,75,75,75,69,69,69,69,69,69,69,69,69,69,69,69,69,69,69],"relic_stats":{"counters":[13,64],"Bloody Idol":5,"Cursed Key":0,"obtain_stats":[{"CaptainsWheel":7,"Golden Idol":10,"Bloody Idol":21,"Membership Card":20,"Bottled Tornado":9,"Cracked Core":0,"Cursed Key":17},{"CaptainsWheel":5,"Golden Idol":6,"Bloody Idol":11,"Membership Card":11,"Bottled Tornado":6,"Cracked Core":0,"Cursed Key":9},{"CaptainsWheel":19,"Golden Idol":21,"Bloody Idol":52,"Membership Card":52,"Bottled Tornado":21,"Cracked Core":0,"Cursed Key":41}]},"card_choices":[{"not_picked":["Redo","Reinforced Body"],"picked":"Conserve Battery","floor":1},{"not_picked":["Rebound","Force Field"],"picked":"Streamline","floor":2},{"not_picked":["Leap","Streamline"],"picked":"Gash","floor":4},{"not_picked":["Compile Driver","Coolheaded"],"picked":"Conserve Battery","floor":5},{"not_picked":["Compile Driver","Cold Snap"],"picked":"Buffer","floor":7},{"not_picked":["Compile Driver","Cold Snap"],"picked":"Leap","floor":8},{"not_picked":["Ball Lightning","Reinforced Body"],"picked":"Go for the Eyes","floor":12},{"not_picked":["Conserve Battery","Leap"],"picked":"Cold Snap","floor":14},{"not_picked":["Multi-Cast","Fission"],"picked":"Amplify","floor":16},{"not_picked":["Coolheaded","Cold Snap+1"],"picked":"Streamline","floor":18},{"not_picked":["Compile Driver","Cold Snap"],"picked":"Gash","floor":19},{"not_picked":["Barrage","Hologram"],"picked":"Beam Cell","floor":22}],"player_experience":240445,"relics_obtained":[{"floor":7,"key":"CaptainsWheel"},{"floor":9,"key":"Bottled Tornado"}],"event_choices":[{"cards_removed":["Strike_B"],"damage_healed":0,"gold_gain":0,"player_choice":"Card Removal","damage_taken":0,"max_hp_gain":0,"max_hp_loss":0,"event_name":"The Cleric","floor":3,"gold_loss":50},{"damage_healed":0,"gold_gain":0,"player_choice":"Lose Max HP","damage_taken":0,"relics_obtained":["Golden Idol"],"max_hp_gain":0,"max_hp_loss":6,"event_name":"Golden Idol","floor":10,"gold_loss":0},{"damage_healed":0,"gold_gain":0,"player_choice":"Searched \u00270\u0027 times","damage_taken":0,"max_hp_gain":0,"max_hp_loss":0,"event_name":"Dead Adventurer","floor":11,"gold_loss":0},{"damage_healed":0,"gold_gain":0,"player_choice":"Gave Idol","damage_taken":0,"relics_obtained":["Bloody Idol"],"max_hp_gain":0,"max_hp_loss":0,"event_name":"Forgotten Altar","floor":21,"relics_lost":["Golden Idol"],"gold_loss":0}],"is_beta":false,"boss_relics":[{"not_picked":["SlaversCollar","Busted Crown"],"picked":"Cursed Key"}],"items_purged_floors":[20],"is_endless":false,"potions_floor_spawned":[5,8,12,14],"killed_by":"Gremlin Leader","ascension_level":0}}