{"host":"c97twqu0op5dg8i4","time":1610694089,"event":{"mods":["AchievementEnabler","BaseMod","Colored Map","Minty Spire (QoL Compilation)","Permanent Neow"],"gold_per_floor":[110,128,128,128,138,138,138,169,169,195,210,61,75,75,100,116,116,116,218,218,229,144,163,17,30,130,130,150,150,150,150,176,188,214,245,257,374,386,417,441,160,177,177,227,227,227,227],"floor_reached":46,"language":"ENG","playtime":2354,"items_purged":[],"score":563,"play_id":"c5824242-0135-415a-bb2b-a12807361074","local_time":"20210115020129","is_ascension_mode":true,"campfire_choices":[{"data":"Double Energy","floor":7.0,"key":"SMITH"},{"floor":9.0,"key":"REST"},{"floor":17.0,"key":"REST"},{"floor":18.0,"key":"DIG"},{"floor":27.0,"key":"REST"},{"floor":29,"key":"REST"},{"floor":31,"key":"REST"},{"data":"Fission","floor":33,"key":"SMITH"},{"floor":36,"key":"REST"},{"floor":45,"key":"DIG"}],"circlet_count":0,"master_deck":["Zap","Dualcast","Double Energy+1","Sunder+1","Conserve Battery","Chaos","Leap","Fission","Creative AI","Machine Learning","Meteor Strike","Fission+1","Beam Cell","Auto Shields","Steam","Fusion","Consecrate","Thinking Ahead","Thunder Strike","Conserve Battery","Enlightenment","Writhe"],"relics":["Cracked Core","Lizard Tail","Nunchaku","DataDisk","Strange Spoon","Shovel","Anchor","Pandora\u0027s Box","Strawberry","PrismaticShard","Mummified Hand","MawBank","Busted Crown","Runic Capacitor","Incense Burner","Bronze Scales"],"acts_visited":["Exordium","TheCity","TheBeyond"],"potions_floor_usage":[28,32,37,37,37],"damage_taken":[{"damage":7.0,"enemies":"2 Louse","floor":1.0,"turns":3.0},{"damage":2.0,"enemies":"Jaw Worm","floor":2.0,"turns":3.0},{"damage":10.0,"enemies":"Small Slimes","floor":5.0,"turns":3.0},{"damage":18.0,"enemies":"Lagavulin","floor":8.0,"turns":5.0},{"damage":0.0,"enemies":"2 Fungi Beasts","floor":11.0,"turns":3.0},{"damage":5.0,"enemies":"Exordium Thugs","floor":13.0,"turns":4.0},{"damage":21.0,"enemies":"Gremlin Nob","floor":15.0,"turns":4.0},{"damage":1.0,"enemies":"3 Louse","floor":16.0,"turns":3.0},{"damage":39.0,"enemies":"The Guardian","floor":19.0,"turns":13.0},{"damage":15.0,"enemies":"Shell Parasite","floor":21.0,"turns":4.0},{"damage":27.0,"enemies":"Chosen","floor":23.0,"turns":8.0},{"damage":11.0,"enemies":"Centurion and Healer","floor":25.0,"turns":6.0},{"damage":35,"enemies":"Snake Plant","floor":28,"turns":6},{"damage":26,"enemies":"Gremlin Leader","floor":32,"turns":7},{"damage":8,"enemies":"Shelled Parasite and Fungi","floor":34,"turns":5},{"damage":6,"enemies":"Centurion and Healer","floor":35,"turns":6},{"damage":50,"enemies":"Collector","floor":37,"turns":9},{"damage":14,"enemies":"Orb Walker","floor":39,"turns":3},{"damage":33,"enemies":"3 Shapes","floor":40,"turns":4},{"damage":33,"enemies":"Maw","floor":42,"turns":7},{"damage":6,"enemies":"Mind Bloom Boss Battle","floor":44,"turns":8},{"damage":47,"enemies":"Reptomancer","floor":46,"turns":3}],"seed_played":"-1454799756705916127","potions_obtained":[{"floor":1.0,"key":"FairyPotion"},{"floor":8.0,"key":"FearPotion"},{"floor":11.0,"key":"Block Potion"},{"floor":16.0,"key":"Fire Potion"},{"floor":25.0,"key":"SneckoOil"},{"floor":28,"key":"SkillPotion"},{"floor":34,"key":"EntropicBrew"}],"is_trial":false,"path_per_floor":["M","M","?","?","M","E","R","E","R","T","M","$","M","M","E","M","R","R","B",null,"M","?","M","$","M","?","R","M","R","T","R","E","R","M","M","R","B",null,"M","M","$","M","?","?","R","E"],"character_chosen":"DEFECT","items_purchased":["Strange Spoon","PrismaticShard","Runic Capacitor","Conserve Battery","Enlightenment"],"campfire_rested":6,"item_purchase_floors":[12,24,41,41,41],"current_hp_per_floor":[47,45,50,50,40,40,40,22,46,46,46,46,41,41,20,19,43,43,4,61,46,46,26,26,15,15,41,6,32,32,58,32,32,24,18,44,26,72,58,25,25,43,65,59,59,12,12],"gold":227,"neow_bonus":"ONE_RARE_RELIC","is_daily":false,"chose_seed":false,"campfire_upgraded":2,"win_rate":0.0,"timestamp":1610694089,"path_taken":["M","M","?","?","M","E","R","E","R","T","M","$","M","?","E","M","R","R","BOSS","M","?","M","$","M","?","R","M","R","T","R","E","R","M","?","R","BOSS","M","M","$","M","?","?","R","E"],"items_purchased_type":["Relic","Relic","Relic","Card","Card"],"build_version":"2020-12-22","purchased_purges":0,"victory":false,"max_hp_per_floor":[75,75,80,80,80,80,80,80,80,80,80,80,80,80,80,80,80,80,80,80,80,80,87,87,87,87,87,87,87,87,87,87,87,87,87,87,87,87,87,87,87,87,87,87,87,87,87],"card_choices":[{"not_picked":["Reinforced Body","Steam"],"picked":"Double Energy","floor":1.0},{"not_picked":["Conserve Battery","Fusion"],"picked":"Sunder","floor":2.0},{"not_picked":["Streamline","Compile Driver"],"picked":"Conserve Battery","floor":5.0},{"not_picked":["Chill","Steam Power","Scrape"],"picked":"SKIP","floor":8.0},{"not_picked":["Conserve Battery","Go for the Eyes"],"picked":"Chaos","floor":11.0},{"not_picked":["Redo","Compile Driver","Hologram"],"picked":"SKIP","floor":13.0},{"not_picked":["Thunder Strike","Steam"],"picked":"Leap","floor":15.0},{"not_picked":["Genetic Algorithm","FTL","Stack"],"picked":"SKIP","floor":16.0},{"not_picked":["Hyperbeam","Thunder Strike"],"picked":"Fission","floor":19.0},{"not_picked":["Hologram+1","Redo+1","Stack"],"picked":"SKIP","floor":21.0},{"not_picked":["Barrage","Darkness+1","Stack"],"picked":"SKIP","floor":23.0},{"not_picked":["Cloak And Dagger","Blade Dance"],"picked":"Consecrate","floor":25.0},{"not_picked":["CrushJoints","Wild Strike","True Grit+1"],"picked":"SKIP","floor":28},{"not_picked":["Machine Learning","Conclude"],"picked":"Thinking Ahead","floor":32},{"not_picked":["Heavy Blade+1","Glacier","Go for the Eyes+1"],"picked":"SKIP","floor":34},{"not_picked":["Body Slam+1","Clothesline","Dodge and Roll"],"picked":"SKIP","floor":35},{"not_picked":["SpiritShield","Fission"],"picked":"Thunder Strike","floor":37},{"not_picked":["Spot Weakness+1"],"picked":"SKIP","floor":39},{"not_picked":["FearNoEvil"],"picked":"SKIP","floor":40},{"not_picked":["Barrage+1"],"picked":"SKIP","floor":42}],"player_experience":252194,"relics_obtained":[{"floor":8.0,"key":"Nunchaku"},{"floor":10.0,"key":"DataDisk"},{"floor":15.0,"key":"Shovel"},{"floor":18.0,"key":"Anchor"},{"floor":30,"key":"Mummified Hand"},{"floor":32,"key":"MawBank"},{"floor":44,"key":"Incense Burner"},{"floor":45,"key":"Bronze Scales"}],"event_choices":[{"damage_healed":0.0,"max_hp_gain":5.0,"max_hp_loss":0.0,"gold_gain":0.0,"event_name":"Big Fish","player_choice":"Donut","floor":3.0,"gold_loss":0.0,"damage_taken":0.0},{"damage_healed":0.0,"max_hp_gain":0.0,"max_hp_loss":0.0,"gold_gain":0.0,"event_name":"Living Wall","player_choice":"Grow","floor":4.0,"gold_loss":0.0,"damage_taken":0.0,"cards_upgraded":["Sunder"]},{"damage_healed":0.0,"max_hp_gain":0.0,"max_hp_loss":0.0,"gold_gain":0.0,"event_name":"Addict","player_choice":"Obtained Relic","floor":22.0,"gold_loss":85.0,"damage_taken":0.0,"relics_obtained":["Strawberry"]},{"damage_healed":0.0,"max_hp_gain":0.0,"max_hp_loss":0.0,"gold_gain":100.0,"event_name":"Golden Shrine","player_choice":"Pray","floor":26.0,"gold_loss":0.0,"damage_taken":0.0},{"damage_healed":22,"gold_gain":0,"player_choice":"Writhe","damage_taken":0,"max_hp_gain":0,"max_hp_loss":0,"event_name":"Winding Halls","floor":43,"gold_loss":0,"cards_obtained":["Writhe"]},{"damage_healed":0,"gold_gain":0,"player_choice":"Fight","damage_taken":0,"max_hp_gain":0,"max_hp_loss":0,"event_name":"MindBloom","floor":44,"gold_loss":0}],"is_beta":false,"boss_relics":[{"not_picked":["Tiny House","Black Star"],"picked":"Pandora\u0027s Box"},{"not_picked":["Empty Cage","SacredBark"],"picked":"Busted Crown"}],"items_purged_floors":[],"is_endless":false,"potions_floor_spawned":[1,8,11,16,25,28,34,35],"killed_by":"Reptomancer","ascension_level":5}}