{"host":"37dk0reb6x0du8wx","time":1610691163,"event":{"mods":["BaseMod","Colored Map","DeckTracker","Minty Spire (QoL Compilation)","Quick Restart","StSLib"],"gold_per_floor":[210,210,210,160,6,37,56,75,75,75,92,92,92,92,92,190,190,201,201,201,56,0,0],"floor_reached":22,"language":"KOR","playtime":598,"items_purged":[],"score":216,"play_id":"a826fa2f-8eac-44ae-907b-9baa1207789e","local_time":"20210115151243","is_ascension_mode":true,"campfire_choices":[{"floor":10.0,"key":"REST"},{"floor":12.0,"key":"REST"},{"data":"Zap","floor":15.0,"key":"SMITH"}],"circlet_count":0,"master_deck":["Strike_B","Defend_B","Defend_B","Defend_B","Defend_B","Zap+1","Dualcast","Leap","Parasite","Lockon","Electrodynamics","Genetic Algorithm"],"relics":["Cracked Core","Regal Pillow","CaptainsWheel","Question Card","Nilry\u0027s Codex","HandDrill"],"acts_visited":["Exordium","TheCity"],"potions_floor_usage":[16],"damage_taken":[{"damage":0.0,"enemies":"Small Slimes","floor":1.0,"turns":2.0},{"damage":59.0,"enemies":"Gremlin Nob","floor":6.0,"turns":5.0},{"damage":0.0,"enemies":"2 Louse","floor":7.0,"turns":2.0},{"damage":0.0,"enemies":"Jaw Worm","floor":8.0,"turns":4.0},{"damage":7.0,"enemies":"Blue Slaver","floor":11.0,"turns":6.0},{"damage":73,"enemies":"The Guardian","floor":16,"turns":14},{"damage":24,"enemies":"Spheric Guardian","floor":18,"turns":6},{"damage":29,"enemies":"2 Thieves","floor":22,"turns":2}],"seed_played":"-629479054071051852","potions_obtained":[{"floor":1.0,"key":"Swift Potion"},{"floor":16,"key":"SkillPotion"}],"is_trial":false,"path_per_floor":["M","?","$","?","$","E","M","M","T","R","M","R","?","?","R","B",null,"M","?","?","$","M"],"character_chosen":"DEFECT","items_purchased":["Regal Pillow","HandDrill"],"campfire_rested":2,"item_purchase_floors":[5,21],"current_hp_per_floor":[75,75,75,75,75,16,16,16,16,53,46,75,75,75,75,2,75,51,35,28,28,0,0],"gold":0,"neow_bonus":"HUNDRED_GOLD","is_daily":false,"chose_seed":false,"campfire_upgraded":1,"win_rate":0.0,"timestamp":1610691163,"path_taken":["M","?","$","?","$","E","M","M","T","R","?","R","?","?","R","BOSS","M","?","?","$","?"],"items_purchased_type":["Relic","Relic"],"build_version":"2020-12-22","purchased_purges":0,"victory":false,"max_hp_per_floor":[75,75,75,75,75,75,75,75,75,75,75,75,75,75,75,75,75,75,75,75,75,75,75],"card_choices":[{"not_picked":["Undo","Glacier","Double Energy"],"picked":"SKIP","floor":1.0},{"not_picked":["Storm","Static Discharge","Chill"],"picked":"SKIP","floor":6.0},{"not_picked":["Cold Snap","Chaos"],"picked":"Leap","floor":7.0},{"not_picked":["Recycle","Cold Snap","Gash"],"picked":"SKIP","floor":8.0},{"not_picked":["Barrage","Compile Driver","Hologram","Cold Snap"],"picked":"SKIP","floor":11.0},{"not_picked":["Rainbow","Meteor Strike","Thunder Strike"],"picked":"Electrodynamics","floor":16},{"not_picked":["Coolheaded","Steam","FTL+1"],"picked":"Genetic Algorithm","floor":18}],"player_experience":164871,"relics_obtained":[{"floor":6.0,"key":"CaptainsWheel"},{"floor":9.0,"key":"Question Card"},{"floor":19,"key":"Nilry\u0027s Codex"}],"event_choices":[{"cards_removed":["Strike_B"],"damage_healed":0.0,"max_hp_gain":0.0,"max_hp_loss":0.0,"gold_gain":0.0,"event_name":"Living Wall","player_choice":"Forget","floor":2.0,"gold_loss":0.0,"damage_taken":0.0},{"cards_removed":["Strike_B"],"damage_healed":0.0,"max_hp_gain":0.0,"max_hp_loss":0.0,"gold_gain":0.0,"event_name":"The Cleric","player_choice":"Card Removal","floor":4.0,"gold_loss":50.0,"damage_taken":0.0},{"damage_healed":18.0,"max_hp_gain":0.0,"max_hp_loss":0.0,"gold_gain":0.0,"event_name":"Mushrooms","player_choice":"Healed and dodged fight","floor":13.0,"gold_loss":0.0,"damage_taken":0.0,"cards_obtained":["Parasite"]},{"damage_healed":0.0,"max_hp_gain":0.0,"max_hp_loss":0.0,"gold_gain":0.0,"cards_transformed":["Strike_B"],"event_name":"Transmorgrifier","player_choice":"Transformed","floor":14.0,"gold_loss":0.0,"damage_taken":0.0,"cards_obtained":["Lockon"]},{"damage_healed":0,"gold_gain":0,"player_choice":"Obtained Book","damage_taken":16,"max_hp_gain":0,"max_hp_loss":0,"event_name":"Cursed Tome","floor":19,"gold_loss":0},{"damage_healed":0,"gold_gain":0,"player_choice":"Damaged","damage_taken":7,"max_hp_gain":0,"max_hp_loss":0,"event_name":"Wheel of Change","floor":20,"gold_loss":0}],"is_beta":false,"boss_relics":[{"not_picked":["Busted Crown","FrozenCore","Nuclear Battery"]}],"items_purged_floors":[],"is_endless":false,"potions_floor_spawned":[1,16],"killed_by":"2 Thieves","ascension_level":4}}