{"host":"moon9xuhyn08cqjw","time":1610701501,"event":{"mods":["2.2 Compatiblity","AchievementEnabler","BaseMod","Better Third Choice","Downfall","GungeonMod","Infinite Spire","Jedi Mod","Minty Spire (QoL Compilation)","StSLib","Td1madao Mod","The Blackbeard","The Necromancer","The Saiyan","The Senshi","TheBandit","Transform Curses","[IsaacMod]????"],"gold_per_floor":[99,114,114,141,154,154,154,167,167,201,201,33,49,149,168,266,266,266,278,278,50,150,169,469,486,471,471,488,506,523,533,533,533,533],"floor_reached":32,"language":"RUS","playtime":2137,"items_purged":[],"score":279,"play_id":"a274b4de-fd6e-49f7-b95f-66c8b6bbecf6","local_time":"20210115170501","is_ascension_mode":false,"campfire_choices":[{"data":"EpicFetus","floor":1.0,"key":"SMITH"},{"data":"Slimebound:CorrosiveSpit","floor":3.0,"key":"SMITH"},{"floor":9.0,"key":"REST"},{"floor":18.0,"key":"DIG"},{"data":"Slimebound:PrepareCrush","floor":20.0,"key":"SMITH"},{"floor":27,"key":"REST"}],"circlet_count":1,"master_deck":["Slimebound:Strike_Slimebound","Slimebound:Strike_Slimebound","Slimebound:Strike_Slimebound","Slimebound:Tackle","Slimebound:Defend_Slimebound","Slimebound:Defend_Slimebound","Slimebound:Defend_Slimebound","Slimebound:Defend_Slimebound","Slimebound:Split","Slimebound:CorrosiveSpit+1","EpicFetus+1","Slimebound:GoopSpray","Slimebound:Grow","Slimebound:SplitBruiser","Slimebound:Dissolve","Slimebound:RejuvenatingLick","Slimebound:PrepareCrush+1","Fire Breathing","theSenshi:KlutzyLuck","Conclude","Die Die Die","CurseOfTheBell","Madness","Slimebound:DisruptingSlam","expansioncontent:Chronoboost","Slimebound:SlimeSpikes","Machining","Madness","Madness","Armaments+1","Dagger Spray","DemoMod:AWP","blackbeard:PirateEarring+1","DemoMod:WhiteBlade+1","DemoMod:BlackBlade"],"relics":["Slimebound:AbsorbEndCombat","HushsDoor","TheBible","Question Card","Smiling Mask","Circlet","DemoMod:WhiteGuonStone","Happy Flower","PrismaticShard","Calling Bell","Ancient Tea Set","Blue Candle","Shovel","MealTicket","Old Coin"],"acts_visited":["Exordium","TheCity"],"potions_floor_usage":[30,31],"damage_taken":[{"damage":16.0,"enemies":"Jaw Worm","floor":2.0,"turns":5.0},{"damage":49.0,"enemies":"3 Sentries","floor":4.0,"turns":13.0},{"damage":4.0,"enemies":"Small Slimes","floor":5.0,"turns":5.0},{"damage":5.0,"enemies":"Cultist","floor":8.0,"turns":3.0},{"damage":15.0,"enemies":"Lagavulin","floor":10.0,"turns":7.0},{"damage":10.0,"enemies":"downfall:FleeingMerchant","floor":12.0,"turns":4.0},{"damage":8.0,"enemies":"Exordium Wildlife","floor":13.0,"turns":4.0},{"damage":4.0,"enemies":"Large Slime","floor":15.0,"turns":3.0},{"damage":41.0,"enemies":"downfall:Defect","floor":16.0,"turns":7.0},{"damage":13.0,"enemies":"Chosen","floor":19.0,"turns":3.0},{"damage":8.0,"enemies":"downfall:FleeingMerchant","floor":21.0,"turns":4.0},{"damage":51.0,"enemies":"Shelled Parasite and Fungi","floor":23.0,"turns":6.0},{"damage":14.0,"enemies":"Chosen and Byrds","floor":25.0,"turns":5.0},{"damage":26.0,"enemies":"downfall:FleeingMerchant","floor":26.0,"turns":4.0},{"damage":18,"enemies":"Centurion and Healer","floor":28,"turns":6},{"damage":15,"enemies":"Snecko","floor":29,"turns":4},{"damage":22,"enemies":"Snake Plant","floor":30,"turns":2},{"damage":27,"enemies":"3 Cultists","floor":31,"turns":5},{"damage":17,"enemies":"Shelled Parasite and Fungi","floor":32,"turns":1}],"seed_played":"9131061699761642339","potions_obtained":[{"floor":2.0,"key":"Explosive Potion"},{"floor":8.0,"key":"DuplicationPotion"},{"floor":10.0,"key":"champ:CounterPotion"},{"floor":16.0,"key":"AttackPotion"},{"floor":23.0,"key":"Fire Potion"},{"floor":28,"key":"Energy Potion"},{"floor":29,"key":"SkillPotion"},{"floor":31,"key":"Weak Potion"}],"is_trial":false,"path_per_floor":["R","M","R","E","M","?","T","M","R","E","T","$","M","?","M","B",null,"R","M","R","$","?","M","T","M","$","R","M","M","M","M","M"],"character_chosen":"SLIMEBOUND","items_purchased":["PrismaticShard","Slimebound:DisruptingSlam","expansioncontent:Chronoboost","Slimebound:SlimeSpikes"],"campfire_rested":2,"item_purchase_floors":[12,21,21,21],"current_hp_per_floor":[66,51,51,8,12,5,5,6,25,26,26,34,40,40,46,21,66,66,63,63,66,66,29,29,35,36,55,53,44,26,7,0,0,0],"gold":533,"neow_bonus":"TEN_PERCENT_HP_BONUS","is_daily":false,"chose_seed":false,"campfire_upgraded":3,"win_rate":0.0,"timestamp":1610701501,"path_taken":["R","M","R","E","M","?","T","M","R","E","?","$","M","?","M","BOSS","R","M","R","$","?","?","T","M","$","R","M","M","M","?","M"],"items_purchased_type":["Relic","Card","Card","Card"],"build_version":"2020-12-22","purchased_purges":0,"victory":false,"max_hp_per_floor":[66,66,66,66,66,66,66,66,66,66,66,66,66,66,66,66,66,66,66,66,66,66,66,66,66,66,66,66,66,66,66,66,66,66],"card_choices":[{"not_picked":[],"picked":"EpicFetus","floor":0.0},{"not_picked":["Slimebound:SplitBruiser","Slimebound:FormOfPuddle"],"picked":"Slimebound:GoopSpray","floor":2.0},{"not_picked":["Slimebound:FlameTackle","Slimebound:GrowthPunch"],"picked":"Slimebound:Grow","floor":4.0},{"not_picked":["Slimebound:Teamwork","Slimebound:LeechingTouch","Slimebound:MegaLick"],"picked":"Slimebound:SplitBruiser","floor":5.0},{"not_picked":["Slimebound:FinishingTackle","Slimebound:GrowthPunch","Slimebound:LeechingTouch"],"picked":"Slimebound:Dissolve","floor":8.0},{"not_picked":["Slimebound:Dissolve","Slimebound:Repurpose","Slimebound:SlimeBarrage"],"picked":"Slimebound:RejuvenatingLick","floor":10.0},{"not_picked":["Slimebound:SplitAcid","Slimebound:ItLooksTasty","Slimebound:AcidTongue"],"picked":"Slimebound:PrepareCrush","floor":12.0},{"not_picked":["Money Cant Rescue","hexamod:NecessarySacrifice","stsjorbsmod:Panic"],"picked":"Fire Breathing","floor":13.0},{"not_picked":["Death_Coil","Wireheading","wariomod:SmallSprint"],"picked":"theSenshi:KlutzyLuck","floor":14.0},{"not_picked":["wariomod:Smackflip","Dramatic Entrance","Guardian:Gem_Red"],"picked":"Conclude","floor":15.0},{"not_picked":["blackbeard:Murder","All For One","blackbeard:Halberd"],"picked":"Die Die Die","floor":16.0},{"not_picked":["hierophant:Shelter+1","sneckomod:UnknownWeak","champ:CrookedStrike+1"],"picked":"hermit:LowProfile","floor":19.0},{"not_picked":["stsjorbsmod:Damnation","Slimebound:WasteNot","wariomod:Hopshield","sneckomod:UnknownCommonAttack"],"picked":"SKIP","floor":21.0},{"not_picked":["hermit:Snipe","hexamod:GhostLash","Guardian:Recover"],"picked":"Machining","floor":22.0},{"not_picked":["Guardian:ShieldCharger","Acrobatics","stsjorbsmod:Will"],"picked":"hermit:HighCaliber","floor":23.0},{"not_picked":["stsjorbsmod:Panic","sneckomod:UnknownWeak","hierophant:RepressedViolence"],"picked":"hermit:Vantage","floor":25.0},{"not_picked":["Deadly Poison","wariomod:ThatsNotAll","Guardian:Harden+1"],"picked":"Armaments+1","floor":26},{"not_picked":["Bane","Slimebound:Equalize","jedi:collectorvenom"],"picked":"Dagger Spray","floor":28},{"not_picked":["theSenshi:SailorUranusAssists","DemoMod:EasyReloadBullets+1","theSenshi:MoonCrisisMakeUp+1"],"picked":"DemoMod:AWP","floor":29},{"not_picked":["PiercingWail+1","theSenshi:SailorStarFighterAssists","champ:FightOn"],"picked":"blackbeard:PirateEarring+1","floor":30},{"not_picked":["wariomod:DoubleDash+1","Halt","Genetic Algorithm+1"],"picked":"DemoMod:WhiteBlade+1","floor":31}],"player_experience":1122669,"relics_obtained":[{"floor":4.0,"key":"Question Card"},{"floor":7.0,"key":"hubris:MysteriousPyramids"},{"floor":10.0,"key":"DemoMod:WhiteGuonStone"},{"floor":11.0,"key":"Happy Flower"},{"floor":17.0,"key":"Ancient Tea Set"},{"floor":17.0,"key":"Blue Candle"},{"floor":17.0,"key":"Shovel"},{"floor":18.0,"key":"MealTicket"},{"floor":24.0,"key":"Old Coin"}],"event_choices":[{"damage_healed":0.0,"max_hp_gain":0.0,"max_hp_loss":0.0,"gold_gain":0.0,"event_name":"Scrap Ooze","player_choice":"Success","floor":6.0,"gold_loss":0.0,"damage_taken":7.0,"relics_obtained":["Smiling Mask"]}],"is_beta":false,"boss_relics":[{"not_picked":["hubris:HollowSoul","hubris:CrackedHourglass"],"picked":"Calling Bell"},{"not_picked":[]}],"items_purged_floors":[],"is_endless":false,"potions_floor_spawned":[2,8,10,16,23,28,29,31],"killed_by":"Shelled Parasite and Fungi","ascension_level":0}}