{"host":"l60rmjjsfi0fipmi","time":1610668807,"event":{"mods":["BaseMod","Colored Map","DeckTracker","Hermit","Highlight Path","Jorbs\u0027s Wanderer Trilogy","Minty Spire (QoL Compilation)","StSLib","The Cursed"],"gold_per_floor":[119,135,155,155,165,165,93,93,119,133,133,159,4,35,35,136,136,151,151,165,90,105,105,105,105],"floor_reached":24,"language":"ENG","playtime":2614,"items_purged":["Strike_R"],"score":237,"play_id":"9c744197-9494-4b26-837a-39bca09da576","local_time":"20210114190007","is_ascension_mode":true,"campfire_choices":[{"data":"Cleave","floor":6,"key":"SMITH"},{"data":"Body Slam","floor":11,"key":"SMITH"},{"data":"Infernal Blade","floor":15,"key":"SMITH"},{"floor":23,"key":"REST"}],"circlet_count":0,"master_deck":["Strike_R","Strike_R","Strike_R","Defend_R","Defend_R","Defend_R","Defend_R","Bash","Impervious","Headbutt","Pommel Strike","Cleave+1","Body Slam+1","Infernal Blade+1","Uppercut","Metallicize","Disarm","Intimidate+1","Power Through"],"relics":["Burning Blood","Ancient Tea Set","Omamori","Strawberry","Toy Ornithopter","Lantern","MealTicket","Runic Cube","NlothsMask"],"acts_visited":["Exordium","TheCity"],"potions_floor_usage":[16,16,16,22],"damage_taken":[{"damage":1,"enemies":"Cultist","floor":1,"turns":4},{"damage":3,"enemies":"2 Louse","floor":2,"turns":2},{"damage":2,"enemies":"Jaw Worm","floor":3,"turns":3},{"damage":13,"enemies":"Red Slaver","floor":5,"turns":3},{"damage":12,"enemies":"Lots of Slimes","floor":10,"turns":3},{"damage":6,"enemies":"Gremlin Nob","floor":12,"turns":3},{"damage":20,"enemies":"3 Sentries","floor":14,"turns":4},{"damage":14,"enemies":"The Guardian","floor":16,"turns":14},{"damage":43,"enemies":"Shell Parasite","floor":18,"turns":9},{"damage":23,"enemies":"2 Thieves","floor":20,"turns":3},{"damage":24,"enemies":"Snake Plant","floor":22,"turns":7},{"damage":63,"enemies":"Gremlin Leader","floor":24,"turns":5}],"seed_played":"-2958841645310250973","potions_obtained":[{"floor":2,"key":"Swift Potion"},{"floor":5,"key":"Dexterity Potion"},{"floor":10,"key":"FearPotion"},{"floor":20,"key":"Block Potion"}],"is_trial":false,"path_per_floor":["M","M","M","T","M","R","$","?","T","M","R","E","$","E","R","B",null,"M","?","M","$","M","R","E"],"character_chosen":"IRONCLAD","items_purchased":["Infernal Blade","Lantern"],"campfire_rested":1,"item_purchase_floors":[7,13],"current_hp_per_floor":[80,80,80,80,73,73,73,55,62,56,56,56,56,42,42,49,87,50,50,33,48,35,61,0,0],"gold":105,"neow_bonus":"TRANSFORM_CARD","is_daily":false,"chose_seed":false,"campfire_upgraded":3,"win_rate":0.0,"timestamp":1610668807,"path_taken":["M","M","M","?","M","R","$","?","T","M","R","E","$","E","R","BOSS","M","?","M","$","M","R","E"],"items_purchased_type":["Card","Relic"],"build_version":"2020-12-22","purchased_purges":1,"victory":false,"max_hp_per_floor":[80,80,80,80,80,80,80,80,87,87,87,87,87,87,87,87,87,87,87,87,87,87,87,87,87],"card_choices":[{"not_picked":["Bloodletting","Body Slam"],"picked":"Headbutt","floor":1},{"not_picked":["Havoc","Intimidate"],"picked":"Pommel Strike","floor":2},{"not_picked":["Thunderclap","Havoc"],"picked":"Cleave","floor":3},{"not_picked":["Thunderclap","Havoc"],"picked":"Body Slam","floor":5},{"not_picked":["Headbutt","Evolve"],"picked":"Uppercut","floor":10},{"not_picked":["Reaper","Entrench"],"picked":"Metallicize","floor":12},{"not_picked":["Iron Wave","Headbutt"],"picked":"Disarm","floor":14},{"not_picked":["Cleave+1","Iron Wave"],"picked":"Intimidate+1","floor":18},{"not_picked":["Thunderclap","Pommel Strike","Impervious"],"picked":"SKIP","floor":20},{"not_picked":["Shockwave","Clothesline"],"picked":"Power Through","floor":22}],"player_experience":396768,"relics_obtained":[{"floor":4,"key":"Ancient Tea Set"},{"floor":9,"key":"Strawberry"},{"floor":12,"key":"Toy Ornithopter"},{"floor":14,"key":"MealTicket"}],"event_choices":[{"damage_healed":0,"gold_gain":0,"player_choice":"Success","damage_taken":18,"relics_obtained":["Omamori"],"max_hp_gain":0,"max_hp_loss":0,"event_name":"Scrap Ooze","floor":8,"gold_loss":0},{"damage_healed":0,"gold_gain":0,"player_choice":"Trade","damage_taken":0,"relics_obtained":["NlothsMask"],"max_hp_gain":0,"max_hp_loss":0,"event_name":"FaceTrader","floor":19,"gold_loss":0}],"is_beta":false,"boss_relics":[{"not_picked":["Mark of Pain","Snecko Eye"],"picked":"Runic Cube"}],"items_purged_floors":[21],"is_endless":false,"potions_floor_spawned":[2,5,10,20],"killed_by":"Gremlin Leader","ascension_level":3}}