{"host":"nxmai6bb3m0amvdf","time":1610741899,"event":{"mods":["Aspiration","BaseMod","Conspire","Energized Spire","Friendly Minions","GifTheSpireLib","Halation","Hubris","Infinite Spire","Ironclad Rager","Jedi Mod","Marked Mod","Mimic Mod","Minty Spire (QoL Compilation)","Replay The Spire","RumiaBox-????????","Spikes Relics","StSLib","Stuff the Spire","Trackpad","vexMod"],"gold_per_floor":[17,17,35,51,71,101,117,117,117,144,144,33,92,105,105,179,179,193,193,193,208,222,222,59,59,59],"floor_reached":25,"language":"ENG","playtime":1767,"items_purged":[],"score":415,"play_id":"255d51aa-3c79-4030-a15e-cc2e1612c76d","local_time":"20210115211819","is_ascension_mode":true,"campfire_choices":[{"floor":8,"key":"RECALL"},{"floor":11,"key":"REST"},{"data":"Replay:Undeath\u0027s Touch","floor":15,"key":"SMITH"},{"floor":23,"key":"REST"}],"circlet_count":0,"master_deck":["AscendersBane","Bash","Sickly","Twin Strike","Twin Strike","Twin Strike","Twin Strike","Twin Strike","Iron Wave","Iron Wave","Iron Wave","Iron Wave","Replay:Undeath\u0027s Touch","Flex","Replay:Undeath\u0027s Touch","Fire Breathing","Flex","Replay:Undeath\u0027s Touch+1","Sword Boomerang","Cleave","StuffTheSpire:Slingshot","StuffTheSpire:Pyroclast","StuffTheSpire:Slingshot"],"relics":["Burning Blood","Du-Vu Doll","halation:Trompette","Empty Cage","hubris:HerbalPaste"],"acts_visited":["Exordium","TheCity"],"potions_floor_usage":[16,16,25],"damage_taken":[{"damage":7,"enemies":"Small Slimes","floor":1,"turns":3},{"damage":0,"enemies":"Cultist","floor":3,"turns":2},{"damage":0,"enemies":"Jaw Worm","floor":4,"turns":2},{"damage":1,"enemies":"Looter","floor":5,"turns":2},{"damage":28,"enemies":"3 Sentries","floor":6,"turns":7},{"damage":0,"enemies":"Lots of Slimes","floor":7,"turns":2},{"damage":13,"enemies":"Lagavulin","floor":10,"turns":3},{"damage":9,"enemies":"Red Slaver","floor":14,"turns":2},{"damage":58,"enemies":"The Guardian","floor":16,"turns":7},{"damage":0,"enemies":"Chosen","floor":18,"turns":2},{"damage":5,"enemies":"3 Byrds","floor":21,"turns":4},{"damage":37,"enemies":"Shelled Parasite and Fungi","floor":22,"turns":3},{"damage":52,"enemies":"Nightmare","floor":25,"turns":5}],"seed_played":"3133434789844292253","potions_obtained":[{"floor":1,"key":"Fire Potion"},{"floor":10,"key":"DuplicationPotion"},{"floor":16,"key":"BlessingOfTheForge"}],"is_trial":false,"path_per_floor":["M","?","M","M","M","E","M","R","T","E","R","$","?","M","R","B",null,"M","?","?","M","M","R","$","NM"],"character_chosen":"IRONCLAD","items_purchased":["Replay:Undeath\u0027s Touch","Sword Boomerang","hubris:HerbalPaste"],"campfire_rested":2,"item_purchase_floors":[12,12,24],"current_hp_per_floor":[49,49,55,61,66,44,50,50,50,43,63,63,63,60,60,8,53,59,55,55,56,25,45,45,0,0],"gold":59,"neow_bonus":"IRONCLAD_BERSERKER","is_daily":false,"chose_seed":false,"campfire_upgraded":1,"win_rate":0.0,"timestamp":1610741899,"path_taken":["M","?","M","?","M","E","M","R","T","E","R","$","?","M","R","BOSS","M","?","?","M","?","R","?","NM"],"items_purchased_type":["Card","Card","Relic"],"build_version":"2020-12-22","purchased_purges":0,"victory":false,"max_hp_per_floor":[68,68,68,68,68,68,68,68,68,68,68,68,68,68,68,68,68,68,68,68,68,68,68,68,68,68],"card_choices":[{"not_picked":["ReplayTheSpireMod:LeadingStrike","StuffTheSpire:Slingshot"],"picked":"Anger","floor":1},{"not_picked":["jedi:fear","Pummel"],"picked":"Replay:Undeath\u0027s Touch","floor":3},{"not_picked":["Heavy Blade","Headbutt"],"picked":"Flex","floor":4},{"not_picked":["StuffTheSpire:Slingshot","Anger"],"picked":"Clash","floor":5},{"not_picked":["Pommel Strike","StuffTheSpire:BloodClot"],"picked":"Replay:Undeath\u0027s Touch","floor":6},{"not_picked":["conspire:HitWhereItHurts","StuffTheSpire:Slingshot"],"picked":"Fire Breathing","floor":7},{"not_picked":["Shrug It Off","jedi:hate"],"picked":"Flex","floor":10},{"not_picked":["hubris:ReadiedAction","ReplayTheSpireMod:Strike From Hell"],"picked":"Cleave","floor":14},{"not_picked":["Corruption","Juggernaut"],"picked":"Hemogenesis","floor":16},{"not_picked":["jedi:suffering+1","Warcry"],"picked":"StuffTheSpire:Slingshot","floor":18},{"not_picked":["Seeing Red+1","Replay:Undeath\u0027s Touch"],"picked":"StuffTheSpire:Pyroclast","floor":21},{"not_picked":["hubris:ReadiedAction","Body Slam"],"picked":"StuffTheSpire:Slingshot","floor":22}],"player_experience":1100847,"relics_obtained":[{"floor":6,"key":"Du-Vu Doll"},{"floor":10,"key":"halation:Trompette"}],"event_choices":[{"damage_healed":0,"gold_gain":0,"cards_transformed":["Anger"],"player_choice":"Transformed","damage_taken":0,"max_hp_gain":0,"max_hp_loss":0,"event_name":"Transmorgrifier","floor":2,"gold_loss":0,"cards_obtained":["hubris:ReadiedAction"]},{"damage_healed":0,"gold_gain":59,"player_choice":"Gained Gold","damage_taken":0,"max_hp_gain":0,"max_hp_loss":0,"event_name":"Golden Wing","floor":13,"gold_loss":0},{"damage_healed":0,"gold_gain":0,"player_choice":"Leave","damage_taken":0,"max_hp_gain":0,"max_hp_loss":0,"event_name":"conspire:Investor","floor":19,"gold_loss":0},{"cards_removed":["Hemogenesis"],"damage_healed":0,"gold_gain":0,"player_choice":"Purged","damage_taken":0,"max_hp_gain":0,"max_hp_loss":0,"event_name":"Purifier","floor":20,"gold_loss":0}],"is_beta":false,"boss_relics":[{"not_picked":["Painkiller Herb","hubris:CrackedHourglass"],"picked":"Empty Cage"}],"items_purged_floors":[],"is_endless":false,"potions_floor_spawned":[1,10,14,16],"killed_by":"Nightmare","ascension_level":19}}