{"host":"Bilverbakes","time":1610687232,"event":{"mods":["2.2 Compatiblity","AchievementEnabler","BaseMod","Bestiary","Colored Map","Minty Spire (QoL Compilation)","Relic Stats","StSLib","ojb\u0027s Info Mod"],"gold_per_floor":[115,115,115,135,152,152,186,196,196,210,210,210],"floor_reached":11,"language":"ENG","playtime":340,"items_purged":[],"score":150,"play_id":"c8c08dbf-fce7-40d5-a038-1a8b0f4a5ea2","local_time":"20210114230712","is_ascension_mode":true,"campfire_choices":[{"data":"Predator","floor":6,"key":"SMITH"}],"circlet_count":0,"master_deck":["AscendersBane","Strike_G","Strike_G","Strike_G","Strike_G","Strike_G","Defend_G","Defend_G","Defend_G","Defend_G","Defend_G","Survivor","Neutralize+1","Dagger Spray","Predator+1","Bouncing Flask","Leg Sweep"],"relics":["Ring of the Snake","NeowsBlessing","Pantograph","Ninja Scroll"],"acts_visited":["Exordium"],"potions_floor_usage":[],"damage_taken":[{"damage":0,"enemies":"Jaw Worm","floor":1,"turns":1},{"damage":0,"enemies":"Cultist","floor":4,"turns":1},{"damage":0,"enemies":"Small Slimes","floor":5,"turns":1},{"damage":42,"enemies":"3 Sentries","floor":7,"turns":9},{"damage":8,"enemies":"3 Louse","floor":8,"turns":4},{"damage":0,"enemies":"Exordium Thugs","floor":10,"turns":4},{"damage":10,"enemies":"Lagavulin","floor":11,"turns":3}],"seed_played":"1804953861848883063","potions_obtained":[{"floor":7,"key":"Explosive Potion"}],"is_trial":false,"path_per_floor":["M","?","?","M","M","R","E","M","T","M","E"],"character_chosen":"THE_SILENT","items_purchased":[],"campfire_rested":0,"item_purchase_floors":[],"current_hp_per_floor":[59,59,59,59,59,59,17,9,9,9,0,0],"gold":210,"neow_bonus":"THREE_ENEMY_KILL","is_daily":false,"chose_seed":false,"campfire_upgraded":1,"win_rate":0.0,"timestamp":1610687232,"path_taken":["M","?","?","?","M","R","E","M","T","M","E"],"items_purchased_type":[],"build_version":"2020-12-18","purchased_purges":0,"victory":false,"max_hp_per_floor":[66,66,66,66,66,66,66,66,66,66,66,66],"relic_stats":{"counters":[7,23],"Pantograph":0,"obtain_stats":[{"NeowsBlessing":0,"Ninja Scroll":9,"Pantograph":7,"Ring of the Snake":0},{"NeowsBlessing":0,"Ninja Scroll":5,"Pantograph":4,"Ring of the Snake":0},{"NeowsBlessing":0,"Ninja Scroll":16,"Pantograph":12,"Ring of the Snake":0}],"Ring of the Snake":[14]},"card_choices":[{"not_picked":["Sucker Punch","Caltrops"],"picked":"Dagger Spray","floor":1},{"not_picked":["Blade Dance","Backstab"],"picked":"Predator","floor":4},{"not_picked":["Blur","Choke"],"picked":"Bouncing Flask","floor":5},{"not_picked":["Sucker Punch","Bane","Dodge and Roll"],"picked":"SKIP","floor":7},{"not_picked":["Quick Slash","Dodge and Roll"],"picked":"Leg Sweep","floor":8},{"not_picked":["Storm of Steel","PiercingWail","Bane"],"picked":"SKIP","floor":10}],"player_experience":691564,"relics_obtained":[{"floor":7,"key":"Pantograph"},{"floor":9,"key":"Ninja Scroll"}],"event_choices":[{"damage_healed":0,"gold_gain":0,"player_choice":"Ignored","damage_taken":0,"max_hp_gain":0,"max_hp_loss":0,"event_name":"Liars Game","floor":2,"gold_loss":0},{"damage_healed":0,"gold_gain":0,"player_choice":"Upgraded","damage_taken":0,"max_hp_gain":0,"max_hp_loss":0,"event_name":"Upgrade Shrine","floor":3,"gold_loss":0,"cards_upgraded":["Neutralize"]}],"is_beta":true,"boss_relics":[],"items_purged_floors":[],"is_endless":false,"potions_floor_spawned":[7],"killed_by":"Lagavulin","ascension_level":20}}