{"host":"r428wgyz1934czl7","time":1610724385,"event":{"mods":["100% Spire Juice","2.2 Compatiblity","Act Like it!","Aspiration","Bard","BaseMod","Beaked The Cultist","Bestiary","Better Altar","Better Match","Better Note","Better Sensory Stone","Better Skull","Better Third Choice","CCEM","CapriCore","Conspire","Displayed Cursed Tome","Duelist Mod","Elementarium","Gensokyo","GifTheSpireLib","Hubris","Infinite Spire","Jedi Mod","Jorbs\u0027s Wanderer Trilogy","Menagerie","Minty Spire (QoL Compilation)","Permanent Neow","Prisma Mod","Replay The Spire","Robot Space Explorer","Spicy Shops","StSLib","Stuff the Spire","The Alterego","The Animator","The Dragon Tamer","The Gatherer","The Immortal","The Marked","The Poker Player","WarShipGirlsR/??¤Ö¤kR mod","vexMod"],"gold_per_floor":[119,119,145,1,21,21,46,61,115,131,131,11,27,47,47,150,30,44,44,54,73,73,73,86,99,123,137,149,74,107,82,82,177,57,77,77,77,89,89,116,130,55,55,55,87,87,87,103,103,103,103],"floor_reached":50,"language":"ENG","playtime":3017,"items_purged":["ReplayTheSpireMod:Exploit Weakness"],"score":599,"play_id":"a9979584-96d8-469d-8519-0caf9fee777c","local_time":"20210115232625","is_ascension_mode":false,"campfire_choices":[{"data":"Moonworks:Ambush","floor":6,"key":"SMITH"},{"floor":12,"key":"RECALL"},{"floor":15,"key":"REST"},{"data":"Moonworks:AccelHyper","floor":22,"key":"SMITH"},{"data":"Moonworks:FinalSurgery","floor":23,"key":"SMITH"},{"data":"Moonworks:LuckyCharm","floor":32,"key":"SMITH"},{"data":"Moonworks:x16BigRocket+1","floor":39,"key":"SMITH"},{"floor":44,"key":"REST"},{"data":"Moonworks:ShieldCounter","floor":47,"key":"SMITH"},{"floor":49,"key":"REST"}],"circlet_count":0,"master_deck":["Moonworks:Strike","Moonworks:Strike","Moonworks:Defend","Moonworks:Defend","Moonworks:Ambush+1","Moonworks:LongDistanceShot","Moonworks:SakisCookie","Moonworks:FinalSurgery+1","Moonworks:NicePresent","Moonworks:DeployBits","Moonworks:FinalSurgery+1","Moonworks:MiracleWalker","Moonworks:LuckyCharm+1","Moonworks:AccelHyper+1","Moonworks:NicePresent","Moonworks:BindingChains","Moonworks:DevilHand","Moonworks:EvilSpyWorkPreparation","Moonworks:RedAndBlue+1","Moonworks:Assault","Moonworks:ShieldCounter+1","Moonworks:FullSpeedAlicianrone+1","Moonworks:x16BigRocket+3","Moonworks:Dash","Moonworks:FullSpeedAlicianrone+1","Moonworks:NicePresent","Moonworks:Flamethrower","Moonworks:MixPhenomenon","Moonworks:DevilHand+1"],"relics":["Moonworks:BrokenBomb","Moonworks:Homemark","aspiration:Nostalgia","PrismaMod:PrismaSapphire","jedi:arcanewood","infinitespire:PuzzleCube","Omamori","StuffTheSpire:HeavyRock","vexMod:BigBerry","Calipers","aspiration:FrozenJewel","hubris:VirtuousBlindfold","aspiration:TomeofQuesting","Replay:PocketPolymizer","StuffTheSpire:Mouthbags"],"acts_visited":["Gensokyo:Gensokyo","TheCity","TheBeyond"],"potions_floor_usage":[21,24,27,33,40,50],"damage_taken":[{"damage":5,"enemies":"Gensokyo:3_Fairies","floor":1,"turns":4},{"damage":0,"enemies":"Gensokyo:Python","floor":5,"turns":2},{"damage":11,"enemies":"Gensokyo:Cirno","floor":7,"turns":6},{"damage":2,"enemies":"Gensokyo:Gryphon","floor":8,"turns":2},{"damage":0,"enemies":"Gensokyo:LivingMonolith","floor":10,"turns":2},{"damage":0,"enemies":"Gensokyo:VengefulSpirit","floor":13,"turns":2},{"damage":12,"enemies":"Gensokyo:3_Kodama","floor":14,"turns":3},{"damage":10,"enemies":"Gensokyo:Yukari","floor":16,"turns":6},{"damage":1,"enemies":"Spheric Guardian","floor":18,"turns":3},{"damage":1,"enemies":"Shell Parasite","floor":20,"turns":3},{"damage":12,"enemies":"Centurion and Healer","floor":21,"turns":4},{"damage":4,"enemies":"Chosen and Byrds","floor":24,"turns":3},{"damage":1,"enemies":"Cultist and Chosen","floor":25,"turns":5},{"damage":0,"enemies":"3 Cultists","floor":27,"turns":5},{"damage":11,"enemies":"conspire:HollyBat","floor":28,"turns":5},{"damage":2,"enemies":"theDuelist:KaibaA2","floor":30,"turns":4},{"damage":32,"enemies":"Collector","floor":33,"turns":7},{"damage":3,"enemies":"3 Shapes","floor":35,"turns":3},{"damage":16,"enemies":"3 Darklings","floor":38,"turns":3},{"damage":9,"enemies":"Nemesis","floor":40,"turns":5},{"damage":39,"enemies":"4 Shapes","floor":41,"turns":3},{"damage":8,"enemies":"R_Hoarder","floor":45,"turns":6},{"damage":0,"enemies":"Maw","floor":48,"turns":5},{"damage":121,"enemies":"conspire:OrnateMirror","floor":50,"turns":6}],"seed_played":"4801013508533059164","potions_obtained":[{"floor":1,"key":"BlessingOfTheForge"},{"floor":7,"key":"Block Potion"},{"floor":13,"key":"Languid Potion"},{"floor":25,"key":"Swift Potion"},{"floor":28,"key":"DistilledChaos"},{"floor":30,"key":"Explosive Potion"},{"floor":33,"key":"SmokeBomb"},{"floor":40,"key":"Ancient Potion"}],"is_trial":false,"path_per_floor":["M","?","T","$","M","R","E","M","T","M","COS","R","M","M","R","B",null,"M","?","M","M","R","R","M","M","T","M","M","?","E","$","R","B",null,"M","?","?","M","R","E","M","$","T","R","E","?","R","M","R","B"],"character_chosen":"THE_STARBREAKER","items_purchased":["infinitespire:PuzzleCube","Moonworks:Assault"],"campfire_rested":3,"item_purchase_floors":[4,31],"current_hp_per_floor":[55,55,55,55,55,55,44,42,42,42,42,42,42,32,50,40,90,89,89,88,78,78,78,74,73,73,73,62,62,60,60,60,28,90,89,89,89,73,73,64,25,25,25,52,62,62,62,62,89,0,0],"gold":103,"neow_bonus":"NOSTALGIA","is_daily":false,"chose_seed":false,"campfire_upgraded":6,"win_rate":0.0,"timestamp":1610724385,"path_taken":["M","?","?","?","M","R","E","?","T","M","COS","R","M","M","R","BOSS","M","?","?","M","?","R","M","?","T","M","M","?","E","?","R","BOSS","M","?","?","?","?","E","M","$","T","R","E","?","R","M","R","BOSS"],"items_purchased_type":["Relic","Card"],"build_version":"2020-12-22","purchased_purges":1,"victory":false,"max_hp_per_floor":[60,60,60,60,60,60,60,60,60,60,60,60,60,60,60,60,90,90,90,90,90,90,90,90,90,90,90,90,90,90,90,90,90,90,90,90,90,90,90,90,90,90,90,90,90,90,90,90,90,90,90],"card_choices":[{"not_picked":["Moonworks:Flamethrower","Moonworks:JonathanRush"],"picked":"Moonworks:SakisCookie","floor":1},{"not_picked":["Moonworks:RedAndBlue","Moonworks:SakisCookie"],"picked":"Moonworks:Flamethrower","floor":5},{"not_picked":["Moonworks:LuckyCharm","Moonworks:RagingMadness"],"picked":"Moonworks:NicePresent","floor":7},{"not_picked":["Moonworks:ImOnFire","Moonworks:Poppoformation"],"picked":"Moonworks:DeployBits","floor":8},{"not_picked":["Moonworks:Heat300Percent","Moonworks:CastOff"],"picked":"Moonworks:FinalSurgery","floor":10},{"not_picked":["Moonworks:TreasureThief","Moonworks:BeyondHell"],"picked":"Moonworks:MiracleWalker","floor":13},{"not_picked":["Moonworks:Flamethrower","Moonworks:StiffCrystal"],"picked":"Moonworks:LuckyCharm","floor":14},{"not_picked":["Moonworks:FinalBattle","Moonworks:RocketCannon"],"picked":"Moonworks:AccelHyper","floor":16},{"not_picked":["Moonworks:IndiscriminateFireSupport+1","Moonworks:TreasureThief","Moonworks:UnpaidWork"],"picked":"SKIP","floor":18},{"not_picked":["Moonworks:SakisCookie","Moonworks:CloudOfSeagulls","Moonworks:ImOnFire"],"picked":"SKIP","floor":20},{"not_picked":["Moonworks:CloudOfSeagulls","Moonworks:CompletionReward"],"picked":"Moonworks:NicePresent","floor":21},{"not_picked":["Moonworks:NicePresent","Moonworks:SweetBattle"],"picked":"Moonworks:BindingChains","floor":24},{"not_picked":["Moonworks:EvilSpyWorkPreparation","Moonworks:JonathanRush+1"],"picked":"Moonworks:DevilHand","floor":25},{"not_picked":["Moonworks:DeployBits","Moonworks:SakisCookie+1"],"picked":"Moonworks:EvilSpyWorkPreparation","floor":27},{"not_picked":["Moonworks:HolyNight","Moonworks:DeployBits","Moonworks:MixPhenomenon"],"picked":"SKIP","floor":28},{"not_picked":["Moonworks:MeltingMemories","Moonworks:JonathanRush+1"],"picked":"Moonworks:RedAndBlue+1","floor":30},{"not_picked":["Moonworks:EvilMastermind","Moonworks:MeltingMemories"],"picked":"Moonworks:ShieldCounter","floor":33},{"not_picked":["Moonworks:CastOff+1","Moonworks:JonathanRush"],"picked":"Moonworks:FullSpeedAlicianrone+1","floor":35},{"not_picked":["Moonworks:CloudOfSeagulls+1","Moonworks:ImOnFire"],"picked":"Moonworks:x16BigRocket+1","floor":38},{"not_picked":["Moonworks:FinalSurgery","Moonworks:ImOnFire+1"],"picked":"Moonworks:Dash","floor":40},{"not_picked":["Moonworks:ExtendedPhotonRifle","Moonworks:EvilSpyWorkPreparation"],"picked":"Moonworks:FullSpeedAlicianrone+1","floor":41},{"not_picked":["Moonworks:ForcedRevival","Moonworks:EvilSpyWorkPreparation","Moonworks:Dinner"],"picked":"SKIP","floor":45},{"not_picked":["Moonworks:ForcedRevival","Moonworks:EvilSpyWorkPreparation","Moonworks:Dinner"],"picked":"SKIP","floor":45},{"not_picked":["Moonworks:ImOnFire","Moonworks:DeployBits"],"picked":"Moonworks:DevilHand+1","floor":48}],"player_experience":179815,"relics_obtained":[{"floor":3,"key":"jedi:arcanewood"},{"floor":7,"key":"Omamori"},{"floor":9,"key":"StuffTheSpire:HeavyRock"},{"floor":30,"key":"aspiration:FrozenJewel"},{"floor":40,"key":"aspiration:TomeofQuesting"},{"floor":43,"key":"Replay:PocketPolymizer"},{"floor":45,"key":"StuffTheSpire:Mouthbags"}],"event_choices":[{"cards_removed":["Moonworks:Strike"],"damage_healed":0,"gold_gain":0,"player_choice":"Gave Gold","damage_taken":0,"max_hp_gain":0,"max_hp_loss":0,"event_name":"Beggar","floor":29,"gold_loss":75},{"damage_healed":0,"gold_gain":0,"player_choice":"Leave","damage_taken":0,"max_hp_gain":0,"max_hp_loss":0,"event_name":"conspire:Investor","floor":37,"gold_loss":0}],"is_beta":false,"boss_relics":[{"not_picked":["aspiration:BardSkillbook","Replay:Drink Me"],"picked":"vexMod:BigBerry"},{"not_picked":["hubris:RunicObelisk","hubris:Backtick"],"picked":"hubris:VirtuousBlindfold"}],"items_purged_floors":[42],"is_endless":false,"potions_floor_spawned":[1,7,13,25,28,30,33,35,38,40],"killed_by":"conspire:OrnateMirror","ascension_level":0}}