{"host":"szp1d6dso4pv7ddl","time":1610675547,"event":{"mods":["AchievementEnabler","Alarm Clock","BaseMod","Bestiary","Block Reminder","Colored Map","Colored Powertips","Curses Come First","Dark Map","Displayed Cursed Tome","Highlight Path","Minty Spire (QoL Compilation)","Permanent Neow","Quick Restart","Relic Sorter","Relic Stats","StSLib","Synergy Search"],"gold_per_floor":[117,64,79,94,105,105,137,156,156,136,150,161,171,171,171],"floor_reached":14,"language":"ENG","playtime":1098,"items_purged":[],"score":178,"play_id":"9342ad11-c647-4499-aec9-058644984c1c","local_time":"20210114175227","is_ascension_mode":true,"campfire_choices":[{"floor":6,"key":"REST"}],"circlet_count":0,"master_deck":["AscendersBane","Strike_G","Strike_G","Strike_G","Strike_G","Defend_G","Defend_G","Defend_G","Defend_G","Survivor","Neutralize","Blade Dance","Cloak And Dagger","Crippling Poison","Poisoned Stab","Terror","Heel Hook","Dagger Throw","Blur","Blade Dance"],"relics":["Ring of the Snake","Darkstone Periapt","Mercury Hourglass"],"acts_visited":["Exordium"],"potions_floor_usage":[11,12,14,14],"damage_taken":[{"damage":2,"enemies":"2 Louse","floor":1,"turns":4},{"damage":6,"enemies":"Cultist","floor":3,"turns":4},{"damage":3,"enemies":"Jaw Worm","floor":4,"turns":4},{"damage":12,"enemies":"Exordium Thugs","floor":5,"turns":6},{"damage":34,"enemies":"3 Sentries","floor":7,"turns":11},{"damage":0,"enemies":"Blue Slaver","floor":8,"turns":3},{"damage":2,"enemies":"Lots of Slimes","floor":11,"turns":2},{"damage":0,"enemies":"Large Slime","floor":12,"turns":6},{"damage":3,"enemies":"Blue Slaver","floor":13,"turns":4},{"damage":1,"enemies":"Lagavulin","floor":14,"turns":3}],"seed_played":"-8356505143390537304","potions_obtained":[{"floor":1,"key":"Energy Potion"},{"floor":7,"key":"GhostInAJar"},{"floor":10,"key":"CunningPotion"},{"floor":11,"key":"Strength Potion"},{"floor":13,"key":"EssenceOfSteel"}],"is_trial":false,"path_per_floor":["M","$","M","M","M","R","E","M","T","?","M","M","M","E"],"character_chosen":"THE_SILENT","items_purchased":["Cloak And Dagger"],"campfire_rested":1,"item_purchase_floors":[2],"current_hp_per_floor":[42,42,36,33,21,40,6,6,6,6,4,4,1,0,0],"gold":171,"neow_bonus":"REMOVE_TWO","is_daily":false,"chose_seed":false,"campfire_upgraded":0,"win_rate":0.0,"timestamp":1610675547,"path_taken":["M","$","M","M","M","R","E","M","T","?","?","M","M","E"],"items_purchased_type":["Card"],"build_version":"2020-12-22","purchased_purges":0,"victory":false,"max_hp_per_floor":[66,66,66,66,66,66,66,66,66,66,66,66,66,66,66],"relic_stats":{"Darkstone Periapt":0,"counters":[10,47],"obtain_stats":[{"Darkstone Periapt":7,"Ring of the Snake":0,"Mercury Hourglass":9},{"Darkstone Periapt":5,"Ring of the Snake":0,"Mercury Hourglass":6},{"Darkstone Periapt":29,"Ring of the Snake":0,"Mercury Hourglass":32}],"Ring of the Snake":[20],"Mercury Hourglass":[69]},"card_choices":[{"not_picked":["Choke","Dagger Spray"],"picked":"Blade Dance","floor":1},{"not_picked":["Eviscerate","Deadly Poison"],"picked":"Crippling Poison","floor":3},{"not_picked":["Dodge and Roll","Prepared"],"picked":"Poisoned Stab","floor":4},{"not_picked":["Acrobatics","Unload"],"picked":"Terror","floor":5},{"not_picked":["Catalyst","Riddle With Holes"],"picked":"Heel Hook","floor":7},{"not_picked":["Deadly Poison","Underhanded Strike"],"picked":"Dagger Throw","floor":8},{"not_picked":["Expertise","Well Laid Plans","Sucker Punch"],"picked":"SKIP","floor":11},{"not_picked":["Distraction","Sucker Punch"],"picked":"Blur","floor":12},{"not_picked":["Flying Knee","Caltrops"],"picked":"Blade Dance","floor":13}],"player_experience":1173708,"relics_obtained":[{"floor":7,"key":"Darkstone Periapt"},{"floor":9,"key":"Mercury Hourglass"}],"event_choices":[{"damage_healed":0,"gold_gain":0,"player_choice":"Bought 1 Potion","damage_taken":0,"max_hp_gain":0,"max_hp_loss":0,"event_name":"The Woman in Blue","floor":10,"gold_loss":0}],"is_beta":false,"boss_relics":[],"items_purged_floors":[],"is_endless":false,"potions_floor_spawned":[1,7,11,13],"killed_by":"Lagavulin","ascension_level":17}}