{"host":"65bhxfoqsqjg61le","time":1610691945,"event":{"mods":["2.2 Compatiblity","AchievementEnabler","BaseMod","Better Third Choice","Conspire","Curses Come First","Downfall","Energized Spire","Evolution","GifTheSpireLib","Hubris","Minty Spire (QoL Compilation)","RRrroohrrRGHHhhh!!","Rare Cards Sparkle","Replay The Spire","StSLib","Stuff the Spire","Wandering Minibosses","everything is the same but u backflip on backflip","slay the spire mod where everything is the same but ironclad has a cowboy hat"],"gold_per_floor":[111,111,28,28,45,45,45,45],"floor_reached":7,"language":"ENG","playtime":232,"items_purged":[],"score":78,"play_id":"9e7ea6e3-9d6d-494a-8995-ee94c34631d1","local_time":"20210115012545","is_ascension_mode":true,"campfire_choices":[{"data":"conspire:Banana","floor":6,"key":"SMITH"}],"circlet_count":0,"master_deck":["Sword Boomerang","Sword Boomerang+1","Sword Boomerang","Sword Boomerang+1","Strike_R","Defend_R","Defend_R","Defend_R","Defend_R","Bash","conspire:Banana+1","Abandon"],"relics":["Burning Blood","EVO:Axolotl"],"acts_visited":["Exordium"],"potions_floor_usage":[7],"damage_taken":[{"damage":17,"enemies":"conspire:RoseBush","floor":1,"turns":3},{"damage":2,"enemies":"Small Slimes","floor":5,"turns":3},{"damage":40,"enemies":"3 Sentries","floor":7,"turns":6}],"seed_played":"-6628228857737642730","potions_obtained":[{"floor":1,"key":"Weak Potion"}],"is_trial":false,"path_per_floor":["M","?","$","?","M","R","E"],"character_chosen":"IRONCLAD","items_purchased":["conspire:Banana"],"campfire_rested":0,"item_purchase_floors":[3],"current_hp_per_floor":[64,64,64,47,52,52,14,14],"gold":45,"neow_bonus":"RANDOM_EVENT","is_daily":false,"chose_seed":false,"campfire_upgraded":1,"win_rate":0.0,"timestamp":1610691945,"path_taken":["M","?","$","?","M","R","E"],"items_purchased_type":["Card"],"build_version":"2020-12-22","purchased_purges":0,"victory":false,"max_hp_per_floor":[83,83,83,83,84,84,86,86],"card_choices":[{"not_picked":["rorgmod:Searing Blow","Second Wind","Headbutt"],"picked":"SKIP","floor":1},{"not_picked":["Rupture","Evolve"],"picked":"Abandon","floor":5}],"player_experience":1053853,"relics_obtained":[],"event_choices":[{"damage_healed":64,"gold_gain":0,"player_choice":"Upgrade","damage_taken":17,"max_hp_gain":0,"max_hp_loss":83,"event_name":"betterThird:BetterShining","floor":4,"gold_loss":0,"cards_upgraded":["Sword Boomerang","Sword Boomerang"]}],"is_beta":false,"boss_relics":[],"items_purged_floors":[],"is_endless":false,"potions_floor_spawned":[1],"killed_by":"3 Sentries","ascension_level":7}}