{"host":"cv77zuuuekizn3ic","time":1610686393,"event":{"mods":["AchievementEnabler","Act Like it!","BaseMod","Gensokyo","Marisa£®ÏF”Í°°ƒß¿Ì…≥£©","Minty Spire (QoL Compilation)","StSLib","Waifu the Spire","everything is the same but u backflip on backflip","slay the spire mod where everything is the same but ironclad has a cowboy hat"],"gold_per_floor":[119,119,119,18,18,18,18,34,59,112,175,100,378,431,431,445,445],"floor_reached":16,"language":"ZHS","playtime":609,"items_purged":["Clumsy"],"score":170,"play_id":"fe8ad3bf-76bc-4ff6-8a74-339d3b7f94e0","local_time":"20210115125313","is_ascension_mode":true,"campfire_choices":[{"data":"WitchOfGreed","floor":7.0,"key":"SMITH"},{"floor":15.0,"key":"DIG"}],"circlet_count":0,"master_deck":["AscendersBane","Strike_MRS","Strike_MRS","Strike_MRS","Strike_MRS","Defend_MRS","Defend_MRS","Defend_MRS","Defend_MRS","MasterSpark","UpSweep","DarkSpark","Gensokyo:MarisaTwilightSpark","WitchOfGreed+1","Robbery","Gensokyo:ReactiveArmor","6A","OortCloud","GasGiant","ManaRampage"],"relics":["MiniHakkero","NeowsBlessing","Gensokyo:NagashiBinaDoll","CeramicFish","Shovel","Potion Belt","Gremlin Horn","Calipers"],"acts_visited":["Exordium"],"potions_floor_usage":[],"damage_taken":[{"damage":0.0,"enemies":"Gensokyo:2_Kodama","floor":1.0,"turns":1.0},{"damage":0.0,"enemies":"Gensokyo:Python","floor":8.0,"turns":1.0},{"damage":1.0,"enemies":"Gensokyo:Cirno","floor":10.0,"turns":2.0},{"damage":24.0,"enemies":"Gensokyo:Gryphon","floor":11.0,"turns":4.0},{"damage":9.0,"enemies":"Gensokyo:Mamizou","floor":13.0,"turns":9.0},{"damage":13.0,"enemies":"Gensokyo:Python_and_Kodama","floor":14.0,"turns":6.0},{"damage":17,"enemies":"Gensokyo:Reimu","floor":16,"turns":5}],"seed_played":"-6596323501289777531","potions_obtained":[{"floor":1.0,"key":"StarNLove"},{"floor":8.0,"key":"AttackPotion"},{"floor":11.0,"key":"ShroomBrew"},{"floor":13.0,"key":"SteroidPotion"},{"floor":14.0,"key":"Ancient Potion"}],"is_trial":false,"path_per_floor":["M","?","?","COS","?","?","R","M","T","E","M","$","E","M","R","B"],"character_chosen":"MARISA","items_purchased":[],"campfire_rested":0,"item_purchase_floors":[],"current_hp_per_floor":[63,63,63,63,63,56,56,56,56,55,31,31,22,9,9,0,0],"gold":445,"neow_bonus":"THREE_ENEMY_KILL","is_daily":false,"chose_seed":false,"campfire_upgraded":1,"win_rate":0.0,"timestamp":1610686393,"path_taken":["M","?","?","COS","?","?","R","?","T","E","?","?","E","M","R","BOSS"],"items_purchased_type":[],"build_version":"2020-12-22","purchased_purges":1,"victory":false,"max_hp_per_floor":[70,70,70,70,70,70,70,70,70,70,70,70,70,70,70,70,70],"card_choices":[{"not_picked":["AlicesGift","GravityBeat"],"picked":"DarkSpark","floor":1.0},{"not_picked":["UnstableBomb","BlazeAway"],"picked":"WitchOfGreed","floor":3.0},{"not_picked":["PowerUp","EnergyFlow"],"picked":"Robbery","floor":3.0},{"not_picked":["GalacticHalo","MysteriousBeam"],"picked":"6A","floor":8.0},{"not_picked":["ShootingEcho","AsteroidBelt","DarkMatter"],"picked":"SKIP","floor":10.0},{"not_picked":["GrandCross","DragonMeteor"],"picked":"OortCloud","floor":11.0},{"not_picked":["MachineGunSpark","Orbital"],"picked":"GasGiant","floor":13.0},{"not_picked":["OpenUniverse","MysteriousBeam"],"picked":"ManaRampage","floor":14.0}],"player_experience":895691,"relics_obtained":[{"floor":9.0,"key":"CeramicFish"},{"floor":10.0,"key":"Shovel"},{"floor":13.0,"key":"Gremlin Horn"},{"floor":15.0,"key":"Calipers"}],"event_choices":[],"is_beta":false,"boss_relics":[],"items_purged_floors":[12],"is_endless":false,"potions_floor_spawned":[1,8,14],"killed_by":"Gensokyo:Reimu","ascension_level":14}}