{"host":"af169rg9htfjqco3","time":1610676644,"event":{"mods":["BaseMod","Better Third Choice","Colored Powertips","Hubris","Minty Spire (QoL Compilation)","Replay The Spire","StSLib"],"gold_per_floor":[114,133,58,69,69,101,101,101,124,124,24,55,68,68,68,68,68],"floor_reached":16,"language":"ENG","playtime":728,"items_purged":["Normality","Strike_G"],"score":133,"play_id":"9a0f9572-5e63-4647-b4ad-1b0b7664c25b","local_time":"20210114201044","is_ascension_mode":false,"campfire_choices":[{"data":"Predator","floor":10,"key":"SMITH"},{"data":"Cloak And Dagger","floor":15,"key":"SMITH"}],"circlet_count":0,"master_deck":["Strike_G","Strike_G","Strike_G","Strike_G","Defend_G","Defend_G","Defend_G","Defend_G","Defend_G","Survivor","Neutralize","Predator+1","Cloak And Dagger+1","Terror","Deflect","hubris:Sniper","Pot Of Greed","Pot Of Greed"],"relics":["CaptainsWheel","Replay:Mystery Machine","Bag of Marbles","Sizzling Blood","ReplayTheSpireMod:Lightbulb","Ancient Tea Set","Grinning Jar"],"acts_visited":["Exordium"],"potions_floor_usage":[6,12,16],"damage_taken":[{"damage":1,"enemies":"2 Louse","floor":1,"turns":3},{"damage":6,"enemies":"Jaw Worm","floor":2,"turns":5},{"damage":0,"enemies":"Small Slimes","floor":4,"turns":3},{"damage":33,"enemies":"3 Sentries","floor":6,"turns":9},{"damage":0,"enemies":"Lagavulin","floor":12,"turns":5},{"damage":3,"enemies":"Gremlin Gang","floor":13,"turns":5},{"damage":49,"enemies":"Fading Forest","floor":16,"turns":7}],"seed_played":"-4223511754720768998","potions_obtained":[{"floor":1,"key":"Languid Potion"},{"floor":2,"key":"Adrenaline Potion"},{"floor":13,"key":"AttackPotion"}],"is_trial":false,"path_per_floor":["M","M","$","M","?","E","?","?","T","R","$","E","M","?","R","B"],"character_chosen":"THE_SILENT","items_purchased":[],"campfire_rested":0,"item_purchase_floors":[],"current_hp_per_floor":[69,63,63,63,63,30,34,34,34,34,34,38,39,39,39,0,0],"gold":68,"neow_bonus":"ONE_RARE_RELIC","is_daily":false,"chose_seed":false,"campfire_upgraded":2,"win_rate":0.0,"timestamp":1610676644,"path_taken":["M","M","$","M","?","E","?","?","T","R","$","E","?","?","R","BOSS"],"items_purchased_type":[],"build_version":"2020-12-22","purchased_purges":2,"victory":false,"max_hp_per_floor":[70,70,70,70,70,70,74,74,74,74,74,74,74,74,74,74,74],"card_choices":[{"not_picked":["Quick Slash","Expertise"],"picked":"Predator","floor":1},{"not_picked":["Predator","Outmaneuver"],"picked":"Cloak And Dagger","floor":2},{"not_picked":["Blur","Replay:Poison Smokescreen"],"picked":"Terror","floor":4},{"not_picked":["Malaise","Bullet Time"],"picked":"Deflect","floor":6},{"not_picked":["Prepared","Setup","Glass Knife"],"picked":"SKIP","floor":12},{"not_picked":["Finisher","Outmaneuver"],"picked":"hubris:Sniper","floor":13}],"player_experience":550944,"relics_obtained":[{"floor":6,"key":"Bag of Marbles"},{"floor":9,"key":"ReplayTheSpireMod:Lightbulb"},{"floor":12,"key":"Ancient Tea Set"}],"event_choices":[{"damage_healed":0,"gold_gain":0,"player_choice":"Box","damage_taken":0,"relics_obtained":["Replay:Mystery Machine"],"max_hp_gain":0,"max_hp_loss":0,"event_name":"Big Fish","floor":5,"gold_loss":0,"cards_obtained":["Regret"]},{"cards_removed":["Regret"],"damage_healed":0,"gold_gain":0,"player_choice":"Forget","damage_taken":0,"max_hp_gain":0,"max_hp_loss":0,"event_name":"Living Wall","floor":8,"gold_loss":0},{"damage_healed":0,"gold_gain":0,"player_choice":"Searched \u00271\u0027 times","damage_taken":0,"relics_obtained":["Grinning Jar"],"max_hp_gain":0,"max_hp_loss":0,"event_name":"Dead Adventurer","floor":14,"gold_loss":0}],"is_beta":false,"boss_relics":[],"items_purged_floors":[3,11],"is_endless":false,"potions_floor_spawned":[1,2,13],"killed_by":"Fading Forest","ascension_level":0}}