{"host":"fworv1gvvajf3x0f","time":1610725950,"event":{"mods":["AchievementEnabler","Aspiration","BaseMod","Better Match","Better Note","Better Sensory Stone","Better Vampires","Colored Map","Colored Powertips","Displayed Cursed Tome","Good Game Mod","Highlight Path","Infinite Spire","Minty Spire (QoL Compilation)","Poor People Problems","Relic Stats","Replay The Spire","StSLib"],"gold_per_floor":[117,117,117,117,137,137,151,164,190,205,225,252,252,267,267,364,364,384,106,125,140,140,140,140,140],"floor_reached":24,"language":"ZHS","playtime":3092,"items_purged":["Pain"],"score":230,"play_id":"9fc0f2a3-8bc7-4b1a-a064-ed6589bea0d0","local_time":"20210115235230","is_ascension_mode":true,"campfire_choices":[{"data":"White Noise","floor":6,"key":"SMITH"},{"floor":13,"key":"REST"},{"floor":15,"key":"REST"},{"floor":23,"key":"REST"}],"circlet_count":0,"master_deck":["Strike_G","Strike_G","Strike_G","Strike_G","Strike_G","Defend_G","Defend_G","Defend_G","Defend_G","Defend_G","Survivor","Neutralize","White Noise+1","Finisher","Madness","Outmaneuver","Endless Agony","Setup","Die Die Die","Acrobatics","Night Terror+1","Pray","WindmillStrike+1","Replay:ManipulateFuture+1","Nirvana+1","Hidden Blade+1","infinitespire:Starlight"],"relics":["Ring of the Snake","REME:ComplimentaryCards","NeowsBlessing","WarpedTongs","ReplayTheSpireMod:Lightbulb","Golden Egg","aspiration:WatcherSkillbook","aspiration:VileToxins"],"acts_visited":["Exordium","TheCity"],"potions_floor_usage":[8,10,12,21],"damage_taken":[{"damage":0.0,"enemies":"Small Slimes","floor":1.0,"turns":1.0},{"damage":1,"enemies":"Jaw Worm","floor":5,"turns":1},{"damage":2,"enemies":"2 Louse","floor":7,"turns":1},{"damage":12,"enemies":"Red Slaver","floor":8,"turns":6},{"damage":6,"enemies":"Gremlin Gang","floor":10,"turns":5},{"damage":22,"enemies":"Lots of Slimes","floor":11,"turns":5},{"damage":22,"enemies":"Lagavulin","floor":12,"turns":6},{"damage":14,"enemies":"Large Slime","floor":14,"turns":6},{"damage":30,"enemies":"Hexaghost","floor":16,"turns":13},{"damage":51,"enemies":"Shell Parasite","floor":18,"turns":9},{"damage":3,"enemies":"Spheric Guardian","floor":20,"turns":4},{"damage":15,"enemies":"3 Cultists","floor":21,"turns":5},{"damage":13,"enemies":"Snecko","floor":24,"turns":3}],"seed_played":"2416876081600876198","potions_obtained":[{"floor":1.0,"key":"PowerPotion"},{"floor":8,"key":"SteroidPotion"},{"floor":11,"key":"Block Potion"},{"floor":18,"key":"AttackPotion"},{"floor":21,"key":"DuplicationPotion"}],"is_trial":false,"path_per_floor":["M","$","?","?","M","R","M","M","T","M","M","E","R","M","R","B",null,"M","$","M","M","AVR","R","M"],"character_chosen":"THE_SILENT","items_purchased":["WindmillStrike+1","Replay:ManipulateFuture","Nirvana","Elixir"],"campfire_rested":3,"item_purchase_floors":[19,19,19,19],"current_hp_per_floor":[70,70,70,70,69,69,67,55,55,49,27,5,26,12,33,3,70,19,19,16,1,1,22,9,9],"gold":140,"neow_bonus":"THREE_ENEMY_KILL","is_daily":false,"chose_seed":false,"campfire_upgraded":1,"win_rate":0.0,"timestamp":1610725950,"path_taken":["M","$","?","?","?","R","?","M","T","M","M","E","R","M","R","BOSS","M","$","M","M","AVR","R","?"],"items_purchased_type":["Card","Card","Card","Potion"],"build_version":"2020-12-22","purchased_purges":1,"victory":false,"max_hp_per_floor":[70,70,70,70,70,70,70,70,70,70,70,70,70,70,70,70,70,70,70,70,70,70,70,70,70],"relic_stats":{"counters":[13,65],"obtain_stats":[{"aspiration:VileToxins":22,"Golden Egg":12,"REME:ComplimentaryCards":0,"NeowsBlessing":0,"aspiration:WatcherSkillbook":17,"ReplayTheSpireMod:Lightbulb":9,"Ring of the Snake":0,"WarpedTongs":4},{"aspiration:VileToxins":12,"Golden Egg":7,"REME:ComplimentaryCards":0,"NeowsBlessing":0,"aspiration:WatcherSkillbook":9,"ReplayTheSpireMod:Lightbulb":4,"Ring of the Snake":0,"WarpedTongs":1},{"aspiration:VileToxins":62,"Golden Egg":25,"REME:ComplimentaryCards":0,"NeowsBlessing":0,"aspiration:WatcherSkillbook":44,"ReplayTheSpireMod:Lightbulb":9,"Ring of the Snake":0,"WarpedTongs":1}],"Ring of the Snake":[26],"WarpedTongs":[64]},"card_choices":[{"not_picked":["Backflip","PiercingWail"],"picked":"Finisher","floor":1.0},{"not_picked":["Swift Strike","Poisoned Strike"],"picked":"Madness","floor":3},{"not_picked":["Dagger Spray","Poisoned Stab"],"picked":"Outmaneuver","floor":5},{"not_picked":["Poisoned Stab","Flying Knee"],"picked":"Endless Agony","floor":7},{"not_picked":["Dagger Spray","Underhanded Strike","Quick Slash"],"picked":"SKIP","floor":8},{"not_picked":["Dagger Spray","Underhanded Strike","Quick Slash"],"picked":"SKIP","floor":8},{"not_picked":["Underhanded Strike","Dagger Spray"],"picked":"Setup","floor":10},{"not_picked":["Dodge and Roll","Deadly Poison"],"picked":"Die Die Die","floor":11},{"not_picked":["Deflect","Outmaneuver","Skewer"],"picked":"SKIP","floor":12},{"not_picked":["Underhanded Strike","Slice"],"picked":"Acrobatics","floor":14},{"not_picked":["Poison Darts","Replay:Bag of Tricks"],"picked":"Night Terror","floor":16},{"not_picked":["Bane+1","Terror+1","Finisher+1"],"picked":"Pray","floor":18},{"not_picked":["Calculated Gamble","Underhanded Strike","SashWhip","Consecrate"],"picked":"SKIP","floor":20},{"not_picked":["Well Laid Plans","ThirdEye","Collect+1"],"picked":"Hidden Blade+1","floor":21}],"player_experience":216977,"relics_obtained":[{"floor":9,"key":"ReplayTheSpireMod:Lightbulb"},{"floor":12,"key":"Golden Egg"}],"event_choices":[{"damage_healed":0,"gold_gain":1,"player_choice":"1","damage_taken":0,"max_hp_gain":0,"max_hp_loss":0,"event_name":"betterStone:BetterStone","floor":3,"gold_loss":0},{"damage_healed":0,"gold_gain":0,"player_choice":"Rummage","damage_taken":0,"relics_obtained":["WarpedTongs"],"max_hp_gain":0,"max_hp_loss":0,"event_name":"Accursed Blacksmith","floor":4,"gold_loss":0,"cards_obtained":["Pain"]}],"is_beta":false,"boss_relics":[{"not_picked":["aspiration:RitualDagger","Replay:Ancient Bell"],"picked":"aspiration:WatcherSkillbook"}],"items_purged_floors":[19],"is_endless":false,"potions_floor_spawned":[1,8,11,18,21],"killed_by":"Snecko","ascension_level":3}}