{"host":"dhyczjm99amxd3qx","time":1610754748,"event":{"mods":["BaseMod","Colored Map","Googly Eyes","Highlight Path","Minty Spire (QoL Compilation)","Quick Restart","StSLib"],"gold_per_floor":[110,110,124,135,154,154,185,203,203,203,215,215,246,270,270,396,396,417,417,441,441,541,582,582,600,625,665,665,590,621,8,8,138,138,159,180,180,198,213,213,251,49,49,49,68,106,106,149,149,149],"floor_reached":51,"language":"ENG","playtime":3259,"items_purged":["Strike_B","Strike_B"],"score":1088,"play_id":"2b740e46-a096-4d2e-96b6-69b3bdfc05c7","local_time":"20210115185228","is_ascension_mode":true,"campfire_choices":[{"data":"Redo","floor":6,"key":"SMITH"},{"data":"Rainbow","floor":10,"key":"SMITH"},{"floor":15,"key":"REST"},{"data":"Zap","floor":24,"key":"SMITH"},{"floor":28,"key":"REST"},{"data":"Dualcast","floor":32,"key":"SMITH"},{"data":"Rainbow","floor":40,"key":"SMITH"},{"data":"Steam","floor":47,"key":"SMITH"},{"data":"Conserve Battery","floor":49,"key":"SMITH"}],"circlet_count":0,"master_deck":["Defend_B","Defend_B","Defend_B","Defend_B","Zap+1","Dualcast+1","Ball Lightning","Redo+1","Conserve Battery+1","Chill","Rainbow+1","Steam+1","Machine Learning+1","Defragment+1","Necronomicurse","Cold Snap","Rainbow+1","Go for the Eyes+1","Defragment+1"],"relics":["Cracked Core","Anchor","Frozen Egg 2","The Courier","Golden Idol","Bottled Lightning","Runic Pyramid","Necronomicon","Blood Vial","DataDisk","Meat on the Bone","Dead Branch","Lee\u0027s Waffle","Happy Flower","Bag of Preparation","Pear","Coffee Dripper","Boot","Oddly Smooth Stone","Singing Bowl","Kunai","Regal Pillow","Mummified Hand"],"acts_visited":["Exordium","TheCity","TheBeyond"],"potions_floor_usage":[7,13,16,20,33,33,41,46,46],"damage_taken":[{"damage":8,"enemies":"Small Slimes","floor":1,"turns":3},{"damage":0,"enemies":"2 Louse","floor":3,"turns":2},{"damage":0,"enemies":"Jaw Worm","floor":4,"turns":2},{"damage":0,"enemies":"3 Louse","floor":5,"turns":3},{"damage":14,"enemies":"Lagavulin","floor":7,"turns":6},{"damage":11,"enemies":"Gremlin Gang","floor":8,"turns":3},{"damage":0,"enemies":"Exordium Wildlife","floor":11,"turns":3},{"damage":25,"enemies":"Gremlin Nob","floor":13,"turns":4},{"damage":1,"enemies":"Blue Slaver","floor":14,"turns":3},{"damage":1,"enemies":"Slime Boss","floor":16,"turns":8},{"damage":0,"enemies":"Chosen","floor":18,"turns":4},{"damage":0,"enemies":"3 Byrds","floor":20,"turns":5},{"damage":28,"enemies":"Book of Stabbing","floor":23,"turns":5},{"damage":0,"enemies":"Shelled Parasite and Fungi","floor":25,"turns":6},{"damage":31,"enemies":"Slavers","floor":27,"turns":7},{"damage":32,"enemies":"Book of Stabbing","floor":30,"turns":7},{"damage":30,"enemies":"Automaton","floor":33,"turns":13},{"damage":0,"enemies":"3 Shapes","floor":35,"turns":3},{"damage":8,"enemies":"3 Darklings","floor":36,"turns":5},{"damage":0,"enemies":"Sphere and 2 Shapes","floor":38,"turns":3},{"damage":0,"enemies":"Jaw Worm Horde","floor":39,"turns":3},{"damage":0,"enemies":"Nemesis","floor":41,"turns":5},{"damage":8,"enemies":"4 Shapes","floor":45,"turns":5},{"damage":0,"enemies":"Reptomancer","floor":46,"turns":6},{"damage":0,"enemies":"Giant Head","floor":48,"turns":8},{"damage":28,"enemies":"Time Eater","floor":50,"turns":12}],"seed_played":"4624199242737521210","potions_obtained":[{"floor":5,"key":"Regen Potion"},{"floor":11,"key":"Swift Potion"},{"floor":14,"key":"Fire Potion"},{"floor":16,"key":"Energy Potion"},{"floor":27,"key":"Dexterity Potion"},{"floor":30,"key":"Block Potion"},{"floor":36,"key":"BlessingOfTheForge"},{"floor":38,"key":"PotionOfCapacity"},{"floor":45,"key":"Energy Potion"}],"is_trial":false,"path_per_floor":["M","?","M","M","M","R","E","M","T","R","M","?","E","M","R","B",null,"M","?","M","?","?","E","R","M","T","E","R","?","E","$","R","B",null,"M","M","?","M","M","R","E","$","T","T","M","E","R","E","R","B",null],"character_chosen":"DEFECT","items_purchased":["Lee\u0027s Waffle","Happy Flower","Bag of Preparation","Pear","Oddly Smooth Stone"],"campfire_rested":2,"item_purchase_floors":[31,31,31,31,42],"current_hp_per_floor":[67,55,55,55,55,55,56,45,45,45,45,45,20,19,39,38,61,61,45,45,68,68,40,40,42,42,13,33,33,15,86,86,56,79,81,75,75,77,79,79,81,81,81,81,77,81,81,85,85,59],"gold":149,"neow_bonus":"THREE_CARDS","is_daily":false,"chose_seed":false,"campfire_upgraded":7,"win_rate":0.0,"timestamp":1610754748,"path_taken":["M","?","M","M","M","R","E","M","T","R","M","?","E","M","R","BOSS","M","?","M","?","?","E","R","?","T","E","R","?","E","$","R","BOSS","M","M","?","M","M","R","E","$","T","?","M","E","R","E","R","BOSS"],"items_purchased_type":["Relic","Relic","Relic","Relic","Relic"],"build_version":"2020-12-22","purchased_purges":2,"victory":true,"max_hp_per_floor":[75,75,75,75,75,75,75,75,75,75,75,69,69,69,69,69,69,69,69,69,69,69,69,69,69,69,69,69,69,69,86,86,86,86,86,86,86,86,86,86,86,86,86,86,88,90,90,92,92,92],"card_choices":[{"not_picked":["Aggregate","Sweeping Beam"],"picked":"Ball Lightning","floor":0},{"not_picked":["Leap","Compile Driver"],"picked":"Redo","floor":1},{"not_picked":["Sweeping Beam","Redo"],"picked":"Conserve Battery","floor":3},{"not_picked":["Turbo","Cold Snap"],"picked":"Chill","floor":4},{"not_picked":["Gash","Double Energy","Streamline"],"picked":"SKIP","floor":5},{"not_picked":["White Noise","Stack"],"picked":"Rainbow","floor":7},{"not_picked":["Consume","Coolheaded","Auto Shields"],"picked":"SKIP","floor":8},{"not_picked":["White Noise","Hologram","Stack"],"picked":"SKIP","floor":11},{"not_picked":["Melter","Lockon","Steam"],"picked":"SKIP","floor":13},{"not_picked":["Heatsinks+1","Beam Cell"],"picked":"Steam","floor":14},{"not_picked":["Core Surge","Fission"],"picked":"Machine Learning+1","floor":16},{"not_picked":["Coolheaded","Skim"],"picked":"Defragment+1","floor":18},{"not_picked":["Stack","Leap","Streamline+1"],"picked":"SKIP","floor":20},{"not_picked":["Barrage","Leap","Gash"],"picked":"SKIP","floor":23},{"not_picked":["Coolheaded","Barrage","Scrape"],"picked":"SKIP","floor":25},{"not_picked":["Tempest","Leap"],"picked":"Cold Snap","floor":27},{"not_picked":["Heatsinks+1","Core Surge","Sunder"],"picked":"SKIP","floor":30},{"not_picked":["Fission","Core Surge"],"picked":"Rainbow","floor":33},{"not_picked":["Doom and Gloom+1","Steam Power+1","Ball Lightning+1"],"picked":"SKIP","floor":35},{"not_picked":["Coolheaded+1","Consume"],"picked":"Go for the Eyes+1","floor":36},{"not_picked":["Rebound+1","Beam Cell","Auto Shields"],"picked":"SKIP","floor":38},{"not_picked":["Stack","Skim+1"],"picked":"Defragment+1","floor":39},{"not_picked":["Hologram","Sunder+1","Steam Power"],"picked":"SKIP","floor":41},{"not_picked":["Compile Driver+1","Beam Cell","Redo"],"picked":"Singing Bowl","floor":45},{"not_picked":["Heatsinks+1","Sweeping Beam+1","Barrage+1"],"picked":"Singing Bowl","floor":46},{"not_picked":["Storm+1","Streamline","Steam Power"],"picked":"Singing Bowl","floor":48}],"player_experience":326061,"relics_obtained":[{"floor":7,"key":"Frozen Egg 2"},{"floor":9,"key":"The Courier"},{"floor":13,"key":"Bottled Lightning"},{"floor":19,"key":"Necronomicon"},{"floor":23,"key":"Blood Vial"},{"floor":26,"key":"DataDisk"},{"floor":27,"key":"Meat on the Bone"},{"floor":30,"key":"Dead Branch"},{"floor":41,"key":"Boot"},{"floor":43,"key":"Singing Bowl"},{"floor":44,"key":"Kunai"},{"floor":46,"key":"Regal Pillow"},{"floor":48,"key":"Mummified Hand"}],"event_choices":[{"damage_healed":0,"gold_gain":0,"player_choice":"Success","damage_taken":12,"relics_obtained":["Anchor"],"max_hp_gain":0,"max_hp_loss":0,"event_name":"Scrap Ooze","floor":2,"gold_loss":0},{"damage_healed":0,"gold_gain":0,"player_choice":"Lose Max HP","damage_taken":0,"relics_obtained":["Golden Idol"],"max_hp_gain":0,"max_hp_loss":6,"event_name":"Golden Idol","floor":12,"gold_loss":0},{"damage_healed":0,"gold_gain":0,"player_choice":"Obtained Book","damage_taken":16,"max_hp_gain":0,"max_hp_loss":0,"event_name":"Cursed Tome","floor":19,"gold_loss":0},{"damage_healed":23,"gold_gain":0,"player_choice":"Heal","damage_taken":0,"max_hp_gain":0,"max_hp_loss":0,"event_name":"The Library","floor":21,"gold_loss":0},{"damage_healed":0,"gold_gain":100,"player_choice":"Pray","damage_taken":0,"max_hp_gain":0,"max_hp_loss":0,"event_name":"Golden Shrine","floor":22,"gold_loss":0},{"cards_removed":["Strike_B"],"damage_healed":0,"gold_gain":0,"player_choice":"Gave Gold","damage_taken":0,"max_hp_gain":0,"max_hp_loss":0,"event_name":"Beggar","floor":29,"gold_loss":75},{"cards_removed":["Strike_B"],"damage_healed":0,"gold_gain":0,"player_choice":"Removed Attack","damage_taken":0,"max_hp_gain":0,"max_hp_loss":0,"event_name":"Falling","floor":37,"gold_loss":0}],"is_beta":false,"boss_relics":[{"not_picked":["SacredBark","Runic Dome"],"picked":"Runic Pyramid"},{"not_picked":["Cursed Key","Pandora\u0027s Box"],"picked":"Coffee Dripper"}],"items_purged_floors":[31,42],"is_endless":false,"potions_floor_spawned":[5,11,14,16,27,30,36,38,45],"ascension_level":5}}