{"host":"4g8vayc9pwrwu92h","time":1610709162,"event":{"mods":["BaseMod","Downfall","Marked Mod","Minty Spire (QoL Compilation)","Quick Restart","Replay The Spire","StSLib","The Jungle"],"gold_per_floor":[111,111,111,186,202,235,235,258,258,293,318,318,318,333,333,458,458,481,504,519,542,239,283,283,321,321,446,446,149,149,172,172,292,292,312,325,404,404,454,454,497,497,497,497,545,608,628,628,659,992,992,992,992],"floor_reached":52,"language":"ZHS","playtime":2487,"items_purged":["Hallucinations"],"score":814,"play_id":"e3eba708-9752-456f-8f06-8611f8398a1d","local_time":"20210115191242","is_ascension_mode":true,"campfire_choices":[{"floor":7.0,"key":"RECALL"},{"floor":13.0,"key":"REST"},{"data":"Genetic Algorithm","floor":15.0,"key":"SMITH"},{"data":"Core Surge","floor":24.0,"key":"SMITH"},{"data":"Multi-Cast","floor":28.0,"key":"SMITH"},{"data":"Defragment","floor":32.0,"key":"SMITH"},{"data":"Echo Form","floor":40.0,"key":"SMITH"},{"floor":42.0,"key":"REST"},{"data":"ReplayTheSpireMod:Faulty Equipment","floor":48.0,"key":"SMITH"},{"data":"Lockon","floor":51.0,"key":"SMITH"}],"circlet_count":0,"master_deck":["Strike_B+1","Strike_B+1","Strike_B+1","Strike_B+1","Defend_B+1","Defend_B+1","Defend_B+1","Defend_B+1","Zap+1","Dualcast+1","Capacitor","Genetic Algorithm+1","Electrodynamics","Doom and Gloom+1","Core Surge+1","BasicCrystalCard+1","Streamline+1","Lockon+1","Multi-Cast+1","Defragment+1","Darkness+1","Echo Form+1","Self Repair+1","ReplayTheSpireMod:Doomed","Turbo+1","Double Energy+1","Guardian:Aged","Crystallizer+1","Loop+1"],"relics":["Cracked Core","White Beast Statue","Anchor","PreservedInsect","Cursed Key","Runic Capacitor","Toy Ornithopter","Divine Protection","Replay:Mystery Machine","CaptainsWheel","Symbiotic Virus","Sling","Nuclear Battery","Gremlin Food","Potion Belt","Lantern","Replay:Rubber Ducky","Replay:Towering Pillar of Hats","Ginger"],"acts_visited":["TheCity","TheBeyond"],"potions_floor_usage":[52],"damage_taken":[{"damage":2.0,"enemies":"Small Slimes","floor":1.0,"turns":2.0},{"damage":0.0,"enemies":"Jaw Worm","floor":5.0,"turns":2.0},{"damage":20.0,"enemies":"3 Sentries","floor":6.0,"turns":8.0},{"damage":0.0,"enemies":"Cultist","floor":8.0,"turns":2.0},{"damage":25.0,"enemies":"Gremlin Nob","floor":10.0,"turns":4.0},{"damage":0.0,"enemies":"3 Louse","floor":11.0,"turns":2.0},{"damage":0.0,"enemies":"Looter","floor":14.0,"turns":3.0},{"damage":0.0,"enemies":"Slime Boss","floor":16.0,"turns":5.0},{"damage":0.0,"enemies":"Chosen","floor":18.0,"turns":4.0},{"damage":1.0,"enemies":"2 Thieves","floor":19.0,"turns":2.0},{"damage":5.0,"enemies":"Sentry and Sphere","floor":20.0,"turns":5.0},{"damage":0.0,"enemies":"Snake Plant","floor":21.0,"turns":3.0},{"damage":37.0,"enemies":"Gremlin Leader","floor":23.0,"turns":5.0},{"damage":16.0,"enemies":"Slavers","floor":25.0,"turns":3.0},{"damage":0.0,"enemies":"Colosseum Slavers","floor":27.0,"turns":3.0},{"damage":7.0,"enemies":"Colosseum Nobs","floor":27.0,"turns":4.0},{"damage":2.0,"enemies":"Shelled Parasite and Fungi","floor":31.0,"turns":3.0},{"damage":11.0,"enemies":"Pondfish","floor":33.0,"turns":6.0},{"damage":6.0,"enemies":"3 Shapes","floor":35.0,"turns":3.0},{"damage":0.0,"enemies":"3 Darklings","floor":36.0,"turns":2.0},{"damage":26.0,"enemies":"Reptomancer","floor":41.0,"turns":3.0},{"damage":0.0,"enemies":"Mind Bloom Boss Battle","floor":46.0,"turns":6.0},{"damage":0.0,"enemies":"Jaw Worm Horde","floor":47.0,"turns":2.0},{"damage":0.0,"enemies":"R_Hoarder","floor":49.0,"turns":6.0},{"damage":64,"enemies":"Awakened One","floor":52,"turns":7}],"seed_played":"-7104911349716840448","potions_obtained":[{"floor":5.0,"key":"PowerPotion"},{"floor":6.0,"key":"Strength Potion"},{"floor":8.0,"key":"Elixir"},{"floor":10.0,"key":"LiquidMemories"},{"floor":11.0,"key":"BlessingOfTheForge"},{"floor":16.0,"key":"DuplicationPotion"},{"floor":18.0,"key":"Elixir"},{"floor":19.0,"key":"LiquidMemories"},{"floor":20.0,"key":"Dexterity Potion"},{"floor":21.0,"key":"Cursed Concoction"},{"floor":23.0,"key":"Doom Potion"},{"floor":25.0,"key":"champ:CounterPotion"},{"floor":27.0,"key":"Regen Potion"},{"floor":31.0,"key":"SpeedPotion"},{"floor":33.0,"key":"BlessingOfTheForge"},{"floor":35.0,"key":"Fire Potion"},{"floor":36.0,"key":"Explosive Potion"},{"floor":37.0,"key":"SkillPotion"},{"floor":41.0,"key":"Dexterity Potion"},{"floor":46.0,"key":"AttackPotion"},{"floor":47.0,"key":"BlessingOfTheForge"},{"floor":49.0,"key":"BlessingOfTheForge"}],"is_trial":false,"path_per_floor":["M","?","?","?","M","E","R","M","T","E","M","?","R","M","R","B",null,"M","M","M","M","$","E","R","E","T","?","R","$","?","M","R","B",null,"M","M","?","?","T","R","E","R","PTL","PTL","T","?","M","R","E","?","R","B"],"character_chosen":"DEFECT","items_purchased":["Runic Capacitor","Toy Ornithopter","Defragment","Sling"],"campfire_rested":2,"item_purchase_floors":[22,22,29,29],"current_hp_per_floor":[80,80,80,69,69,49,49,49,49,24,24,24,48,48,48,48,74,74,73,68,68,68,41,41,35,35,33,33,33,60,72,72,66,78,72,77,77,77,77,77,56,80,80,80,80,82,82,82,82,82,82,23,23],"gold":992,"neow_bonus":"TEN_PERCENT_HP_BONUS","is_daily":false,"chose_seed":false,"campfire_upgraded":7,"win_rate":0.0,"timestamp":1610709162,"path_taken":["M","?","?","?","M","E","R","?","T","E","M","?","R","M","R","BOSS","M","M","?","M","?","E","R","E","T","?","R","$","?","M","R","BOSS","M","M","?","?","?","R","E","R","PTL","PTL","T","?","M","R","E","?","R","BOSS"],"items_purchased_type":["Relic","Relic","Card","Relic"],"build_version":"2020-12-22","purchased_purges":1,"victory":false,"max_hp_per_floor":[82,82,82,82,82,82,82,82,82,82,82,82,82,82,82,82,82,82,82,82,82,82,82,82,82,82,82,82,82,82,82,82,82,82,82,82,82,82,82,82,82,82,82,82,82,82,82,82,82,82,82,82,82],"card_choices":[{"not_picked":["Rebound","Blizzard"],"picked":"Capacitor","floor":1.0},{"not_picked":["Sunder","Lockon"],"picked":"Genetic Algorithm","floor":5.0},{"not_picked":["Sweeping Beam","Gash","Rebound"],"picked":"SKIP","floor":6.0},{"not_picked":["Crystallizer","Time Bomb"],"picked":"Electrodynamics","floor":8.0},{"not_picked":["BasicCrystalCard","Redo"],"picked":"Doom and Gloom","floor":10.0},{"not_picked":["Barrage","Go for the Eyes","BasicCrystalCard"],"picked":"SKIP","floor":11.0},{"not_picked":["Panic Button","Stack","BootSequence"],"picked":"SKIP","floor":14.0},{"not_picked":["Electrodynamics","ReplayTheSpireMod:Omega Cannon"],"picked":"Core Surge","floor":16.0},{"not_picked":["Panic Button","Beam Cell+1"],"picked":"BasicCrystalCard+1","floor":18.0},{"not_picked":["Cold Snap","Coolheaded","Panic Button"],"picked":"SKIP","floor":19.0},{"not_picked":["ReplayRNGCard","Gash"],"picked":"Streamline+1","floor":20.0},{"not_picked":["Recycle","Coolheaded"],"picked":"Lockon","floor":21.0},{"not_picked":["Compile Driver","Sweeping Beam","Hologram"],"picked":"SKIP","floor":23.0},{"not_picked":["BasicCrystalCard","Cold Snap"],"picked":"Multi-Cast","floor":25.0},{"not_picked":["Turbo","Sweeping Beam"],"picked":"Darkness+1","floor":31.0},{"not_picked":["Amplify","ReplayRNGCard"],"picked":"Echo Form","floor":33.0},{"not_picked":["Scrape","Doom and Gloom"],"picked":"Self Repair+1","floor":35.0},{"not_picked":["Reinforced Body","Streamline+1","Steam"],"picked":"SKIP","floor":36.0},{"not_picked":["Streamline+1","Heatsinks"],"picked":"Turbo+1","floor":37.0},{"not_picked":["Stack","BasicCrystalCard"],"picked":"Double Energy+1","floor":37.0},{"not_picked":["Creative AI","Sweeping Beam+1"],"picked":"Crystallizer+1","floor":41.0},{"not_picked":["Stack+1","Leap+1","Streamline+1"],"picked":"SKIP","floor":47.0},{"not_picked":["Leap","ReplayTheSpireMod:Repulse"],"picked":"Loop+1","floor":49.0}],"player_experience":425703,"relics_obtained":[{"floor":6.0,"key":"White Beast Statue"},{"floor":9.0,"key":"Anchor"},{"floor":10.0,"key":"PreservedInsect"},{"floor":23.0,"key":"Divine Protection"},{"floor":25.0,"key":"Replay:Mystery Machine"},{"floor":27.0,"key":"CaptainsWheel"},{"floor":27.0,"key":"Symbiotic Virus"},{"floor":37.0,"key":"Gremlin Food"},{"floor":39.0,"key":"Potion Belt"},{"floor":41.0,"key":"Lantern"},{"floor":45.0,"key":"Replay:Rubber Ducky"},{"floor":46.0,"key":"Replay:Towering Pillar of Hats"},{"floor":49.0,"key":"Ginger"}],"event_choices":[{"damage_healed":0.0,"max_hp_gain":0.0,"max_hp_loss":0.0,"gold_gain":0.0,"event_name":"Golden Wing","player_choice":"Ignored","floor":2.0,"gold_loss":0.0,"damage_taken":0.0},{"damage_healed":0.0,"max_hp_gain":0.0,"max_hp_loss":0.0,"gold_gain":0.0,"event_name":"Golden Idol","player_choice":"Take Wound","floor":3.0,"gold_loss":0.0,"damage_taken":0.0,"relics_obtained":["Golden Idol"],"cards_obtained":["Injury"]},{"damage_healed":0.0,"max_hp_gain":0.0,"max_hp_loss":0.0,"gold_gain":75.0,"event_name":"World of Goop","player_choice":"Gather Gold","floor":4.0,"gold_loss":0.0,"damage_taken":11.0},{"cards_removed":["Injury"],"damage_healed":0.0,"max_hp_gain":0.0,"max_hp_loss":0.0,"gold_gain":0.0,"event_name":"Fountain of Cleansing","player_choice":"Removed Curses","floor":12.0,"gold_loss":0.0,"damage_taken":0.0},{"damage_healed":0.0,"max_hp_gain":0.0,"max_hp_loss":0.0,"gold_gain":0.0,"event_name":"Colosseum","player_choice":"Fight","floor":27.0,"gold_loss":0.0,"damage_taken":0.0},{"damage_healed":0.0,"max_hp_gain":0.0,"max_hp_loss":0.0,"gold_gain":0.0,"event_name":"Colosseum","player_choice":"Fought Nobs","floor":27.0,"gold_loss":0.0,"damage_taken":0.0},{"damage_healed":27.0,"max_hp_gain":0.0,"max_hp_loss":0.0,"gold_gain":0.0,"event_name":"The Library","player_choice":"Heal","floor":30.0,"gold_loss":0.0,"damage_taken":0.0},{"damage_healed":0.0,"max_hp_gain":0.0,"max_hp_loss":0.0,"gold_gain":0.0,"event_name":"Tomb of Lord Red Mask","player_choice":"Ignored","floor":38.0,"gold_loss":0.0,"damage_taken":0.0},{"damage_healed":0.0,"max_hp_gain":0.0,"max_hp_loss":0.0,"gold_gain":0.0,"event_name":"MindBloom","player_choice":"Fight","floor":46.0,"gold_loss":0.0,"damage_taken":0.0},{"damage_healed":0.0,"max_hp_gain":0.0,"max_hp_loss":0.0,"gold_gain":333.0,"event_name":"The Moai Head","player_choice":"Gave Idol","floor":50.0,"relics_lost":["Golden Idol"],"gold_loss":0.0,"damage_taken":0.0}],"is_beta":false,"boss_relics":[{"not_picked":["Ectoplasm","Pandora\u0027s Box"],"picked":"Cursed Key"},{"not_picked":["ChewingGum","Honey Jar"],"picked":"Nuclear Battery"}],"items_purged_floors":[29],"is_endless":false,"potions_floor_spawned":[5,6,8,10,11,14,16,18,19,20,21,23,25,27,27,31,33,35,36,41,46,47,49],"killed_by":"Awakened One","ascension_level":5}}