{"host":"d7fiu2yjkssjxoz6","time":1610678549,"event":{"mods":["AchievementEnabler","BaseMod","Duelist Mod","GifTheSpireLib","Minty Spire (QoL Compilation)","StSLib"],"gold_per_floor":[143,143,163,182,192,224,224,224,248,248,259,264,264,267,267,257,257],"floor_reached":16,"language":"ENG","playtime":692,"items_purged":[],"score":169,"play_id":"2c991bf9-edd9-4aaf-8db6-c78e81612a40","local_time":"20210114184229","is_ascension_mode":true,"campfire_choices":[{"data":"theDuelist:BerserkScales","floor":8,"key":"SMITH"},{"floor":10,"key":"RECALL"},{"floor":15,"key":"REST"}],"circlet_count":0,"master_deck":["theDuelist:MegafleetDragon","theDuelist:BabyDragon","theDuelist:CastleWalls","theDuelist:CastleWalls","theDuelist:CaveDragon","theDuelist:CaveDragon","theDuelist:LesserDragon","theDuelist:LesserDragon","theDuelist:Sparks","theDuelist:YamataDragon","theDuelist:CurseDragon","theDuelist:BarrelDragon","theDuelist:CoralDragon","theDuelist:ArmageddonDragonEmp","theDuelist:BerserkScales+1","theDuelist:GravekeeperCurse","theDuelist:CursedBill","theDuelist:VampireCurse","theDuelist:SeismicShockwave","theDuelist:BigFire","theDuelist:SilverDragon"],"relics":["theDuelist:MillenniumPuzzle","theDuelist:CardPoolRelic","theDuelist:CardPoolBasicRelic","theDuelist:BoosterPackPoolRelic","theDuelist:CardPoolAddRelic","theDuelist:CardPoolMinusRelic","theDuelist:CardPoolSaveRelic","theDuelist:CardPoolOptionsRelic","Boot","Omamori","Centennial Puzzle"],"acts_visited":["Exordium"],"potions_floor_usage":[16,16,16],"damage_taken":[{"damage":0,"enemies":"2 Louse","floor":1,"turns":2},{"damage":0,"enemies":"Small Slimes","floor":3,"turns":2},{"damage":0,"enemies":"Cultist","floor":4,"turns":2},{"damage":8,"enemies":"Lots of Slimes","floor":5,"turns":2},{"damage":0,"enemies":"Lagavulin","floor":6,"turns":6},{"damage":17,"enemies":"3 Sentries","floor":11,"turns":9},{"damage":5,"enemies":"Exordium Wildlife","floor":12,"turns":2},{"damage":16,"enemies":"Red Slaver","floor":14,"turns":3},{"damage":90,"enemies":"Hexaghost","floor":16,"turns":9}],"seed_played":"6825150254889675375","potions_obtained":[{"floor":4,"key":"theDuelist:LavaBottle"},{"floor":5,"key":"theDuelist:FireBottle"},{"floor":11,"key":"theDuelist:WhiteBottle"},{"floor":14,"key":"theDuelist:DragonOrbBottle"}],"is_trial":false,"path_per_floor":["M","?","M","M","M","E","?","R","T","R","E","M","?","M","R","B"],"character_chosen":"THE_DUELIST","items_purchased":[],"campfire_rested":1,"item_purchase_floors":[],"current_hp_per_floor":[88,88,88,88,80,80,92,92,92,92,75,70,75,59,90,0,0],"gold":257,"neow_bonus":"TEN_PERCENT_HP_BONUS","is_daily":false,"chose_seed":false,"campfire_upgraded":1,"win_rate":0.0,"timestamp":1610678549,"path_taken":["M","?","M","M","M","E","?","R","T","R","E","M","?","M","R","BOSS"],"items_purchased_type":[],"build_version":"2020-12-22","purchased_purges":0,"victory":false,"max_hp_per_floor":[88,88,88,88,88,88,100,100,100,100,100,100,105,105,105,105,105],"card_choices":[{"not_picked":["theDuelist:SnowDragon","theDuelist:CyberDragonVier","theDuelist:ViceDragon","theDuelist:CyberneticOverflow"],"picked":"theDuelist:CurseDragon","floor":1},{"not_picked":["theDuelist:MadFlameKaiju","theDuelist:GiantRex","theDuelist:TrihornedDragon","theDuelist:BlackStego"],"picked":"theDuelist:BarrelDragon","floor":3},{"not_picked":["theDuelist:BusterBlader","theDuelist:MaskedDragon","theDuelist:Duoterion","theDuelist:CyberRevsystem"],"picked":"theDuelist:CoralDragon","floor":4},{"not_picked":["theDuelist:WingedDragonRa","theDuelist:GaiaDragonChamp","theDuelist:FiveHeaded","theDuelist:DoomkaiserDragon"],"picked":"theDuelist:ArmageddonDragonEmp","floor":5},{"not_picked":["theDuelist:OceanDragonLord","theDuelist:DoomkaiserDragon"],"picked":"theDuelist:BerserkScales","floor":6},{"not_picked":["theDuelist:SurvivalFittest","theDuelist:ChimeratechOverdragon","theDuelist:BSkullDragon","theDuelist:ArmageddonDragonEmp"],"picked":"theDuelist:SeismicShockwave","floor":11},{"not_picked":["theDuelist:Hinotama","theDuelist:LightningDarts","theDuelist:RainbowOverdragon","theDuelist:BattleguardKing"],"picked":"theDuelist:BigFire","floor":12},{"not_picked":["theDuelist:Pyrorex","theDuelist:Anthrosaurus","theDuelist:ScrapIronScarecrow","theDuelist:TyrantWing"],"picked":"theDuelist:SilverDragon","floor":14}],"player_experience":172393,"relics_obtained":[{"floor":6,"key":"Boot"},{"floor":9,"key":"Omamori"},{"floor":11,"key":"Centennial Puzzle"}],"event_choices":[{"damage_healed":0,"gold_gain":0,"player_choice":"Traded Sparks for Megafleet Dragon","duelist":true,"damage_taken":0,"max_hp_gain":0,"max_hp_loss":0,"event_name":"Card Trader","floor":2,"gold_loss":0},{"damage_healed":0,"gold_gain":0,"player_choice":"Break - +12 Max HP","duelist":true,"damage_taken":0,"max_hp_gain":0,"max_hp_loss":0,"event_name":"Tomb of the Nameless","floor":7,"gold_loss":0},{"damage_healed":0,"gold_gain":0,"player_choice":"Donut","damage_taken":0,"max_hp_gain":5,"max_hp_loss":0,"event_name":"Big Fish","floor":13,"gold_loss":0}],"is_beta":false,"boss_relics":[],"items_purged_floors":[],"is_endless":false,"potions_floor_spawned":[4,5,11,14],"killed_by":"Hexaghost","ascension_level":1}}