{"host":"mi0eibewekhugwl1","time":1610701691,"event":{"mods":["AchievementEnabler","BaseMod","Colored Map","Colored Powertips","DeckTracker","Keyboard Shortcuts","Minty Spire (QoL Compilation)","Quick Restart","Rare Cards Sparkle","Relic Stats","StSLib","SuperFastMode","everything is the same but u backflip on backflip"],"gold_per_floor":[117,127,141,141,157,157,82,47,47,47,122,122,139,156,156,230,230,246,171,221,221,56,56,56,56,128,128,142,169,169,184,184,184,184],"floor_reached":33,"language":"KOR","playtime":602,"items_purged":["Strike_R"],"score":531,"play_id":"38f59a95-5aae-4a2a-b261-670cb898f3a3","local_time":"20210115180811","is_ascension_mode":true,"campfire_choices":[{"data":"Feed","floor":6.0,"key":"SMITH"},{"data":"Intimidate","floor":10.0,"key":"SMITH"},{"data":"Bash","floor":12.0,"key":"SMITH"},{"data":"Armaments","floor":15.0,"key":"SMITH"},{"floor":23.0,"key":"REST"},{"data":"Immolate","floor":25.0,"key":"SMITH"},{"floor":30.0,"key":"REST"},{"floor":32.0,"key":"REST"}],"circlet_count":0,"master_deck":["AscendersBane","Defend_R","Defend_R","Defend_R","Defend_R","Bash+1","Feed+1","Cleave","Headbutt","Intimidate+1","Armaments+1","Exhume","Demon Form","Thunderclap+1","Burning Pact+1","Shrug It Off","Immolate+1","Heavy Blade+1"],"relics":["Burning Blood","Vajra","Kunai","Astrolabe","Ornamental Fan","Lantern"],"acts_visited":["Exordium","TheCity"],"potions_floor_usage":[],"damage_taken":[{"damage":8.0,"enemies":"2 Louse","floor":1.0,"turns":5.0},{"damage":21.0,"enemies":"Jaw Worm","floor":2.0,"turns":5.0},{"damage":14.0,"enemies":"Small Slimes","floor":3.0,"turns":4.0},{"damage":7.0,"enemies":"2 Fungi Beasts","floor":5.0,"turns":3.0},{"damage":10.0,"enemies":"Blue Slaver","floor":13.0,"turns":3.0},{"damage":15.0,"enemies":"Large Slime","floor":14.0,"turns":6.0},{"damage":48.0,"enemies":"The Guardian","floor":16.0,"turns":17.0},{"damage":105.0,"enemies":"Chosen","floor":18.0,"turns":10.0},{"damage":38.0,"enemies":"2 Thieves","floor":28.0,"turns":4.0},{"damage":5.0,"enemies":"Slavers","floor":29.0,"turns":2.0},{"damage":20.0,"enemies":"Snecko","floor":31.0,"turns":7.0},{"damage":103,"enemies":"Collector","floor":33,"turns":8}],"seed_played":"-8759594415126331834","potions_obtained":[{"floor":3.0,"key":"Strength Potion"},{"floor":5.0,"key":"FairyPotion"},{"floor":16.0,"key":"LiquidBronze"},{"floor":18.0,"key":"GamblersBrew"}],"is_trial":false,"path_per_floor":["M","M","M","?","M","R","$","?","T","R","?","R","M","M","R","B",null,"M","?","?","?","$","R","?","R","T","$","M","E","R","M","R","B"],"character_chosen":"IRONCLAD","items_purchased":["Immolate"],"campfire_rested":3,"item_purchase_floors":[22],"current_hp_per_floor":[69,57,52,47,49,49,49,69,69,69,58,58,58,53,53,15,73,33,33,33,33,33,60,60,60,60,60,32,33,61,51,81,0,0],"gold":184,"neow_bonus":"THREE_RARE_CARDS","is_daily":false,"chose_seed":false,"campfire_upgraded":5,"win_rate":0.0,"timestamp":1610701691,"path_taken":["M","M","M","?","M","R","$","?","T","R","?","R","M","M","R","BOSS","M","?","?","?","?","R","?","R","T","$","M","E","R","M","R","BOSS"],"items_purchased_type":["Card"],"build_version":"2020-12-22","purchased_purges":1,"victory":false,"max_hp_per_floor":[71,74,77,77,80,80,80,80,80,80,80,80,84,88,88,92,92,92,92,92,92,92,92,92,92,92,92,96,96,96,100,100,100,100],"relic_stats":{"counters":[12,74],"Ornamental Fan":[4],"Astrolabe":["Rupture","Thunderclap","Burning Pact"],"Kunai":[3],"obtain_stats":[{"Lantern":29,"Ornamental Fan":26,"Astrolabe":17,"Vajra":4,"Kunai":9,"Burning Blood":0},{"Lantern":10,"Ornamental Fan":8,"Astrolabe":7,"Vajra":3,"Kunai":4,"Burning Blood":0},{"Lantern":59,"Ornamental Fan":53,"Astrolabe":43,"Vajra":14,"Kunai":17,"Burning Blood":0}],"Burning Blood":66},"card_choices":[{"not_picked":["Fiend Fire","Double Tap"],"picked":"Feed","floor":0.0},{"not_picked":["Perfected Strike","True Grit"],"picked":"Cleave","floor":1.0},{"not_picked":["Body Slam","Heavy Blade"],"picked":"Headbutt","floor":2.0},{"not_picked":["Blood for Blood","Clothesline","Anger"],"picked":"SKIP","floor":3.0},{"not_picked":["Clash","Rampage"],"picked":"Intimidate","floor":5.0},{"not_picked":["Cleave","Body Slam"],"picked":"Armaments","floor":13.0},{"not_picked":["Carnage","Clothesline"],"picked":"Exhume","floor":14.0},{"not_picked":["Feed","Impervious"],"picked":"Demon Form","floor":16.0},{"not_picked":["Cleave","Warcry"],"picked":"Shrug It Off","floor":18.0},{"not_picked":["Sever Soul","Armaments","Immolate"],"picked":"SKIP","floor":28.0},{"not_picked":["Iron Wave+1","Brutality","Clothesline"],"picked":"SKIP","floor":29.0},{"not_picked":["Thunderclap","Rupture"],"picked":"Heavy Blade+1","floor":31.0}],"player_experience":1741707,"relics_obtained":[{"floor":9.0,"key":"Kunai"},{"floor":26.0,"key":"Ornamental Fan"},{"floor":29.0,"key":"Lantern"}],"event_choices":[{"damage_healed":0.0,"max_hp_gain":0.0,"max_hp_loss":0.0,"gold_gain":0.0,"event_name":"Scrap Ooze","player_choice":"Success","floor":4.0,"gold_loss":0.0,"damage_taken":5.0,"relics_obtained":["Vajra"]},{"damage_healed":20.0,"max_hp_gain":0.0,"max_hp_loss":0.0,"gold_gain":0.0,"event_name":"The Cleric","player_choice":"Healed","floor":8.0,"gold_loss":35.0,"damage_taken":0.0},{"damage_healed":0.0,"max_hp_gain":0.0,"max_hp_loss":0.0,"gold_gain":75.0,"event_name":"World of Goop","player_choice":"Gather Gold","floor":11.0,"gold_loss":0.0,"damage_taken":11.0},{"cards_removed":["Strike_R"],"damage_healed":0.0,"max_hp_gain":0.0,"max_hp_loss":0.0,"gold_gain":0.0,"event_name":"Beggar","player_choice":"Gave Gold","floor":19.0,"gold_loss":75.0,"damage_taken":0.0},{"damage_healed":0.0,"max_hp_gain":0.0,"max_hp_loss":0.0,"gold_gain":50.0,"event_name":"Nest","player_choice":"Stole From Cult","floor":20.0,"gold_loss":0.0,"damage_taken":0.0},{"damage_healed":0.0,"max_hp_gain":0.0,"max_hp_loss":0.0,"gold_gain":0.0,"event_name":"Vampires","player_choice":"Ignored","floor":21.0,"gold_loss":0.0,"damage_taken":0.0},{"cards_removed":["Rupture"],"damage_healed":0.0,"max_hp_gain":0.0,"max_hp_loss":0.0,"gold_gain":0.0,"event_name":"Back to Basics","player_choice":"Elegance","floor":24.0,"gold_loss":0.0,"damage_taken":0.0}],"is_beta":false,"boss_relics":[{"not_picked":["Runic Pyramid","Runic Cube"],"picked":"Astrolabe"}],"items_purged_floors":[7],"is_endless":false,"potions_floor_spawned":[3,5,13,16,18,28],"killed_by":"Collector","ascension_level":20}}