{"host":"xj2wyr3bqqv4irjd","time":1610718219,"event":{"mods":["Act Like it!","BaseMod","BetterRewards","Colored Powertips","Highlight Path","Marisa£¨ìFÓê¡¡Ä§ÀíÉ³£©","Minty Spire (QoL Compilation)","Quick Restart","Rare Cards Sparkle","Replay The Spire","Shop Mod","Spicy Shops","StSLib","The Senshi","[IsaacMod]ÒÔÈö¼âËþ","É³µñ²ÄÖÊ°ümod"],"gold_per_floor":[114,114,114,194,194,235,255,290,290,334,350,350,374,408,408,499,499,513,428,353,372,425,507,507,7,59,102,164,97,118,133,133,223,223,237,597,610,629,962,962,988,1003,1075,1075,1075,1088,1117,219,219,219,219,219,26,52,52],"floor_reached":56,"language":"ZHS","playtime":2497,"items_purged":["Strike_R","Strike_R"],"score":2948,"play_id":"79ebbff9-dc87-4c8f-a0fc-caa93d08c7ff","local_time":"20210115214339","is_ascension_mode":true,"campfire_choices":[{"data":"ReplayTheSpireMod:Corrosion Curse","floor":12.0,"key":"SMITH"},{"data":"Immolate","floor":15.0,"key":"SMITH"},{"data":"Hemogenesis","floor":24.0,"key":"SMITH"},{"data":"Dark Embrace","floor":32.0,"key":"SMITH"},{"data":"BloodyBrimstone","floor":40.0,"key":"SMITH"},{"floor":44.0,"key":"RECALL"},{"data":"ReplayTheSpireMod:Muscle Training","floor":49.0,"key":"SMITH"},{"data":"Second Wind","floor":52.0,"key":"SMITH"}],"circlet_count":0,"master_deck":["AscendersBane","Strike_R","Defend_R","Defend_R","Defend_R","Defend_R","Bash","BloodyBrimstone+1","Evolve+1","Pommel Strike","Reckless Charge","ReplayTheSpireMod:Corrosion Curse+1","Shrug It Off","Immolate+1","Hemogenesis+1","Shrug It Off","Pommel Strike+1","Reaper+1","Dark Embrace+1","Limit Break+1","Armaments+1","Rage+1","ReplayTheSpireMod:Limb From Limb+1","Parasite","Second Wind+1","ReplayTheSpireMod:Muscle Training+1","ReplayTheSpireMod:Trickstab+1","Panacea","Madness","Infernal Blade+1","Pummel+1"],"relics":["Burning Blood","HushsDoor","Chaos","Leech","Brimstone","Vajra","Garlic","Onion Ring","Pondfish Scales","Mark of Pain","GuppysHead","Molten Egg 2","Matryoshka","Snecko Eye","Happy Flower","JudasShadow","Unceasing Top","FossilizedHelix","GuppysTail","Black Star","NineVolt","Toxic Egg 2","ReplayTheSpireMod:Shallot","Guide Book","Lizard Tail","PunchingBag","MerchantsRug","Golden Egg","Replay:Rubber Ducky","Toolbox"],"acts_visited":["Exordium","TheCity","TheBeyond","TheEnding"],"potions_floor_usage":[],"damage_taken":[{"damage":0.0,"enemies":"Small Slimes","floor":1.0,"turns":3.0},{"damage":30.0,"enemies":"3 Sentries","floor":6.0,"turns":5.0},{"damage":3.0,"enemies":"Cultist","floor":7.0,"turns":3.0},{"damage":6.0,"enemies":"Gremlin Nob","floor":8.0,"turns":3.0},{"damage":0.0,"enemies":"Lagavulin","floor":10.0,"turns":4.0},{"damage":0.0,"enemies":"2 Louse","floor":11.0,"turns":1.0},{"damage":6.0,"enemies":"Lots of Slimes","floor":13.0,"turns":2.0},{"damage":0.0,"enemies":"Gremlin Nob","floor":14.0,"turns":2.0},{"damage":17.0,"enemies":"Hexaghost","floor":16.0,"turns":5.0},{"damage":0.0,"enemies":"Spheric Guardian","floor":18.0,"turns":1.0},{"damage":17.0,"enemies":"Shell Parasite","floor":21.0,"turns":3.0},{"damage":24.0,"enemies":"Slavers","floor":23.0,"turns":3.0},{"damage":4.0,"enemies":"Book of Stabbing","floor":27.0,"turns":3.0},{"damage":0.0,"enemies":"Replay:Snechameleon","floor":29.0,"turns":3.0},{"damage":0.0,"enemies":"3 Cultists","floor":30.0,"turns":1.0},{"damage":0.0,"enemies":"Chosen and Byrds","floor":31.0,"turns":3.0},{"damage":48.0,"enemies":"Pondfish","floor":33.0,"turns":6.0},{"damage":0.0,"enemies":"Orb Walker","floor":35.0,"turns":2.0},{"damage":15.0,"enemies":"2 Orb Walkers","floor":36.0,"turns":3.0},{"damage":0.0,"enemies":"3 Darklings","floor":37.0,"turns":3.0},{"damage":39.0,"enemies":"Writhing Mass","floor":38.0,"turns":4.0},{"damage":0.0,"enemies":"R_Hoarder","floor":41.0,"turns":4.0},{"damage":18.0,"enemies":"Maw","floor":42.0,"turns":6.0},{"damage":18.0,"enemies":"Spire Growth","floor":46.0,"turns":3.0},{"damage":8.0,"enemies":"Nemesis","floor":47.0,"turns":5.0},{"damage":27.0,"enemies":"Time Eater","floor":50.0,"turns":6.0},{"damage":6.0,"enemies":"Shield and Spear","floor":54.0,"turns":4.0},{"damage":114,"enemies":"The Heart","floor":55,"turns":9}],"seed_played":"3418059393663960921","potions_obtained":[{"floor":8.0,"key":"Explosive Potion"},{"floor":11.0,"key":"LiquidBronze"},{"floor":14.0,"key":"PowerPotion"},{"floor":18.0,"key":"Adrenaline Potion"},{"floor":23.0,"key":"PowerPotion"},{"floor":23.0,"key":"Cursed Concoction"},{"floor":30.0,"key":"Strength Potion"},{"floor":33.0,"key":"Weak Potion"},{"floor":47.0,"key":"SkillPotion"}],"is_trial":false,"path_per_floor":["M","?","$","?","?","E","M","E","T","E","M","R","M","E","R","B",null,"M","?","?","M","T","E","R","$","T","E","?","E","M","M","R","B",null,"M","?","M","M","?","R","E","M","T","R","?","M","E","$","R","B",null,"R","$","E","B",null],"character_chosen":"IRONCLAD","items_purchased":["Chaos","Brimstone","Replay:Wax Seal","Snecko Eye","GuppysTail","Guide Book","Lizard Tail","PunchingBag","MerchantsRug","Golden Egg","Adrenaline Potion"],"campfire_rested":0,"item_purchase_floors":[0,0,25,25,34,48,48,48,48,53,53],"current_hp_per_floor":[63,63,63,48,48,29,34,36,36,45,51,51,53,61,61,53,60,62,62,62,53,53,37,37,37,37,50,35,52,59,62,62,33,47,52,51,52,19,19,19,52,52,52,52,42,49,52,52,52,40,49,49,49,52,1],"gold":52,"neow_bonus":"","is_daily":false,"chose_seed":false,"campfire_upgraded":7,"win_rate":0.0,"timestamp":1610718219,"path_taken":["M","?","?","?","?","E","M","E","T","E","M","R","M","E","R","BOSS","M","?","?","M","?","E","R","$","T","E","?","E","M","M","R","BOSS","M","?","?","M","?","R","E","M","T","R","?","M","E","$","R","BOSS","R","$","E","BOSS"],"items_purchased_type":["Card","Relic","Relic","Relic","Relic","Relic","Relic","Relic","Relic","Relic","Potion"],"build_version":"2020-12-22","purchased_purges":2,"victory":true,"max_hp_per_floor":[75,68,68,68,68,68,68,65,65,62,62,62,62,62,62,62,62,62,62,62,62,62,62,62,62,62,62,62,62,62,62,62,62,52,52,52,52,52,52,52,52,52,52,52,52,52,52,52,52,52,52,52,52,52,1],"card_choices":[{"not_picked":[],"picked":"BloodyBrimstone","floor":0.0},{"not_picked":["Rage","Feel No Pain"],"picked":"Evolve","floor":1.0},{"not_picked":["Demon Form","Run Through","Anger"],"picked":"SKIP","floor":6.0},{"not_picked":["Inflame","Iron Wave","Infernal Blade"],"picked":"SKIP","floor":7.0},{"not_picked":["Inflame","Iron Wave","Infernal Blade"],"picked":"SKIP","floor":7.0},{"not_picked":["Perfected Strike","Cleave"],"picked":"Pommel Strike","floor":8.0},{"not_picked":["Burning Pact","ReplayTheSpireMod:Strike From Hell"],"picked":"Reckless Charge","floor":10.0},{"not_picked":["Perfected Strike","Entrench"],"picked":"ReplayTheSpireMod:Corrosion Curse","floor":11.0},{"not_picked":["Metallicize","Cleave"],"picked":"Shrug It Off","floor":13.0},{"not_picked":["Headbutt","True Grit"],"picked":"Immolate","floor":14.0},{"not_picked":["Fiend Fire","Corruption"],"picked":"Hemogenesis","floor":16.0},{"not_picked":["Twin Strike","ReplayTheSpireMod:Corrosion Curse","Body Slam"],"picked":"SKIP","floor":18.0},{"not_picked":["Anger+1","Power Through"],"picked":"Shrug It Off","floor":21.0},{"not_picked":["Wild Strike+1","Clothesline+1"],"picked":"Pommel Strike+1","floor":27.0},{"not_picked":["Run Through+1","Twin Strike+1","Cleave+1"],"picked":"SKIP","floor":29.0},{"not_picked":["Warcry","Rupture"],"picked":"Reaper+1","floor":30.0},{"not_picked":["Carnage+1","Anger+1"],"picked":"Dark Embrace","floor":31.0},{"not_picked":["Feed+1","Offering"],"picked":"Limit Break","floor":33.0},{"not_picked":["Rage","Clash+1"],"picked":"Armaments+1","floor":35.0},{"not_picked":["Clothesline+1","Havoc+1"],"picked":"Rage+1","floor":36.0},{"not_picked":["Shrug It Off","Run Through+1"],"picked":"ReplayTheSpireMod:Limb From Limb+1","floor":37.0},{"not_picked":["Clash+1","Hemokinesis+1"],"picked":"Second Wind","floor":38.0},{"not_picked":["ReplayReversal","Second Wind"],"picked":"ReplayTheSpireMod:Muscle Training","floor":41.0},{"not_picked":["Wild Strike+1","Replay:Undeath\u0027s Touch+1","Clash+1"],"picked":"SKIP","floor":42.0},{"not_picked":["Bandage Up","Enlightenment"],"picked":"ReplayTheSpireMod:Trickstab+1","floor":45.0},{"not_picked":["Crow Ritual","Swift Strike+1"],"picked":"Panacea","floor":45.0},{"not_picked":["Replay:Bootleg Shield Generator","Replay:BasicMightCard"],"picked":"Madness","floor":45.0},{"not_picked":["Run Through+1","Cleave+1","Sever Soul+1"],"picked":"SKIP","floor":46.0},{"not_picked":["ReplayTheSpireMod:Strike From Hell+1","Headbutt+1"],"picked":"Infernal Blade+1","floor":47.0},{"not_picked":["True Grit+1","Warcry+1"],"picked":"Pummel+1","floor":54.0}],"player_experience":451282,"relics_obtained":[{"floor":6.0,"key":"Vajra"},{"floor":8.0,"key":"Garlic"},{"floor":9.0,"key":"Onion Ring"},{"floor":10.0,"key":"Pondfish Scales"},{"floor":14.0,"key":"Mark of Pain"},{"floor":22.0,"key":"Matryoshka"},{"floor":23.0,"key":"Cauldron"},{"floor":26.0,"key":"Happy Flower"},{"floor":26.0,"key":"JudasShadow"},{"floor":27.0,"key":"ReplayTheSpireMod:Spearhead"},{"floor":29.0,"key":"Unceasing Top"},{"floor":36.0,"key":"Old Coin"},{"floor":41.0,"key":"Black Star"},{"floor":43.0,"key":"NineVolt"},{"floor":47.0,"key":"Toxic Egg 2"},{"floor":47.0,"key":"ReplayTheSpireMod:Shallot"},{"floor":54.0,"key":"Replay:Rubber Ducky"},{"floor":54.0,"key":"Toolbox"}],"event_choices":[{"damage_healed":0.0,"max_hp_gain":0.0,"max_hp_loss":7.0,"gold_gain":0.0,"event_name":"Golden Idol","player_choice":"Lose Max HP","floor":2.0,"gold_loss":0.0,"damage_taken":0.0,"relics_obtained":["Golden Idol"]},{"damage_healed":0.0,"max_hp_gain":0.0,"max_hp_loss":0.0,"gold_gain":0.0,"event_name":"Addict","player_choice":"Obtained Relic","floor":19.0,"gold_loss":85.0,"damage_taken":0.0,"relics_obtained":["Molten Egg 2"]},{"cards_removed":["Strike_R"],"damage_healed":0.0,"max_hp_gain":0.0,"max_hp_loss":0.0,"gold_gain":0.0,"event_name":"Beggar","player_choice":"Gave Gold","floor":20.0,"gold_loss":75.0,"damage_taken":0.0},{"damage_healed":0.0,"max_hp_gain":0.0,"max_hp_loss":0.0,"gold_gain":0.0,"event_name":"Mysterious Sphere","player_choice":"Fight","floor":36.0,"gold_loss":0.0,"damage_taken":0.0},{"damage_healed":0.0,"max_hp_gain":0.0,"max_hp_loss":0.0,"gold_gain":333.0,"event_name":"The Moai Head","player_choice":"Gave Idol","floor":39.0,"relics_lost":["Golden Idol"],"gold_loss":0.0,"damage_taken":0.0},{"damage_healed":0.0,"max_hp_gain":0.0,"max_hp_loss":0.0,"gold_gain":0.0,"event_name":"SensoryStone","player_choice":"Memory 3","floor":45.0,"gold_loss":0.0,"damage_taken":10.0}],"is_beta":false,"boss_relics":[{"not_picked":["Gambling Chip","Replay:Bottled Steam"],"picked":"GuppysHead"},{"not_picked":[]},{"not_picked":["Bottled Tornado","StoneCalendar"],"picked":"FossilizedHelix"},{"not_picked":[]}],"items_purged_floors":[25,48],"is_endless":false,"potions_floor_spawned":[8,11,14,18,30,33,36,42,47],"ascension_level":18}}