{"host":"8i4doyxqctgl5qb0","time":1610669939,"event":{"mods":["AchievementEnabler","BaseMod","Block Reminder","Colored Powertips","Downfall","Minty Spire (QoL Compilation)","Permanent Neow","Potion Indicator Mod","Rare Cards Sparkle","StSLib","SuperFastMode","The Jungle"],"gold_per_floor":[110,110,110,110,125,159,6,181,181,181,194,194,194,218,218,342,342,355,379,379,379,14,14,42,54,81,94,105,131,131,156,156,257,257,269,269,319,124,140,140,140,53,53,53,83,83,83,100,100,100],"floor_reached":51,"language":"ZHS","playtime":1146,"items_purged":["Regret","Shame","Doubt"],"score":1040,"play_id":"d6a2e367-36bc-40f9-8549-d7cb9fe6b4da","local_time":"20210115081859","is_ascension_mode":true,"campfire_choices":[{"floor":10.0,"key":"REST"},{"floor":12.0,"key":"REST"},{"floor":15.0,"key":"REST"},{"floor":23.0,"key":"REST"},{"data":"Force Field","floor":30.0,"key":"SMITH"},{"data":"Electrodynamics","floor":32.0,"key":"SMITH"},{"data":"Capacitor","floor":40.0,"key":"SMITH"},{"floor":47,"key":"REST"},{"data":"Electrodynamics","floor":49,"key":"SMITH"}],"circlet_count":0,"master_deck":["Strike_B+1","Strike_B","Strike_B+1","Defend_B","Defend_B","Defend_B","Defend_B","Zap","Dualcast","Electrodynamics+1","Injury","Auto Shields","Force Field+1","Capacitor+1","Electrodynamics+1","Stack","Self Repair+1","Static Discharge+1","Storm+1","Loop+1","Conserve Battery+1","Storm+1","Machine Learning+1","Hologram+1","Defragment+1","Force Field+1","Static Discharge+1","Hologram","Hologram+1","Rebound"],"relics":["Cracked Core","Potion Belt","Bloody Idol","Mummified Hand","Girya","Cables","SacredBark","Frozen Egg 2","Bronze Scales","Calipers","Vajra","Lantern","Whetstone","Busted Crown","FossilizedHelix","Letter Opener","Dream Catcher"],"acts_visited":["Exordium","TheCity","TheBeyond"],"potions_floor_usage":[44,46,50,50,50],"damage_taken":[{"damage":9.0,"enemies":"Jaw Worm","floor":1.0,"turns":3.0},{"damage":2.0,"enemies":"Small Slimes","floor":5.0,"turns":3.0},{"damage":30.0,"enemies":"3 Sentries","floor":6.0,"turns":6.0},{"damage":3.0,"enemies":"2 Louse","floor":11.0,"turns":3.0},{"damage":22.0,"enemies":"Large Slime","floor":14.0,"turns":5.0},{"damage":50.0,"enemies":"The Guardian","floor":16.0,"turns":14.0},{"damage":6.0,"enemies":"2 Thieves","floor":18.0,"turns":2.0},{"damage":10.0,"enemies":"3 Byrds","floor":19.0,"turns":2.0},{"damage":25.0,"enemies":"Gremlin Leader","floor":24.0,"turns":6.0},{"damage":24.0,"enemies":"Sentry and Sphere","floor":25.0,"turns":5.0},{"damage":11.0,"enemies":"Centurion and Healer","floor":27.0,"turns":3.0},{"damage":3.0,"enemies":"3 Cultists","floor":28.0,"turns":3.0},{"damage":9.0,"enemies":"Book of Stabbing","floor":29.0,"turns":4.0},{"damage":3.0,"enemies":"Gremlin Leader","floor":31.0,"turns":6.0},{"damage":56.0,"enemies":"Champ","floor":33.0,"turns":9.0},{"damage":11.0,"enemies":"Orb Walker","floor":35.0,"turns":2.0},{"damage":20.0,"enemies":"Mind Bloom Boss Battle","floor":37.0,"turns":5.0},{"damage":0.0,"enemies":"3 Darklings","floor":39.0,"turns":2.0},{"damage":0,"enemies":"Writhing Mass","floor":44,"turns":1},{"damage":35,"enemies":"Giant Head","floor":45,"turns":7},{"damage":0,"enemies":"Jaw Worm Horde","floor":46,"turns":1},{"damage":0,"enemies":"Transient","floor":48,"turns":5},{"damage":12,"enemies":"Donu and Deca","floor":50,"turns":5}],"seed_played":"6879004045492077448","potions_obtained":[{"floor":5.0,"key":"LiquidBronze"},{"floor":11.0,"key":"Explosive Potion"},{"floor":14.0,"key":"LiquidMemories"},{"floor":24.0,"key":"Regen Potion"},{"floor":27.0,"key":"SmokeBomb"},{"floor":28.0,"key":"SkillPotion"},{"floor":29.0,"key":"Dexterity Potion"},{"floor":39.0,"key":"SmokeBomb"},{"floor":48,"key":"champ:CounterPotion"}],"is_trial":false,"path_per_floor":["M","?","?","?","M","E","$","?","T","R","M","R","T","M","R","B",null,"M","M","?","?","$","R","E","M","T","M","M","E","R","E","R","B",null,"M","?","?","$","M","R","?","$","T","M","E","M","R","M","R","B",null],"character_chosen":"DEFECT","items_purchased":["Capacitor","Bronze Scales","Self Repair+1","DistilledChaos","Defragment+1","PowerPotion","Static Discharge+1"],"campfire_rested":5,"item_purchase_floors":[7,22,22,22,38,42,42],"current_hp_per_floor":[59,59,52,52,50,20,20,20,20,42,39,61,61,39,61,11,59,53,43,43,43,43,65,55,46,51,55,67,63,63,75,75,34,65,59,59,54,54,69,69,69,69,69,69,49,49,71,75,75,73],"gold":100,"neow_bonus":"THREE_RARE_CARDS","is_daily":false,"chose_seed":false,"campfire_upgraded":4,"win_rate":0.0,"timestamp":1610669939,"path_taken":["M","?","?","?","M","E","$","?","T","R","M","R","?","M","R","BOSS","M","?","?","?","$","R","E","M","T","M","M","E","R","E","R","BOSS","M","?","?","$","M","R","?","$","T","?","E","M","R","M","R","BOSS"],"items_purchased_type":["Card","Relic","Card","Potion","Card","Potion","Card"],"build_version":"2020-12-22","purchased_purges":3,"victory":true,"max_hp_per_floor":[75,75,75,75,75,75,75,75,75,75,75,75,75,75,75,75,75,75,75,75,75,75,75,75,75,75,75,75,75,75,75,75,75,75,75,75,75,75,75,75,75,75,75,75,75,75,75,75,75,75],"card_choices":[{"not_picked":["Echo Form","Core Surge"],"picked":"Electrodynamics","floor":0.0},{"not_picked":["Rebound","Beam Cell","Redo"],"picked":"SKIP","floor":1.0},{"not_picked":["Hologram","Rip and Tear"],"picked":"Auto Shields","floor":5.0},{"not_picked":["Leap","Cold Snap"],"picked":"Force Field","floor":6.0},{"not_picked":["Ball Lightning","Gash","Barrage"],"picked":"SKIP","floor":11.0},{"not_picked":["Coolheaded","Sweeping Beam","Streamline"],"picked":"SKIP","floor":14.0},{"not_picked":["Fission","Reboot"],"picked":"Electrodynamics","floor":16.0},{"not_picked":["Sweeping Beam","Barrage","Blizzard"],"picked":"SKIP","floor":18.0},{"not_picked":["Chill","Cold Snap"],"picked":"Stack","floor":19.0},{"not_picked":["Sweeping Beam","Compile Driver"],"picked":"Static Discharge+1","floor":24.0},{"not_picked":["Leap","Tempest"],"picked":"Storm+1","floor":25.0},{"not_picked":["Beam Cell+1","Tempest","Compile Driver+1"],"picked":"SKIP","floor":27.0},{"not_picked":["Force Field","Gash"],"picked":"Loop+1","floor":28.0},{"not_picked":["Tempest","Blizzard+1"],"picked":"Conserve Battery+1","floor":29.0},{"not_picked":["Gash","Steam+1"],"picked":"Storm+1","floor":31.0},{"not_picked":["Rainbow","Meteor Strike"],"picked":"Machine Learning+1","floor":33.0},{"not_picked":["Streamline"],"picked":"SKIP","floor":35.0},{"not_picked":[],"picked":"Hologram+1","floor":37.0},{"not_picked":["Sweeping Beam+1"],"picked":"SKIP","floor":39.0},{"not_picked":[],"picked":"Hologram","floor":45},{"not_picked":[],"picked":"Hologram+1","floor":47},{"not_picked":[],"picked":"Rebound","floor":48}],"player_experience":178321,"relics_obtained":[{"floor":6.0,"key":"Mummified Hand"},{"floor":9.0,"key":"Girya"},{"floor":13.0,"key":"Cables"},{"floor":24.0,"key":"Calipers"},{"floor":26.0,"key":"Vajra"},{"floor":29.0,"key":"Lantern"},{"floor":31.0,"key":"Whetstone"},{"floor":37.0,"key":"FossilizedHelix"},{"floor":43.0,"key":"Letter Opener"},{"floor":45,"key":"Dream Catcher"}],"event_choices":[{"damage_healed":0.0,"max_hp_gain":0.0,"max_hp_loss":0.0,"gold_gain":0.0,"event_name":"Big Fish","player_choice":"Box","floor":2.0,"gold_loss":0.0,"damage_taken":0.0,"relics_obtained":["Potion Belt"],"cards_obtained":["Regret"]},{"cards_removed":["Regret"],"damage_healed":0.0,"max_hp_gain":0.0,"max_hp_loss":0.0,"gold_gain":0.0,"event_name":"Golden Wing","player_choice":"Card Removal","floor":3.0,"gold_loss":0.0,"damage_taken":7.0},{"damage_healed":0.0,"max_hp_gain":0.0,"max_hp_loss":0.0,"gold_gain":0.0,"event_name":"Golden Idol","player_choice":"Take Wound","floor":4.0,"gold_loss":0.0,"damage_taken":0.0,"relics_obtained":["Golden Idol"],"cards_obtained":["Injury"]},{"damage_healed":0.0,"max_hp_gain":0.0,"max_hp_loss":0.0,"gold_gain":175.0,"event_name":"Liars Game","player_choice":"AGREE","floor":8.0,"gold_loss":0.0,"damage_taken":0.0,"cards_obtained":["Doubt"]},{"damage_healed":0.0,"max_hp_gain":0.0,"max_hp_loss":0.0,"gold_gain":0.0,"event_name":"Forgotten Altar","player_choice":"Gave Idol","floor":20.0,"relics_lost":["Golden Idol"],"gold_loss":0.0,"damage_taken":0.0,"relics_obtained":["Bloody Idol"]},{"damage_healed":0.0,"max_hp_gain":0.0,"max_hp_loss":0.0,"gold_gain":0.0,"event_name":"Addict","player_choice":"Stole Relic","floor":21.0,"gold_loss":0.0,"damage_taken":0.0,"relics_obtained":["Frozen Egg 2"],"cards_obtained":["Shame"]},{"cards_removed":["Strike_B"],"damage_healed":0.0,"max_hp_gain":0.0,"max_hp_loss":0.0,"gold_gain":0.0,"event_name":"Falling","player_choice":"Removed Attack","floor":36.0,"gold_loss":0.0,"damage_taken":0.0},{"damage_healed":0.0,"max_hp_gain":0.0,"max_hp_loss":0.0,"gold_gain":0.0,"event_name":"MindBloom","player_choice":"Fight","floor":37.0,"gold_loss":0.0,"damage_taken":0.0},{"damage_healed":0.0,"max_hp_gain":0.0,"max_hp_loss":0.0,"gold_gain":0.0,"event_name":"Duplicator","player_choice":"Copied","floor":41.0,"gold_loss":0.0,"damage_taken":0.0,"cards_obtained":["Force Field"]}],"is_beta":false,"boss_relics":[{"not_picked":["SlaversCollar","Runic Pyramid"],"picked":"SacredBark"},{"not_picked":["Snecko Eye","Black Star"],"picked":"Busted Crown"}],"items_purged_floors":[7,22,38],"is_endless":false,"potions_floor_spawned":[5,11,14,24,27,28,29,39,44,48],"ascension_level":9}}