{"host":"3oax8yz66k5njorr","time":1610686940,"event":{"mods":["AchievementEnabler","BaseMod","Colored Map","Colored Powertips","DeckTracker","Minty Spire (QoL Compilation)","Rare Cards Sparkle"],"gold_per_floor":[115,125,144,160,160,192,192,203,228,245,245,265,284,294,294,391,391,410,430,446,466,479,479,496,509,586,108,125,141,141,167,167,267,267,279,379,128,138,155,155,155,155,224,30,75,75,94,2,2,2],"floor_reached":51,"language":"KOR","playtime":2418,"items_purged":["Strike_G","Defend_G"],"score":704,"play_id":"53492b00-3e35-4a76-9eeb-ce72229969d3","local_time":"20210115140220","is_ascension_mode":false,"campfire_choices":[{"data":"Envenom","floor":7,"key":"SMITH"},{"data":"Well Laid Plans","floor":11,"key":"SMITH"},{"floor":15,"key":"REST"},{"data":"After Image","floor":23,"key":"SMITH"},{"floor":32,"key":"REST"},{"data":"Footwork","floor":40,"key":"SMITH"},{"data":"Footwork","floor":42,"key":"SMITH"},{"data":"Apotheosis","floor":46,"key":"SMITH"},{"floor":49,"key":"REST"}],"circlet_count":0,"master_deck":["Strike_G","Strike_G","Defend_G","Defend_G","Defend_G","Defend_G","Survivor","Neutralize","Dagger Spray","Poisoned Stab","Dagger Spray","Dagger Throw","Finesse","Envenom+1","Neutralize","Cloak And Dagger","Well Laid Plans+1","Footwork+1","Adrenaline","Backstab","After Image+1","PiercingWail+1","Catalyst","Catalyst","Backflip","Escape Plan+1","Adrenaline","Footwork+1","Skewer","Blade Dance","Dodge and Roll+1","Bouncing Flask","Apotheosis+1","Sucker Punch+1","Blur+1","Flash of Steel"],"relics":["Ring of the Snake","NeowsBlessing","Shuriken","Bronze Scales","Sozu","Blue Candle","Chemical X","Vajra","Blood Vial","Empty Cage","Happy Flower","Paper Crane","Unceasing Top"],"acts_visited":["Exordium","TheCity","TheBeyond"],"potions_floor_usage":[16,21,31],"damage_taken":[{"damage":0.0,"enemies":"2 Louse","floor":1.0,"turns":1.0},{"damage":0.0,"enemies":"Cultist","floor":2.0,"turns":1.0},{"damage":0.0,"enemies":"Small Slimes","floor":3.0,"turns":1.0},{"damage":12.0,"enemies":"Exordium Wildlife","floor":4.0,"turns":4.0},{"damage":19,"enemies":"Lagavulin","floor":6,"turns":5},{"damage":4,"enemies":"Looter","floor":8,"turns":2},{"damage":5,"enemies":"3 Louse","floor":10,"turns":2},{"damage":1,"enemies":"Lots of Slimes","floor":12,"turns":2},{"damage":5,"enemies":"Looter","floor":13,"turns":4},{"damage":0,"enemies":"Large Slime","floor":14,"turns":3},{"damage":23,"enemies":"Slime Boss","floor":16,"turns":7},{"damage":9,"enemies":"Chosen","floor":18,"turns":5},{"damage":0,"enemies":"Shell Parasite","floor":19,"turns":5},{"damage":7,"enemies":"Snecko","floor":20,"turns":5},{"damage":4,"enemies":"Centurion and Healer","floor":21,"turns":5},{"damage":5,"enemies":"Snake Plant","floor":22,"turns":4},{"damage":2,"enemies":"Chosen and Byrds","floor":24,"turns":5},{"damage":12,"enemies":"Snecko","floor":25,"turns":6},{"damage":0,"enemies":"Snake Plant","floor":28,"turns":4},{"damage":3,"enemies":"Sentry and Sphere","floor":29,"turns":4},{"damage":3,"enemies":"Gremlin Leader","floor":31,"turns":5},{"damage":17,"enemies":"Collector","floor":33,"turns":7},{"damage":1,"enemies":"Orb Walker","floor":35,"turns":2},{"damage":9,"enemies":"3 Darklings","floor":38,"turns":4},{"damage":0,"enemies":"Transient","floor":39,"turns":5},{"damage":12,"enemies":"2 Orb Walkers","floor":45,"turns":5},{"damage":1,"enemies":"Sphere and 2 Shapes","floor":47,"turns":4},{"damage":10,"enemies":"Donu and Deca","floor":50,"turns":9}],"seed_played":"-8296554412352420887","potions_obtained":[{"floor":2.0,"key":"BlessingOfTheForge"},{"floor":4.0,"key":"FearPotion"},{"floor":6,"key":"DistilledChaos"},{"floor":13,"key":"EssenceOfSteel"},{"floor":14,"key":"Fire Potion"}],"is_trial":false,"path_per_floor":["M","M","M","M","?","E","R","M","T","M","R","M","M","M","R","B",null,"M","M","M","M","M","R","M","M","T","$","M","M","?","E","R","B",null,"M","?","$","M","M","R","?","R","T","$","?","R","M","$","R","B",null],"character_chosen":"THE_SILENT","items_purchased":["Footwork","Chemical X","Vajra","Skewer","Happy Flower","Apotheosis","Flash of Steel"],"campfire_rested":3,"item_purchase_floors":[27,27,27,27,37,44,48],"current_hp_per_floor":[70,70,70,58,58,39,39,35,35,30,30,29,24,24,45,22,70,61,61,54,50,45,45,43,31,31,31,31,28,28,25,46,31,70,69,69,69,61,63,63,63,63,63,63,53,53,54,54,70,60],"gold":2,"neow_bonus":"THREE_ENEMY_KILL","is_daily":false,"chose_seed":false,"campfire_upgraded":6,"win_rate":0.0,"timestamp":1610686940,"path_taken":["M","M","M","M","?","E","R","M","T","M","R","M","M","?","R","BOSS","M","M","M","M","M","R","M","M","T","$","M","M","?","E","R","BOSS","M","?","$","M","?","R","?","R","T","$","?","R","M","$","R","BOSS"],"items_purchased_type":["Card","Relic","Relic","Card","Relic","Card","Card"],"build_version":"2020-12-22","purchased_purges":2,"victory":true,"max_hp_per_floor":[70,70,70,70,70,70,70,70,70,70,70,70,70,70,70,70,70,70,70,70,70,70,70,70,70,70,70,70,70,70,70,70,70,70,70,70,70,70,70,70,70,70,70,70,70,70,70,70,70,70],"card_choices":[{"not_picked":["Underhanded Strike","Leg Sweep"],"picked":"Dagger Spray","floor":1.0},{"not_picked":["Dodge and Roll","Caltrops"],"picked":"Poisoned Stab","floor":2.0},{"not_picked":["Prepared","PiercingWail"],"picked":"Dagger Spray","floor":3.0},{"not_picked":["Blade Dance","Sucker Punch"],"picked":"Dagger Throw","floor":4.0},{"not_picked":["Phantasmal Killer","Deflect"],"picked":"Cloak And Dagger","floor":6},{"not_picked":["Riddle With Holes","Reflex"],"picked":"Well Laid Plans","floor":8},{"not_picked":["Prepared","Acrobatics","Sucker Punch"],"picked":"SKIP","floor":10},{"not_picked":["Terror","PiercingWail"],"picked":"Footwork","floor":12},{"not_picked":["Dodge and Roll","Flying Knee"],"picked":"Adrenaline","floor":13},{"not_picked":["Quick Slash","Well Laid Plans"],"picked":"Backstab","floor":14},{"not_picked":["Night Terror","Doppelganger"],"picked":"After Image","floor":16},{"not_picked":["Sucker Punch","Deflect+1"],"picked":"PiercingWail+1","floor":18},{"not_picked":["Accuracy+1","Cloak And Dagger"],"picked":"Catalyst","floor":19},{"not_picked":["Cloak And Dagger","Flying Knee"],"picked":"Catalyst","floor":20},{"not_picked":["Poisoned Stab","Outmaneuver+1"],"picked":"Backflip","floor":21},{"not_picked":["Deflect","Reflex+1"],"picked":"Escape Plan+1","floor":22},{"not_picked":["Leg Sweep+1","Poisoned Stab"],"picked":"Adrenaline","floor":24},{"not_picked":["Acrobatics","Skewer+1"],"picked":"Blade Dance","floor":28},{"not_picked":["Acrobatics+1","Endless Agony+1"],"picked":"Dodge and Roll+1","floor":29},{"not_picked":["PiercingWail","Masterful Stab"],"picked":"Bouncing Flask","floor":31},{"not_picked":["Flying Knee","Dagger Throw","Dagger Spray+1"],"picked":"SKIP","floor":35},{"not_picked":["Outmaneuver+1","Bane","Sucker Punch+1"],"picked":"SKIP","floor":38},{"not_picked":["Calculated Gamble+1","Flying Knee+1","Dagger Throw+1"],"picked":"SKIP","floor":39},{"not_picked":["Bane+1","Underhanded Strike+1"],"picked":"Sucker Punch+1","floor":45},{"not_picked":["Prepared+1","Deflect+1"],"picked":"Blur+1","floor":47}],"player_experience":50866,"relics_obtained":[{"floor":6,"key":"Shuriken"},{"floor":9,"key":"Bronze Scales"},{"floor":26,"key":"Blue Candle"},{"floor":31,"key":"Blood Vial"},{"floor":43,"key":"Paper Crane"},{"floor":45,"key":"Unceasing Top"}],"event_choices":[{"damage_healed":0,"gold_gain":0,"player_choice":"3 cards matched","damage_taken":0,"max_hp_gain":0,"max_hp_loss":0,"event_name":"Match and Keep!","floor":5,"gold_loss":0,"cards_obtained":["Finesse","Envenom","Neutralize"]},{"damage_healed":0,"gold_gain":0,"player_choice":"Ignored","damage_taken":0,"max_hp_gain":0,"max_hp_loss":0,"event_name":"Ghosts","floor":30,"gold_loss":0},{"damage_healed":0,"gold_gain":100,"player_choice":"Pray","damage_taken":0,"max_hp_gain":0,"max_hp_loss":0,"event_name":"Golden Shrine","floor":36,"gold_loss":0},{"damage_healed":0,"gold_gain":0,"player_choice":"Ignored","damage_taken":0,"max_hp_gain":0,"max_hp_loss":0,"event_name":"Tomb of Lord Red Mask","floor":41,"gold_loss":0},{"damage_healed":0,"gold_gain":0,"player_choice":"Fight","damage_taken":0,"max_hp_gain":0,"max_hp_loss":0,"event_name":"Mysterious Sphere","floor":45,"gold_loss":0}],"is_beta":false,"boss_relics":[{"not_picked":["SlaversCollar","Astrolabe"],"picked":"Sozu"},{"not_picked":["Snecko Eye","Tiny House"],"picked":"Empty Cage"}],"items_purged_floors":[27,37],"is_endless":false,"potions_floor_spawned":[2,4,6,13,14,18,19,20,29,33,35,45,47],"ascension_level":0}}