{"host":"gzsdmyo07u314vug","time":1610735553,"event":{"mods":["2.2 Compatiblity","BaseMod","Downfall","GifTheSpireLib","Minty Spire (QoL Compilation)","Quick Restart","Rare Cards Sparkle","Relic Stats","Replay The Spire","Robot Space Explorer","Shop Mod","StSLib","The Bug Knight","The Construct","The Elementalist","The IronCluck","The Marked","The Servant 0.9.4","Unceasing Turn Reminder","everything is the same but u backflip on backflip","slay the spire mod where everything is the same but ironclad has a cowboy hat","vexMod"],"gold_per_floor":[115,12,87,37,51,51,68,82,82,7,7,36,49,64,64,64,64],"floor_reached":16,"language":"ENG","playtime":789,"items_purged":["Strike_P"],"score":128,"play_id":"8068570b-8a9c-4df9-abf2-30a6e782b803","local_time":"20210115153233","is_ascension_mode":true,"campfire_choices":[{"data":"Omniscience","floor":6.0,"key":"SMITH"},{"data":"ConjureBlade","floor":15,"key":"SMITH"}],"circlet_count":0,"master_deck":["Strike_P","Strike_P","Defend_P","Defend_P","Defend_P","Defend_P","Eruption","Vigilance","Omniscience+1","Crescendo","Halt","Tantrum","Halt","FlyingSleeves","CutThroughFate","ConjureBlade+1","Consecrate"],"relics":["PureWater","construct:FoamFinger","Replay:Bottled Steam"],"acts_visited":["Exordium"],"potions_floor_usage":[8,16],"damage_taken":[{"damage":0.0,"enemies":"2 Louse","floor":1.0,"turns":2.0},{"damage":14.0,"enemies":"Small Slimes","floor":5.0,"turns":3.0},{"damage":0.0,"enemies":"Jaw Worm","floor":7.0,"turns":2.0},{"damage":1,"enemies":"Lots of Slimes","floor":8,"turns":3},{"damage":2,"enemies":"Lagavulin","floor":12,"turns":6},{"damage":5,"enemies":"3 Louse","floor":13,"turns":4},{"damage":1,"enemies":"Red Slaver","floor":14,"turns":2},{"damage":38,"enemies":"Hexaghost","floor":16,"turns":9}],"seed_played":"-7851914877049254778","potions_obtained":[{"floor":7.0,"key":"Reflective Coating"},{"floor":14,"key":"LifebloodPotion"}],"is_trial":false,"path_per_floor":["M","$","?","?","M","R","M","M","T","$","?","E","M","M","R","B"],"character_chosen":"WATCHER","items_purchased":["Halt","Tantrum"],"campfire_rested":0,"item_purchase_floors":[2,2],"current_hp_per_floor":[72,72,61,61,47,47,47,46,46,46,46,44,39,38,38,0,0],"gold":64,"neow_bonus":"ONE_RANDOM_RARE_CARD","is_daily":false,"chose_seed":false,"campfire_upgraded":2,"win_rate":0.0,"timestamp":1610735553,"path_taken":["M","$","?","?","M","R","M","M","T","$","?","E","M","M","R","BOSS"],"items_purchased_type":["Card","Card"],"build_version":"2020-12-22","purchased_purges":1,"victory":false,"max_hp_per_floor":[72,72,72,72,72,72,72,72,72,72,72,72,72,72,72,72,72],"relic_stats":{"counters":[8,31],"obtain_stats":[{"construct:FoamFinger":9,"PureWater":0,"Replay:Bottled Steam":12},{"construct:FoamFinger":4,"PureWater":0,"Replay:Bottled Steam":5},{"construct:FoamFinger":10,"PureWater":0,"Replay:Bottled Steam":16}]},"card_choices":[{"not_picked":["Replay:ManipulateFuture","BowlingBash"],"picked":"Crescendo","floor":1.0},{"not_picked":["Replay:ManipulateFuture","ClearTheMind"],"picked":"Halt","floor":5.0},{"not_picked":["SandsOfTime","Evaluate"],"picked":"FlyingSleeves","floor":7.0},{"not_picked":["InnerPeace","WindmillStrike"],"picked":"CutThroughFate","floor":8},{"not_picked":["InnerPeace","ForeignInfluence"],"picked":"ConjureBlade","floor":12},{"not_picked":["Nirvana","CutThroughFate"],"picked":"Consecrate","floor":13},{"not_picked":["JustLucky","Replay:BluntJabs","Replay:AtTheReady"],"picked":"SKIP","floor":14}],"player_experience":739650,"relics_obtained":[{"floor":9,"key":"construct:FoamFinger"},{"floor":12,"key":"Replay:Bottled Steam"}],"event_choices":[{"damage_healed":0.0,"max_hp_gain":0.0,"max_hp_loss":0.0,"gold_gain":75.0,"event_name":"World of Goop","player_choice":"Gather Gold","floor":3.0,"gold_loss":0.0,"damage_taken":11.0},{"cards_removed":["Strike_P"],"damage_healed":0.0,"max_hp_gain":0.0,"max_hp_loss":0.0,"gold_gain":0.0,"event_name":"The Cleric","player_choice":"Card Removal","floor":4.0,"gold_loss":50.0,"damage_taken":0.0},{"damage_healed":0,"gold_gain":0,"player_choice":"Ignored","damage_taken":0,"max_hp_gain":0,"max_hp_loss":0,"event_name":"Liars Game","floor":11,"gold_loss":0}],"is_beta":false,"boss_relics":[],"items_purged_floors":[10],"is_endless":false,"potions_floor_spawned":[7,14],"killed_by":"Hexaghost","ascension_level":5}}