{"host":"840yoaz69lavfcgt","time":1610702567,"event":{"mods":["BaseMod","Colored Powertips","DeckTracker","Highlight Path","Minty Spire (QoL Compilation)","Synergy Search"],"gold_per_floor":[111,386,398,415,415,444,14,30,30,48,48,78,105,117,117,219,219,238,238,163,179,197,197,232,232,314,314,333,333,364,32,32,132,132,144,144,162,20,0,0,28,43,92,104,166,178,210,257,269,281],"floor_reached":51,"language":"ENG","playtime":3767,"items_purged":[],"score":778,"play_id":"3efdabc8-1802-4c94-b0af-a137477773f5","local_time":"20210115042247","is_ascension_mode":false,"campfire_choices":[{"data":"Noxious Fumes","floor":11,"key":"SMITH"},{"data":"Backstab","floor":15,"key":"SMITH"},{"floor":23,"key":"REST"},{"data":"Blade Dance","floor":27,"key":"SMITH"},{"data":"Dash","floor":29,"key":"SMITH"},{"floor":32,"key":"REST"},{"data":"Noxious Fumes","floor":40,"key":"SMITH"},{"floor":44,"key":"REST"},{"floor":46,"key":"REST"},{"floor":49,"key":"REST"}],"circlet_count":0,"master_deck":["Strike_G","Strike_G","Strike_G","Defend_G","Defend_G","Defend_G","Defend_G","Survivor","Neutralize","Backstab+1","Blade Dance+1","Slice","Footwork","Prepared","Footwork","Dash+1","Noxious Fumes+1","Prepared","Corpse Explosion+1","Slice","Phantasmal Killer+1","Underhanded Strike+1","Terror+1","Escape Plan+1","Catalyst+1","Writhe","Poisoned Stab+1","Caltrops","Finisher","Flash of Steel","Bullet Time+1","Outmaneuver+1","Dodge and Roll+1","Noxious Fumes+1","Blade Dance+1","Cloak And Dagger+1","Dodge and Roll+1","Infinite Blades","Deflect+1","Acrobatics+1","Burst+1","PiercingWail+1"],"relics":["Ring of the Snake","Bottled Lightning","Darkstone Periapt","MealTicket","Gremlin Horn","Odd Mushroom","Toxic Egg 2","SacredBark","MutagenicStrength","Turnip","Ornamental Fan","StrikeDummy","Kunai","Blood Vial","SlaversCollar","Red Mask","Bag of Marbles","MawBank","Prayer Wheel","Bronze Scales"],"acts_visited":["Exordium","TheCity","TheBeyond"],"potions_floor_usage":[6,13,16,22,24,33,41,41,41,41,48,48],"damage_taken":[{"damage":1,"enemies":"Jaw Worm","floor":1,"turns":4},{"damage":3,"enemies":"Cultist","floor":3,"turns":3},{"damage":0,"enemies":"2 Louse","floor":4,"turns":2},{"damage":9,"enemies":"Lagavulin","floor":6,"turns":6},{"damage":2,"enemies":"Exordium Thugs","floor":8,"turns":6},{"damage":0,"enemies":"2 Fungi Beasts","floor":10,"turns":2},{"damage":12,"enemies":"The Mushroom Lair","floor":12,"turns":4},{"damage":2,"enemies":"3 Sentries","floor":13,"turns":6},{"damage":0,"enemies":"3 Louse","floor":14,"turns":2},{"damage":37,"enemies":"Slime Boss","floor":16,"turns":9},{"damage":15,"enemies":"2 Thieves","floor":18,"turns":3},{"damage":14,"enemies":"Chosen","floor":21,"turns":6},{"damage":12,"enemies":"3 Cultists","floor":22,"turns":3},{"damage":4,"enemies":"Gremlin Leader","floor":24,"turns":6},{"damage":4,"enemies":"Snecko","floor":28,"turns":4},{"damage":31,"enemies":"Slavers","floor":30,"turns":5},{"damage":31,"enemies":"Collector","floor":33,"turns":4},{"damage":13,"enemies":"Orb Walker","floor":35,"turns":3},{"damage":29,"enemies":"3 Darklings","floor":37,"turns":6},{"damage":56,"enemies":"Giant Head","floor":41,"turns":8},{"damage":4,"enemies":"Jaw Worm Horde","floor":42,"turns":3},{"damage":20,"enemies":"Mind Bloom Boss Battle","floor":45,"turns":5},{"damage":0,"enemies":"4 Shapes","floor":47,"turns":1},{"damage":37,"enemies":"Nemesis","floor":48,"turns":7},{"damage":29,"enemies":"Awakened One","floor":50,"turns":13}],"seed_played":"-920533802348202776","potions_obtained":[{"floor":3,"key":"ColorlessPotion"},{"floor":10,"key":"SpeedPotion"},{"floor":12,"key":"Block Potion"},{"floor":14,"key":"Poison Potion"},{"floor":16,"key":"Weak Potion"},{"floor":22,"key":"Fruit Juice"},{"floor":24,"key":"EntropicBrew"},{"floor":37,"key":"Fire Potion"},{"floor":45,"key":"Dexterity Potion"},{"floor":48,"key":"SmokeBomb"}],"is_trial":false,"path_per_floor":["M","?","M","M","?","E","$","M","T","M","R","?","E","M","R","B",null,"M","?","?","M","M","R","E","?","T","R","M","R","E","$","R","B",null,"M","?","M","$","?","R","E","M","T","R","?","R","M","E","R","B",null],"character_chosen":"THE_SILENT","items_purchased":["Darkstone Periapt","MealTicket","Footwork","Blood Vial","Finisher","Poison Potion","Flash of Steel","Noxious Fumes","Blade Dance+1","Cloak And Dagger+1"],"campfire_rested":5,"item_purchase_floors":[7,7,7,31,31,31,31,38,38,38],"current_hp_per_floor":[69,69,66,66,66,57,57,55,55,55,55,43,41,41,41,4,70,55,55,55,41,39,63,59,65,65,65,61,61,30,45,70,41,86,73,73,46,61,61,61,7,5,5,30,12,37,39,4,29,2],"gold":293,"neow_bonus":"TRANSFORM_CARD","is_daily":false,"chose_seed":false,"campfire_upgraded":5,"win_rate":0.0,"timestamp":1610702567,"path_taken":["M","?","?","?","?","E","$","M","T","?","R","?","E","M","R","BOSS","M","?","?","M","M","R","E","?","T","R","M","R","E","$","R","BOSS","M","?","M","$","?","R","E","M","T","R","?","R","M","E","R","BOSS"],"items_purchased_type":["Relic","Relic","Card","Relic","Card","Potion","Card","Card","Card","Card"],"build_version":"2020-12-22","purchased_purges":0,"victory":true,"max_hp_per_floor":[70,70,70,70,70,70,70,70,70,70,70,70,70,70,70,70,70,70,70,70,70,80,80,80,86,86,86,86,86,86,86,86,86,86,86,86,86,86,86,86,86,86,86,86,86,86,86,86,86,86],"card_choices":[{"not_picked":["Dagger Throw","Dagger Spray"],"picked":"Blade Dance","floor":1},{"not_picked":["Tactician","Caltrops"],"picked":"Slice","floor":3},{"not_picked":["Riddle With Holes","Dagger Spray"],"picked":"Footwork","floor":4},{"not_picked":["Outmaneuver","Die Die Die"],"picked":"Prepared","floor":6},{"not_picked":["Acrobatics","Dagger Spray"],"picked":"Dash","floor":8},{"not_picked":["Deadly Poison","Blade Dance"],"picked":"Noxious Fumes","floor":10},{"not_picked":["Quick Slash","Underhanded Strike"],"picked":"Prepared","floor":12},{"not_picked":["Endless Agony","Blade Dance+1"],"picked":"Corpse Explosion+1","floor":13},{"not_picked":["Flying Knee","Sucker Punch"],"picked":"Slice","floor":14},{"not_picked":["After Image","Storm of Steel+1"],"picked":"Phantasmal Killer+1","floor":16},{"not_picked":["Dagger Throw","Masterful Stab"],"picked":"Underhanded Strike+1","floor":18},{"not_picked":["Backflip+1","Sucker Punch"],"picked":"Terror+1","floor":21},{"not_picked":["Calculated Gamble+1","Masterful Stab+1"],"picked":"Escape Plan+1","floor":22},{"not_picked":["Blur+1","Caltrops"],"picked":"Catalyst+1","floor":24},{"not_picked":["Acrobatics+1","Footwork"],"picked":"Poisoned Stab+1","floor":28},{"not_picked":["Bane+1","Footwork+1"],"picked":"Caltrops","floor":30},{"not_picked":["Doppelganger+1","Die Die Die"],"picked":"Bullet Time+1","floor":33},{"not_picked":["Prepared+1","Backflip+1"],"picked":"Outmaneuver+1","floor":35},{"not_picked":["PiercingWail+1","Blade Dance+1"],"picked":"Dodge and Roll+1","floor":37},{"not_picked":["Footwork+1","Bane"],"picked":"Dodge and Roll+1","floor":41},{"not_picked":["Backflip+1","Deadly Poison+1"],"picked":"Infinite Blades","floor":42},{"not_picked":["Caltrops+1","Dodge and Roll+1"],"picked":"Deflect+1","floor":45},{"not_picked":["Flying Knee","Dagger Throw"],"picked":"Acrobatics+1","floor":47},{"not_picked":["Tactician+1","Terror+1"],"picked":"Burst+1","floor":47},{"not_picked":["Caltrops","Reflex+1"],"picked":"PiercingWail+1","floor":48}],"player_experience":199471,"relics_obtained":[{"floor":6,"key":"Bottled Lightning"},{"floor":9,"key":"Gremlin Horn"},{"floor":12,"key":"Odd Mushroom"},{"floor":13,"key":"Toxic Egg 2"},{"floor":24,"key":"Turnip"},{"floor":26,"key":"StrikeDummy"},{"floor":30,"key":"Kunai"},{"floor":41,"key":"Bag of Marbles"},{"floor":43,"key":"MawBank"},{"floor":45,"key":"Prayer Wheel"},{"floor":48,"key":"Bronze Scales"}],"event_choices":[{"damage_healed":0,"gold_gain":275,"player_choice":"Desecrate","damage_taken":0,"max_hp_gain":0,"max_hp_loss":0,"event_name":"Golden Shrine","floor":2,"gold_loss":0,"cards_obtained":["Regret"]},{"cards_removed":["Regret"],"damage_healed":0,"gold_gain":0,"player_choice":"Purged","damage_taken":0,"max_hp_gain":0,"max_hp_loss":0,"event_name":"Purifier","floor":5,"gold_loss":0},{"damage_healed":0,"gold_gain":0,"player_choice":"Fought Mushrooms","damage_taken":0,"max_hp_gain":0,"max_hp_loss":0,"event_name":"Mushrooms","floor":12,"gold_loss":0},{"damage_healed":0,"gold_gain":0,"player_choice":"Inject Mutagens","damage_taken":0,"relics_obtained":["MutagenicStrength"],"max_hp_gain":0,"max_hp_loss":0,"event_name":"Drug Dealer","floor":19,"gold_loss":0},{"cards_removed":["Strike_G"],"damage_healed":0,"gold_gain":0,"player_choice":"Gave Gold","damage_taken":0,"max_hp_gain":0,"max_hp_loss":0,"event_name":"Beggar","floor":20,"gold_loss":75},{"damage_healed":0,"gold_gain":0,"player_choice":"Opened","damage_taken":0,"relics_obtained":["Ornamental Fan"],"max_hp_gain":0,"max_hp_loss":0,"event_name":"The Mausoleum","floor":25,"gold_loss":0,"cards_obtained":["Writhe"]},{"cards_removed":["Defend_G"],"damage_healed":0,"gold_gain":0,"player_choice":"Removed Skill","damage_taken":0,"max_hp_gain":0,"max_hp_loss":0,"event_name":"Falling","floor":36,"gold_loss":0},{"damage_healed":0,"gold_gain":0,"player_choice":"Paid","damage_taken":0,"relics_obtained":["Red Mask"],"max_hp_gain":0,"max_hp_loss":0,"event_name":"Tomb of Lord Red Mask","floor":39,"gold_loss":20},{"damage_healed":0,"gold_gain":0,"player_choice":"Fight","damage_taken":0,"max_hp_gain":0,"max_hp_loss":0,"event_name":"MindBloom","floor":45,"gold_loss":0}],"is_beta":false,"boss_relics":[{"not_picked":["Fusion Hammer","Busted Crown"],"picked":"SacredBark"},{"not_picked":["Black Star","Cursed Key"],"picked":"SlaversCollar"}],"items_purged_floors":[],"is_endless":false,"potions_floor_spawned":[3,10,12,14,16,22,24,37,45,48],"ascension_level":0}}