{"host":"lxihx0b6awoz2w1j","time":1610723727,"event":{"mods":["Aspiration","BaseMod","Better Third Choice","CapriCore","Colored Powertips","Downfall","Hermit","Hubris","Infinite Spire","JesterMod","Luminous","Marisa????????","Melee Mod","Minty Spire (QoL Compilation)","Prisma Mod","Quick Restart","Relic Stats","Replay The Spire","Shade Mod","Spicy Shops","StSLib","The Alterego","The Blue Laboratory","The Cursed","The Disciple","The Forsaken","The Immortal","The Jungle","The Marked","The Runesmith","The Senshi","The Servant 0.9.4","Waifu the Spire"],"gold_per_floor":[118,118,133,147,147,147,163,163,188,188,212,228,255,267,282,282,282,384,384,397,397,413,413,413,431,450,450,482,482,482,502,536,536,550,568,568,672,672,687,687,687,687,687,687,714,714,714,739,752,772,32,32,32,32],"floor_reached":55,"language":"ENG","playtime":4170,"items_purged":[],"score":1007,"play_id":"2a1bbe15-f47c-4548-90f1-51ed1e388ad8","local_time":"20210115161527","is_ascension_mode":true,"campfire_choices":[{"floor":8.0,"key":"REST"},{"data":"LikeWater","floor":10.0,"key":"SMITH"},{"data":"PathToVictory","floor":17.0,"key":"SMITH"},{"floor":27,"key":"REST"},{"data":"Replay:LoomingThreat","floor":29,"key":"SMITH"},{"data":"ReplaySolidLightProjector","floor":29,"key":"SMITH"},{"data":"SpiritShield","floor":33,"key":"SMITH"},{"data":"Protect","floor":33,"key":"SMITH"},{"data":"Judgement","floor":36,"key":"SMITH"},{"data":"Self Repair","floor":36,"key":"SMITH"},{"data":"LessonLearned","floor":44,"key":"SMITH"},{"data":"ReplayTheSpireMod:Black Plague","floor":44,"key":"SMITH"},{"floor":46,"key":"REST"},{"data":"DevaForm","floor":53,"key":"SMITH"},{"data":"Loop","floor":53,"key":"SMITH"}],"circlet_count":0,"master_deck":["Strike_P","Strike_P","Strike_P","Strike_P","Defend_P","Defend_P","Defend_P","Defend_P","Eruption+1","Vigilance+1","Halt","LikeWater+1","SpiritShield+1","ReachHeaven","EmptyBody","PathToVictory+1","DeceiveReality","Replay:DivineShield+1","Protect+1","Judgement+1","Leap","Redo+1","ReplaySolidLightProjector+1","Self Repair+1","Replay:LoomingThreat+1","Sweeping Beam","FlurryOfBlows","CrushJoints","FlurryOfBlows","LessonLearned+1","LikeWater","ReplayTheSpireMod:Black Plague+1","Wallop+1","Beam Cell+1","Self Repair","DevaForm+1","Loop+1","FTL","FTL","Streamline"],"relics":["PureWater","infinitespire:WardingShard","Vajra","Matryoshka","aspiration:DefectSkillbook","Toolbox","Replay:Arrowhead","Shuriken","Bronze Scales","aspiration:TomeofQuesting","Philosopher\u0027s Stone","hubris:Towel","Regal Pillow","Lizard Tail","Damaru","Replay:Purple Gloves","Replay:Kaleidoscope","aspiration:Nostalgia","Shade:YorickSkull","infinitespire:EmpoweringShard","infinitespire:Lucky Rock","hubris:Icosahedron"],"acts_visited":["Exordium","TheCity","TheBeyond"],"potions_floor_usage":[],"damage_taken":[{"damage":7.0,"enemies":"Small Slimes","floor":1.0,"turns":5.0},{"damage":0.0,"enemies":"2 Louse","floor":3.0,"turns":4.0},{"damage":1.0,"enemies":"Cultist","floor":4.0,"turns":5.0},{"damage":12.0,"enemies":"Exordium Thugs","floor":7.0,"turns":9.0},{"damage":0.0,"enemies":"Gremlin Nob","floor":9.0,"turns":2.0},{"damage":0.0,"enemies":"Looter","floor":12.0,"turns":3.0},{"damage":7.0,"enemies":"Lagavulin","floor":13.0,"turns":6.0},{"damage":0.0,"enemies":"3 Louse","floor":14.0,"turns":3.0},{"damage":0.0,"enemies":"Large Slime","floor":15.0,"turns":6.0},{"damage":15.0,"enemies":"The Guardian","floor":18.0,"turns":12.0},{"damage":1.0,"enemies":"Shell Parasite","floor":20.0,"turns":5.0},{"damage":0.0,"enemies":"Spheric Guardian","floor":22.0,"turns":3.0},{"damage":28.0,"enemies":"Shelled Parasite and Fungi","floor":25.0,"turns":7.0},{"damage":0,"enemies":"Centurion and Healer","floor":26,"turns":8},{"damage":0,"enemies":"Replay:Snechameleon","floor":28,"turns":7},{"damage":4,"enemies":"Snecko","floor":31,"turns":6},{"damage":0,"enemies":"Book of Stabbing","floor":32,"turns":7},{"damage":0,"enemies":"Sentry and Sphere","floor":34,"turns":2},{"damage":23,"enemies":"Centurion and Healer","floor":35,"turns":3},{"damage":2,"enemies":"Collector","floor":37,"turns":7},{"damage":5,"enemies":"3 Darklings","floor":39,"turns":4},{"damage":45,"enemies":"Reptomancer","floor":45,"turns":6},{"damage":0,"enemies":"Giant Head","floor":48,"turns":10},{"damage":4,"enemies":"Orb Walker","floor":49,"turns":3},{"damage":0,"enemies":"4 Shapes","floor":50,"turns":4},{"damage":26,"enemies":"hubris:GrandSnecko","floor":54,"turns":12}],"seed_played":"-8444662759904885028","potions_obtained":[{"floor":4.0,"key":"Strength Potion"},{"floor":7.0,"key":"SkillPotion"},{"floor":12.0,"key":"blueLaboratory:PhilterOfMotion"},{"floor":14.0,"key":"blueLaboratory:EnragingPotion"},{"floor":20.0,"key":"Swift Potion"},{"floor":25.0,"key":"blueLaboratory:ForbiddenFruitJuice"},{"floor":35,"key":"FairyPotion"}],"is_trial":false,"path_per_floor":["M","?","M","M","PTL","PTL","M","R","E","R","T","M","E","M","M","?","R","B",null,"M","AVR","M","PTL","PTL","M","M","R","E","R","T","M","E","R","M","M","R","B",null,"M","?","AVR","?","?","R","E","R","T","E","M","M","$","?","R","B",null],"character_chosen":"WATCHER","items_purchased":["Loop","aspiration:Nostalgia","infinitespire:EmpoweringShard","FTL","infinitespire:Lucky Rock","Streamline"],"campfire_rested":3,"item_purchase_floors":[51,51,51,51,51,51],"current_hp_per_floor":[65,65,65,64,64,64,52,72,72,72,72,72,65,65,65,65,65,50,72,71,71,71,71,71,43,43,64,71,71,71,72,72,72,72,56,56,64,72,72,72,72,72,72,72,37,72,72,72,68,72,72,72,72,63],"gold":32,"neow_bonus":"RANDOM_EVENT","is_daily":false,"chose_seed":false,"campfire_upgraded":12,"win_rate":0.0,"timestamp":1610723727,"path_taken":["M","?","M","M","PTL","PTL","M","R","E","R","T","M","E","M","M","?","R","BOSS","M","AVR","M","PTL","PTL","M","M","R","E","R","T","M","E","R","M","?","R","BOSS","M","?","AVR","?","?","R","E","R","T","E","M","M","$","?","R","BOSS"],"items_purchased_type":["Card","Relic","Relic","Card","Relic","Card"],"build_version":"2020-12-22","purchased_purges":0,"victory":true,"max_hp_per_floor":[72,72,72,72,72,72,72,72,72,72,72,72,72,72,72,72,72,72,72,72,72,72,72,72,72,72,72,72,72,72,72,72,72,72,72,72,72,72,72,72,72,72,72,72,72,72,72,72,72,72,72,72,72,72],"relic_stats":{"Regal Pillow":14,"Lizard Tail":0,"counters":[26,147],"Shuriken":[13],"Bronze Scales":[174],"obtain_stats":[{"Regal Pillow":41,"aspiration:Nostalgia":51,"Shade:YorickSkull":51,"Vajra":11,"Damaru":47,"Replay:Purple Gloves":47,"aspiration:TomeofQuesting":32,"Replay:Kaleidoscope":48,"infinitespire:Lucky Rock":51,"hubris:Towel":40,"Replay:Arrowhead":28,"Lizard Tail":45,"Matryoshka":13,"hubris:Icosahedron":52,"infinitespire:WardingShard":9,"aspiration:DefectSkillbook":19,"Shuriken":30,"Bronze Scales":30,"Toolbox":21,"Philosopher\u0027s Stone":38,"infinitespire:EmpoweringShard":51,"PureWater":0},{"Regal Pillow":21,"aspiration:Nostalgia":25,"Shade:YorickSkull":25,"Vajra":5,"Damaru":22,"Replay:Purple Gloves":22,"aspiration:TomeofQuesting":17,"Replay:Kaleidoscope":23,"infinitespire:Lucky Rock":25,"hubris:Towel":21,"Replay:Arrowhead":15,"Lizard Tail":22,"Matryoshka":7,"hubris:Icosahedron":25,"infinitespire:WardingShard":5,"aspiration:DefectSkillbook":10,"Shuriken":15,"Bronze Scales":15,"Toolbox":11,"Philosopher\u0027s Stone":20,"infinitespire:EmpoweringShard":25,"PureWater":0},{"Regal Pillow":113,"aspiration:Nostalgia":135,"Shade:YorickSkull":135,"Vajra":25,"Damaru":119,"Replay:Purple Gloves":119,"aspiration:TomeofQuesting":97,"Replay:Kaleidoscope":129,"infinitespire:Lucky Rock":135,"hubris:Towel":113,"Replay:Arrowhead":85,"Lizard Tail":119,"Matryoshka":34,"hubris:Icosahedron":135,"infinitespire:WardingShard":25,"aspiration:DefectSkillbook":55,"Shuriken":85,"Bronze Scales":85,"Toolbox":60,"Philosopher\u0027s Stone":109,"infinitespire:EmpoweringShard":135,"PureWater":0}]},"card_choices":[{"not_picked":["Collect","Sanctity"],"picked":"Halt","floor":1.0},{"not_picked":["FlyingSleeves","ThirdEye"],"picked":"LikeWater","floor":3.0},{"not_picked":["Halt","EmptyBody"],"picked":"SpiritShield","floor":4.0},{"not_picked":["Consecrate","FlyingSleeves"],"picked":"ReachHeaven","floor":7.0},{"not_picked":["ReachHeaven","Consecrate"],"picked":"EmptyBody","floor":9.0},{"not_picked":["ThirdEye","FollowUp"],"picked":"PathToVictory","floor":12.0},{"not_picked":["EmptyBody","Wireheading"],"picked":"DeceiveReality","floor":13.0},{"not_picked":["Pray","Conclude"],"picked":"Replay:DivineShield","floor":14.0},{"not_picked":["JustLucky","Halt"],"picked":"Protect","floor":15.0},{"not_picked":["Alpha","MasterReality"],"picked":"Judgement","floor":18.0},{"not_picked":["Panic Button","Replay:BluntJabs","Protect"],"picked":"Leap","floor":20.0},{"not_picked":["ReplaySort+1","Replay:ManipulateFuture+1","Consecrate"],"picked":"Redo+1","floor":22.0},{"not_picked":["Sanctity","Replay:Cycle","Fusion"],"picked":"ReplaySolidLightProjector","floor":25.0},{"not_picked":["BowlingBash","Protect","BasicCrystalCard"],"picked":"Self Repair","floor":26},{"not_picked":["Turbo","Rebound+1","SashWhip+1"],"picked":"Replay:LoomingThreat","floor":28},{"not_picked":["Coolheaded+1","Indignation","Leap"],"picked":"Sweeping Beam","floor":31},{"not_picked":["All For One","Crystallizer","LikeWater"],"picked":"FlurryOfBlows","floor":32},{"not_picked":["Consecrate","Sweeping Beam","InnerPeace"],"picked":"CrushJoints","floor":34},{"not_picked":["WheelKick+1","Force Field","Go for the Eyes"],"picked":"FlurryOfBlows","floor":35},{"not_picked":["ReplayTheSpireMod:Fabricate Wheel","Ragnarok","Omniscience"],"picked":"LessonLearned","floor":37},{"not_picked":["CutThroughFate+1","Replay:BluntJabs","Go for the Eyes"],"picked":"LikeWater","floor":39},{"not_picked":["Panic Button+1","Cold Snap+1","Evaluate"],"picked":"Wallop+1","floor":45},{"not_picked":["Steam+1","Replay:Cycle+1","FearNoEvil"],"picked":"Beam Cell+1","floor":48},{"not_picked":["Rip and Tear+1","Leap","Steam"],"picked":"Self Repair","floor":49},{"not_picked":["FlurryOfBlows","Redo","SignatureMove+1"],"picked":"DevaForm","floor":50}],"player_experience":613839,"relics_obtained":[{"floor":9.0,"key":"infinitespire:WardingShard"},{"floor":11.0,"key":"Vajra"},{"floor":13.0,"key":"Matryoshka"},{"floor":28,"key":"Replay:Arrowhead"},{"floor":30,"key":"Shuriken"},{"floor":30,"key":"Bronze Scales"},{"floor":32,"key":"aspiration:TomeofQuesting"},{"floor":45,"key":"Lizard Tail"},{"floor":47,"key":"Damaru"},{"floor":47,"key":"Replay:Purple Gloves"},{"floor":48,"key":"Replay:Kaleidoscope"}],"event_choices":[{"damage_healed":0.0,"max_hp_gain":0.0,"max_hp_loss":0.0,"gold_gain":0.0,"event_name":"Living Wall","player_choice":"Grow","floor":0.0,"gold_loss":0.0,"damage_taken":0.0,"cards_upgraded":["Eruption"]},{"damage_healed":0.0,"max_hp_gain":0.0,"max_hp_loss":0.0,"gold_gain":0.0,"event_name":"Accursed Blacksmith","player_choice":"Forge","floor":16.0,"gold_loss":0.0,"damage_taken":0.0,"cards_upgraded":["Replay:DivineShield"]},{"damage_healed":0,"gold_gain":0,"player_choice":"Ignored","damage_taken":0,"max_hp_gain":0,"max_hp_loss":0,"event_name":"Tomb of Lord Red Mask","floor":43,"gold_loss":0}],"is_beta":false,"boss_relics":[{"not_picked":["Black Star","Coffee Dripper"],"picked":"aspiration:DefectSkillbook"},{"not_picked":["hubris:BlackHole","ReplayTheSpireMod:DimensionalGlitch"],"picked":"Philosopher\u0027s Stone"}],"items_purged_floors":[],"is_endless":false,"potions_floor_spawned":[4,7,12,14,20,25,28,35,45],"ascension_level":3}}