{"host":"aaqofma31c3gm2hj","time":1610683280,"event":{"mods":["BaseMod","GungeonMod","Minty Spire (QoL Compilation)","Replay The Spire","Spicy Shops","StSLib"],"gold_per_floor":[119,155,205,24,24,24,59,75,101,101,51,65,80,80,80,80,80],"floor_reached":16,"language":"ZHS","playtime":182,"items_purged":["Defend_P","Defend_P","Pain"],"score":246,"play_id":"e8e0dfcc-08dc-4fdb-b32f-55f06d57c8d6","local_time":"20210115120120","is_ascension_mode":true,"campfire_choices":[{"data":"Eruption","floor":6,"key":"SMITH"},{"data":"InnerPeace","floor":10,"key":"SMITH"},{"data":"BowlingBash","floor":15,"key":"SMITH"}],"circlet_count":0,"master_deck":["AscendersBane","Strike_P","Strike_P","Strike_P","Strike_P","Defend_P","Eruption+1","Vigilance","BowlingBash+1","Ragnarok+1","Pot Of Greed","Pot Of Greed","InnerPeace+1","Languid","Vault+1"],"relics":["PureWater","NeowsBlessing","Letter Opener","Ring of Greed","Golden Egg","Smiling Mask","Ring of Peace","WarpedTongs","Grinning Jar","DemoMod:GlassGuonStoneRelic","Toy Ornithopter"],"acts_visited":["Exordium"],"potions_floor_usage":[16],"damage_taken":[{"damage":0.0,"enemies":"2 Louse","floor":1.0,"turns":1.0},{"damage":0,"enemies":"Gremlin Nob","floor":7,"turns":1},{"damage":0,"enemies":"Jaw Worm","floor":8,"turns":1},{"damage":0,"enemies":"Cultist","floor":12,"turns":3},{"damage":0,"enemies":"3 Louse","floor":13,"turns":2},{"damage":0,"enemies":"Hexaghost","floor":16,"turns":1}],"seed_played":"5062085948978600566","potions_obtained":[{"floor":2,"key":"SpeedPotion"},{"floor":8,"key":"SkillPotion"}],"is_trial":false,"path_per_floor":["M","?","?","$","?","R","E","M","T","R","$","M","M","?","R","B"],"character_chosen":"WATCHER","items_purchased":["Ragnarok"],"campfire_rested":0,"item_purchase_floors":[4],"current_hp_per_floor":[61,39,39,39,39,39,39,39,39,39,39,39,39,39,39,39,39],"gold":80,"neow_bonus":"THREE_ENEMY_KILL","is_daily":false,"chose_seed":false,"campfire_upgraded":3,"win_rate":0.0,"timestamp":1610683280,"path_taken":["M","?","?","?","?","R","E","M","T","R","$","?","M","?","R","BOSS"],"items_purchased_type":["Card"],"build_version":"2020-12-22","purchased_purges":3,"victory":false,"max_hp_per_floor":[68,68,68,68,68,68,68,68,68,68,68,68,68,68,68,68,68],"card_choices":[{"not_picked":["EmptyFist","Meditate"],"picked":"BowlingBash","floor":1.0},{"not_picked":["ReachHeaven","EmptyFist","SandsOfTime"],"picked":"SKIP","floor":7},{"not_picked":["BowlingBash","Evaluate"],"picked":"InnerPeace","floor":8},{"not_picked":["Replay:ManipulateFuture","SandsOfTime","Replay:BluntJabs"],"picked":"SKIP","floor":12},{"not_picked":["Replay:BluntJabs","JustLucky","LikeWater"],"picked":"SKIP","floor":13}],"player_experience":594480,"relics_obtained":[{"floor":2,"key":"Letter Opener"},{"floor":3,"key":"Ring of Greed"},{"floor":3,"key":"Golden Egg"},{"floor":3,"key":"Smiling Mask"},{"floor":3,"key":"Ring of Peace"},{"floor":7,"key":"Grinning Jar"},{"floor":9,"key":"Toy Ornithopter"}],"event_choices":[{"damage_healed":0,"gold_gain":0,"player_choice":"Rummage","damage_taken":0,"relics_obtained":["WarpedTongs"],"max_hp_gain":0,"max_hp_loss":0,"event_name":"Accursed Blacksmith","floor":5,"gold_loss":0,"cards_obtained":["Pain"]},{"damage_healed":0,"gold_gain":0,"cards_transformed":["Defend_P"],"player_choice":"Change","damage_taken":0,"max_hp_gain":0,"max_hp_loss":0,"event_name":"Living Wall","floor":14,"gold_loss":0,"cards_obtained":["Vault"]}],"is_beta":false,"boss_relics":[],"items_purged_floors":[4,4,11],"is_endless":false,"potions_floor_spawned":[8],"killed_by":"Hexaghost","ascension_level":20}}