{"host":"gf6ih3azu8xi0kst","time":1610740237,"event":{"mods":["AchievementEnabler","BaseMod","Bestiary","Colored Map","Colored Powertips","Dark Map","Marisa????????","Minty Spire (QoL Compilation)","StSLib","The Cursed","The Senshi","The Servant 0.9.4","??????REMEMod"],"gold_per_floor":[169,22,22,41,41,41,84,108,132,153,80,123,123,146,146,266,266,321,33,53,53,68,95,95,20,88,137,137,181,223,240,240,240,240],"floor_reached":33,"language":"ENG","playtime":3286,"items_purged":["Strike_G"],"score":347,"play_id":"229d6dfa-d11d-47fc-b9e8-729bf1e86ea8","local_time":"20210115175037","is_ascension_mode":false,"campfire_choices":[{"floor":6,"key":"REST"},{"floor":13,"key":"RECALL"},{"data":"Catalyst","floor":15,"key":"SMITH"},{"data":"REME_GreenPollution","floor":28,"key":"SMITH"},{"floor":32,"key":"REST"}],"circlet_count":0,"master_deck":["Strike_G","Strike_G","Strike_G","Defend_G","Defend_G","Defend_G","Defend_G","Defend_G","Survivor+1","Neutralize","Desolation","Backflip","Catalyst+1","Deadly Poison","Deflect","Dash","Deflect","Dagger Throw","Poisoned Stab","Deadly Poison","Poisoned Stab","Glass Knife","Riddle With Holes","REME_GreenPollution+1","Blade Dance","Quick Slash","Riddle With Holes","Sucker Punch","Noxious Fumes","Deflect"],"relics":["REME_ComplimentaryCards","Tiny House","HandDrill","Bloody Idol","Art of War","Boot","WristBlade","Paper Crane","Tough Bandages","REME_ArchaeologicalTools","Pantograph"],"acts_visited":["Exordium","TheCity"],"potions_floor_usage":[7,7,12,18,18,20,23,30],"damage_taken":[{"damage":0,"enemies":"2 Louse","floor":1,"turns":4},{"damage":0,"enemies":"Jaw Worm","floor":4,"turns":3},{"damage":7,"enemies":"3 Sentries","floor":7,"turns":8},{"damage":9,"enemies":"Cultist","floor":8,"turns":4},{"damage":0,"enemies":"Exordium Wildlife","floor":10,"turns":5},{"damage":0,"enemies":"Gremlin Nob","floor":12,"turns":2},{"damage":2,"enemies":"Blue Slaver","floor":14,"turns":3},{"damage":34,"enemies":"The Guardian","floor":16,"turns":9},{"damage":1,"enemies":"Chosen","floor":18,"turns":4},{"damage":5,"enemies":"3 Byrds","floor":20,"turns":4},{"damage":23,"enemies":"Snecko","floor":22,"turns":5},{"damage":35,"enemies":"Gremlin Leader","floor":23,"turns":5},{"damage":0,"enemies":"Snake Plant","floor":27,"turns":2},{"damage":0,"enemies":"Chosen and Byrds","floor":29,"turns":3},{"damage":61,"enemies":"REME_1_Revenger","floor":30,"turns":6},{"damage":40,"enemies":"Centurion and Healer","floor":31,"turns":6},{"damage":79,"enemies":"Automaton","floor":33,"turns":10}],"seed_played":"-3353926399063309087","potions_obtained":[{"floor":0,"key":"Fire Potion"},{"floor":1,"key":"Fire Potion"},{"floor":10,"key":"ColorlessPotion"},{"floor":12,"key":"Fire Potion"},{"floor":16,"key":"REME_GoldPotion"},{"floor":18,"key":"Fruit Juice"},{"floor":22,"key":"Poison Potion"},{"floor":27,"key":"BlessingOfTheForge"}],"is_trial":false,"path_per_floor":["M","$","?","M","?","R","E","M","T","M","$","E","R","M","R","B",null,"M","$","M","?","M","E","?","$","T","M","R","M","E","M","R","B"],"character_chosen":"THE_SILENT","items_purchased":["HandDrill","Dagger Throw","Poisoned Stab","Paper Crane","REME_GreenPollution"],"campfire_rested":2,"item_purchase_floors":[2,11,11,19,19],"current_hp_per_floor":[75,75,57,57,62,80,73,64,64,64,64,64,64,62,62,28,80,84,84,79,79,61,31,31,31,36,85,85,85,44,14,39,0,0],"gold":240,"neow_bonus":"BOSS_RELIC","is_daily":false,"chose_seed":false,"campfire_upgraded":2,"win_rate":0.0,"timestamp":1610740237,"path_taken":["M","$","?","M","?","R","E","M","T","M","$","E","R","M","R","BOSS","M","$","M","?","M","E","?","$","T","M","R","M","E","?","R","BOSS"],"items_purchased_type":["Relic","Card","Card","Relic","Card"],"build_version":"2020-12-22","purchased_purges":1,"victory":false,"max_hp_per_floor":[75,75,75,75,80,80,80,80,80,80,80,80,80,80,80,80,80,85,85,85,85,85,85,85,85,85,85,85,85,85,85,85,85,85],"card_choices":[{"not_picked":["Heel Hook","Dodge and Roll"],"picked":"Backflip","floor":0},{"not_picked":["Slice","Setup"],"picked":"Catalyst","floor":1},{"not_picked":["Prepared","Dodge and Roll"],"picked":"Deadly Poison","floor":4},{"not_picked":["Doppelganger","Calculated Gamble"],"picked":"Deflect","floor":7},{"not_picked":["Underhanded Strike","Expertise"],"picked":"Dash","floor":8},{"not_picked":["Heel Hook","Reflex"],"picked":"Deflect","floor":10},{"not_picked":["Footwork","Eviscerate"],"picked":"Deadly Poison","floor":12},{"not_picked":["Outmaneuver","PiercingWail"],"picked":"Poisoned Stab","floor":14},{"not_picked":["REME_CopyPotion","A Thousand Cuts"],"picked":"Glass Knife","floor":16},{"not_picked":["Dash","PiercingWail+1"],"picked":"Riddle With Holes","floor":18},{"not_picked":["Flying Knee","Terror","Predator"],"picked":"SKIP","floor":20},{"not_picked":["Bane","Slice"],"picked":"Blade Dance","floor":22},{"not_picked":["Reflex","Outmaneuver"],"picked":"Quick Slash","floor":23},{"not_picked":["Crippling Poison","PiercingWail"],"picked":"Riddle With Holes","floor":27},{"not_picked":["Quick Slash","Terror"],"picked":"Sucker Punch","floor":29},{"not_picked":["REME_CopyPotion","Cloak And Dagger"],"picked":"Noxious Fumes","floor":30},{"not_picked":["Acrobatics","Quick Slash"],"picked":"Deflect","floor":31}],"player_experience":221385,"relics_obtained":[{"floor":7,"key":"Art of War"},{"floor":12,"key":"Boot"},{"floor":23,"key":"Tough Bandages"},{"floor":26,"key":"REME_ArchaeologicalTools"},{"floor":30,"key":"Pantograph"}],"event_choices":[{"damage_healed":0,"gold_gain":0,"player_choice":"Take Damage","damage_taken":18,"relics_obtained":["Golden Idol"],"max_hp_gain":0,"max_hp_loss":0,"event_name":"Golden Idol","floor":3,"gold_loss":0},{"damage_healed":0,"gold_gain":0,"player_choice":"Donut","damage_taken":0,"max_hp_gain":5,"max_hp_loss":0,"event_name":"Big Fish","floor":5,"gold_loss":0},{"damage_healed":0,"gold_gain":0,"player_choice":"Gave Idol","damage_taken":0,"relics_obtained":["Bloody Idol"],"max_hp_gain":0,"max_hp_loss":0,"event_name":"Forgotten Altar","floor":21,"relics_lost":["Golden Idol"],"gold_loss":0},{"cards_removed":["Strike_G"],"damage_healed":0,"gold_gain":0,"player_choice":"Offered Basic","damage_taken":0,"max_hp_gain":0,"max_hp_loss":0,"event_name":"Bonfire Elementals","floor":24,"gold_loss":0}],"is_beta":false,"boss_relics":[{"not_picked":["Ectoplasm","SacredBark"],"picked":"WristBlade"}],"items_purged_floors":[25],"is_endless":false,"potions_floor_spawned":[1,10,12,16,18,22,27],"killed_by":"Automaton","ascension_level":0}}