{"host":"zdhcon9z6t4xbcdl","time":1610720913,"event":{"mods":["BaseMod","Minty Spire (QoL Compilation)"],"gold_per_floor":[116,18,118,131,146,172,172,202,226,226,136,136,163,38,38,134,134,115,128,128,128,140,140,10,10,33,33,33],"floor_reached":27,"language":"ENG","playtime":1508,"items_purged":["Strike_B","Strike_B","Strike_B","Strike_B"],"score":238,"play_id":"3e663e72-df8f-4d61-865b-2a181862ab6a","local_time":"20210115142833","is_ascension_mode":true,"campfire_choices":[{"floor":7.0,"key":"REST"},{"floor":10.0,"key":"RECALL"},{"floor":12.0,"key":"REST"},{"floor":15.0,"key":"REST"},{"floor":23,"key":"REST"},{"data":"Darkness","floor":25,"key":"SMITH"}],"circlet_count":0,"master_deck":["Defend_B","Defend_B","Defend_B","Defend_B","Zap","Dualcast","Darkness","Conserve Battery","Double Energy","Go for the Eyes","FTL","Leap","Loop","Sweeping Beam","Defragment+1","Multi-Cast","FTL","Go for the Eyes","Gash","Beam Cell","Darkness+1"],"relics":["FrozenCore","Bronze Scales","Smiling Mask","Calipers","Orichalcum"],"acts_visited":["Exordium","TheCity"],"potions_floor_usage":[27,27],"damage_taken":[{"damage":10.0,"enemies":"Jaw Worm","floor":1.0,"turns":4.0},{"damage":8.0,"enemies":"Cultist","floor":4.0,"turns":4.0},{"damage":5.0,"enemies":"Small Slimes","floor":5.0,"turns":4.0},{"damage":34.0,"enemies":"3 Sentries","floor":6.0,"turns":8.0},{"damage":15.0,"enemies":"Gremlin Nob","floor":8.0,"turns":4.0},{"damage":17.0,"enemies":"3 Sentries","floor":13.0,"turns":7.0},{"damage":30.0,"enemies":"Slime Boss","floor":16.0,"turns":9.0},{"damage":19.0,"enemies":"2 Thieves","floor":18.0,"turns":4.0},{"damage":15.0,"enemies":"3 Byrds","floor":19.0,"turns":4.0},{"damage":27,"enemies":"3 Cultists","floor":22,"turns":6},{"damage":22,"enemies":"Colosseum Slavers","floor":27,"turns":5},{"damage":18,"enemies":"Colosseum Nobs","floor":27,"turns":2}],"seed_played":"2688060139201375379","potions_obtained":[{"floor":0.0,"key":"Fire Potion"},{"floor":0.0,"key":"PowerPotion"},{"floor":0.0,"key":"SteroidPotion"},{"floor":1.0,"key":"FocusPotion"},{"floor":13.0,"key":"SneckoOil"},{"floor":18.0,"key":"ColorlessPotion"},{"floor":19.0,"key":"Swift Potion"}],"is_trial":false,"path_per_floor":["M","$","?","M","M","E","R","E","T","R","$","R","E","$","R","B",null,"M","M","?","?","M","R","$","R","T","?"],"character_chosen":"DEFECT","items_purchased":["Conserve Battery","Loop","Defragment","Darkness"],"campfire_rested":4,"item_purchase_floors":[2,11,14,24],"current_hp_per_floor":[65,65,65,57,52,18,40,25,25,25,25,47,30,30,52,22,75,56,41,41,41,14,36,36,36,36,0,0],"gold":33,"neow_bonus":"THREE_SMALL_POTIONS","is_daily":false,"chose_seed":false,"campfire_upgraded":1,"win_rate":0.0,"timestamp":1610720913,"path_taken":["M","$","?","M","?","E","R","E","T","R","?","R","E","$","R","BOSS","M","M","?","?","?","R","$","R","T","?"],"items_purchased_type":["Card","Card","Card","Card"],"build_version":"2020-12-22","purchased_purges":4,"victory":false,"max_hp_per_floor":[75,75,75,75,75,75,75,75,75,75,75,75,75,75,75,75,75,75,75,75,75,75,75,75,75,75,75,75],"card_choices":[{"not_picked":["Stack","White Noise"],"picked":"Darkness","floor":1.0},{"not_picked":["Undo","Conserve Battery"],"picked":"Double Energy","floor":4.0},{"not_picked":["Turbo","Coolheaded"],"picked":"Go for the Eyes","floor":5.0},{"not_picked":["Machine Learning","Beam Cell"],"picked":"FTL","floor":6.0},{"not_picked":["Recycle","Tempest"],"picked":"Leap","floor":8.0},{"not_picked":["Scrape","White Noise"],"picked":"Sweeping Beam","floor":13.0},{"not_picked":["Biased Cognition","Amplify"],"picked":"Multi-Cast","floor":16.0},{"not_picked":["Conserve Battery","Barrage"],"picked":"FTL","floor":18.0},{"not_picked":["Streamline","Beam Cell"],"picked":"Go for the Eyes","floor":19.0},{"not_picked":["Compile Driver+1","Barrage"],"picked":"Beam Cell","floor":22}],"player_experience":67512,"relics_obtained":[{"floor":6.0,"key":"Bronze Scales"},{"floor":8.0,"key":"Smiling Mask"},{"floor":13.0,"key":"Calipers"},{"floor":26,"key":"Orichalcum"}],"event_choices":[{"damage_healed":0.0,"max_hp_gain":0.0,"max_hp_loss":0.0,"gold_gain":100.0,"event_name":"Wheel of Change","player_choice":"Gold","floor":3.0,"gold_loss":0.0,"damage_taken":0.0},{"damage_healed":0.0,"max_hp_gain":0.0,"max_hp_loss":0.0,"gold_gain":0.0,"event_name":"The Library","player_choice":"Read","floor":20.0,"gold_loss":0.0,"damage_taken":0.0,"cards_obtained":["Gash"]},{"damage_healed":0.0,"max_hp_gain":0.0,"max_hp_loss":0.0,"gold_gain":0.0,"event_name":"Upgrade Shrine","player_choice":"Upgraded","floor":21.0,"gold_loss":0.0,"damage_taken":0.0,"cards_upgraded":["Defragment"]},{"damage_healed":0,"gold_gain":0,"player_choice":"Fight","damage_taken":0,"max_hp_gain":0,"max_hp_loss":0,"event_name":"Colosseum","floor":27,"gold_loss":0},{"damage_healed":0,"gold_gain":0,"player_choice":"Fought Nobs","damage_taken":0,"max_hp_gain":0,"max_hp_loss":0,"event_name":"Colosseum","floor":27,"gold_loss":0}],"is_beta":false,"boss_relics":[{"not_picked":["Sozu","Velvet Choker"],"picked":"FrozenCore"}],"items_purged_floors":[2,11,14,24],"is_endless":false,"potions_floor_spawned":[1,4,8,13,18,19,27],"killed_by":"Colosseum Nobs","ascension_level":1}}