{"host":"i09pxcjttd31eh4q","time":1610730319,"event":{"mods":["AchievementEnabler","BaseMod","Colored Map","Keyboard Shortcuts","Minty Spire (QoL Compilation)","StSLib","SuperFastMode"],"gold_per_floor":[109,109,126,126,138,138,171,44,44,58,58,58,88,88,88,167,167,178,78,95,105,122,122,154,29,29,45,45,95,95,110,110,188,188,201,201,201,220,246,246,271,52,129,163,180,194,29,63,63,63,63,63,63,13,39,39],"floor_reached":57,"language":"KOR","playtime":1708,"items_purged":["Strike_G","Strike_G","Strike_G","Strike_G","Defend_G"],"score":2991,"play_id":"656192e8-2bd4-4cbc-b7be-b7e73c8ae035","local_time":"20210116020519","is_ascension_mode":true,"campfire_choices":[{"data":"Neutralize","floor":6.0,"key":"SMITH"},{"floor":12.0,"key":"REST"},{"data":"Deadly Poison","floor":15.0,"key":"SMITH"},{"floor":23.0,"key":"REST"},{"floor":28.0,"key":"REST"},{"floor":32.0,"key":"RECALL"},{"floor":40.0,"key":"REST"},{"floor":49,"key":"REST"},{"floor":53,"key":"REST"}],"circlet_count":0,"master_deck":["AscendersBane","Strike_G+1","Defend_G","Defend_G+1","Defend_G","Survivor","Neutralize+1","Deadly Poison+1","Deflect+1","Deadly Poison+1","Leg Sweep+1","Acrobatics+1","Cloak And Dagger+1","Corpse Explosion+1","Calculated Gamble+1","Calculated Gamble+1","Backflip+1","Malaise+1","Footwork+1","Footwork+1","Finesse+1","Flash of Steel+1","Backflip+1","Outmaneuver+1","Catalyst+1","Escape Plan+1","Tactician+1","Crippling Poison+1","Catalyst+1","Prepared+1"],"relics":["Ring of the Snake","NeowsBlessing","Toxic Egg 2","InkBottle","Pen Nib","Odd Mushroom","SlaversCollar","Ginger","Fusion Hammer","Bag of Marbles","Smiling Mask","Mercury Hourglass","Toy Ornithopter","DollysMirror","Whetstone","HornCleat"],"acts_visited":["Exordium","TheCity","TheBeyond","TheEnding"],"potions_floor_usage":[41,41,55,56],"damage_taken":[{"damage":0.0,"enemies":"Small Slimes","floor":1.0,"turns":1.0},{"damage":0.0,"enemies":"Cultist","floor":3.0,"turns":1.0},{"damage":0.0,"enemies":"2 Louse","floor":5.0,"turns":1.0},{"damage":34.0,"enemies":"3 Sentries","floor":7.0,"turns":12.0},{"damage":3.0,"enemies":"Exordium Wildlife","floor":10.0,"turns":8.0},{"damage":6.0,"enemies":"The Mushroom Lair","floor":13.0,"turns":5.0},{"damage":2.0,"enemies":"Hexaghost","floor":16.0,"turns":9.0},{"damage":0.0,"enemies":"3 Byrds","floor":18.0,"turns":3.0},{"damage":5.0,"enemies":"Shell Parasite","floor":20.0,"turns":5.0},{"damage":26.0,"enemies":"Snake Plant","floor":21.0,"turns":4.0},{"damage":16.0,"enemies":"Chosen and Byrds","floor":22.0,"turns":6.0},{"damage":0.0,"enemies":"Book of Stabbing","floor":24.0,"turns":7.0},{"damage":2.0,"enemies":"Centurion and Healer","floor":27.0,"turns":7.0},{"damage":1.0,"enemies":"3 Cultists","floor":31.0,"turns":3.0},{"damage":24.0,"enemies":"Automaton","floor":33.0,"turns":10.0},{"damage":5.0,"enemies":"3 Darklings","floor":35.0,"turns":3.0},{"damage":0.0,"enemies":"3 Shapes","floor":38.0,"turns":3.0},{"damage":0,"enemies":"Reptomancer","floor":41,"turns":8},{"damage":0,"enemies":"Nemesis","floor":44,"turns":7},{"damage":2,"enemies":"Writhing Mass","floor":45,"turns":5},{"damage":0,"enemies":"4 Shapes","floor":46,"turns":2},{"damage":0,"enemies":"Giant Head","floor":48,"turns":5},{"damage":4,"enemies":"Donu and Deca","floor":50,"turns":5},{"damage":10,"enemies":"Time Eater","floor":51,"turns":5},{"damage":0,"enemies":"Shield and Spear","floor":55,"turns":3},{"damage":47,"enemies":"The Heart","floor":56,"turns":10}],"seed_played":"2798700598803694542","potions_obtained":[{"floor":1.0,"key":"Regen Potion"},{"floor":10.0,"key":"PowerPotion"},{"floor":21.0,"key":"PowerPotion"},{"floor":22.0,"key":"PowerPotion"},{"floor":24.0,"key":"DuplicationPotion"},{"floor":31.0,"key":"GamblersBrew"},{"floor":33.0,"key":"PowerPotion"},{"floor":41,"key":"Explosive Potion"},{"floor":44,"key":"Dexterity Potion"}],"is_trial":false,"path_per_floor":["M","?","M","?","M","R","E","$","T","M","?","R","?","?","R","B",null,"M","$","M","M","M","R","E","$","T","M","R","?","$","M","R","B",null,"M","?","?","M","T","R","E","$","T","E","M","M","$","E","R","B","B",null,"R","$","E","B",null],"character_chosen":"THE_SILENT","items_purchased":["Acrobatics+1","Catalyst+1","Escape Plan+1","DollysMirror"],"campfire_rested":6,"item_purchase_floors":[8,42,42,47],"current_hp_per_floor":[59,59,59,39,39,39,5,5,5,2,2,21,15,15,15,13,53,53,53,48,22,6,25,25,25,25,23,42,42,42,41,41,17,54,49,49,44,44,44,63,63,63,63,63,61,61,61,61,66,62,52,63,66,66,66,19],"gold":39,"neow_bonus":"THREE_ENEMY_KILL","is_daily":false,"chose_seed":false,"campfire_upgraded":2,"win_rate":0.0,"timestamp":1610730319,"path_taken":["M","?","?","?","M","R","E","?","T","M","?","R","?","?","R","BOSS","M","$","?","M","M","R","E","$","T","?","R","?","?","?","R","BOSS","M","?","?","M","?","R","E","$","T","E","M","M","$","E","R","BOSS","BOSS","R","$","E","BOSS"],"items_purchased_type":["Card","Card","Card","Relic"],"build_version":"2020-12-22","purchased_purges":5,"victory":true,"max_hp_per_floor":[66,66,66,66,66,66,66,66,66,66,66,66,66,66,66,66,66,66,66,66,66,66,66,66,66,66,66,66,66,66,66,66,66,66,66,66,66,66,66,66,66,66,66,66,66,66,66,66,66,66,66,66,66,66,66,66],"card_choices":[{"not_picked":["Blur","Infinite Blades"],"picked":"Deadly Poison","floor":1.0},{"not_picked":["Footwork","Underhanded Strike"],"picked":"Deflect+1","floor":3.0},{"not_picked":["Heel Hook","Dash"],"picked":"Deadly Poison+1","floor":5.0},{"not_picked":["Dodge and Roll+1","Die Die Die"],"picked":"Leg Sweep+1","floor":7.0},{"not_picked":["Endless Agony","Sucker Punch"],"picked":"Cloak And Dagger+1","floor":10.0},{"not_picked":["Tools of the Trade","After Image"],"picked":"Corpse Explosion+1","floor":16.0},{"not_picked":["Dagger Throw+1","Choke"],"picked":"Calculated Gamble+1","floor":18.0},{"not_picked":["Blade Dance+1","Underhanded Strike"],"picked":"Calculated Gamble+1","floor":20.0},{"not_picked":["Deadly Poison+1","Heel Hook"],"picked":"Backflip+1","floor":21.0},{"not_picked":["Blade Dance+1","Dodge and Roll+1","Quick Slash"],"picked":"SKIP","floor":22.0},{"not_picked":["Endless Agony","Flying Knee+1"],"picked":"Malaise+1","floor":24.0},{"not_picked":["Dagger Throw","Sucker Punch","Skewer"],"picked":"SKIP","floor":27.0},{"not_picked":["Skewer+1","Acrobatics+1"],"picked":"Footwork+1","floor":31.0},{"not_picked":["Distraction+1","Dagger Spray"],"picked":"Footwork+1","floor":35.0},{"not_picked":["Transmutation+1","Mind Blast"],"picked":"Finesse+1","floor":37.0},{"not_picked":["Trip+1","Dramatic Entrance"],"picked":"Flash of Steel","floor":37.0},{"not_picked":["Backstab","Bane"],"picked":"Backflip+1","floor":38.0},{"not_picked":["Skewer+1","Blade Dance+1"],"picked":"Outmaneuver+1","floor":41},{"not_picked":["Quick Slash+1","Bouncing Flask+1"],"picked":"Tactician+1","floor":44},{"not_picked":["Underhanded Strike","Bane"],"picked":"Crippling Poison+1","floor":45},{"not_picked":["Underhanded Strike+1","Flying Knee","Outmaneuver+1"],"picked":"SKIP","floor":46},{"not_picked":["Corpse Explosion+1","Backflip+1"],"picked":"Prepared+1","floor":48},{"not_picked":["Blade Dance+1","Bouncing Flask+1","Bane"],"picked":"SKIP","floor":55}],"player_experience":855032,"relics_obtained":[{"floor":7.0,"key":"InkBottle"},{"floor":9.0,"key":"Pen Nib"},{"floor":13.0,"key":"Odd Mushroom"},{"floor":24.0,"key":"Ginger"},{"floor":39.0,"key":"Bag of Marbles"},{"floor":41,"key":"Smiling Mask"},{"floor":43,"key":"Mercury Hourglass"},{"floor":44,"key":"Toy Ornithopter"},{"floor":48,"key":"Whetstone"},{"floor":55,"key":"HornCleat"}],"event_choices":[{"damage_healed":0.0,"max_hp_gain":0.0,"max_hp_loss":0.0,"gold_gain":0.0,"event_name":"WeMeetAgain","player_choice":"Gave Potion","floor":2.0,"gold_loss":0.0,"damage_taken":0.0,"relics_obtained":["Toxic Egg 2"]},{"damage_healed":0.0,"max_hp_gain":0.0,"max_hp_loss":0.0,"gold_gain":0.0,"event_name":"Shining Light","player_choice":"Entered Light","floor":4.0,"gold_loss":0.0,"damage_taken":20.0,"cards_upgraded":["Defend_G","Strike_G"]},{"damage_healed":0.0,"max_hp_gain":0.0,"max_hp_loss":0.0,"gold_gain":0.0,"event_name":"Dead Adventurer","player_choice":"Searched \u00270\u0027 times","floor":11.0,"gold_loss":0.0,"damage_taken":0.0},{"damage_healed":0.0,"max_hp_gain":0.0,"max_hp_loss":0.0,"gold_gain":0.0,"event_name":"Mushrooms","player_choice":"Fought Mushrooms","floor":13.0,"gold_loss":0.0,"damage_taken":0.0},{"cards_removed":["Defend_G"],"damage_healed":0.0,"max_hp_gain":0.0,"max_hp_loss":0.0,"gold_gain":0.0,"event_name":"Bonfire Elementals","player_choice":"Offered Basic","floor":14.0,"gold_loss":0.0,"damage_taken":0.0},{"damage_healed":0.0,"max_hp_gain":0.0,"max_hp_loss":0.0,"gold_gain":50.0,"event_name":"Nest","player_choice":"Stole From Cult","floor":29.0,"gold_loss":0.0,"damage_taken":0.0},{"damage_healed":0.0,"max_hp_gain":0.0,"max_hp_loss":0.0,"gold_gain":0.0,"event_name":"Tomb of Lord Red Mask","player_choice":"Ignored","floor":36.0,"gold_loss":0.0,"damage_taken":0.0},{"damage_healed":0.0,"max_hp_gain":0.0,"max_hp_loss":0.0,"gold_gain":0.0,"event_name":"SensoryStone","player_choice":"Memory 2","floor":37.0,"gold_loss":0.0,"damage_taken":5.0}],"is_beta":false,"boss_relics":[{"not_picked":["WristBlade","Cursed Key"],"picked":"SlaversCollar"},{"not_picked":["Runic Dome","Runic Pyramid"],"picked":"Fusion Hammer"}],"items_purged_floors":[8,19,25,42,54],"is_endless":false,"potions_floor_spawned":[1,10,21,22,24,31,33,41,44],"ascension_level":20}}