{"host":"kvh5342rl0c7vxi5","time":1610744902,"event":{"mods":["BaseMod","Downfall","Hermit","Jorbs\u0027s Wanderer Trilogy","Minty Spire (QoL Compilation)","Quick Restart","StSLib","SuperFastMode","The Poker Player"],"gold_per_floor":[114,124,144,154,167,167,202,35,58,58,58,84,259,288,288,385,385,395,395,412,2,12,12,12],"floor_reached":23,"language":"ENG","playtime":796,"items_purged":[],"score":352,"play_id":"5bcb9e5d-a2f8-421f-8883-c81bf033c77f","local_time":"20210115160822","is_ascension_mode":true,"campfire_choices":[{"data":"hermit:HighCaliber","floor":6,"key":"SMITH"},{"data":"hermit:TakeAim","floor":11,"key":"SMITH"},{"floor":15,"key":"REST"}],"circlet_count":0,"master_deck":["hermit:Strike_Hermit","hermit:Strike_Hermit","hermit:Strike_Hermit","hermit:Strike_Hermit","hermit:Defend_Hermit","hermit:Defend_Hermit","hermit:Defend_Hermit","hermit:Defend_Hermit","hermit:Snapshot","hermit:Covet","hermit:WideOpen","hermit:Ricochet","hermit:Roulette","hermit:HighCaliber+1","hermit:TakeAim+1","hermit:TrackingShot","hermit:Vantage","hermit:TrackingShot","hermit:GhostlyPresence","hermit:Roughhouse","hermit:CalledShot+1","hermit:EyeOfTheStorm","hermit:Adapt","hermit:LuckOfTheDraw","hermit:ShadowCloak"],"relics":["hermit:Momento","Potion Belt","Nunchaku","Akabeko","PreservedInsect","Happy Flower","Matryoshka","Fusion Hammer","Orrery","HornCleat"],"acts_visited":["Exordium","TheCity"],"potions_floor_usage":[7,12,16,23],"damage_taken":[{"damage":0,"enemies":"Cultist","floor":1,"turns":3},{"damage":2,"enemies":"Jaw Worm","floor":2,"turns":3},{"damage":0,"enemies":"Small Slimes","floor":3,"turns":2},{"damage":4,"enemies":"Red Slaver","floor":4,"turns":2},{"damage":6,"enemies":"3 Louse","floor":5,"turns":3},{"damage":0,"enemies":"Gremlin Nob","floor":7,"turns":2},{"damage":0,"enemies":"3 Sentries","floor":12,"turns":3},{"damage":30,"enemies":"Lagavulin","floor":14,"turns":7},{"damage":31,"enemies":"Slime Boss","floor":16,"turns":10},{"damage":19,"enemies":"2 Thieves","floor":18,"turns":4},{"damage":14,"enemies":"Shell Parasite","floor":20,"turns":3},{"damage":0,"enemies":"Snecko","floor":22,"turns":3},{"damage":37,"enemies":"Gremlin Leader","floor":23,"turns":6}],"seed_played":"907998510677926820","potions_obtained":[{"floor":1,"key":"DuplicationPotion"},{"floor":4,"key":"AttackPotion"},{"floor":5,"key":"hexamod:EctoCoolerPotion"},{"floor":20,"key":"hermit:Tonic"}],"is_trial":false,"path_per_floor":["M","M","M","M","M","R","E","$","T","?","R","E","?","E","R","B",null,"M","?","M","$","M","E"],"character_chosen":"HERMIT","items_purchased":["hermit:TakeAim","hermit:TrackingShot","hermit:Vantage","Orrery","HornCleat"],"campfire_rested":1,"item_purchase_floors":[8,8,8,21,21],"current_hp_per_floor":[68,66,66,62,56,56,56,56,56,56,56,56,56,26,48,17,61,42,42,28,28,28,0,0],"gold":12,"neow_bonus":"RANDOM_COMMON_RELIC","is_daily":false,"chose_seed":false,"campfire_upgraded":2,"win_rate":0.0,"timestamp":1610744902,"path_taken":["M","M","?","M","M","R","E","$","T","?","R","E","?","E","R","BOSS","M","?","?","$","M","E"],"items_purchased_type":["Card","Card","Card","Relic","Relic"],"build_version":"2020-12-22","purchased_purges":0,"victory":false,"max_hp_per_floor":[75,75,75,75,75,75,75,75,75,75,75,75,75,75,75,75,75,75,75,75,75,75,75,75],"card_choices":[{"not_picked":["hermit:PistolWhip","hermit:CalledShot"],"picked":"hermit:WideOpen","floor":1},{"not_picked":["hermit:Feint","hermit:LowProfile"],"picked":"hermit:Ricochet","floor":2},{"not_picked":["hermit:FlashPowder","hermit:Coalescence"],"picked":"hermit:Roulette","floor":3},{"not_picked":["hermit:ItchyTrigger","hermit:Quickdraw","hermit:FullyLoaded"],"picked":"SKIP","floor":4},{"not_picked":["hermit:Coalescence","hermit:Midnight"],"picked":"hermit:HighCaliber","floor":5},{"not_picked":["hermit:HoleUp","hermit:Midnight","hermit:ItchyTrigger"],"picked":"SKIP","floor":7},{"not_picked":["hermit:ItchyTrigger","hermit:Quickdraw"],"picked":"hermit:TrackingShot","floor":12},{"not_picked":["hermit:FatalDesire","hermit:HeroicBravado"],"picked":"hermit:GhostlyPresence","floor":14},{"not_picked":["hermit:Dissolve","hermit:Magnum"],"picked":"hermit:Roughhouse","floor":16},{"not_picked":["hermit:HighCaliber","hermit:Ricochet"],"picked":"hermit:CalledShot+1","floor":18},{"not_picked":["hermit:TrackingShot","hermit:LowProfile"],"picked":"hermit:EyeOfTheStorm","floor":20},{"not_picked":["hermit:LowProfile","hermit:TakeCover"],"picked":"hermit:Adapt","floor":21},{"not_picked":["hermit:WideOpen","hermit:BodyArmor"],"picked":"hermit:LuckOfTheDraw","floor":21},{"not_picked":["hermit:GhostlyPresence","hermit:Snipe"],"picked":"hermit:ShadowCloak","floor":22}],"player_experience":523891,"relics_obtained":[{"floor":7,"key":"Nunchaku"},{"floor":9,"key":"Akabeko"},{"floor":12,"key":"Happy Flower"},{"floor":14,"key":"Matryoshka"}],"event_choices":[{"damage_healed":0,"gold_gain":0,"player_choice":"Box","damage_taken":0,"relics_obtained":["PreservedInsect"],"max_hp_gain":0,"max_hp_loss":0,"event_name":"Big Fish","floor":10,"gold_loss":0,"cards_obtained":["Regret"]},{"damage_healed":0,"gold_gain":175,"player_choice":"AGREE","damage_taken":0,"max_hp_gain":0,"max_hp_loss":0,"event_name":"Liars Game","floor":13,"gold_loss":0,"cards_obtained":["Doubt"]},{"cards_removed":["Doubt","Regret"],"damage_healed":0,"gold_gain":0,"player_choice":"Removed Curses","damage_taken":0,"max_hp_gain":0,"max_hp_loss":0,"event_name":"Fountain of Cleansing","floor":19,"gold_loss":0}],"is_beta":false,"boss_relics":[{"not_picked":["Tiny House","Pandora\u0027s Box"],"picked":"Fusion Hammer"}],"items_purged_floors":[],"is_endless":false,"potions_floor_spawned":[1,4,5,20],"killed_by":"Gremlin Leader","ascension_level":7}}