{"host":"g2yp6paluzgljz05","time":1610684281,"event":{"mods":["BaseMod","Bestiary","Colored Powertips","DeckTracker","Highlight Path","Minty Spire (QoL Compilation)","Quick Restart"],"gold_per_floor":[119,119,44,60,75,102,102,112,412,439,339,356,367,220,220,325,325,337,69,82,82,94,94,94],"floor_reached":23,"language":"ENG","playtime":937,"items_purged":["Strike_R","Strike_R","Strike_R"],"score":244,"play_id":"b35736b4-7e79-4285-8bf7-ed9d15f65acc","local_time":"20210115151801","is_ascension_mode":true,"campfire_choices":[{"data":"Demon Form","floor":7,"key":"SMITH"},{"floor":15,"key":"REST"}],"circlet_count":0,"master_deck":["Strike_R","Defend_R","Defend_R","Defend_R","Defend_R","Bash","Pummel","Thunderclap","Demon Form+1","Inflame","Pummel","Cleave","Uppercut","Dropkick","Twin Strike","Burning Pact","Mayhem","Inflame"],"relics":["Burning Blood","NeowsBlessing","Darkstone Periapt","Old Coin","WingedGreaves","Sozu"],"acts_visited":["Exordium","TheCity"],"potions_floor_usage":[16,16],"damage_taken":[{"damage":0,"enemies":"Cultist","floor":1,"turns":1},{"damage":0,"enemies":"Jaw Worm","floor":4,"turns":1},{"damage":0,"enemies":"Small Slimes","floor":5,"turns":1},{"damage":32,"enemies":"Gremlin Nob","floor":6,"turns":4},{"damage":14,"enemies":"3 Louse","floor":8,"turns":2},{"damage":31,"enemies":"3 Sentries","floor":10,"turns":4},{"damage":0,"enemies":"Large Slime","floor":12,"turns":3},{"damage":7,"enemies":"Exordium Wildlife","floor":13,"turns":4},{"damage":53,"enemies":"The Guardian","floor":16,"turns":9},{"damage":12,"enemies":"3 Byrds","floor":18,"turns":4},{"damage":28,"enemies":"Spheric Guardian","floor":20,"turns":4},{"damage":21,"enemies":"Snake Plant","floor":22,"turns":3},{"damage":41,"enemies":"Slavers","floor":23,"turns":3}],"seed_played":"-1469136716289928318","potions_obtained":[{"floor":4,"key":"Strength Potion"},{"floor":8,"key":"Regen Potion"},{"floor":10,"key":"Explosive Potion"},{"floor":16,"key":"Swift Potion"}],"is_trial":false,"path_per_floor":["M","?","$","M","M","E","R","M","T","E","$","M","M","$","R","B",null,"M","$","M","?","M","E"],"character_chosen":"IRONCLAD","items_purchased":["Twin Strike","Mayhem","Inflame"],"campfire_rested":1,"item_purchase_floors":[14,19,19],"current_hp_per_floor":[80,80,80,80,80,54,54,46,46,21,21,27,26,26,50,18,80,74,74,52,52,37,0,0],"gold":94,"neow_bonus":"THREE_ENEMY_KILL","is_daily":false,"chose_seed":false,"campfire_upgraded":1,"win_rate":0.0,"timestamp":1610684281,"path_taken":["M","?","$","M","?","E","R","M","T","E","?","?","M","?","R","BOSS","M","$","?","?","?","E"],"items_purchased_type":["Card","Card","Card"],"build_version":"2020-12-22","purchased_purges":3,"victory":false,"max_hp_per_floor":[80,80,80,80,80,80,80,80,80,80,80,80,80,80,80,80,80,80,80,80,80,80,80,80],"card_choices":[{"not_picked":["Twin Strike","Infernal Blade"],"picked":"Pummel","floor":1},{"not_picked":["Evolve","Dark Embrace"],"picked":"Inflame","floor":4},{"not_picked":["Twin Strike","Clothesline"],"picked":"Pummel","floor":5},{"not_picked":["Shockwave","Reaper","Dual Wield"],"picked":"SKIP","floor":6},{"not_picked":["Body Slam","Intimidate"],"picked":"Cleave","floor":8},{"not_picked":["Shockwave","True Grit","Metallicize"],"picked":"SKIP","floor":10},{"not_picked":["Rupture","Havoc"],"picked":"Uppercut","floor":12},{"not_picked":["True Grit","Perfected Strike"],"picked":"Dropkick","floor":13},{"not_picked":["Shrug It Off","Cleave"],"picked":"Burning Pact","floor":18},{"not_picked":["Combust+1","Clothesline","Havoc"],"picked":"SKIP","floor":20},{"not_picked":["Flex","Shrug It Off+1","Anger"],"picked":"SKIP","floor":22}],"player_experience":195323,"relics_obtained":[{"floor":6,"key":"Darkstone Periapt"},{"floor":9,"key":"Old Coin"},{"floor":10,"key":"WingedGreaves"}],"event_choices":[{"damage_healed":0,"gold_gain":0,"player_choice":"2 cards matched","damage_taken":0,"max_hp_gain":0,"max_hp_loss":0,"event_name":"Match and Keep!","floor":2,"gold_loss":0,"cards_obtained":["Thunderclap","Demon Form"]},{"cards_removed":["Strike_R"],"damage_healed":0,"gold_gain":0,"player_choice":"Purged","damage_taken":0,"max_hp_gain":0,"max_hp_loss":0,"event_name":"Purifier","floor":21,"gold_loss":0}],"is_beta":false,"boss_relics":[{"not_picked":["Busted Crown","Empty Cage"],"picked":"Sozu"}],"items_purged_floors":[3,11,14],"is_endless":false,"potions_floor_spawned":[4,8,10,13,16,18],"killed_by":"Slavers","ascension_level":4}}