{"host":"j4g6ia6asvpyu2b0","time":1610711657,"event":{"mods":["BaseMod","Colored Map","Minty Spire (QoL Compilation)","Permanent Neow","Quick Restart","Relic Stats","StSLib","Unceasing Turn Reminder"],"gold_per_floor":[11,11,11,22,34,73,92,92,92,136,136,171,194,233,233,233,233],"floor_reached":16,"language":"ENG","playtime":406,"items_purged":[],"score":208,"play_id":"beff79f6-d863-4db7-91ca-fcc649c6d644","local_time":"20210115045417","is_ascension_mode":true,"campfire_choices":[{"data":"Flex","floor":8.0,"key":"SMITH"},{"data":"True Grit","floor":15.0,"key":"SMITH"}],"circlet_count":0,"master_deck":["AscendersBane","Strike_R","Strike_R","Strike_R","Defend_R","Defend_R+1","Defend_R","Defend_R","Bash+1","Limit Break+1","Whirlwind+1","Anger","Cleave","Flex+1","Burning Pact","Warcry","Flame Barrier","True Grit+1","Sword Boomerang","Feed"],"relics":["Burning Blood","CeramicFish","Bottled Lightning","War Paint","Bag of Preparation"],"acts_visited":["Exordium"],"potions_floor_usage":[16,16],"damage_taken":[{"damage":0.0,"enemies":"Small Slimes","floor":1.0,"turns":3.0},{"damage":7.0,"enemies":"2 Louse","floor":4.0,"turns":3.0},{"damage":1.0,"enemies":"Cultist","floor":5.0,"turns":3.0},{"damage":10.0,"enemies":"Lagavulin","floor":6.0,"turns":5.0},{"damage":5.0,"enemies":"2 Fungi Beasts","floor":7.0,"turns":4.0},{"damage":59.0,"enemies":"Gremlin Nob","floor":10.0,"turns":5.0},{"damage":18.0,"enemies":"Lagavulin","floor":12.0,"turns":6.0},{"damage":0.0,"enemies":"Lots of Slimes","floor":13.0,"turns":1.0},{"damage":15.0,"enemies":"3 Sentries","floor":14.0,"turns":4.0},{"damage":9,"enemies":"Hexaghost","floor":16,"turns":7}],"seed_played":"7194463894538532247","potions_obtained":[{"floor":1.0,"key":"LiquidBronze"},{"floor":5.0,"key":"Energy Potion"},{"floor":10.0,"key":"ColorlessPotion"},{"floor":13.0,"key":"Swift Potion"}],"is_trial":false,"path_per_floor":["M","?","?","M","M","E","M","R","T","E","?","E","M","E","R","B"],"character_chosen":"IRONCLAD","items_purchased":[],"campfire_rested":0,"item_purchase_floors":[],"current_hp_per_floor":[78,78,78,77,80,76,77,77,77,24,24,12,18,9,9,0,0],"gold":233,"neow_bonus":"TRANSFORM_TWO_CARDS","is_daily":false,"chose_seed":false,"campfire_upgraded":2,"win_rate":0.0,"timestamp":1610711657,"path_taken":["M","?","?","M","M","E","?","R","T","E","?","E","M","E","R","BOSS"],"items_purchased_type":[],"build_version":"2020-12-22","purchased_purges":0,"victory":false,"max_hp_per_floor":[80,80,80,80,80,80,80,80,80,80,80,80,80,80,80,80,80],"relic_stats":{"counters":[10,41],"CeramicFish":54,"Bag of Preparation":[2],"War Paint":["Defend_R","Limit Break"],"obtain_stats":[{"CeramicFish":6,"Bag of Preparation":14,"Bottled Lightning":10,"War Paint":12,"Burning Blood":0},{"CeramicFish":4,"Bag of Preparation":9,"Bottled Lightning":6,"War Paint":7,"Burning Blood":0},{"CeramicFish":14,"Bag of Preparation":34,"Bottled Lightning":23,"War Paint":29,"Burning Blood":0}],"Burning Blood":52},"card_choices":[{"not_picked":["Searing Blow","Clash"],"picked":"Anger","floor":1.0},{"not_picked":["Blood for Blood","Havoc"],"picked":"Cleave","floor":4.0},{"not_picked":["Dual Wield","Armaments"],"picked":"Flex","floor":5.0},{"not_picked":["Heavy Blade","Blood for Blood"],"picked":"Burning Pact","floor":6.0},{"not_picked":["Evolve","Perfected Strike"],"picked":"Warcry","floor":7.0},{"not_picked":["Burning Pact","Thunderclap"],"picked":"Flame Barrier","floor":10.0},{"not_picked":["Twin Strike","Warcry"],"picked":"True Grit","floor":12.0},{"not_picked":["Thunderclap","Twin Strike"],"picked":"Sword Boomerang","floor":13.0},{"not_picked":["Heavy Blade","Armaments"],"picked":"Feed","floor":14.0}],"player_experience":851979,"relics_obtained":[{"floor":6.0,"key":"CeramicFish"},{"floor":10.0,"key":"Bottled Lightning"},{"floor":12.0,"key":"War Paint"},{"floor":14.0,"key":"Bag of Preparation"}],"event_choices":[{"damage_healed":0.0,"max_hp_gain":0.0,"max_hp_loss":0.0,"gold_gain":0.0,"event_name":"Living Wall","player_choice":"Grow","floor":2.0,"gold_loss":0.0,"damage_taken":0.0,"cards_upgraded":["Whirlwind"]},{"damage_healed":0.0,"max_hp_gain":0.0,"max_hp_loss":0.0,"gold_gain":0.0,"event_name":"Upgrade Shrine","player_choice":"Upgraded","floor":3.0,"gold_loss":0.0,"damage_taken":0.0,"cards_upgraded":["Bash"]},{"damage_healed":0.0,"max_hp_gain":0.0,"max_hp_loss":0.0,"gold_gain":0.0,"event_name":"Match and Keep!","player_choice":"0 cards matched","floor":11.0,"gold_loss":0.0,"damage_taken":0.0,"cards_obtained":[]}],"is_beta":false,"boss_relics":[],"items_purged_floors":[],"is_endless":false,"potions_floor_spawned":[1,5,10,13],"killed_by":"Hexaghost","ascension_level":12}}