{"host":"af1kf8gfe86ugcx8","time":1610680686,"event":{"mods":["2.2 Compatiblity","BaseMod","Better Altar","Better Match","Better Sensory Stone","Better Skull","Better Vampires","BetterRewards","Card Filter","Colored Map","Conspire","Defuse TimeMaze Blight","Downfall","Energized Spire","Friendly Minions","Glutton Mod","Infinite Spire","Mad Scientist","Minty Spire (QoL Compilation)","Permanent Neow","Quick Restart","Random Character Button","Replay The Spire","Shop Mod","Spikes Relics","StSLib","The Construct","The Death Knight","The Disciple","The Necromancer","Transform Curses","UnlockEverythingMod"],"gold_per_floor":[119,143,143,155,155,155,187,187,236,236,111,128,140,169,169,271,271,290,290,306,77,77,105,105,120,146,157,157,187,187,198,198,298,298,318,67,117,117,117,117,117],"floor_reached":40,"language":"ENG","playtime":2218,"items_purged":["conspire:GhostlyStrike","conspire:GhostlyStrike","conspire:GhostlyStrike"],"score":505,"play_id":"f3748986-a7c2-458d-b2a4-dcf09d042091","local_time":"20210114191806","is_ascension_mode":false,"campfire_choices":[{"data":"Negative_Energy_Arrows","floor":6,"key":"SMITH"},{"data":"Toxic_Smoke_Screen","floor":8,"key":"SMITH"},{"data":"Bone_Shift","floor":10,"key":"SMITH"},{"data":"Exploit","floor":15,"key":"SMITH"},{"data":"Negative_Energy_Mist","floor":24,"key":"SMITH"},{"data":"Summon_Undead_Army","floor":28,"key":"SMITH"},{"data":"Exploit","floor":30,"key":"SMITH"}],"circlet_count":0,"master_deck":["conspire:GhostlyStrike+1","conspire:GhostlyDefend+1","conspire:GhostlyDefend","conspire:GhostlyDefend","conspire:GhostlyDefend+1","Negative_Energy_Arrows+1","Bone_Wall","Toxic_Smoke_Screen+1","Bone_Shift+1","Negative_Energy_Sphere","Thousand_Bone_Knives+1","Negative_Energy_Shield","Negative_Energy_Javelin+1","Exploit+1","Negative_Energy_Bomb","ReplayTheSpireMod:Echoes of Time","Negative_Energy_Mist+1","Summon_Undead_Army+1","Exploit+1","Negative_Energy_Javelin","Grasp_Heart","Summon_Lich","Shade_Step+1","Bone_Prison+1","Discovery"],"relics":["Vampire_Amulet","SnailShell","Divine Protection","Ancient Tea Set","War Paint","infinitespire:Golems Mask","SacredBark","Omamori","Whetstone","Question Card","Black Star","OrangePellets","CrustySpines"],"acts_visited":["Exordium","TheCity","TheBeyond"],"potions_floor_usage":[16,16,29,29,37,37],"damage_taken":[{"damage":1,"enemies":"Cultist","floor":1,"turns":5},{"damage":0,"enemies":"Jaw Worm","floor":4,"turns":4},{"damage":42,"enemies":"Lagavulin","floor":7,"turns":11},{"damage":0,"enemies":"Small Slimes","floor":12,"turns":3},{"damage":0,"enemies":"2 Fungi Beasts","floor":13,"turns":4},{"damage":6,"enemies":"Gremlin Nob","floor":14,"turns":5},{"damage":9,"enemies":"Slime Boss","floor":16,"turns":10},{"damage":8,"enemies":"Spheric Guardian","floor":18,"turns":5},{"damage":0,"enemies":"conspire:FuzzyDice","floor":20,"turns":6},{"damage":0,"enemies":"Book of Stabbing","floor":23,"turns":7},{"damage":28,"enemies":"Cultist and Chosen","floor":25,"turns":6},{"damage":0,"enemies":"Snake Plant","floor":27,"turns":4},{"damage":0,"enemies":"Gremlin Leader","floor":29,"turns":7},{"damage":0,"enemies":"Snecko","floor":31,"turns":3},{"damage":70,"enemies":"Collector","floor":33,"turns":9},{"damage":3,"enemies":"Orb Walker","floor":35,"turns":3},{"damage":82,"enemies":"2 Orb Walkers","floor":37,"turns":7},{"damage":0,"enemies":"Giant Head","floor":40,"turns":1}],"seed_played":"1988164836214233766","potions_obtained":[{"floor":4,"key":"DeathKnight:RimePotion"},{"floor":12,"key":"Explosive Potion"},{"floor":13,"key":"Energy Potion"},{"floor":23,"key":"Regen Potion"},{"floor":25,"key":"Fire Potion"},{"floor":33,"key":"SpeedPotion"},{"floor":35,"key":"EssenceOfSteel"}],"is_trial":false,"path_per_floor":["M","T","?","M","T","R","E","R","T","R","$","M","M","E","R","B",null,"M","AVR","M","$","?","E","R","M","T","M","R","E","R","M","R_BF","B",null,"M","$","?","?","?","E"],"character_chosen":"NECROMANCER","items_purchased":["Thousand_Bone_Knives","Negative_Energy_Shield","Summon_Undead_Army","Exploit","OrangePellets"],"campfire_rested":0,"item_purchase_floors":[11,11,21,21,36],"current_hp_per_floor":[75,75,75,75,75,75,35,35,35,35,35,39,43,39,39,36,75,69,69,73,73,73,75,75,51,51,53,53,63,63,65,75,15,75,74,74,28,28,28,28,28],"gold":117,"neow_bonus":"RANDOM_COMMON_RELIC","is_daily":false,"chose_seed":false,"campfire_upgraded":7,"win_rate":0.0,"timestamp":1610680686,"path_taken":["M","?","?","M","?","R","E","R","T","R","$","M","M","E","R","BOSS","M","AVR","M","$","?","E","R","M","T","M","R","E","R","M","R_BF","BOSS","M","$","?","?","?","E"],"items_purchased_type":["Card","Card","Card","Card","Relic"],"build_version":"2020-12-22","purchased_purges":3,"victory":false,"max_hp_per_floor":[75,75,75,75,75,75,75,75,75,75,75,75,75,75,75,75,75,75,75,75,75,75,75,75,75,75,75,75,75,75,75,75,75,75,75,75,75,75,75,75,75],"card_choices":[{"not_picked":["Bone_Armor","Death_March_Dance"],"picked":"Toxic_Smoke_Screen","floor":1},{"not_picked":["Scare","Blood_Is_Power"],"picked":"Bone_Shift","floor":4},{"not_picked":["Bone_Bullets","Negative_Energy_Mist"],"picked":"Negative_Energy_Sphere","floor":7},{"not_picked":["Scare","Negative_Energy_Shield"],"picked":"Negative_Energy_Javelin","floor":12},{"not_picked":["Blood_Whip","Cloudkill","Negative_Energy_Sphere"],"picked":"SKIP","floor":13},{"not_picked":["Bone_Spikes","Death_Coil"],"picked":"Exploit","floor":14},{"not_picked":["Detonate_Bones","Requiem"],"picked":"Negative_Energy_Bomb","floor":16},{"not_picked":["Bone_Shift","Blood_Whip+1","Finger_Of_Death+1"],"picked":"SKIP","floor":18},{"not_picked":["Bone_Bullets","Stop_Heart+1"],"picked":"Negative_Energy_Mist","floor":20},{"not_picked":["Stop_Heart","Bones_to_Steel","Deaths_Shadow"],"picked":"SKIP","floor":23},{"not_picked":["Cloudkill","Bone_Shift"],"picked":"Negative_Energy_Javelin","floor":25},{"not_picked":["Toxic_Smoke_Screen","Vampiric_Strike+1","Bones_to_Steel"],"picked":"SKIP","floor":27},{"not_picked":["Bones_to_Steel","Shackles_Of_Pain"],"picked":"Grasp_Heart","floor":29},{"not_picked":["Negative_Energy_Shield","Bone_Shift","Finger_Of_Death"],"picked":"Summon_Lich","floor":31},{"not_picked":["Uncharnel+1","Death_Coil","Negative_Energy_Shield"],"picked":"Shade_Step+1","floor":35},{"not_picked":["Bone_Armor","Consume_Illness","Bone_Spikes"],"picked":"Bone_Prison+1","floor":37},{"not_picked":["Magnetism","expansioncontent:Collect","Sadistic Nature"],"picked":"Discovery","floor":39}],"player_experience":247074,"relics_obtained":[{"floor":5,"key":"Divine Protection"},{"floor":7,"key":"Ancient Tea Set"},{"floor":9,"key":"War Paint"},{"floor":14,"key":"infinitespire:Golems Mask"},{"floor":23,"key":"Omamori"},{"floor":26,"key":"Whetstone"},{"floor":29,"key":"Question Card"},{"floor":37,"key":"CrustySpines"}],"event_choices":[{"damage_healed":0,"gold_gain":0,"player_choice":"Agree","damage_taken":0,"max_hp_gain":0,"max_hp_loss":0,"event_name":"conspire:LoneGhost","floor":3,"gold_loss":0},{"damage_healed":0,"gold_gain":0,"player_choice":"Fight","damage_taken":0,"max_hp_gain":0,"max_hp_loss":0,"event_name":"Mysterious Sphere","floor":37,"gold_loss":0},{"damage_healed":0,"gold_gain":0,"player_choice":"Leave","damage_taken":0,"max_hp_gain":0,"max_hp_loss":0,"event_name":"conspire:Investor","floor":38,"gold_loss":0},{"damage_healed":0,"gold_gain":3,"player_choice":"1","damage_taken":0,"max_hp_gain":0,"max_hp_loss":0,"event_name":"betterStone:BetterStone","floor":39,"gold_loss":0}],"is_beta":false,"boss_relics":[{"not_picked":["Replay:Bronze Core","energizedSpire:RedRose"],"picked":"SacredBark"},{"not_picked":["SlaversCollar","ReplayTheSpireMod:DimensionalGlitch"],"picked":"Black Star"}],"items_purged_floors":[19,21,36],"is_endless":false,"potions_floor_spawned":[4,12,13,23,25,33,35],"killed_by":"Giant Head","ascension_level":0}}