{"host":"h1qktzcccqnez8tx","time":1610750907,"event":{"mods":["BaseMod","Block Reminder","Colored Map","Colored Powertips","Curses Come First","Downfall","Highlight Path","Jorbs\u0027s Wanderer Trilogy","Minty Spire (QoL Compilation)","Permanent Neow","Quick Restart","Relic Stats","Replay The Spire","Say the Spire","StSLib","The Cursed","The Disciple","The Hierophant","The Necromancer","The Servant 0.9.4"],"gold_per_floor":[112,129,149,149,160,160,160,160],"floor_reached":7,"language":"ENG","playtime":316,"items_purged":[],"score":43,"play_id":"0a6b23d8-fa0b-49fe-a1ad-6cfb13369583","local_time":"20210115234827","is_ascension_mode":false,"campfire_choices":[{"floor":6,"key":"REST"}],"circlet_count":0,"master_deck":["hierophant:Strike_Hierophant","hierophant:Strike_Hierophant","hierophant:Strike_Hierophant","hierophant:Strike_Hierophant","hierophant:Punish+1","hierophant:Defend_Hierophant","hierophant:Defend_Hierophant","hierophant:Defend_Hierophant","hierophant:Defend_Hierophant","hierophant:ChurchCoffers","hierophant:HammerAndAnvil","hierophant:MirrorShield","hierophant:HolyVerse","Slimebound:Icky","hierophant:HolyVerse"],"relics":["hierophant:PropheticMaskRelic"],"acts_visited":["Exordium"],"potions_floor_usage":[],"damage_taken":[{"damage":6,"enemies":"Jaw Worm","floor":1,"turns":2},{"damage":7,"enemies":"2 Louse","floor":2,"turns":2},{"damage":0,"enemies":"Small Slimes","floor":3,"turns":3},{"damage":21,"enemies":"Exordium Wildlife","floor":5,"turns":5},{"damage":40,"enemies":"Lagavulin","floor":7,"turns":9}],"seed_played":"3137267285715113909","potions_obtained":[{"floor":1,"key":"sneckomod:MuddlingPotion"}],"is_trial":false,"path_per_floor":["M","M","M","?","M","R","E"],"character_chosen":"HIEROPHANT","items_purchased":[],"campfire_rested":1,"item_purchase_floors":[],"current_hp_per_floor":[69,62,62,62,41,63,23,23],"gold":160,"neow_bonus":"UPGRADE_CARD","is_daily":false,"chose_seed":false,"campfire_upgraded":0,"win_rate":0.0,"timestamp":1610750907,"path_taken":["M","M","M","?","M","R","E"],"items_purchased_type":[],"build_version":"2020-12-22","purchased_purges":0,"victory":false,"max_hp_per_floor":[75,75,75,75,75,75,75,75],"relic_stats":{"counters":[5,21],"obtain_stats":[{"hierophant:PropheticMaskRelic":0},{"hierophant:PropheticMaskRelic":0},{"hierophant:PropheticMaskRelic":0}]},"card_choices":[{"not_picked":["hierophant:TollTheBells","hierophant:RecallFunds"],"picked":"hierophant:HammerAndAnvil","floor":1},{"not_picked":["hierophant:CoinFling","hierophant:MorningPrayer"],"picked":"hierophant:MirrorShield","floor":2},{"not_picked":["hierophant:Alms","hierophant:ConvertCurrency"],"picked":"hierophant:HolyVerse","floor":3},{"not_picked":["hierophant:FlamingChariot","hierophant:ThreeLashes"],"picked":"hierophant:HolyVerse","floor":5}],"player_experience":95152,"relics_obtained":[],"event_choices":[],"is_beta":false,"boss_relics":[],"items_purged_floors":[],"is_endless":false,"potions_floor_spawned":[1],"killed_by":"Lagavulin","ascension_level":0}}