{"host":"u94b8se4p65mmtuf","time":1610755195,"event":{"mods":["BaseMod","Downfall","Hubris","Infinite Spire","Jorbs\u0027s Wanderer Trilogy","Minty Spire (QoL Compilation)","Replay The Spire","StSLib","SuperFastMode","The Animator","The Jungle"],"gold_per_floor":[116,222,237,252,252,252,269,298,298,13,43,43,72,72,72,72,72],"floor_reached":16,"language":"ENG","playtime":452,"items_purged":["Strike_B"],"score":124,"play_id":"c918a080-3503-4467-89e6-6090c75c30c8","local_time":"20210115185955","is_ascension_mode":true,"campfire_choices":[{"data":"FIFO Queue","floor":6,"key":"SMITH"}],"circlet_count":0,"master_deck":["Strike_B","Strike_B","Strike_B","Defend_B","Defend_B","Defend_B","Defend_B","Zap","Dualcast","Barrage","FIFO Queue+1","Panic Button","Tempest","Doom and Gloom","Crystallizer+1","Barrage","hubris:NaturalOne"],"relics":["Cracked Core","NeowsBlessing","Geode","Ring of Misfortune","Ring of Shattering","hubris:MobiusCoin","Chameleon Ring","PrismaticShard","Replay:Baseball","hubris:Icosahedron","hubris:TenFootPole"],"acts_visited":["Exordium"],"potions_floor_usage":[8,11,11,13,16,16],"damage_taken":[{"damage":0,"enemies":"2 Louse","floor":1,"turns":1},{"damage":0,"enemies":"Jaw Worm","floor":3,"turns":1},{"damage":0,"enemies":"Cultist","floor":4,"turns":1},{"damage":5,"enemies":"Looter","floor":7,"turns":3},{"damage":16,"enemies":"Gremlin Nob","floor":8,"turns":3},{"damage":19,"enemies":"3 Sentries","floor":11,"turns":4},{"damage":14,"enemies":"Gremlin Nob","floor":13,"turns":3},{"damage":10,"enemies":"Slime Boss","floor":16,"turns":4}],"seed_played":"-4518975123399747896","potions_obtained":[{"floor":3,"key":"GamblersBrew"},{"floor":4,"key":"Regen Potion"},{"floor":7,"key":"ColorlessPotion"},{"floor":8,"key":"Energy Potion"},{"floor":15,"key":"Weak Potion"},{"floor":15,"key":"Milkshake"}],"is_trial":false,"path_per_floor":["M","?","M","M","?","R","M","E","T","$","E","?","E","?","R","B"],"character_chosen":"DEFECT","items_purchased":["PrismaticShard","Crystallizer"],"campfire_rested":0,"item_purchase_floors":[10,10],"current_hp_per_floor":[75,45,45,45,45,45,40,24,24,24,18,18,4,4,4,0,0],"gold":72,"neow_bonus":"THREE_ENEMY_KILL","is_daily":false,"chose_seed":false,"campfire_upgraded":1,"win_rate":0.0,"timestamp":1610755195,"path_taken":["M","?","M","?","?","R","M","E","T","$","E","?","E","?","R","BOSS"],"items_purchased_type":["Relic","Card"],"build_version":"2020-12-22","purchased_purges":1,"victory":false,"max_hp_per_floor":[75,75,75,75,75,75,75,75,75,75,75,75,75,75,75,75,75],"card_choices":[{"not_picked":["hubris:PowerSurge","Chaos"],"picked":"Barrage","floor":1},{"not_picked":["Leap","Stack"],"picked":"FIFO Queue","floor":2},{"not_picked":["Sweeping Beam","Auto Shields","Recycle"],"picked":"SKIP","floor":3},{"not_picked":["Turbo","Barrage"],"picked":"Panic Button","floor":4},{"not_picked":["Lockon","Undo"],"picked":"Tempest","floor":7},{"not_picked":["ReplayTheSpireMod:System Scan","Streamline"],"picked":"Doom and Gloom","floor":8},{"not_picked":["hexamod:StepThrough","Anger"],"picked":"Barrage","floor":11},{"not_picked":["hexamod:SpectersWail","champ:VampiricStrike","Underhanded Strike"],"picked":"SKIP","floor":13}],"player_experience":107363,"relics_obtained":[{"floor":2,"key":"Geode"},{"floor":5,"key":"Ring of Misfortune"},{"floor":5,"key":"Ring of Shattering"},{"floor":8,"key":"hubris:MobiusCoin"},{"floor":9,"key":"Chameleon Ring"},{"floor":11,"key":"Replay:Baseball"},{"floor":13,"key":"hubris:TenFootPole"}],"event_choices":[{"damage_healed":0,"gold_gain":0,"player_choice":"Grow","damage_taken":0,"max_hp_gain":0,"max_hp_loss":0,"event_name":"Living Wall","floor":14,"gold_loss":0,"cards_upgraded":["Crystallizer"]}],"is_beta":false,"boss_relics":[],"items_purged_floors":[10],"is_endless":false,"potions_floor_spawned":[3,4,7,8],"killed_by":"Slime Boss","ascension_level":1}}