{"host":"y3h3n3f7seyagppx","time":1610737909,"event":{"mods":["AlwaysNeverKeys","BaseMod","Better Vampires","Colored Powertips","DeckTracker","Emptier Cage","Minty Spire (QoL Compilation)","Permanent Neow","Quick Restart","Rare Cards Sparkle","Relic Sorter","Relic Stats","StSLib","Transform Curses"],"gold_per_floor":[365,365,380,57,22,22,36,62,62,62,90,110,126,145,145,219,219,230,265,265,465,485,514,355,381,381,416,416,431,464,464,464,535,535,555,605,625,446,124,149,164,190,239,253,273,290,327,327,327,327,327,327,327,43,87,87],"floor_reached":57,"language":"ENG","playtime":10801,"items_purged":["Strike_G","Strike_G"],"score":3460,"play_id":"c886084b-e523-4b77-a371-fcf2c5c1451d","local_time":"20210115141149","is_ascension_mode":true,"campfire_choices":[{"data":"Backstab","floor":6,"key":"SMITH"},{"data":"Neutralize","floor":10,"key":"SMITH"},{"data":"Envenom","floor":15,"key":"SMITH"},{"data":"Accuracy","floor":32,"key":"SMITH"},{"floor":49,"key":"REST"},{"floor":53,"key":"REST"}],"circlet_count":0,"master_deck":["AscendersBane","Strike_G","Strike_G+1","Strike_G+1","Defend_G","Defend_G","Defend_G","Defend_G","Defend_G","Survivor","Neutralize+1","Well Laid Plans","Leg Sweep","Backstab+1","Blade Dance+1","Blade Dance+1","Blade Dance+1","Envenom+1","PiercingWail+1","Terror+1","After Image","Dagger Spray+1","Outmaneuver+1","Grand Finale","Accuracy+1","Heel Hook+1","Ghostly+1","Ghostly+1","Ghostly+1","Adrenaline+1","Burst+1","Cloak And Dagger+1","Escape Plan+1","Sucker Punch+1","Cloak And Dagger+1","Concentrate+1","Phantasmal Killer+1"],"relics":["Ring of the Snake","Toxic Egg 2","Mummified Hand","Kunai","Ornamental Fan","Runic Pyramid","Red Mask","Omamori","Bottled Tornado","Blue Candle","Blood Vial","Vajra","Fusion Hammer","Tingsha","Incense Burner","Centennial Puzzle","Boot","CeramicFish","Whetstone","Paper Crane","Shuriken"],"acts_visited":["Exordium","TheCity","TheBeyond","TheEnding"],"potions_floor_usage":[8,25,42,56],"damage_taken":[{"damage":12,"enemies":"Jaw Worm","floor":1,"turns":7},{"damage":4,"enemies":"Small Slimes","floor":3,"turns":5},{"damage":0,"enemies":"2 Louse","floor":7,"turns":3},{"damage":0,"enemies":"Lagavulin","floor":8,"turns":6},{"damage":2,"enemies":"3 Sentries","floor":11,"turns":7},{"damage":0,"enemies":"Red Slaver","floor":12,"turns":1},{"damage":0,"enemies":"Large Slime","floor":13,"turns":4},{"damage":0,"enemies":"Looter","floor":14,"turns":2},{"damage":14,"enemies":"Slime Boss","floor":16,"turns":9},{"damage":0,"enemies":"3 Byrds","floor":18,"turns":4},{"damage":0,"enemies":"Masked Bandits","floor":19,"turns":5},{"damage":0,"enemies":"Chosen","floor":22,"turns":4},{"damage":0,"enemies":"Gremlin Leader","floor":23,"turns":8},{"damage":0,"enemies":"Slavers","floor":25,"turns":7},{"damage":3,"enemies":"Gremlin Leader","floor":27,"turns":5},{"damage":0,"enemies":"Centurion and Healer","floor":29,"turns":5},{"damage":0,"enemies":"Slavers","floor":30,"turns":4},{"damage":0,"enemies":"Collector","floor":33,"turns":8},{"damage":0,"enemies":"3 Shapes","floor":35,"turns":5},{"damage":0,"enemies":"2 Orb Walkers","floor":36,"turns":6},{"damage":0,"enemies":"Orb Walker","floor":37,"turns":2},{"damage":0,"enemies":"Reptomancer","floor":40,"turns":5},{"damage":0,"enemies":"4 Shapes","floor":41,"turns":5},{"damage":0,"enemies":"Nemesis","floor":42,"turns":7},{"damage":0,"enemies":"Transient","floor":44,"turns":6},{"damage":0,"enemies":"Maw","floor":45,"turns":6},{"damage":0,"enemies":"Sphere and 2 Shapes","floor":46,"turns":5},{"damage":0,"enemies":"Reptomancer","floor":47,"turns":6},{"damage":0,"enemies":"Time Eater","floor":50,"turns":12},{"damage":20,"enemies":"Donu and Deca","floor":51,"turns":12},{"damage":0,"enemies":"Shield and Spear","floor":55,"turns":12},{"damage":20,"enemies":"The Heart","floor":56,"turns":11}],"seed_played":"2926616676898252961","potions_obtained":[{"floor":1,"key":"ColorlessPotion"},{"floor":3,"key":"CultistPotion"},{"floor":13,"key":"EntropicBrew"},{"floor":29,"key":"Swift Potion"},{"floor":41,"key":"CunningPotion"},{"floor":42,"key":"FairyPotion"}],"is_trial":false,"path_per_floor":["M","?","M","$","?","R","M","E","T","R","E","M","M","M","R","B",null,"M","?","?","?","M","E","$","E","T","E","?","M","E","?","R","B",null,"M","?","M","$","$","E","M","E","T","M","M","M","E","?","R","B","B",null,"R","$","E","B",null],"character_chosen":"THE_SILENT","items_purchased":["Toxic Egg 2","Backstab","Accuracy","Escape Plan+1","Incense Burner","Paper Crane"],"campfire_rested":2,"item_purchase_floors":[4,4,24,38,39,54],"current_hp_per_floor":[47,47,43,43,59,59,59,59,59,59,57,57,57,57,57,43,60,60,60,42,42,42,42,42,42,42,39,35,35,35,35,35,35,35,35,35,35,35,35,35,35,35,35,35,35,35,35,35,35,35,15,30,35,35,35,15],"gold":87,"neow_bonus":"TWO_FIFTY_GOLD","is_daily":false,"chose_seed":false,"campfire_upgraded":4,"win_rate":0.0,"timestamp":1610737909,"path_taken":["M","?","M","$","?","R","M","E","T","R","E","M","M","M","R","BOSS","M","?","?","?","?","E","$","E","T","E","?","M","E","?","R","BOSS","M","?","M","?","$","E","M","E","T","M","M","M","E","?","R","BOSS","BOSS","R","$","E","BOSS"],"items_purchased_type":["Relic","Card","Card","Card","Relic","Relic"],"build_version":"2020-12-22","purchased_purges":2,"victory":true,"max_hp_per_floor":[66,66,66,66,66,66,66,66,66,66,66,66,66,66,66,66,66,66,66,71,71,71,71,71,71,71,71,35,35,35,35,35,35,35,35,35,35,35,35,35,35,35,35,35,35,35,35,35,35,35,35,35,35,35,35,35],"relic_stats":{"counters":[32,194],"Blue Candle":[0],"CeramicFish":18,"Tingsha":[51],"Whetstone":["Strike_G","Strike_G"],"Boot":[49],"Blood Vial":0,"Centennial Puzzle":[6],"Mummified Hand":[78],"Ornamental Fan":[596],"Shuriken":[11],"Kunai":[154],"obtain_stats":[{"Blue Candle":26,"CeramicFish":43,"Vajra":30,"Tingsha":36,"Omamori":23,"Incense Burner":39,"Whetstone":47,"Bottled Tornado":25,"Paper Crane":54,"Boot":42,"Blood Vial":27,"Centennial Puzzle":40,"Mummified Hand":8,"Ornamental Fan":11,"Shuriken":55,"Fusion Hammer":34,"Red Mask":19,"Kunai":9,"Toxic Egg 2":4,"Ring of the Snake":0,"Runic Pyramid":17},{"Blue Candle":14,"CeramicFish":24,"Vajra":17,"Tingsha":20,"Omamori":13,"Incense Burner":21,"Whetstone":28,"Bottled Tornado":14,"Paper Crane":30,"Boot":24,"Blood Vial":15,"Centennial Puzzle":22,"Mummified Hand":4,"Ornamental Fan":5,"Shuriken":31,"Fusion Hammer":18,"Red Mask":11,"Kunai":4,"Toxic Egg 2":2,"Ring of the Snake":0,"Runic Pyramid":9},{"Blue Candle":72,"CeramicFish":124,"Vajra":86,"Tingsha":105,"Omamori":65,"Incense Burner":107,"Whetstone":147,"Bottled Tornado":72,"Paper Crane":171,"Boot":124,"Blood Vial":77,"Centennial Puzzle":112,"Mummified Hand":21,"Ornamental Fan":28,"Shuriken":183,"Fusion Hammer":94,"Red Mask":53,"Kunai":21,"Toxic Egg 2":12,"Ring of the Snake":0,"Runic Pyramid":44}],"Ring of the Snake":[64]},"card_choices":[{"not_picked":["Acrobatics","Escape Plan","Underhanded Strike"],"picked":"SKIP","floor":1},{"not_picked":["Sucker Punch","Outmaneuver"],"picked":"Leg Sweep","floor":3},{"not_picked":["Distraction+1","Slice"],"picked":"Blade Dance+1","floor":7},{"not_picked":["Outmaneuver+1","Expertise+1"],"picked":"Blade Dance+1","floor":8},{"not_picked":["Dagger Throw","Deflect+1"],"picked":"Blade Dance+1","floor":11},{"not_picked":["Slice","Backflip+1"],"picked":"Envenom","floor":12},{"not_picked":["Deadly Poison+1","Slice"],"picked":"PiercingWail+1","floor":13},{"not_picked":["Masterful Stab","Setup+1"],"picked":"Terror+1","floor":14},{"not_picked":["Glass Knife","Grand Finale"],"picked":"After Image","floor":16},{"not_picked":["Deadly Poison+1","Terror+1","Underhanded Strike+1"],"picked":"SKIP","floor":18},{"not_picked":["Bane","Distraction+1"],"picked":"Dagger Spray+1","floor":19},{"not_picked":["Dagger Throw","Sucker Punch"],"picked":"Outmaneuver+1","floor":22},{"not_picked":["Flechettes","Distraction+1"],"picked":"Grand Finale","floor":23},{"not_picked":["Dash+1","Outmaneuver+1","Eviscerate"],"picked":"SKIP","floor":25},{"not_picked":["Leg Sweep+1","PiercingWail+1"],"picked":"Heel Hook+1","floor":27},{"not_picked":["Acrobatics+1","Slice","Underhanded Strike"],"picked":"SKIP","floor":29},{"not_picked":["Outmaneuver+1","Flying Knee","Dagger Throw"],"picked":"SKIP","floor":30},{"not_picked":["Outmaneuver+1","Flying Knee","Dagger Throw"],"picked":"SKIP","floor":30},{"not_picked":["Corpse Explosion+1","Venomology+1"],"picked":"Burst+1","floor":33},{"not_picked":["Poisoned Stab+1","Quick Slash+1","Bane"],"picked":"SKIP","floor":35},{"not_picked":["Masterful Stab","Dagger Spray"],"picked":"Cloak And Dagger+1","floor":36},{"not_picked":["Poisoned Stab","Blade Dance+1","Outmaneuver+1"],"picked":"SKIP","floor":37},{"not_picked":["Venomology+1","Underhanded Strike","Skewer"],"picked":"SKIP","floor":40},{"not_picked":["Venomology+1","Underhanded Strike","Skewer"],"picked":"SKIP","floor":40},{"not_picked":["Distraction+1","Dagger Spray"],"picked":"Sucker Punch+1","floor":41},{"not_picked":["Dash","Accuracy+1"],"picked":"Cloak And Dagger+1","floor":42},{"not_picked":["Expertise+1","Dagger Spray+1","Bane"],"picked":"SKIP","floor":44},{"not_picked":["Footwork","Noxious Fumes","Poisoned Stab"],"picked":"SKIP","floor":45},{"not_picked":["Predator","Choke","Flying Knee"],"picked":"SKIP","floor":46},{"not_picked":["Noxious Fumes+1","Envenom"],"picked":"Concentrate+1","floor":47},{"not_picked":["Flying Knee+1","Venomology+1"],"picked":"Phantasmal Killer+1","floor":55}],"player_experience":20985700,"relics_obtained":[{"floor":8,"key":"Mummified Hand"},{"floor":9,"key":"Kunai"},{"floor":11,"key":"Ornamental Fan"},{"floor":19,"key":"Red Mask"},{"floor":23,"key":"Omamori"},{"floor":25,"key":"Bottled Tornado"},{"floor":26,"key":"Blue Candle"},{"floor":27,"key":"Blood Vial"},{"floor":30,"key":"Vajra"},{"floor":36,"key":"Tingsha"},{"floor":40,"key":"Centennial Puzzle"},{"floor":42,"key":"Boot"},{"floor":43,"key":"CeramicFish"},{"floor":47,"key":"Whetstone"},{"floor":55,"key":"Shuriken"}],"event_choices":[{"damage_healed":0,"gold_gain":0,"cards_transformed":["Decay"],"player_choice":"Change","damage_taken":0,"max_hp_gain":0,"max_hp_loss":0,"event_name":"Living Wall","floor":2,"gold_loss":0,"cards_obtained":["Well Laid Plans"]},{"damage_healed":16,"gold_gain":0,"player_choice":"Healed","damage_taken":0,"max_hp_gain":0,"max_hp_loss":0,"event_name":"The Cleric","floor":5,"gold_loss":35},{"damage_healed":0,"gold_gain":0,"player_choice":"Fought Bandits","damage_taken":0,"max_hp_gain":0,"max_hp_loss":0,"event_name":"Masked Bandits","floor":19,"gold_loss":0},{"damage_healed":0,"gold_gain":0,"player_choice":"Shed Blood","damage_taken":23,"max_hp_gain":5,"max_hp_loss":0,"event_name":"Forgotten Altar","floor":20,"gold_loss":0},{"damage_healed":0,"gold_gain":200,"player_choice":"Gold","damage_taken":0,"max_hp_gain":0,"max_hp_loss":0,"event_name":"Wheel of Change","floor":21,"gold_loss":0},{"damage_healed":0,"gold_gain":0,"player_choice":"Became a Ghost","damage_taken":0,"max_hp_gain":0,"max_hp_loss":36,"event_name":"Ghosts","floor":28,"gold_loss":0,"cards_obtained":["Ghostly","Ghostly","Ghostly"]},{"damage_healed":0,"gold_gain":0,"player_choice":"Read","damage_taken":0,"max_hp_gain":0,"max_hp_loss":0,"event_name":"The Library","floor":31,"gold_loss":0,"cards_obtained":["Adrenaline"]},{"damage_healed":0,"gold_gain":0,"player_choice":"Fight","damage_taken":0,"max_hp_gain":0,"max_hp_loss":0,"event_name":"Mysterious Sphere","floor":36,"gold_loss":0},{"damage_healed":7,"gold_gain":0,"player_choice":"Writhe","damage_taken":0,"max_hp_gain":0,"max_hp_loss":0,"event_name":"Winding Halls","floor":48,"gold_loss":0,"cards_obtained":["Writhe"]}],"is_beta":false,"boss_relics":[{"not_picked":["Snecko Eye","Ring of the Serpent"],"picked":"Runic Pyramid"},{"not_picked":["Philosopher\u0027s Stone","Cursed Key"],"picked":"Fusion Hammer"}],"items_purged_floors":[24,38],"is_endless":false,"potions_floor_spawned":[1,3,7,13,14,19,29,33,37,41,42,47,55],"ascension_level":20}}