{"host":"y3h3n3f7seyagppx","time":1610689983,"event":{"mods":["AlwaysNeverKeys","BaseMod","Better Vampires","Colored Powertips","DeckTracker","Emptier Cage","Minty Spire (QoL Compilation)","Permanent Neow","Quick Restart","Rare Cards Sparkle","Relic Sorter","Relic Stats","StSLib","Transform Curses"],"gold_per_floor":[116,266,281,281,291,291,302,314,337,337,367,367,24,57,57,128,128,141,141,141,157,170,201,151,180,206,235,249,249,260,90,90,166,166,180,200,214,230,97,129,139,171,216,216,243,276,276,301,301,301,301,301,301,27,59,59],"floor_reached":57,"language":"ENG","playtime":6722,"items_purged":["Strike_R","Strike_R","Strike_R","Anger"],"score":3069,"play_id":"57781fe2-4deb-49b2-b00c-2ae24e6b7c7d","local_time":"20210115005303","is_ascension_mode":true,"campfire_choices":[{"data":"Armaments","floor":6.0,"key":"SMITH"},{"data":"Battle Trance","floor":10.0,"key":"SMITH"},{"data":"Bash","floor":12.0,"key":"SMITH"},{"data":"Shockwave","floor":15.0,"key":"SMITH"},{"data":"Body Slam","floor":29.0,"key":"SMITH"},{"data":"Corruption","floor":32.0,"key":"SMITH"},{"data":"Feel No Pain","floor":44.0,"key":"SMITH"},{"data":"Impervious","floor":47,"key":"SMITH"},{"data":"Barricade","floor":49,"key":"SMITH"},{"data":"Dark Embrace","floor":53,"key":"SMITH"}],"circlet_count":0,"master_deck":["AscendersBane","Defend_R","Defend_R","Defend_R","Defend_R","Bash+1","Shrug It Off","Armaments+1","Battle Trance+1","Spot Weakness","Reaper","Shockwave+1","Corruption+1","Sentinel","Body Slam+1","Double Tap","Dark Embrace+1","Dropkick","Flame Barrier","Impervious+1","Barricade+1","Feel No Pain+1","Exhume","Dropkick+1","Shrug It Off","Clothesline+1"],"relics":["Burning Blood","Spirit Poop","Smiling Mask","Centennial Puzzle","Medical Kit","Nunchaku","Omamori","Runic Pyramid","Nilry\u0027s Codex","Regal Pillow","Red Skull","Tiny Chest","Unceasing Top","SlaversCollar","InkBottle","Anchor","Potion Belt","Juzu Bracelet","CaptainsWheel","Bag of Preparation","Kunai"],"acts_visited":["Exordium","TheCity","TheBeyond","TheEnding"],"potions_floor_usage":[55,56,56],"damage_taken":[{"damage":7.0,"enemies":"Small Slimes","floor":1.0,"turns":5.0},{"damage":19.0,"enemies":"Jaw Worm","floor":3.0,"turns":11.0},{"damage":3.0,"enemies":"Cultist","floor":5.0,"turns":4.0},{"damage":0.0,"enemies":"Blue Slaver","floor":7.0,"turns":6.0},{"damage":16.0,"enemies":"2 Fungi Beasts","floor":8.0,"turns":4.0},{"damage":19.0,"enemies":"3 Sentries","floor":11.0,"turns":6.0},{"damage":4.0,"enemies":"Lagavulin","floor":14.0,"turns":6.0},{"damage":30.0,"enemies":"The Guardian","floor":16.0,"turns":15.0},{"damage":8.0,"enemies":"Shell Parasite","floor":18.0,"turns":4.0},{"damage":0.0,"enemies":"3 Byrds","floor":21.0,"turns":5.0},{"damage":0.0,"enemies":"Centurion and Healer","floor":22.0,"turns":6.0},{"damage":40.0,"enemies":"Slavers","floor":23.0,"turns":6.0},{"damage":9.0,"enemies":"Book of Stabbing","floor":25.0,"turns":3.0},{"damage":9.0,"enemies":"Gremlin Leader","floor":27.0,"turns":3.0},{"damage":0.0,"enemies":"Snecko","floor":28.0,"turns":3.0},{"damage":32.0,"enemies":"Shelled Parasite and Fungi","floor":30.0,"turns":3.0},{"damage":0.0,"enemies":"Automaton","floor":33.0,"turns":2.0},{"damage":0.0,"enemies":"3 Shapes","floor":35.0,"turns":4.0},{"damage":0.0,"enemies":"Orb Walker","floor":36.0,"turns":3.0},{"damage":22.0,"enemies":"Sphere and 2 Shapes","floor":37.0,"turns":6.0},{"damage":0.0,"enemies":"Spire Growth","floor":38.0,"turns":2.0},{"damage":8.0,"enemies":"Nemesis","floor":40.0,"turns":3.0},{"damage":2.0,"enemies":"Maw","floor":41.0,"turns":5.0},{"damage":13.0,"enemies":"Reptomancer","floor":42.0,"turns":2.0},{"damage":4.0,"enemies":"Giant Head","floor":46.0,"turns":5.0},{"damage":4,"enemies":"Mind Bloom Boss Battle","floor":48,"turns":4},{"damage":0,"enemies":"Awakened One","floor":50,"turns":4},{"damage":2,"enemies":"Donu and Deca","floor":51,"turns":3},{"damage":0,"enemies":"Shield and Spear","floor":55,"turns":4},{"damage":45,"enemies":"The Heart","floor":56,"turns":8}],"seed_played":"6907161424517249518","potions_obtained":[{"floor":3.0,"key":"ElixirPotion"},{"floor":7.0,"key":"Explosive Potion"},{"floor":8.0,"key":"Fruit Juice"},{"floor":11.0,"key":"ElixirPotion"},{"floor":14.0,"key":"Strength Potion"},{"floor":25.0,"key":"Swift Potion"},{"floor":28.0,"key":"LiquidMemories"},{"floor":33.0,"key":"GamblersBrew"},{"floor":41.0,"key":"FairyPotion"},{"floor":48,"key":"Explosive Potion"},{"floor":55,"key":"EssenceOfSteel"}],"is_trial":false,"path_per_floor":["M","?","M","?","M","R","M","M","T","R","E","R","$","E","R","B",null,"M","?","?","M","M","E","$","E","T","E","M","R","M","$","R","B",null,"M","M","M","M","$","E","M","E","T","R","T","E","R","?","R","B","B",null,"R","$","E","B",null],"character_chosen":"IRONCLAD","items_purchased":["Medical Kit","Nunchaku","Dropkick","Flame Barrier","Feel No Pain","Bag of Preparation","SkillPotion"],"campfire_rested":0,"item_purchase_floors":[13,13,31,31,39,54,54],"current_hp_per_floor":[67,67,54,54,57,57,63,53,53,53,40,40,40,53,53,48,67,73,52,52,70,73,65,65,73,73,73,73,73,73,73,73,73,73,73,73,73,73,73,73,73,66,66,66,66,73,73,73,73,73,73,73,73,73,73,53],"gold":59,"neow_bonus":"REMOVE_TWO","is_daily":false,"chose_seed":false,"campfire_upgraded":10,"win_rate":0.0,"timestamp":1610689983,"path_taken":["M","?","M","?","?","R","M","M","T","R","E","R","$","E","R","BOSS","M","?","?","M","M","E","$","E","T","E","?","R","M","$","R","BOSS","M","M","?","M","$","E","?","E","T","R","?","E","R","?","R","BOSS","BOSS","R","$","E","BOSS"],"items_purchased_type":["Relic","Relic","Card","Card","Card","Relic","Potion"],"build_version":"2020-12-22","purchased_purges":4,"victory":true,"max_hp_per_floor":[68,68,68,68,68,68,68,68,68,68,68,68,68,73,73,73,73,73,73,73,73,73,73,73,73,73,73,73,73,73,73,73,73,73,73,73,73,73,73,73,73,73,73,73,73,73,73,73,73,73,73,73,73,73,73,73],"relic_stats":{"Regal Pillow":0,"counters":[30,145],"Juzu Bracelet":0,"Bag of Preparation":[4],"Smiling Mask":250,"Medical Kit":[22],"Burning Blood":77,"Centennial Puzzle":[44],"Nunchaku":[24],"Tiny Chest":1,"Kunai":[3],"obtain_stats":[{"Potion Belt":45,"Regal Pillow":23,"Nilry\u0027s Codex":19,"Spirit Poop":4,"Omamori":14,"Juzu Bracelet":46,"Bag of Preparation":54,"Smiling Mask":9,"Medical Kit":13,"Burning Blood":0,"SlaversCollar":34,"Centennial Puzzle":11,"Nunchaku":13,"Anchor":43,"CaptainsWheel":48,"Tiny Chest":26,"Kunai":55,"Red Skull":25,"Unceasing Top":27,"InkBottle":40,"Runic Pyramid":17},{"Potion Belt":24,"Regal Pillow":12,"Nilry\u0027s Codex":9,"Spirit Poop":2,"Omamori":7,"Juzu Bracelet":25,"Bag of Preparation":28,"Smiling Mask":5,"Medical Kit":6,"Burning Blood":0,"SlaversCollar":17,"Centennial Puzzle":6,"Nunchaku":6,"Anchor":24,"CaptainsWheel":26,"Tiny Chest":13,"Kunai":29,"Red Skull":13,"Unceasing Top":14,"InkBottle":22,"Runic Pyramid":8},{"Potion Belt":117,"Regal Pillow":78,"Nilry\u0027s Codex":61,"Spirit Poop":16,"Omamori":42,"Juzu Bracelet":122,"Bag of Preparation":133,"Smiling Mask":30,"Medical Kit":36,"Burning Blood":0,"SlaversCollar":92,"Centennial Puzzle":36,"Nunchaku":36,"Anchor":117,"CaptainsWheel":126,"Tiny Chest":81,"Kunai":137,"Red Skull":81,"Unceasing Top":84,"InkBottle":110,"Runic Pyramid":57}],"Unceasing Top":[0],"InkBottle":[21]},"card_choices":[{"not_picked":["Clash","Body Slam"],"picked":"Shrug It Off","floor":1.0},{"not_picked":["Body Slam","Heavy Blade"],"picked":"Armaments","floor":3.0},{"not_picked":["Wild Strike","Armaments"],"picked":"Battle Trance","floor":5.0},{"not_picked":["Flex","Reaper"],"picked":"Spot Weakness","floor":7.0},{"not_picked":["Headbutt","Flex"],"picked":"Anger","floor":8.0},{"not_picked":["Thunderclap","Metallicize"],"picked":"Reaper","floor":11.0},{"not_picked":["Iron Wave","Metallicize"],"picked":"Shockwave","floor":14.0},{"not_picked":["Bludgeon","Double Tap"],"picked":"Corruption","floor":16.0},{"not_picked":["Anger","Warcry"],"picked":"Sentinel","floor":18.0},{"not_picked":["Pummel","Twin Strike"],"picked":"Body Slam","floor":21.0},{"not_picked":["Twin Strike+1","Perfected Strike+1"],"picked":"Double Tap","floor":22.0},{"not_picked":["Body Slam+1","Pommel Strike","Warcry"],"picked":"SKIP","floor":23.0},{"not_picked":["Havoc","Pummel"],"picked":"Dark Embrace","floor":25.0},{"not_picked":["Twin Strike","Clothesline","Pommel Strike"],"picked":"SKIP","floor":27.0},{"not_picked":["True Grit","Sword Boomerang","Havoc"],"picked":"SKIP","floor":28.0},{"not_picked":["True Grit","Sword Boomerang","Havoc"],"picked":"SKIP","floor":28.0},{"not_picked":["Warcry","Whirlwind","True Grit"],"picked":"SKIP","floor":30.0},{"not_picked":["Berserk","Bludgeon"],"picked":"Impervious","floor":33.0},{"not_picked":["Havoc","True Grit","Burning Pact"],"picked":"SKIP","floor":35.0},{"not_picked":["Havoc","True Grit","Burning Pact"],"picked":"SKIP","floor":35.0},{"not_picked":["Cleave","Dark Embrace","Rupture"],"picked":"SKIP","floor":36.0},{"not_picked":["Flex","Spot Weakness","Warcry"],"picked":"SKIP","floor":37.0},{"not_picked":["Twin Strike+1","True Grit"],"picked":"Barricade","floor":38.0},{"not_picked":["Havoc","Shrug It Off"],"picked":"Exhume","floor":40.0},{"not_picked":["Pommel Strike","Reckless Charge"],"picked":"Dropkick+1","floor":41.0},{"not_picked":["Wild Strike","Body Slam","Thunderclap"],"picked":"SKIP","floor":42.0},{"not_picked":["Sword Boomerang+1","Perfected Strike"],"picked":"Shrug It Off","floor":46.0},{"not_picked":["Thunderclap","Infernal Blade"],"picked":"Clothesline+1","floor":48},{"not_picked":["Demon Form","Twin Strike","True Grit"],"picked":"SKIP","floor":55}],"player_experience":20959895,"relics_obtained":[{"floor":9.0,"key":"Smiling Mask"},{"floor":11.0,"key":"Centennial Puzzle"},{"floor":14.0,"key":"Omamori"},{"floor":19.0,"key":"Nilry\u0027s Codex"},{"floor":23.0,"key":"Regal Pillow"},{"floor":25.0,"key":"Red Skull"},{"floor":26.0,"key":"Tiny Chest"},{"floor":27.0,"key":"Unceasing Top"},{"floor":40.0,"key":"InkBottle"},{"floor":43.0,"key":"Anchor"},{"floor":45.0,"key":"Potion Belt"},{"floor":46.0,"key":"Juzu Bracelet"},{"floor":48,"key":"CaptainsWheel"},{"floor":55,"key":"Kunai"}],"event_choices":[{"damage_healed":0.0,"max_hp_gain":0.0,"max_hp_loss":0.0,"gold_gain":150.0,"event_name":"Liars Game","player_choice":"AGREE","floor":2.0,"gold_loss":0.0,"damage_taken":0.0,"cards_obtained":["Doubt"]},{"cards_removed":["Doubt"],"damage_healed":0.0,"max_hp_gain":0.0,"max_hp_loss":0.0,"gold_gain":0.0,"event_name":"Bonfire Elementals","player_choice":"Offered Curse","floor":4.0,"gold_loss":0.0,"damage_taken":0.0,"relics_obtained":["Spirit Poop"]},{"damage_healed":0.0,"max_hp_gain":0.0,"max_hp_loss":0.0,"gold_gain":0.0,"event_name":"Cursed Tome","player_choice":"Obtained Book","floor":19.0,"gold_loss":0.0,"damage_taken":21.0},{"damage_healed":0.0,"max_hp_gain":0.0,"max_hp_loss":0.0,"gold_gain":0.0,"event_name":"Match and Keep!","player_choice":"0 cards matched","floor":20.0,"gold_loss":0.0,"damage_taken":0.0,"cards_obtained":[]},{"damage_healed":0,"gold_gain":0,"player_choice":"Fight","damage_taken":0,"max_hp_gain":0,"max_hp_loss":0,"event_name":"MindBloom","floor":48,"gold_loss":0}],"is_beta":false,"boss_relics":[{"not_picked":["Calling Bell","Velvet Choker"],"picked":"Runic Pyramid"},{"not_picked":["Busted Crown","Mark of Pain"],"picked":"SlaversCollar"}],"items_purged_floors":[24,31,39,54],"is_endless":false,"potions_floor_spawned":[3,7,8,11,14,25,28,33,35,38,41,48,55],"ascension_level":20}}