{"host":"y4sghvfd0ewtcchd","time":1610725400,"event":{"mods":["Aspiration","BaseMod","Better Debug","Better Note","Better Third Choice","BetterRewards","Block Reminder","Colored Map","Colored Powertips","Downfall","Highlight Path","Hubris","Infinite Spire","Minty Spire (QoL Compilation)","Relic Sorter","Relic Stats","Replay The Spire","Shop Mod","StSLib","The Jungle","The Saiyan"],"gold_per_floor":[134,174,211,249,267,267,267,267,294,294,242,286,339,352,352,454,454,464,478,393,393,393,393,393,410,410,410,448,498,540,697,697,867,867,934,1010,1010,1010,1089,1089,1136,1136,1136,1186,1186,1325,1368,1469,1469,1469,1469,1469,1625,1787,1787],"floor_reached":56,"language":"ENG","playtime":3423,"items_purged":["Defend_B"],"score":2877,"play_id":"1decf57d-a37d-4c0a-b844-04fd2a3ae27a","local_time":"20210115184320","is_ascension_mode":true,"campfire_choices":[{"floor":6.0,"key":"REST"},{"data":"Storm","floor":8.0,"key":"SMITH"},{"data":"HandOfGreed","floor":8.0,"key":"SMITH"},{"data":"Sunder","floor":10.0,"key":"SMITH"},{"data":"Zap","floor":10.0,"key":"SMITH"},{"floor":15.0,"key":"REST"},{"data":"Seek","floor":23.0,"key":"SMITH"},{"data":"FIFO Queue","floor":23.0,"key":"SMITH"},{"floor":32,"key":"REST"},{"floor":40,"key":"REST"},{"floor":42,"key":"RECALL"},{"data":"Seek","floor":45,"key":"SMITH"},{"data":"Static Discharge","floor":45,"key":"SMITH"},{"floor":49,"key":"REST"},{"data":"Creative AI","floor":52,"key":"SMITH"},{"data":"Barrage","floor":52,"key":"SMITH"}],"circlet_count":0,"master_deck":["AscendersBane","Strike_B","Strike_B","Strike_B","Strike_B","Defend_B+1","Defend_B","Defend_B+1","Zap+1","Dualcast","Self Repair","Sunder+1","Storm+1","hubris:PowerSurge+1","Conserve Battery","HandOfGreed+1","BasicCrystalCard+1","Barrage+1","FIFO Queue+1","Loop","Turbo","hubris:Ukulele+1","Defragment","Seek+1","Panic Button","ReplayTheSpireMod:Calculation Training","Sunder+1","Ball Lightning+1","Storm+1","Seek+1","Static Discharge+1","hubris:PowerSurge+1","hubris:PowerSurge+1","Creative AI+1","Glacier+1","Ball Lightning+1","hubris:PowerSurge","Melter","Turbo","Deep Breath","expansioncontent:DashGenerateEvil","Steam Power"],"relics":["Cracked Core","infinitespire:Joker Card","hubris:Icosahedron","Replay:Arrowhead","infinitespire:Satchel","Mirror","ClockworkSouvenir","ReplayFunnel","ReplayTheSpireMod:Lightbulb","aspiration:PoetsPen_weak","White Beast Statue","Girya","Iron Hammer","Simple Rune","infinitespire:EvilPickle","Busted Crown","hubris:Potato","Pondfish Scales","aspiration:FaultyCoupler","aspiration:HiddenCompartment","hubris:NiceRug","Replay:WaspNest","Replay:Accelerometer","aspiration:Nostalgia","PureWater","Happy Flower"],"acts_visited":["Exordium","TheCity","TheBeyond","TheEnding"],"potions_floor_usage":[31,31,36,44,46,48],"damage_taken":[{"damage":0.0,"enemies":"Cultist","floor":1.0,"turns":3.0},{"damage":0.0,"enemies":"2 Louse","floor":2.0,"turns":3.0},{"damage":0.0,"enemies":"Jaw Worm","floor":3.0,"turns":3.0},{"damage":7.0,"enemies":"Exordium Wildlife","floor":4.0,"turns":2.0},{"damage":1.0,"enemies":"3 Louse","floor":5.0,"turns":3.0},{"damage":6.0,"enemies":"Looter","floor":12.0,"turns":3.0},{"damage":15.0,"enemies":"3 Sentries","floor":13.0,"turns":3.0},{"damage":1.0,"enemies":"2 Fungi Beasts","floor":14.0,"turns":2.0},{"damage":31.0,"enemies":"Hexaghost","floor":16.0,"turns":5.0},{"damage":14.0,"enemies":"Shell Parasite","floor":18.0,"turns":4.0},{"damage":21.0,"enemies":"2 Thieves","floor":19.0,"turns":3.0},{"damage":26.0,"enemies":"Snake Plant","floor":25.0,"turns":3.0},{"damage":7.0,"enemies":"Chosen and Byrds","floor":28.0,"turns":4.0},{"damage":47.0,"enemies":"Gremlin Leader","floor":29.0,"turns":4.0},{"damage":0.0,"enemies":"Cultist and Chosen","floor":30.0,"turns":3.0},{"damage":13,"enemies":"Book of Stabbing","floor":31,"turns":3},{"damage":32,"enemies":"Pondfish","floor":33,"turns":5},{"damage":23,"enemies":"Orb Walker","floor":35,"turns":3},{"damage":12,"enemies":"3 Darklings","floor":36,"turns":3},{"damage":0,"enemies":"Transient","floor":39,"turns":5},{"damage":22,"enemies":"2 Orb Walkers","floor":41,"turns":2},{"damage":5,"enemies":"Mind Bloom Boss Battle","floor":44,"turns":3},{"damage":19,"enemies":"Nemesis","floor":46,"turns":3},{"damage":0,"enemies":"Writhing Mass","floor":48,"turns":2},{"damage":30,"enemies":"Time Eater","floor":50,"turns":4},{"damage":0,"enemies":"hubris:Merchant","floor":53,"turns":3},{"damage":0,"enemies":"Shield and Spear","floor":54,"turns":2},{"damage":0,"enemies":"The Heart","floor":55,"turns":4}],"seed_played":"-5805560708857027889","potions_obtained":[{"floor":1.0,"key":"Block Potion"},{"floor":4.0,"key":"Swift Potion"},{"floor":14.0,"key":"AttackPotion"},{"floor":25.0,"key":"PowerPotion"},{"floor":27.0,"key":"Regen Potion"},{"floor":27.0,"key":"Block Potion"},{"floor":28.0,"key":"Cursed Concoction"},{"floor":29.0,"key":"Weak Potion"},{"floor":30.0,"key":"DistilledChaos"},{"floor":31,"key":"SteroidPotion"},{"floor":33,"key":"BlessingOfTheForge"},{"floor":35,"key":"PowerPotion"},{"floor":36,"key":"Guardian:BlockOnCardUsePotion"},{"floor":44,"key":"GamblersBrew"},{"floor":46,"key":"LifebloodPotion"},{"floor":48,"key":"FearPotion"},{"floor":53,"key":"BlessingOfTheForge"},{"floor":54,"key":"Energy Potion"}],"is_trial":false,"path_per_floor":["M","M","M","M","M","R","?","R","T","R","$","M","E","M","R","B",null,"M","M","?","?","?","R","T","M","T","?","M","E","M","E","R","B",null,"M","M","?","?","M","R","?","R","T","?","R","E","?","M","R","B",null,"R","$","E","B",null],"character_chosen":"DEFECT","items_purchased":["Replay:Arrowhead","infinitespire:Satchel","Self Repair","Sunder","Storm","Mirror","hubris:PowerSurge","ClockworkSouvenir","Conserve Battery","HandOfGreed","BasicCrystalCard+1","hubris:Ukulele+1","hubris:PowerSurge"],"campfire_rested":5,"item_purchase_floors":[0,0,0,0,0,0,0,0,0,0,0,11,53],"current_hp_per_floor":[20,20,27,20,26,48,48,48,48,48,48,49,34,33,55,31,64,57,43,43,43,43,43,43,24,24,24,36,35,35,22,44,12,59,43,38,38,38,45,67,60,60,60,62,62,50,32,32,54,75,75,75,75,75,75],"gold":1787,"neow_bonus":"","is_daily":false,"chose_seed":false,"campfire_upgraded":10,"win_rate":0.0,"timestamp":1610725400,"path_taken":["M","?","M","M","M","R","?","R","T","R","$","M","E","?","R","BOSS","M","M","?","?","?","R","?","M","T","?","M","E","?","E","R","BOSS","M","M","?","?","?","R","?","R","T","?","R","E","?","M","R","BOSS","R","$","E","BOSS"],"items_purchased_type":["Relic","Relic","Card","Card","Card","Relic","Card","Relic","Card","Card","Card","Card","Card"],"build_version":"2020-12-22","purchased_purges":1,"victory":true,"max_hp_per_floor":[75,75,75,75,75,75,75,75,75,75,75,75,75,75,75,75,75,75,75,75,75,75,75,75,75,75,75,75,75,75,75,75,75,75,75,75,75,75,75,75,75,75,75,75,75,75,75,75,75,75,75,75,75,75,75],"relic_stats":{"Busted Crown":50,"Happy Flower":[1],"counters":[213,773],"obtain_stats":[{"Replay:Accelerometer":49,"infinitespire:BottledMercury":11,"hubris:BallOfYels":29,"aspiration:PoetsPen_weak":17,"Whetstone":27,"Ginger":17,"Bottled Tornado":0,"hubris:MysteriousPyramids":44,"Sling":45,"Boot":54,"Blood Vial":0,"aspiration:EnhancedActuators":53,"Replay:Bronze Core":17,"MealTicket":0,"hubris:DeckOfHolding":53,"Fusion Hammer":34,"Kunai":40,"hubris:TinFlute":23,"Replay:Bottled Steam":23,"aspiration:FaultyCoupler":12,"Pear":43,"Velvet Choker":34,"Eternal Feather":20,"ReplayTheSpireMod:SealedPack":20,"Pen Nib":53,"aspiration:IroncladSkillbook":34,"Cables":44,"infinitespire:EvilPickle":33,"Bird Faced Urn":30,"Pandora\u0027s Box":17,"hubris:TenFootPole":0,"aspiration:MysteriousAuxiliaryCore":38,"infinitespire:PuzzleCube":28,"Solar Panel":0,"Carrot":0,"aspiration:Lifesprig":9,"hubris:Metronome":17,"Lantern":19,"Singing Bowl":26,"Replay:Multitool":41,"Bag of Preparation":45,"Replay:Rubber Ducky":53,"Matryoshka":0,"hubris:Backtick":17,"WingedGreaves":20,"infinitespire:Eraser":54,"aspiration:ChemicalBlood":0,"Lee\u0027s Waffle":0,"Inserter":48,"NeowsBlessing":0,"Golden Idol":7,"PreservedInsect":0,"The Courier":24,"infinitespire:Joker Card":44,"Geode":30,"infinitespire:Lucky Rock":54,"Frozen Egg 2":13,"hubris:Towel":13,"Replay:Arrowhead":23,"Busted Crown":17,"Ornamental Fan":47,"Orrery":48,"Turnip":45,"Garlic":16,"Bottled Lightning":12,"ReplayTheSpireMod:Lightbulb":40,"Toy Ornithopter":31,"hubris:BottledRain":26,"infinitespire:Freezer":55,"Tiny House":44,"Calipers":0,"aspiration:Stabinomicon":25,"Runic Capacitor":50,"Centennial Puzzle":27,"infinitespire:SolderingIron":43,"DollysMirror":53,"Strawberry":14,"Philosopher\u0027s Stone":17,"Prayer Wheel":37,"Iron Hammer":29,"Toxic Egg 2":5,"Girya":26,"Happy Flower":0,"hubris:DuctTape":34,"ReplayTheSpireMod:CursedCoin":0,"hubris:SoftwareUpdate":41,"aspiration:Nostalgia":53,"Replay:Grab Bag":17,"Astrolabe":34,"Oddly Smooth Stone":0,"infinitespire:Beetle Shell":48,"Replay:Kaleidoscope":43,"Question Card":47,"aspiration:HiddenCompartment":53,"Du-Vu Doll":24,"Replay:Baseball":45,"ReplayTheSpireMod:Shallot":48,"Shuriken":43,"Bronze Scales":0,"hubris:PeanutButter":0,"Simple Rune":9,"Onion Ring":26,"ReplayTheSpireMod:TigerMarble":23,"Mirror":0,"Meat on the Bone":0,"ReplayFunnel":44,"SacredBark":17,"aspiration:TomeofQuesting":10,"hubris:SlimyHat":43,"Replay:Mystery Machine":7,"ClockworkSouvenir":23,"aspiration:StickyExplosives_weak":30,"Replay:Bandana":0,"Nunchaku":25,"Emotion Chip":38,"Chameleon Ring":45,"hubris:Icosahedron":48,"Tiny Chest":7,"Cracked Core":0,"Replay:Drink Me":21,"hubris:DisguiseKit":46,"BargainBundle":0,"Guide Book":53,"Replay:WaspNest":53,"Orichalcum":56,"White Beast Statue":20,"Calling Bell":17,"CaptainsWheel":0,"DataDisk":27,"Pondfish Scales":43,"infinitespire:WardingShard":42,"infinitespire:Satchel":17,"ChewingGum":34,"hubris:BundleOfHerbs":0,"hubris:GrandSneckoEye":36,"Membership Card":0,"PureWater":53,"hubris:Potato":31,"ReplayTheSpireMod:ShopPack":21,"hubris:NiceRug":53},{"Replay:Accelerometer":97,"infinitespire:BottledMercury":105,"hubris:BallOfYels":118,"aspiration:PoetsPen_weak":194,"Whetstone":36,"Ginger":166,"Bottled Tornado":100,"hubris:MysteriousPyramids":178,"Sling":153,"Boot":184,"Blood Vial":0,"aspiration:EnhancedActuators":71,"Replay:Bronze Core":7,"MealTicket":22,"hubris:DeckOfHolding":71,"Fusion Hammer":42,"Kunai":125,"hubris:TinFlute":142,"Replay:Bottled Steam":114,"aspiration:FaultyCoupler":164,"Pear":126,"Velvet Choker":14,"Eternal Feather":8,"ReplayTheSpireMod:SealedPack":32,"Pen Nib":132,"aspiration:IroncladSkillbook":147,"Cables":95,"infinitespire:EvilPickle":62,"Bird Faced Urn":40,"Pandora\u0027s Box":30,"hubris:TenFootPole":100,"aspiration:MysteriousAuxiliaryCore":65,"infinitespire:PuzzleCube":86,"Solar Panel":22,"Carrot":0,"aspiration:Lifesprig":26,"hubris:Metronome":166,"Lantern":167,"Singing Bowl":59,"Replay:Multitool":45,"Bag of Preparation":95,"Replay:Rubber Ducky":157,"Matryoshka":100,"hubris:Backtick":139,"WingedGreaves":32,"infinitespire:Eraser":133,"aspiration:ChemicalBlood":46,"Lee\u0027s Waffle":0,"Inserter":21,"NeowsBlessing":0,"Golden Idol":50,"PreservedInsect":134,"The Courier":170,"infinitespire:Joker Card":207,"Geode":12,"infinitespire:Lucky Rock":72,"Frozen Egg 2":53,"hubris:Towel":138,"Replay:Arrowhead":170,"Busted Crown":109,"Ornamental Fan":96,"Orrery":21,"Turnip":127,"Garlic":80,"Bottled Lightning":28,"ReplayTheSpireMod:Lightbulb":44,"Toy Ornithopter":41,"hubris:BottledRain":9,"infinitespire:Freezer":98,"Tiny House":95,"Calipers":159,"aspiration:Stabinomicon":35,"Runic Capacitor":97,"Centennial Puzzle":10,"infinitespire:SolderingIron":68,"DollysMirror":71,"Strawberry":79,"Philosopher\u0027s Stone":7,"Prayer Wheel":44,"Iron Hammer":199,"Toxic Egg 2":3,"Girya":197,"Happy Flower":46,"hubris:DuctTape":172,"ReplayTheSpireMod:CursedCoin":46,"hubris:SoftwareUpdate":67,"aspiration:Nostalgia":211,"Replay:Grab Bag":7,"Astrolabe":120,"Oddly Smooth Stone":22,"infinitespire:Beetle Shell":181,"Replay:Kaleidoscope":178,"Question Card":21,"aspiration:HiddenCompartment":132,"Du-Vu Doll":9,"Replay:Baseball":153,"ReplayTheSpireMod:Shallot":155,"Shuriken":152,"Bronze Scales":46,"hubris:PeanutButter":73,"Simple Rune":104,"Onion Ring":116,"ReplayTheSpireMod:TigerMarble":59,"Mirror":185,"Meat on the Bone":134,"ReplayFunnel":178,"SacredBark":7,"aspiration:TomeofQuesting":5,"hubris:SlimyHat":17,"Replay:Mystery Machine":4,"ClockworkSouvenir":9,"aspiration:StickyExplosives_weak":40,"Replay:Bandana":46,"Nunchaku":116,"Emotion Chip":149,"Chameleon Ring":19,"hubris:Icosahedron":69,"Tiny Chest":162,"Cracked Core":0,"Replay:Drink Me":8,"hubris:DisguiseKit":128,"BargainBundle":22,"Guide Book":157,"Replay:WaspNest":211,"Orichalcum":99,"White Beast Statue":196,"Calling Bell":166,"CaptainsWheel":46,"DataDisk":86,"Pondfish Scales":206,"infinitespire:WardingShard":126,"infinitespire:Satchel":166,"ChewingGum":62,"hubris:BundleOfHerbs":159,"hubris:GrandSneckoEye":90,"Membership Card":100,"PureWater":211,"hubris:Potato":61,"ReplayTheSpireMod:ShopPack":8,"hubris:NiceRug":71},{"Replay:Accelerometer":396,"infinitespire:BottledMercury":423,"hubris:BallOfYels":451,"aspiration:PoetsPen_weak":711,"Whetstone":160,"Ginger":622,"Bottled Tornado":415,"hubris:MysteriousPyramids":659,"Sling":564,"Boot":680,"Blood Vial":0,"aspiration:EnhancedActuators":274,"Replay:Bronze Core":30,"MealTicket":111,"hubris:DeckOfHolding":274,"Fusion Hammer":182,"Kunai":462,"hubris:TinFlute":518,"Replay:Bottled Steam":441,"aspiration:FaultyCoupler":609,"Pear":466,"Velvet Choker":72,"Eternal Feather":33,"ReplayTheSpireMod:SealedPack":147,"Pen Nib":481,"aspiration:IroncladSkillbook":539,"Cables":384,"infinitespire:EvilPickle":245,"Bird Faced Urn":173,"Pandora\u0027s Box":140,"hubris:TenFootPole":415,"aspiration:MysteriousAuxiliaryCore":252,"infinitespire:PuzzleCube":338,"Solar Panel":111,"Carrot":0,"aspiration:Lifesprig":124,"hubris:Metronome":622,"Lantern":627,"Singing Bowl":235,"Replay:Multitool":193,"Bag of Preparation":384,"Replay:Rubber Ducky":582,"Matryoshka":415,"hubris:Backtick":507,"WingedGreaves":147,"infinitespire:Eraser":482,"aspiration:ChemicalBlood":195,"Lee\u0027s Waffle":0,"Inserter":104,"NeowsBlessing":0,"Golden Idol":205,"PreservedInsect":485,"The Courier":636,"infinitespire:Joker Card":755,"Geode":57,"infinitespire:Lucky Rock":276,"Frozen Egg 2":214,"hubris:Towel":497,"Replay:Arrowhead":636,"Busted Crown":433,"Ornamental Fan":391,"Orrery":104,"Turnip":468,"Garlic":302,"Bottled Lightning":131,"ReplayTheSpireMod:Lightbulb":189,"Toy Ornithopter":176,"hubris:BottledRain":37,"infinitespire:Freezer":404,"Tiny House":384,"Calipers":592,"aspiration:Stabinomicon":156,"Runic Capacitor":396,"Centennial Puzzle":42,"infinitespire:SolderingIron":262,"DollysMirror":274,"Strawberry":299,"Philosopher\u0027s Stone":30,"Prayer Wheel":188,"Iron Hammer":728,"Toxic Egg 2":7,"Girya":720,"Happy Flower":195,"hubris:DuctTape":646,"ReplayTheSpireMod:CursedCoin":195,"hubris:SoftwareUpdate":260,"aspiration:Nostalgia":767,"Replay:Grab Bag":30,"Astrolabe":454,"Oddly Smooth Stone":111,"infinitespire:Beetle Shell":669,"Replay:Kaleidoscope":659,"Question Card":104,"aspiration:HiddenCompartment":481,"Du-Vu Doll":37,"Replay:Baseball":564,"ReplayTheSpireMod:Shallot":573,"Shuriken":560,"Bronze Scales":195,"hubris:PeanutButter":281,"Simple Rune":422,"Onion Ring":447,"ReplayTheSpireMod:TigerMarble":235,"Mirror":684,"Meat on the Bone":485,"ReplayFunnel":659,"SacredBark":30,"aspiration:TomeofQuesting":17,"hubris:SlimyHat":85,"Replay:Mystery Machine":13,"ClockworkSouvenir":37,"aspiration:StickyExplosives_weak":173,"Replay:Bandana":195,"Nunchaku":447,"Emotion Chip":545,"Chameleon Ring":98,"hubris:Icosahedron":265,"Tiny Chest":603,"Cracked Core":0,"Replay:Drink Me":33,"hubris:DisguiseKit":471,"BargainBundle":111,"Guide Book":582,"Replay:WaspNest":767,"Orichalcum":408,"White Beast Statue":717,"Calling Bell":622,"CaptainsWheel":195,"DataDisk":338,"Pondfish Scales":752,"infinitespire:WardingShard":466,"infinitespire:Satchel":622,"ChewingGum":245,"hubris:BundleOfHerbs":592,"hubris:GrandSneckoEye":356,"Membership Card":415,"PureWater":767,"hubris:Potato":241,"ReplayTheSpireMod:ShopPack":33,"hubris:NiceRug":274}]},"card_choices":[{"not_picked":["Fusion","Compile Driver"],"picked":"Barrage","floor":1.0},{"not_picked":["Crystallizer","BootSequence"],"picked":"FIFO Queue","floor":2.0},{"not_picked":["Redo","ReplaySolidLightProjector"],"picked":"Loop","floor":3.0},{"not_picked":["Hologram","FTL","Barrage"],"picked":"SKIP","floor":4.0},{"not_picked":["Steam","Force Field"],"picked":"Turbo","floor":5.0},{"not_picked":["Panic Button","Darkness","Stack"],"picked":"SKIP","floor":12.0},{"not_picked":["Hologram","Gash","Fusion"],"picked":"SKIP","floor":13.0},{"not_picked":["Beam Cell","Leap"],"picked":"Defragment","floor":14.0},{"not_picked":["ReplayRNGCard","Biased Cognition"],"picked":"Seek","floor":16.0},{"not_picked":["Turbo","Aggregate"],"picked":"Panic Button","floor":18.0},{"not_picked":["Tempest","ReplayTheSpireMod:Reroute Power"],"picked":"ReplayTheSpireMod:Calculation Training","floor":19.0},{"not_picked":["Coolheaded","Cold Snap","Hologram"],"picked":"SKIP","floor":25.0},{"not_picked":["Streamline","Stack","Reprogram"],"picked":"SKIP","floor":28.0},{"not_picked":["Multi-Cast","Compile Driver"],"picked":"Sunder+1","floor":29.0},{"not_picked":["Hologram","Beam Cell"],"picked":"Ball Lightning+1","floor":30.0},{"not_picked":["Turbo","Sunder"],"picked":"Storm","floor":31},{"not_picked":["All For One","Hyperbeam"],"picked":"Seek","floor":33},{"not_picked":[],"picked":"Static Discharge","floor":35},{"not_picked":["Stack+1"],"picked":"SKIP","floor":36},{"not_picked":[],"picked":"hubris:PowerSurge+1","floor":39},{"not_picked":[],"picked":"Creative AI","floor":46},{"not_picked":[],"picked":"Glacier+1","floor":47},{"not_picked":[],"picked":"Ball Lightning+1","floor":48},{"not_picked":[],"picked":"Melter","floor":53},{"not_picked":[],"picked":"Turbo","floor":53},{"not_picked":[],"picked":"Deep Breath","floor":53},{"not_picked":[],"picked":"expansioncontent:DashGenerateEvil","floor":53},{"not_picked":["Compile Driver"],"picked":"SKIP","floor":53},{"not_picked":["Darkness"],"picked":"SKIP","floor":53},{"not_picked":[],"picked":"Steam Power","floor":54}],"player_experience":589189,"relics_obtained":[{"floor":9.0,"key":"ReplayFunnel"},{"floor":13.0,"key":"ReplayTheSpireMod:Lightbulb"},{"floor":26.0,"key":"Girya"},{"floor":29.0,"key":"Iron Hammer"},{"floor":31,"key":"Simple Rune"},{"floor":41,"key":"hubris:Potato"},{"floor":43,"key":"Pondfish Scales"},{"floor":44,"key":"infinitespire:Joker Card"},{"floor":46,"key":"aspiration:FaultyCoupler"},{"floor":47,"key":"aspiration:HiddenCompartment"},{"floor":53,"key":"Replay:WaspNest"},{"floor":53,"key":"Replay:Accelerometer"},{"floor":53,"key":"aspiration:Nostalgia"},{"floor":54,"key":"Happy Flower"}],"event_choices":[{"damage_healed":0.0,"max_hp_gain":0.0,"max_hp_loss":0.0,"gold_gain":0.0,"event_name":"Upgrade Shrine","player_choice":"Upgraded","floor":7.0,"gold_loss":0.0,"damage_taken":0.0,"cards_upgraded":["hubris:PowerSurge"]},{"damage_healed":0.0,"max_hp_gain":0.0,"max_hp_loss":0.0,"gold_gain":0.0,"event_name":"Addict","player_choice":"Obtained Relic","floor":20.0,"gold_loss":85.0,"damage_taken":0.0,"relics_obtained":["White Beast Statue"]},{"damage_healed":0.0,"max_hp_gain":0.0,"max_hp_loss":0.0,"gold_gain":0.0,"event_name":"Lab","player_choice":"Got Potions","floor":27.0,"gold_loss":0.0,"damage_taken":0.0},{"damage_healed":0,"gold_gain":0,"player_choice":"Copied","damage_taken":0,"max_hp_gain":0,"max_hp_loss":0,"event_name":"Duplicator","floor":38,"gold_loss":0,"cards_obtained":["hubris:PowerSurge"]},{"damage_healed":0,"gold_gain":0,"player_choice":"Fight","damage_taken":0,"max_hp_gain":0,"max_hp_loss":0,"event_name":"Mysterious Sphere","floor":41,"gold_loss":0},{"damage_healed":0,"gold_gain":0,"player_choice":"Fight","damage_taken":0,"max_hp_gain":0,"max_hp_loss":0,"event_name":"MindBloom","floor":44,"gold_loss":0}],"is_beta":false,"boss_relics":[{"not_picked":["hubris:HollowSoul","aspiration:SecretTechniqueScroll"],"picked":"aspiration:PoetsPen_weak"},{"not_picked":["aspiration:RunicSpoon","aspiration:IroncladSkillbook"],"picked":"Busted Crown"}],"items_purged_floors":[53],"is_endless":false,"potions_floor_spawned":[1,4,14,16,18,25,28,29,30,31,33,35,36,39,41,44,46,48,53,54],"ascension_level":12}}