{"host":"smly4hbvzf862lrh","time":1610724857,"event":{"mods":["Arknights The Spire","BaseMod","BetterRewards","Colored Map","Colored Powertips","Highlight Path","Minty Spire (QoL Compilation)","StSLib"],"gold_per_floor":[12014,12034,12051,11308,11322,11349,11349,11349,11376,10797,10813,10840,10853,10915,10915,11012,11012,11028,11028,11028,11038,11051,11078,11078,11090,11090,11090,11106,11021,10632,10664,10664,10762,10762,10762],"floor_reached":34,"language":"ZHS","playtime":2592,"items_purged":["ats:Defend","ats:Strike V","ats:Defend"],"score":452,"play_id":"490e99e0-28cb-4a22-ac3a-037c2ba03dd0","local_time":"20210115233417","is_ascension_mode":false,"campfire_choices":[{"data":"ats:Calcification","floor":8,"key":"SMITH"},{"data":"Apotheosis","floor":15,"key":"SMITH"},{"data":"ats:Ambush","floor":24,"key":"SMITH"},{"data":"ats:Counter Healing Mode","floor":27,"key":"SMITH"},{"data":"ats:Soul Rend","floor":32,"key":"SMITH"}],"circlet_count":0,"master_deck":["ats:Strike G","ats:Strike S","ats:Armor Crushing Shot","ats:Emotion Absorption","ats:Assault Order","ats:Calcification+1","ats:Hammer On","ats:Apocalypse","ats:Wolf Pack","ats:Overload","Apotheosis+1","ats:Hook Shot","ats:Support Order","ats:Durian","ats:Ambush+1","ats:True Silver Slash","ats:Hook Shot","ats:Shell Defense","ats:Counter Healing Mode+1","ats:Soul Rend+1","ats:Closed Bolt Burst Fire+1","ats:Soul Rend","ats:Closed Bolt Burst Fire+1","ats:Encircling Forest+1","ats:Curse Doll+1"],"relics":["ats:Sanity","Burning Blood","NeowsBlessing","ats:Arts","Regal Pillow","Toy Ornithopter","ats:Originium","PreservedInsect","ats:Berate","Membership Card","Bag of Marbles","Ornamental Fan","Oddly Smooth Stone","ats:Hidden Killer","Black Star","CultistMask","Vajra","Pantograph","Gremlin Horn","Lantern","Question Card","ats:Cure","Sundial","Molten Egg 2","Dream Catcher","Astrolabe"],"acts_visited":["Exordium","TheCity","TheBeyond"],"potions_floor_usage":[],"damage_taken":[{"damage":0,"enemies":"Small Slimes","floor":1,"turns":1},{"damage":0,"enemies":"Cultist","floor":2,"turns":1},{"damage":0,"enemies":"2 Louse","floor":3,"turns":2},{"damage":25,"enemies":"Large Slime","floor":5,"turns":7},{"damage":67,"enemies":"3 Sentries","floor":6,"turns":12},{"damage":13,"enemies":"Blue Slaver","floor":11,"turns":4},{"damage":16,"enemies":"Gremlin Nob","floor":12,"turns":4},{"damage":11,"enemies":"Exordium Thugs","floor":13,"turns":4},{"damage":21,"enemies":"Lagavulin Event","floor":14,"turns":6},{"damage":37,"enemies":"The Guardian","floor":16,"turns":9},{"damage":12,"enemies":"Shell Parasite","floor":18,"turns":6},{"damage":11,"enemies":"3 Byrds","floor":21,"turns":8},{"damage":34,"enemies":"Sentry and Sphere","floor":22,"turns":4},{"damage":53,"enemies":"Gremlin Leader","floor":23,"turns":5},{"damage":5,"enemies":"Centurion and Healer","floor":25,"turns":4},{"damage":5,"enemies":"3 Cultists","floor":28,"turns":4},{"damage":82,"enemies":"Book of Stabbing","floor":31,"turns":6},{"damage":19,"enemies":"Automaton","floor":33,"turns":12}],"seed_played":"-2613506403437007161","potions_obtained":[{"floor":2,"key":"LiquidMemories"},{"floor":5,"key":"Swift Potion"},{"floor":7,"key":"Block Potion"},{"floor":11,"key":"FairyPotion"}],"is_trial":false,"path_per_floor":["M","M","M","$","M","E","?","R","T","$","M","E","M","?","R","B",null,"M","?","?","M","M","E","R","M","T","R","M","?","$","E","R","B",null],"character_chosen":"DOCTOR_CLASS","items_purchased":["ats:Arts","ats:Apocalypse","ats:Wolf Pack","Regal Pillow","Toy Ornithopter","Membership Card","Bag of Marbles","Ornamental Fan","Apotheosis","ats:Hook Shot","Question Card","ats:Cure","Sundial"],"campfire_rested":0,"item_purchase_floors":[4,4,4,4,4,10,10,10,10,10,30,30,30],"current_hp_per_floor":[500,500,500,500,491,445,445,445,445,445,443,437,437,432,432,414,500,500,500,500,500,473,431,431,433,433,433,438,438,438,374,374,419,500,500],"gold":10762,"neow_bonus":"THREE_ENEMY_KILL","is_daily":false,"chose_seed":false,"campfire_upgraded":5,"win_rate":0.0,"timestamp":1610724857,"path_taken":["M","M","M","$","M","E","?","R","T","$","M","E","?","?","R","BOSS","M","?","?","M","M","E","R","?","T","R","M","?","$","E","R","BOSS"],"items_purchased_type":["Relic","Card","Card","Relic","Relic","Relic","Relic","Relic","Card","Card","Relic","Relic","Relic"],"build_version":"2020-12-22","purchased_purges":3,"victory":false,"max_hp_per_floor":[500,500,500,500,500,500,500,500,500,500,500,500,500,500,500,500,500,500,500,500,500,500,500,500,500,500,500,500,500,500,500,500,500,500,500],"card_choices":[{"not_picked":["ats:Powerful Strike","ats:Explosion Area Strengthen"],"picked":"ats:Assault Order","floor":1},{"not_picked":["ats:Assault Order","ats:Burning Ground"],"picked":"ats:Calcification","floor":2},{"not_picked":["ats:Leaping Hammer","ats:Curse Doll"],"picked":"ats:Hammer On","floor":3},{"not_picked":["ats:Mental Burst","ats:Apocalypse","ats:Consecutive Shot Auto"],"picked":"SKIP","floor":5},{"not_picked":["ats:Poison Spread","ats:Cat Scratch"],"picked":"ats:Overload","floor":6},{"not_picked":["ats:Cat Scratch","ats:Poison Spread","ats:Guardian Obelisk"],"picked":"SKIP","floor":11},{"not_picked":["ats:Flexible Camouflage","ats:Curse Doll","ats:Ignite"],"picked":"SKIP","floor":12},{"not_picked":["ats:Explosion Area Strengthen","ats:Hammer On"],"picked":"ats:Support Order","floor":13},{"not_picked":["ats:Cat Scratch","ats:Childhood Dance"],"picked":"ats:Durian","floor":14},{"not_picked":["ats:Echo Reverb","ats:Volcano"],"picked":"ats:Ambush","floor":16},{"not_picked":["ats:Poison Spread","ats:Assault Order+1","ats:Guardian Obelisk"],"picked":"SKIP","floor":18},{"not_picked":["ats:Assault Order+1","ats:Leaping Hammer"],"picked":"ats:True Silver Slash","floor":21},{"not_picked":["ats:Collapsing Strike","ats:Hammer On"],"picked":"ats:Hook Shot","floor":22},{"not_picked":["ats:Powerful Strike","ats:Childhood Dance"],"picked":"ats:Shell Defense","floor":23},{"not_picked":["ats:Blood Oath","ats:Sunburst"],"picked":"ats:Counter Healing Mode","floor":25},{"not_picked":["ats:Apocalypse","ats:Powerful Strike+1"],"picked":"ats:Soul Rend","floor":28},{"not_picked":["ats:Echo Reverb","ats:Automatic Cover","ats:Assault Order"],"picked":"ats:Closed Bolt Burst Fire+1","floor":31},{"not_picked":["ats:Fractured Body","ats:Wolf Pack+1","ats:Echo Reverb"],"picked":"ats:Soul Rend","floor":33}],"player_experience":67382,"relics_obtained":[{"floor":6,"key":"ats:Originium"},{"floor":6,"key":"PreservedInsect"},{"floor":9,"key":"ats:Berate"},{"floor":12,"key":"Oddly Smooth Stone"},{"floor":12,"key":"ats:Originium"},{"floor":14,"key":"ats:Hidden Killer"},{"floor":23,"key":"ats:Originium"},{"floor":23,"key":"Vajra"},{"floor":23,"key":"Pantograph"},{"floor":26,"key":"Gremlin Horn"},{"floor":31,"key":"Molten Egg 2"},{"floor":31,"key":"Dream Catcher"}],"event_choices":[{"damage_healed":0,"gold_gain":0,"player_choice":"Got Potions","damage_taken":0,"max_hp_gain":0,"max_hp_loss":0,"event_name":"Lab","floor":7,"gold_loss":0},{"damage_healed":0,"gold_gain":0,"player_choice":"Searched \u00271\u0027 times","damage_taken":0,"max_hp_gain":0,"max_hp_loss":0,"event_name":"Dead Adventurer","floor":14,"gold_loss":0},{"damage_healed":0,"gold_gain":0,"player_choice":"Ignored","damage_taken":0,"max_hp_gain":0,"max_hp_loss":0,"event_name":"Vampires","floor":19,"gold_loss":0},{"damage_healed":0,"gold_gain":0,"player_choice":"Trade","damage_taken":0,"relics_obtained":["CultistMask"],"max_hp_gain":0,"max_hp_loss":0,"event_name":"FaceTrader","floor":20,"gold_loss":0},{"damage_healed":0,"gold_gain":0,"player_choice":"Obtained Relic","damage_taken":0,"relics_obtained":["Lantern"],"max_hp_gain":0,"max_hp_loss":0,"event_name":"Addict","floor":29,"gold_loss":85}],"is_beta":false,"boss_relics":[{"not_picked":["Velvet Choker","Runic Dome"],"picked":"Black Star"},{"not_picked":["Fusion Hammer","Philosopher\u0027s Stone"],"picked":"Astrolabe"}],"items_purged_floors":[4,10,30],"is_endless":false,"potions_floor_spawned":[2,5,11,12,14,21,28,31],"ascension_level":0}}