{"host":"4kqumtn9vzgpomuw","time":1610725395,"event":{"mods":["AchievementEnabler","BaseMod","Colored Map","Minty Spire (QoL Compilation)","StSLib"],"gold_per_floor":[110,110,20945,20945,21005,20541,20551,20582,20637,20737,20737,20753,20703,20722,20722,20819,20819,20809,20825,20825,20825],"floor_reached":20,"language":"KOR","playtime":1089,"items_purged":["Strike_G","Strike_G"],"score":174,"play_id":"e2ab9273-0bc8-43f9-bbd4-22c8a2d4b2fb","local_time":"20210116004315","is_ascension_mode":false,"campfire_choices":[{"data":"Magnetism","floor":11,"key":"SMITH"},{"data":"Bouncing Flask","floor":15,"key":"SMITH"}],"circlet_count":0,"master_deck":["Strike_G","Defend_G","Defend_G","Defend_G","Defend_G","Defend_G","Survivor","Neutralize+1","Backflip","Poisoned Stab+1","Deadly Poison","Well Laid Plans","Magnetism+1","Backflip","Blur","Escape Plan","Backflip","Blur","Bouncing Flask+1","Envenom","Deadly Poison"],"relics":["Ring of the Serpent","Happy Flower","Pantograph","Ice Cream","DollysMirror","Membership Card","Strawberry","Dream Catcher","Oddly Smooth Stone","MealTicket"],"acts_visited":["Exordium","TheCity"],"potions_floor_usage":[8,8,8,14,19],"damage_taken":[{"damage":2,"enemies":"Small Slimes","floor":1,"turns":4},{"damage":0,"enemies":"2 Louse","floor":5,"turns":3},{"damage":0,"enemies":"Cultist","floor":7,"turns":4},{"damage":19,"enemies":"3 Sentries","floor":8,"turns":8},{"damage":8,"enemies":"3 Louse","floor":12,"turns":5},{"damage":8,"enemies":"Exordium Thugs","floor":14,"turns":6},{"damage":29,"enemies":"Slime Boss","floor":16,"turns":11},{"damage":30,"enemies":"2 Thieves","floor":18,"turns":4},{"damage":10,"enemies":"Spheric Guardian","floor":19,"turns":4},{"damage":38,"enemies":"Masked Bandits","floor":20,"turns":3}],"seed_played":"-4775274414812143408","potions_obtained":[{"floor":8,"key":"Ancient Potion"},{"floor":16,"key":"Weak Potion"}],"is_trial":false,"path_per_floor":["M","?","$","?","M","$","M","E","T","?","R","M","?","M","R","B",null,"M","M","?"],"character_chosen":"THE_SILENT","items_purchased":["Poisoned Stab","Pantograph","Ice Cream","Deadly Poison","Well Laid Plans","Magnetism","DollysMirror","SpeedPotion","SpeedPotion","LiquidBronze","Membership Card","Strawberry","Dream Catcher","Escape Plan","Backflip"],"campfire_rested":0,"item_purchase_floors":[3,3,3,3,3,3,3,3,3,3,6,6,6,6,6],"current_hp_per_floor":[68,61,61,47,47,54,54,35,35,35,35,27,27,19,19,15,77,47,37,0,0],"gold":20825,"neow_bonus":"RANDOM_COMMON_RELIC","is_daily":false,"chose_seed":false,"campfire_upgraded":2,"win_rate":0.0,"timestamp":1610725395,"path_taken":["M","?","$","?","M","$","M","E","T","?","R","?","?","M","R","BOSS","M","M","?"],"items_purchased_type":["Card","Relic","Relic","Card","Card","Card","Relic","Potion","Potion","Potion","Relic","Relic","Relic","Card","Card"],"build_version":"2020-12-22","purchased_purges":2,"victory":false,"max_hp_per_floor":[70,70,70,70,70,77,77,77,77,77,77,77,77,77,77,77,77,77,77,77,77],"card_choices":[{"not_picked":["Deflect","Dash"],"picked":"Backflip","floor":1},{"not_picked":["Deflect","Sucker Punch"],"picked":"Blur","floor":5},{"not_picked":["Heel Hook","Dagger Throw","Quick Slash"],"picked":"SKIP","floor":7},{"not_picked":["Blade Dance","Backflip"],"picked":"Blur","floor":8},{"not_picked":["Flying Knee","Blade Dance","Heel Hook"],"picked":"SKIP","floor":12},{"not_picked":["Blur","Quick Slash"],"picked":"Bouncing Flask","floor":14},{"not_picked":["Night Terror","A Thousand Cuts"],"picked":"Envenom","floor":16},{"not_picked":["Sucker Punch","Acrobatics"],"picked":"Deadly Poison","floor":18},{"not_picked":["Flechettes","Acrobatics+1","PiercingWail"],"picked":"SKIP","floor":19}],"player_experience":18194,"relics_obtained":[{"floor":8,"key":"Oddly Smooth Stone"},{"floor":9,"key":"MealTicket"}],"event_choices":[{"cards_removed":["Strike_G"],"damage_healed":0,"gold_gain":0,"player_choice":"Card Removal","damage_taken":7,"max_hp_gain":0,"max_hp_loss":0,"event_name":"Golden Wing","floor":2,"gold_loss":0},{"damage_healed":0,"gold_gain":0,"player_choice":"Entered Light","damage_taken":14,"max_hp_gain":0,"max_hp_loss":0,"event_name":"Shining Light","floor":4,"gold_loss":0,"cards_upgraded":["Neutralize","Poisoned Stab"]},{"damage_healed":0,"gold_gain":100,"player_choice":"Pray","damage_taken":0,"max_hp_gain":0,"max_hp_loss":0,"event_name":"Golden Shrine","floor":10,"gold_loss":0},{"cards_removed":["Strike_G"],"damage_healed":0,"gold_gain":0,"player_choice":"Card Removal","damage_taken":0,"max_hp_gain":0,"max_hp_loss":0,"event_name":"The Cleric","floor":13,"gold_loss":50},{"damage_healed":0,"gold_gain":0,"player_choice":"Fought Bandits","damage_taken":0,"max_hp_gain":0,"max_hp_loss":0,"event_name":"Masked Bandits","floor":20,"gold_loss":0}],"is_beta":false,"boss_relics":[{"not_picked":["Runic Dome","Snecko Eye"],"picked":"Ring of the Serpent"}],"items_purged_floors":[3,6],"is_endless":false,"potions_floor_spawned":[7,8,16],"killed_by":"Masked Bandits","ascension_level":0}}