{"host":"crmowuwgj9wiiaqp","time":1610732931,"event":{"mods":["BaseMod","ChefMod","Mathematician","Minty Spire (QoL Compilation)","StSLib"],"gold_per_floor":[112,124,124,142,142,176,191,217,217,232,244,24,50,70,70,166,166,180,31,47,47,74,74,74,74,148,178,189,189,189,189],"floor_reached":30,"language":"ENG","playtime":2021,"items_purged":["chefmod:Strike"],"score":309,"play_id":"9429ce33-f169-4e40-b7ce-f6f511cb0035","local_time":"20210115104851","is_ascension_mode":true,"campfire_choices":[{"floor":15,"key":"REST"},{"data":"chefmod:FreezerBurn","floor":23,"key":"SMITH"},{"data":"chefmod:RaidPantry","floor":25,"key":"SMITH"}],"circlet_count":0,"master_deck":["chefmod:Strike+1","chefmod:Strike+1","chefmod:Strike+1","chefmod:QuickThaw+1","chefmod:Defend+1","chefmod:Defend+1","chefmod:Defend+1","chefmod:Defend+1","chefmod:TodaysSpecial","chefmod:CayenneCloud","chefmod:Granita","chefmod:BleedOut","chefmod:Chop","chefmod:TwoForOne","chefmod:OldCookbook","chefmod:CandyBowl","chefmod:GroceryDelivery","chefmod:RaidPantry+1","chefmod:AlooGobi","chefmod:FreezerBurn+1","Decay","chefmod:HotSoup"],"relics":["chefmod:TrustyPot","Pen Nib","Turnip","Gremlin Horn","Chemical X","Shuriken","Cursed Key","Red Mask","Pear","Molten Egg 2"],"acts_visited":["Exordium","TheCity"],"potions_floor_usage":[16,22,22,27],"damage_taken":[{"damage":0,"enemies":"Cultist","floor":1,"turns":4},{"damage":2,"enemies":"Jaw Worm","floor":2,"turns":4},{"damage":5,"enemies":"2 Louse","floor":4,"turns":4},{"damage":5,"enemies":"Lagavulin","floor":6,"turns":6},{"damage":0,"enemies":"Blue Slaver","floor":7,"turns":3},{"damage":11,"enemies":"Gremlin Nob","floor":8,"turns":4},{"damage":7,"enemies":"2 Fungi Beasts","floor":10,"turns":2},{"damage":0,"enemies":"Lots of Slimes","floor":11,"turns":2},{"damage":21,"enemies":"3 Sentries","floor":13,"turns":7},{"damage":11,"enemies":"3 Louse","floor":14,"turns":5},{"damage":2,"enemies":"Slime Boss","floor":16,"turns":7},{"damage":15,"enemies":"2 Thieves","floor":18,"turns":3},{"damage":20,"enemies":"Spheric Guardian","floor":20,"turns":5},{"damage":24,"enemies":"Masked Bandits","floor":22,"turns":5},{"damage":18,"enemies":"Book of Stabbing","floor":27,"turns":7},{"damage":2,"enemies":"Snecko","floor":28,"turns":5},{"damage":24,"enemies":"Snake Plant","floor":30,"turns":4}],"seed_played":"-4742782350744833362","potions_obtained":[{"floor":4,"key":"Weak Potion"},{"floor":6,"key":"CultistPotion"},{"floor":8,"key":"FearPotion"},{"floor":18,"key":"DuplicationPotion"},{"floor":20,"key":"Regen Potion"},{"floor":22,"key":"SkillPotion"}],"is_trial":false,"path_per_floor":["M","M","?","M","?","E","M","E","T","M","M","$","E","M","R","B",null,"M","$","M","?","?","R","T","R","T","E","M","?","M"],"character_chosen":"THE_CHEF","items_purchased":["chefmod:CandyBowl","Chemical X","chefmod:AlooGobi"],"campfire_rested":1,"item_purchase_floors":[12,12,19],"current_hp_per_floor":[76,74,67,62,67,62,62,51,51,44,44,44,23,12,36,34,81,66,66,46,46,34,34,34,34,34,26,24,24,0,0],"gold":189,"neow_bonus":"UPGRADE_CARD","is_daily":false,"chose_seed":false,"campfire_upgraded":2,"win_rate":0.0,"timestamp":1610732931,"path_taken":["M","M","?","?","?","E","M","E","T","M","M","$","E","M","R","BOSS","M","$","M","?","?","R","?","R","T","E","M","?","M"],"items_purchased_type":["Card","Relic","Card"],"build_version":"2020-12-22","purchased_purges":1,"victory":false,"max_hp_per_floor":[76,76,76,76,81,81,81,81,81,81,81,81,81,81,81,81,81,81,81,81,81,81,81,81,81,81,91,91,91,91,91],"card_choices":[{"not_picked":["chefmod:IcePick","chefmod:CleanHouse"],"picked":"chefmod:CayenneCloud","floor":1},{"not_picked":["chefmod:BaoBuns","chefmod:IcePick"],"picked":"chefmod:Granita","floor":2},{"not_picked":["chefmod:DinoKale","chefmod:Ratatouille"],"picked":"chefmod:BleedOut","floor":4},{"not_picked":["chefmod:PotatoGratin","chefmod:Bruschetta"],"picked":"chefmod:Chop","floor":6},{"not_picked":["chefmod:FireUp","chefmod:DoubleChop","chefmod:CayenneCloud"],"picked":"SKIP","floor":7},{"not_picked":["chefmod:ColdSteel","chefmod:CapreseSalad"],"picked":"chefmod:TwoForOne","floor":8},{"not_picked":["chefmod:Defrost","chefmod:NewMenu","chefmod:CayenneCloud"],"picked":"SKIP","floor":10},{"not_picked":["chefmod:Fillet","chefmod:DinoKale"],"picked":"chefmod:OldCookbook","floor":11},{"not_picked":["chefmod:Gelato","chefmod:Leftovers"],"picked":"chefmod:GroceryDelivery","floor":13},{"not_picked":["chefmod:OldCookbook","chefmod:DoubleChop","chefmod:FireUp"],"picked":"SKIP","floor":14},{"not_picked":["chefmod:CandyBowl","chefmod:TwoForOne"],"picked":"chefmod:RaidPantry","floor":16},{"not_picked":["chefmod:DinoKale","chefmod:Granita","chefmod:Gelato"],"picked":"SKIP","floor":18},{"not_picked":["chefmod:RaidPantry","chefmod:LiquidNitrogen"],"picked":"chefmod:FreezerBurn","floor":20},{"not_picked":["chefmod:VegetableTart","chefmod:Escargot+1"],"picked":"chefmod:HotSoup","floor":27},{"not_picked":["chefmod:ZaruSoba","chefmod:RaidPantry"],"picked":"chefmod:Bruschetta","floor":28}],"player_experience":1404251,"relics_obtained":[{"floor":6,"key":"Pen Nib"},{"floor":8,"key":"Turnip"},{"floor":9,"key":"Gremlin Horn"},{"floor":13,"key":"Shuriken"},{"floor":22,"key":"Red Mask"},{"floor":27,"key":"Pear"}],"event_choices":[{"damage_healed":0,"gold_gain":0,"player_choice":"Damaged","damage_taken":7,"max_hp_gain":0,"max_hp_loss":0,"event_name":"Wheel of Change","floor":3,"gold_loss":0},{"damage_healed":0,"gold_gain":0,"player_choice":"Donut","damage_taken":0,"max_hp_gain":5,"max_hp_loss":0,"event_name":"Big Fish","floor":5,"gold_loss":0},{"damage_healed":0,"gold_gain":0,"player_choice":"Simplicity","damage_taken":0,"max_hp_gain":0,"max_hp_loss":0,"event_name":"Back to Basics","floor":21,"gold_loss":0,"cards_upgraded":["chefmod:Strike","chefmod:Strike","chefmod:Strike","chefmod:Defend","chefmod:Defend","chefmod:Defend","chefmod:Defend"]},{"damage_healed":0,"gold_gain":0,"player_choice":"Fought Bandits","damage_taken":0,"max_hp_gain":0,"max_hp_loss":0,"event_name":"Masked Bandits","floor":22,"gold_loss":0},{"cards_removed":["chefmod:Bruschetta"],"damage_healed":0,"gold_gain":0,"player_choice":"Gave Card","damage_taken":0,"relics_obtained":["Molten Egg 2"],"max_hp_gain":0,"max_hp_loss":0,"event_name":"WeMeetAgain","floor":29,"gold_loss":0}],"is_beta":false,"boss_relics":[{"not_picked":["Runic Dome","Philosopher\u0027s Stone"],"picked":"Cursed Key"}],"items_purged_floors":[19],"is_endless":false,"potions_floor_spawned":[4,6,8,11,13,18,20,22],"killed_by":"Snake Plant","ascension_level":1}}