{"host":"tom9euzqew4po1rs","time":1610672325,"event":{"mods":["BaseMod","Curses Come First","Downfall","Minty Spire (QoL Compilation)","Quick Restart","Rare Cards Sparkle","Replay The Spire","StSLib"],"gold_per_floor":[99,115,126,126,139,289,337,351,365,199,219,65,65,77,90,188,188,113,133,228,21,40,54,77,77,28,128,53,66,66,77,94,94,94,94],"floor_reached":33,"language":"ENG","playtime":3617,"items_purged":["Slimebound:Icky"],"score":293,"play_id":"08e8a994-a5de-4e4d-b52a-9ea3172c2a84","local_time":"20210114195845","is_ascension_mode":false,"campfire_choices":[{"data":"hexamod:GhostflameInferno","floor":1,"key":"SMITH"},{"floor":13,"key":"REST"},{"floor":18,"key":"RECALL"},{"data":"1","floor":28,"key":"LIFT"},{"data":"2","floor":30,"key":"LIFT"}],"circlet_count":0,"master_deck":["hexamod:Sear","hexamod:Float","hexamod:GhostflameInferno+1","hexamod:PhantomCloak","hexamod:RainOfEmbers","hexamod:ThermalTransfer","hexamod:ExtraCrispy","hexamod:EmpoweredFlame","hexamod:GhostflameInferno","hexamod:BurningTouch","hexamod:HeatMetal","hexamod:TimeWarp","hexamod:FirstSeal","hexamod:GhostOfSpireFuture","hexamod:EmpoweringStance","hexamod:Hexaguard+1","hexamod:NightmareGuise+1","hexamod:GhostShield","hexamod:GhostShield","hexamod:TimeOfNeed","hexamod:Rewind","hexamod:GhostShield","hexamod:StepThrough+1","hexamod:RetreatToShadows+1","hexamod:CouncilsJustice","hexamod:CouncilsJustice","hexamod:CouncilsJustice","Ghostly","Ghostly","Ghostly","hexamod:BurningTouch","hexamod:BurningTouch","hexamod:BurningTouch","hexamod:RecurringNightmare","hexamod:PhantomFireball+1","hexamod:Firestarter"],"relics":["hexamod:SpiritBrand","ClockworkSouvenir","hexamod:IceCube","downfall:HeartBlessingBlue","Replay:Mystery Machine","Girya","hexamod:InflammatoryLetter","downfall:HeartBlessingRed"],"acts_visited":["Exordium","TheCity"],"potions_floor_usage":[8,9,16,16,29,32],"damage_taken":[{"damage":0,"enemies":"Small Slimes","floor":2,"turns":3},{"damage":1,"enemies":"2 Louse","floor":3,"turns":2},{"damage":0,"enemies":"Jaw Worm","floor":5,"turns":3},{"damage":19,"enemies":"Gremlin Gang","floor":8,"turns":6},{"damage":0,"enemies":"Large Slime","floor":9,"turns":5},{"damage":0,"enemies":"downfall:FleeingMerchant","floor":10,"turns":4},{"damage":5,"enemies":"Exordium Wildlife","floor":11,"turns":3},{"damage":4,"enemies":"downfall:FleeingMerchant","floor":12,"turns":4},{"damage":25,"enemies":"Lots of Slimes","floor":14,"turns":5},{"damage":0,"enemies":"Large Slime","floor":15,"turns":4},{"damage":33,"enemies":"downfall:Watcher","floor":16,"turns":9},{"damage":20,"enemies":"Spheric Guardian","floor":19,"turns":6},{"damage":15,"enemies":"downfall:FleeingMerchant","floor":21,"turns":4},{"damage":3,"enemies":"Shelled Parasite and Fungi","floor":22,"turns":6},{"damage":0,"enemies":"Cultist and Chosen","floor":23,"turns":10},{"damage":0,"enemies":"downfall:FleeingMerchant","floor":26,"turns":4},{"damage":12,"enemies":"Colosseum Nobs","floor":27,"turns":6},{"damage":7,"enemies":"Snecko","floor":29,"turns":4},{"damage":0,"enemies":"Snake Plant","floor":31,"turns":3},{"damage":3,"enemies":"Cultist and Chosen","floor":32,"turns":5},{"damage":25,"enemies":"downfall:Defect","floor":33,"turns":3}],"seed_played":"9113704910862446366","potions_obtained":[{"floor":3,"key":"Strength Potion"},{"floor":5,"key":"hexamod:DoubleChargePotion"},{"floor":8,"key":"Fire Potion"},{"floor":14,"key":"Reflective Coating"},{"floor":16,"key":"Ancient Potion"},{"floor":27,"key":"SteroidPotion"},{"floor":31,"key":"ColorlessPotion"},{"floor":32,"key":"sneckomod:MuddlingPotion"}],"is_trial":false,"path_per_floor":["R","M","M","?","M","?","T","M","M","$","M","$","R","M","M","B",null,"R","M","?","$","M","M","T","?","$","?","R","M","R","M","M","B"],"character_chosen":"THE_SPIRIT","items_purchased":["ClockworkSouvenir","hexamod:TimeWarp","hexamod:Rewind","hexamod:GhostShield","hexamod:BurningTouch"],"campfire_rested":1,"item_purchase_floors":[10,12,21,21,26],"current_hp_per_floor":[70,70,69,69,69,69,69,50,50,50,45,41,62,37,44,11,70,80,67,67,59,63,70,70,40,40,35,35,28,28,28,25,0,0,0],"gold":94,"neow_bonus":"ONE_RANDOM_RARE_CARD","is_daily":false,"chose_seed":false,"campfire_upgraded":1,"win_rate":0.0,"timestamp":1610672325,"path_taken":["R","M","M","?","M","?","T","M","M","$","?","$","R","?","M","BOSS","R","M","?","$","M","?","T","?","$","?","R","M","R","M","M","BOSS"],"items_purchased_type":["Relic","Card","Card","Card","Card"],"build_version":"2020-12-22","purchased_purges":1,"victory":false,"max_hp_per_floor":[70,70,70,70,70,70,70,70,70,70,70,70,70,70,70,70,70,80,80,80,80,80,80,80,40,40,40,40,40,40,40,40,40,40,40],"card_choices":[{"not_picked":["hexamod:SwordOfDarkness","hexamod:GhostLash"],"picked":"hexamod:PhantomCloak","floor":2},{"not_picked":["hexamod:FastForward","hexamod:AdvancingGuard"],"picked":"hexamod:RainOfEmbers","floor":3},{"not_picked":["hexamod:BacktrackSmack","hexamod:GhostLash"],"picked":"hexamod:ThermalTransfer","floor":5},{"not_picked":["hexamod:EtherealExpedition","hexamod:ChargedBarrage"],"picked":"hexamod:ExtraCrispy","floor":8},{"not_picked":["hexamod:ShieldOfDarkness","hexamod:BacktrackSmack"],"picked":"hexamod:EmpoweredFlame","floor":9},{"not_picked":["hexamod:Again","hexamod:BurningTouch"],"picked":"hexamod:GhostflameInferno","floor":10},{"not_picked":["hexamod:SwordOfDarkness","hexamod:ShieldOfDarkness"],"picked":"hexamod:BurningTouch","floor":11},{"not_picked":["hexamod:Hexaguard","hexamod:GhostLash"],"picked":"hexamod:HeatMetal","floor":12},{"not_picked":["hexamod:Haunt","hexamod:BurningTouch"],"picked":"hexamod:FirstSeal","floor":14},{"not_picked":["hexamod:GhostOfSpirePast","hexamod:GhostflameBarrier"],"picked":"hexamod:GhostOfSpireFuture","floor":15},{"not_picked":["hexamod:FifthSeal","hexamod:VolcanoVisage"],"picked":"hexamod:EmpoweringStance","floor":16},{"not_picked":["hexamod:GhostLash+1","hexamod:Firestarter"],"picked":"hexamod:Hexaguard+1","floor":19},{"not_picked":["hexamod:ThermalTransfer+1","hexamod:Haunt"],"picked":"hexamod:NightmareGuise+1","floor":20},{"not_picked":["hexamod:HeatCrush","hexamod:NightmareGuise"],"picked":"hexamod:GhostShield","floor":20},{"not_picked":["hexamod:ThirdSeal","hexamod:RainOfEmbers"],"picked":"hexamod:GhostShield","floor":20},{"not_picked":["hexamod:PhantomCloak","hexamod:ChargedBarrage"],"picked":"hexamod:TimeOfNeed","floor":21},{"not_picked":["hexamod:NightmareStrike+1","hexamod:FastForward"],"picked":"hexamod:StepThrough+1","floor":22},{"not_picked":["hexamod:RainOfEmbers","hexamod:SpectersWail"],"picked":"hexamod:RetreatToShadows+1","floor":23},{"not_picked":["hexamod:ShieldOfDarkness","hexamod:ThermalTransfer"],"picked":"hexamod:BurningTouch","floor":26},{"not_picked":["hexamod:Hexaguard","hexamod:NightmareStrike"],"picked":"hexamod:RecurringNightmare","floor":27},{"not_picked":["hexamod:BurningTouch+1","hexamod:GhostLash+1"],"picked":"hexamod:PhantomFireball+1","floor":29},{"not_picked":["hexamod:BacktrackSmack","hexamod:GhostLash","hexamod:ShieldOfDarkness"],"picked":"SKIP","floor":31},{"not_picked":["hexamod:NightmareStrike+1","hexamod:NightmareGuise"],"picked":"hexamod:Firestarter","floor":32}],"player_experience":140085,"relics_obtained":[{"floor":24,"key":"Replay:Mystery Machine"},{"floor":27,"key":"Girya"},{"floor":27,"key":"hexamod:InflammatoryLetter"}],"event_choices":[],"is_beta":false,"boss_relics":[{"not_picked":["Replay:Drink Me","Empty Cage"],"picked":"hexamod:IceCube"}],"items_purged_floors":[21],"is_endless":false,"potions_floor_spawned":[3,5,8,14,16,27,31,32],"killed_by":"downfall:Defect","ascension_level":0}}