{"host":"obplhmlw33xb91v8","time":1610364598,"event":{"mods":["BaseMod","Block Reminder","Curses Come First","Evolution","Minty Spire (QoL Compilation)","Quick Restart","Relic Stats","Spicy Shops","StSLib","Uncapped","Waifu the Spire","slay the spire mod where everything is the same but ironclad has a cowboy hat"],"gold_per_floor":[118,128,128,142,158,158,170,170,196,228,154,154,167,12,12,108,108,119,139,24,123,23,23,58,58,58,58,78,78,89,89,89,89,89],"floor_reached":33,"playtime":1013,"items_purged":["Defend_B","Clumsy"],"score":307,"play_id":"e77d24b3-3f0b-4aaf-b491-69d471a949e2","local_time":"20210111062958","is_ascension_mode":true,"campfire_choices":[{"data":"White Noise","floor":6,"key":"SMITH"},{"data":"Storm","floor":8,"key":"SMITH"},{"floor":12,"key":"REST"},{"data":"White Noise","floor":15,"key":"SMITH"},{"data":"Defragment","floor":23,"key":"SMITH"},{"data":"Fission","floor":25,"key":"SMITH"},{"floor":29,"key":"REST"},{"floor":32,"key":"REST"}],"circlet_count":0,"master_deck":["Strike_B","Strike_B","Strike_B","Strike_B","Defend_B","Defend_B","Defend_B","Zap","Dualcast","Barrage","Loop","Machine Learning","White Noise+1","Core Surge","Storm+1","Defragment+1","White Noise+1","Fission+1","Necronomicurse","Consume","Sweeping Beam"],"relics":["Cracked Core","EVO:Axolotl","NeowsBlessing","Dream Catcher","Ancient Tea Set","MealTicket","Nuclear Battery","FossilizedHelix","PreservedInsect","Pear","Necronomicon"],"acts_visited":["Exordium","TheCity"],"potions_floor_usage":[7,24,30,31,33,33],"damage_taken":[{"damage":0,"enemies":"Cultist","floor":1,"turns":1},{"damage":0,"enemies":"Jaw Worm","floor":2,"turns":1},{"damage":0,"enemies":"2 Louse","floor":4,"turns":1},{"damage":16,"enemies":"Blue Slaver","floor":5,"turns":3},{"damage":1,"enemies":"Exordium Wildlife","floor":7,"turns":4},{"damage":35,"enemies":"3 Sentries","floor":10,"turns":5},{"damage":7,"enemies":"Large Slime","floor":13,"turns":3},{"damage":42,"enemies":"Hexaghost","floor":16,"turns":6},{"damage":12,"enemies":"Spheric Guardian","floor":18,"turns":4},{"damage":7,"enemies":"Chosen","floor":19,"turns":3},{"damage":38,"enemies":"Slavers","floor":24,"turns":4},{"damage":10,"enemies":"3 Cultists","floor":28,"turns":5},{"damage":31,"enemies":"Shelled Parasite and Fungi","floor":30,"turns":3},{"damage":0,"enemies":"Chosen and Byrds","floor":31,"turns":1},{"damage":57,"enemies":"Champ","floor":33,"turns":10}],"seed_played":"479583606512783607","potions_obtained":[{"floor":4,"key":"Fire Potion"},{"floor":5,"key":"SpeedPotion"},{"floor":16,"key":"Explosive Potion"},{"floor":24,"key":"Strength Potion"},{"floor":28,"key":"BlessingOfTheForge"},{"floor":30,"key":"SmokeBomb"}],"is_trial":false,"path_per_floor":["M","M","?","M","M","R","M","R","T","E","$","R","M","$","R","B",null,"M","M","$","?","$","R","E","R","T","?","M","R","M","M","R","B"],"character_chosen":"DEFECT","items_purchased":["MealTicket","White Noise","FossilizedHelix"],"campfire_rested":3,"item_purchase_floors":[11,14,20],"current_hp_per_floor":[75,75,75,75,59,59,58,58,58,23,23,45,38,53,53,11,75,63,56,71,71,75,75,37,37,47,31,21,46,15,15,40,0,0],"gold":89,"neow_bonus":"THREE_ENEMY_KILL","is_daily":false,"chose_seed":false,"campfire_upgraded":5,"win_rate":0.0,"timestamp":1610364598,"path_taken":["M","?","?","M","?","R","M","R","T","E","?","R","?","?","R","BOSS","M","M","$","?","$","R","E","R","T","?","M","R","M","M","R","BOSS"],"items_purchased_type":["Relic","Card","Relic"],"build_version":"2020-12-22","purchased_purges":2,"victory":false,"max_hp_per_floor":[75,75,75,75,75,75,75,75,75,75,75,75,75,75,75,75,75,75,75,75,75,75,75,75,75,85,85,85,85,85,85,85,85,85],"relic_stats":{"Dream Catcher":3,"counters":[15,54],"MealTicket":34,"PreservedInsect":0,"Necronomicon":[0],"obtain_stats":[{"Dream Catcher":9,"Pear":26,"NeowsBlessing":0,"MealTicket":11,"PreservedInsect":24,"Necronomicon":27,"EVO:Axolotl":0,"Cracked Core":0,"Ancient Tea Set":10,"FossilizedHelix":20,"Nuclear Battery":17},{"Dream Catcher":5,"Pear":11,"NeowsBlessing":0,"MealTicket":6,"PreservedInsect":11,"Necronomicon":11,"EVO:Axolotl":0,"Cracked Core":0,"Ancient Tea Set":6,"FossilizedHelix":10,"Nuclear Battery":8},{"Dream Catcher":10,"Pear":35,"NeowsBlessing":0,"MealTicket":15,"PreservedInsect":35,"Necronomicon":35,"EVO:Axolotl":0,"Cracked Core":0,"Ancient Tea Set":15,"FossilizedHelix":31,"Nuclear Battery":24}]},"card_choices":[{"not_picked":["Go for the Eyes","Rebound"],"picked":"Barrage","floor":1},{"not_picked":["Aggregate","Glacier"],"picked":"Loop","floor":2},{"not_picked":["Barrage","Go for the Eyes"],"picked":"White Noise","floor":4},{"not_picked":["Beam Cell","Blizzard"],"picked":"Core Surge","floor":5},{"not_picked":["Undo","Tempest"],"picked":"Storm","floor":7},{"not_picked":["Gash","Stack","Reprogram"],"picked":"SKIP","floor":10},{"not_picked":["Stack","Streamline"],"picked":"Defragment","floor":12},{"not_picked":["Beam Cell","Reprogram","Go for the Eyes"],"picked":"SKIP","floor":13},{"not_picked":["Reboot","Meteor Strike"],"picked":"Fission","floor":16},{"not_picked":["Stack+1","Go for the Eyes","Rip and Tear"],"picked":"SKIP","floor":18},{"not_picked":["Undo","FTL","Reprogram"],"picked":"SKIP","floor":19},{"not_picked":["Barrage","FTL+1","Hologram+1"],"picked":"SKIP","floor":24},{"not_picked":["Rip and Tear","Conserve Battery"],"picked":"Consume","floor":28},{"not_picked":["Tempest","Coolheaded+1"],"picked":"Sweeping Beam","floor":29},{"not_picked":["Fusion","Steam","Rebound+1"],"picked":"SKIP","floor":30}],"player_experience":163882,"relics_obtained":[{"floor":9,"key":"Dream Catcher"},{"floor":10,"key":"Ancient Tea Set"},{"floor":24,"key":"PreservedInsect"},{"floor":26,"key":"Pear"},{"floor":27,"key":"Necronomicon"}],"event_choices":[{"damage_healed":0,"gold_gain":0,"player_choice":"1 cards matched","damage_taken":0,"max_hp_gain":0,"max_hp_loss":0,"event_name":"Match and Keep!","floor":3,"gold_loss":0,"cards_obtained":["Machine Learning"]},{"damage_healed":0,"gold_gain":99,"player_choice":"Stole From Cult","damage_taken":0,"max_hp_gain":0,"max_hp_loss":0,"event_name":"Nest","floor":21,"gold_loss":0},{"damage_healed":0,"gold_gain":0,"player_choice":"Obtained Book","damage_taken":16,"max_hp_gain":0,"max_hp_loss":0,"event_name":"Cursed Tome","floor":27,"gold_loss":0}],"is_beta":false,"boss_relics":[{"not_picked":["Astrolabe","SacredBark"],"picked":"Nuclear Battery"}],"items_purged_floors":[14,22],"is_endless":false,"potions_floor_spawned":[4,5,16,24,28,30,31],"killed_by":"Champ","ascension_level":3}}