{"host":"a1u4jo6xlg3w0wsm","time":1610363267,"event":{"mods":["BaseMod","Better Third Choice","DeckTracker","Downfall","Hermit","Hubris","Minty Spire (QoL Compilation)","Rare Cards Sparkle","Replay The Spire","StSLib","The Cursed"],"gold_per_floor":[114,114,114,114,126,153,153,182,182,210,224,324,324,324,324,428,428,440,456,456,456],"floor_reached":20,"playtime":370,"items_purged":[],"score":444,"play_id":"24720a50-58e9-421b-a70c-acf3df731182","local_time":"20210112000747","daily_mods":["Draft","Green Cards","Cursed Run","downfall:ExchangeController"],"is_ascension_mode":true,"campfire_choices":[{"data":"hermit:CursedWeapon","floor":13,"key":"SMITH"},{"data":"Infinite Blades","floor":15,"key":"SMITH"}],"circlet_count":0,"master_deck":["hermit:TakeAim","hermit:Snipe","Backstab","hermit:Desperado","hermit:Grudge","hermit:Snipe","Blade Dance","Cloak And Dagger","Fluid Movement","hermit:HoleUp","hermit:Dive","hermit:HoleUp","Crippling Poison","hermit:BigShot","hermit:SprayPray","hermit:TrackingShot","Deadly Poison","Sucker Punch","Prepared","Shame","hermit:CursedWeapon+1","Infinite Blades+1","Parasite","hermit:Dissolve","Prepared","hermit:Enervate"],"relics":["Cursed Key","Darkstone Periapt","Du-Vu Doll","downfall:NeowBlessing_Player","NeowsBlessing","hubris:OldNail","NeowsBlessing","Replay:Wax Seal","Ice Cream","White Beast Statue","NeowsBlessing","hubris:VirtuousBlindfold"],"acts_visited":["Exordium","TheCity"],"potions_floor_usage":[],"damage_taken":[{"damage":0,"enemies":"Jaw Worm","floor":1,"turns":1},{"damage":0,"enemies":"Cultist","floor":5,"turns":1},{"damage":0,"enemies":"3 Sentries","floor":6,"turns":1},{"damage":0,"enemies":"Lagavulin","floor":8,"turns":1},{"damage":0,"enemies":"Gremlin Nob","floor":10,"turns":1},{"damage":2,"enemies":"2 Louse","floor":11,"turns":1},{"damage":0,"enemies":"Slime Boss","floor":16,"turns":1},{"damage":0,"enemies":"Chosen","floor":18,"turns":1},{"damage":4,"enemies":"Shell Parasite","floor":19,"turns":2},{"damage":50,"enemies":"Snake Plant","floor":20,"turns":3}],"seed_played":"2793162446894752068","potions_obtained":[{"floor":5,"key":"DuplicationPotion"},{"floor":10,"key":"Languid Potion"},{"floor":11,"key":"Weak Potion"},{"floor":18,"key":"Adrenaline Potion"},{"floor":19,"key":"Weak Potion"}],"is_trial":true,"path_per_floor":["M","WH","WH","$","M","E","WH","E","T","E","M","?","R","WH","R","B",null,"M","M","M"],"character_chosen":"HERMIT","items_purchased":[],"campfire_rested":0,"item_purchase_floors":[],"current_hp_per_floor":[175,175,192,192,192,192,192,192,198,198,196,196,196,196,196,202,304,304,300,250,250],"gold":456,"neow_bonus":"THREE_ENEMY_KILL","is_daily":false,"chose_seed":false,"campfire_upgraded":2,"win_rate":0.0,"timestamp":1610363267,"path_taken":["M","WH","WH","$","M","E","WH","E","T","E","M","?","R","WH","R","BOSS","M","M","M"],"items_purchased_type":[],"build_version":"2020-12-13","purchased_purges":0,"victory":false,"max_hp_per_floor":[175,175,192,192,192,192,192,192,198,198,198,198,198,198,198,204,304,304,304,304,304],"card_choices":[{"not_picked":["hermit:Roulette","hermit:HighCaliber"],"picked":"hermit:TakeAim","floor":0},{"not_picked":["hermit:Manifest","Deadly Poison"],"picked":"hermit:Snipe","floor":0},{"not_picked":["hermit:EyeOfTheStorm","hermit:Desperado"],"picked":"Backstab","floor":0},{"not_picked":["hermit:Manifest","Masterful Stab"],"picked":"hermit:Desperado","floor":0},{"not_picked":["ReplayTheSpireMod:Speed Training","Dagger Throw"],"picked":"hermit:Grudge","floor":0},{"not_picked":["hermit:CalledShot","Sucker Punch"],"picked":"hermit:Snipe","floor":0},{"not_picked":["hermit:Feint","Underhanded Strike"],"picked":"Blade Dance","floor":0},{"not_picked":["hermit:ItchyTrigger","hermit:Desperado"],"picked":"Cloak And Dagger","floor":0},{"not_picked":["hermit:WideOpen","hermit:TrackingShot"],"picked":"Fluid Movement","floor":0},{"not_picked":["hermit:Feint","Dagger Spray"],"picked":"hermit:HoleUp","floor":0},{"not_picked":["hubris:Counter","Masterful Stab"],"picked":"hermit:Dive","floor":0},{"not_picked":["Hidden Blade","hermit:Desperado"],"picked":"hermit:HoleUp","floor":0},{"not_picked":["Outmaneuver","Leg Sweep"],"picked":"Crippling Poison","floor":0},{"not_picked":["Dodge and Roll","Sucker Punch"],"picked":"hermit:BigShot","floor":0},{"not_picked":["Sneak Up","hermit:CalledShot"],"picked":"hermit:SprayPray","floor":0},{"not_picked":["Eviscerate","Toxin Wave"],"picked":"hermit:TrackingShot","floor":1},{"not_picked":["hermit:Snipe","hermit:Headshot"],"picked":"Deadly Poison","floor":5},{"not_picked":["hermit:LowProfile","hermit:Midnight"],"picked":"Sucker Punch","floor":6},{"not_picked":["hermit:TakeCover","hubris:SlightOfHand"],"picked":"Prepared","floor":8},{"not_picked":["Setup","hermit:ItchyTrigger"],"picked":"hermit:CursedWeapon","floor":10},{"not_picked":["hermit:HighCaliber","hermit:HoleUp"],"picked":"Infinite Blades","floor":11},{"not_picked":["Adrenaline","Night Terror"],"picked":"hermit:Dissolve","floor":16},{"not_picked":["Backflip","hermit:Roulette"],"picked":"Prepared","floor":18},{"not_picked":["hermit:FullyLoaded+1","hermit:SprayPray+1"],"picked":"hermit:Enervate","floor":19}],"player_experience":327181,"relics_obtained":[{"floor":6,"key":"hubris:OldNail"},{"floor":8,"key":"Replay:Wax Seal"},{"floor":9,"key":"Ice Cream"},{"floor":10,"key":"White Beast Statue"}],"event_choices":[{"damage_healed":0,"gold_gain":100,"player_choice":"Gold","damage_taken":0,"max_hp_gain":0,"max_hp_loss":0,"event_name":"Wheel of Change","floor":12,"gold_loss":0}],"is_beta":false,"boss_relics":[{"not_picked":["Replay:Drink Me","ReplayTheSpireMod:DimensionalGlitch"],"picked":"hubris:VirtuousBlindfold"}],"items_purged_floors":[],"is_endless":false,"potions_floor_spawned":[5,10,11,16,18,19],"killed_by":"Snake Plant","ascension_level":5}}