{"host":"07e1k1rk6c4zn0bu","time":1610328094,"event":{"mods":["AchievementEnabler","BaseMod","Bestiary","Colored Map","Colored Powertips","DeckTracker","Minty Spire (QoL Compilation)"],"gold_per_floor":[113,113,125,145,155,155,171,171,171,184,184,359,373,323,323,423,423,438,438,36,36,56,56,74,74,74,174,191,191,209,220,220,322,372,385,399,13,31,81,81,81,81],"floor_reached":41,"playtime":2125,"items_purged":[],"score":387,"play_id":"e0cf2345-ccdf-407c-b5ec-23ba512abbd5","local_time":"20210110202134","is_ascension_mode":false,"campfire_choices":[{"data":"Sucker Punch","floor":6,"key":"SMITH"},{"floor":8,"key":"REST"},{"data":"Poisoned Stab","floor":11,"key":"SMITH"},{"data":"Bouncing Flask","floor":15,"key":"SMITH"},{"data":"Noxious Fumes","floor":23,"key":"SMITH"},{"floor":25,"key":"REST"},{"data":"Catalyst","floor":29,"key":"SMITH"},{"data":"Venomology","floor":32,"key":"SMITH"},{"floor":40,"key":"REST"}],"circlet_count":0,"master_deck":["Strike_G+1","Strike_G+1","Strike_G+1","Strike_G+1","Strike_G+1","Defend_G+1","Defend_G+1","Defend_G+1","Defend_G+1","Defend_G+1","Survivor","Neutralize","Crippling Poison+1","Sucker Punch+1","Poisoned Stab+1","Deflect","Bane","Venomology+1","Bouncing Flask+1","Envenom","Corpse Explosion","Noxious Fumes+1","Backstab+1","Catalyst+1","Noxious Fumes+1","Bane+1","Bane+1","Burst+1","Deadly Poison+1","Well Laid Plans+1","Mayhem"],"relics":["Ring of the Snake","Orichalcum","Bottled Flame","Velvet Choker","Question Card","Molten Egg 2","Calipers","Ice Cream","Gremlin Horn","Tiny House","Juzu Bracelet","Unceasing Top"],"acts_visited":["Exordium","TheCity","TheBeyond"],"potions_floor_usage":[13,13,16,16,22,24,27,28,30,31,31,33,33,33,36,36,36,38,38,39,39,39,41,41],"damage_taken":[{"damage":2,"enemies":"Jaw Worm","floor":1,"turns":4},{"damage":0,"enemies":"Cultist","floor":3,"turns":3},{"damage":1,"enemies":"Small Slimes","floor":4,"turns":3},{"damage":15,"enemies":"Exordium Thugs","floor":5,"turns":3},{"damage":1,"enemies":"Looter","floor":7,"turns":3},{"damage":3,"enemies":"3 Louse","floor":10,"turns":2},{"damage":0,"enemies":"Exordium Wildlife","floor":13,"turns":1},{"damage":18,"enemies":"The Guardian","floor":16,"turns":7},{"damage":1,"enemies":"Chosen","floor":18,"turns":4},{"damage":7,"enemies":"Shell Parasite","floor":22,"turns":4},{"damage":3,"enemies":"Centurion and Healer","floor":24,"turns":4},{"damage":14,"enemies":"Colosseum Slavers","floor":27,"turns":2},{"damage":6,"enemies":"Colosseum Nobs","floor":27,"turns":4},{"damage":0,"enemies":"3 Cultists","floor":28,"turns":2},{"damage":0,"enemies":"Chosen and Byrds","floor":30,"turns":3},{"damage":0,"enemies":"Sentry and Sphere","floor":31,"turns":3},{"damage":44,"enemies":"Collector","floor":33,"turns":7},{"damage":5,"enemies":"Orb Walker","floor":35,"turns":3},{"damage":1,"enemies":"3 Darklings","floor":36,"turns":2},{"damage":30,"enemies":"Sphere and 2 Shapes","floor":38,"turns":4},{"damage":10,"enemies":"Mind Bloom Boss Battle","floor":39,"turns":7},{"damage":57,"enemies":"Reptomancer","floor":41,"turns":2}],"seed_played":"1193934000722493615","potions_obtained":[{"floor":1,"key":"FearPotion"},{"floor":3,"key":"DistilledChaos"},{"floor":4,"key":"Weak Potion"},{"floor":16,"key":"FearPotion"},{"floor":18,"key":"SkillPotion"},{"floor":33,"key":"DuplicationPotion"},{"floor":34,"key":"PowerPotion"},{"floor":38,"key":"Explosive Potion"},{"floor":39,"key":"EntropicBrew"}],"is_trial":false,"path_per_floor":["M","?","M","M","M","R","M","R","T","M","R","?","M","?","R","B",null,"M","?","$","?","M","R","M","R","T","?","M","R","M","M","R","B",null,"M","M","$","M","?","R","E"],"character_chosen":"THE_SILENT","items_purchased":["Question Card","Corpse Explosion","DistilledChaos","Mayhem","Juzu Bracelet","LiquidBronze"],"campfire_rested":3,"item_purchase_floors":[20,20,20,37,37,37],"current_hp_per_floor":[68,68,68,67,52,52,51,70,70,67,67,67,67,67,67,49,70,69,69,69,69,62,62,59,70,70,50,50,50,50,59,59,15,75,70,69,69,39,29,51,0,0],"gold":81,"neow_bonus":"RANDOM_COMMON_RELIC","is_daily":false,"chose_seed":false,"campfire_upgraded":6,"win_rate":0.0,"timestamp":1610328094,"path_taken":["M","?","M","M","M","R","M","R","T","?","R","?","M","?","R","BOSS","M","?","$","?","M","R","M","R","T","?","?","R","M","M","R","BOSS","M","M","$","M","?","R","E"],"items_purchased_type":["Relic","Card","Potion","Card","Relic","Potion"],"build_version":"2020-12-22","purchased_purges":0,"victory":false,"max_hp_per_floor":[70,70,70,70,70,70,70,70,70,70,70,70,70,70,70,70,70,70,70,70,70,70,70,70,70,70,70,70,70,70,70,70,70,75,75,75,75,75,75,75,75,75],"card_choices":[{"not_picked":["Blur","Tactician"],"picked":"Crippling Poison","floor":1},{"not_picked":["Bane","Outmaneuver"],"picked":"Sucker Punch","floor":3},{"not_picked":["Sucker Punch","Distraction"],"picked":"Poisoned Stab","floor":4},{"not_picked":["Backflip","Underhanded Strike"],"picked":"Deflect","floor":5},{"not_picked":["Slice","Predator"],"picked":"Bane","floor":7},{"not_picked":["Dodge and Roll","Blade Dance"],"picked":"Venomology","floor":10},{"not_picked":["Dash","Quick Slash"],"picked":"Bouncing Flask","floor":13},{"not_picked":["Phantasmal Killer","Die Die Die"],"picked":"Envenom","floor":16},{"not_picked":["Dagger Throw+1","Blade Dance+1","Bane"],"picked":"SKIP","floor":18},{"not_picked":["Endless Agony+1","Distraction","Cloak And Dagger"],"picked":"Noxious Fumes","floor":22},{"not_picked":["Acrobatics","Cloak And Dagger","Outmaneuver"],"picked":"Backstab+1","floor":24},{"not_picked":["Poisoned Stab+1","Skewer+1","Flying Knee+1"],"picked":"Catalyst","floor":27},{"not_picked":["Acrobatics","Flechettes+1","Deadly Poison"],"picked":"Noxious Fumes+1","floor":28},{"not_picked":["PiercingWail+1","Leg Sweep+1","Footwork"],"picked":"Bane+1","floor":30},{"not_picked":["Accuracy","Cloak And Dagger","Sucker Punch+1"],"picked":"Bane+1","floor":31},{"not_picked":["Storm of Steel","Phantasmal Killer","Envenom"],"picked":"Burst","floor":33},{"not_picked":["PiercingWail","Flying Knee+1","Outmaneuver"],"picked":"Deadly Poison+1","floor":34},{"not_picked":["Dagger Spray+1","Blade Dance","Bullet Time","Flying Knee+1"],"picked":"SKIP","floor":35},{"not_picked":["Noxious Fumes","Backflip","Calculated Gamble+1"],"picked":"Well Laid Plans+1","floor":36},{"not_picked":["Tactician","Deadly Poison","Dagger Throw+1","PiercingWail+1"],"picked":"SKIP","floor":38}],"player_experience":32875,"relics_obtained":[{"floor":9,"key":"Bottled Flame"},{"floor":26,"key":"Calipers"},{"floor":27,"key":"Ice Cream"},{"floor":27,"key":"Gremlin Horn"},{"floor":39,"key":"Unceasing Top"}],"event_choices":[{"damage_healed":0,"gold_gain":0,"player_choice":"Upgraded","damage_taken":0,"max_hp_gain":0,"max_hp_loss":0,"event_name":"Upgrade Shrine","floor":2,"gold_loss":0,"cards_upgraded":["Crippling Poison"]},{"damage_healed":0,"gold_gain":175,"player_choice":"AGREE","damage_taken":0,"max_hp_gain":0,"max_hp_loss":0,"event_name":"Liars Game","floor":12,"gold_loss":0,"cards_obtained":["Doubt"]},{"cards_removed":["Doubt"],"damage_healed":0,"gold_gain":0,"player_choice":"Card Removal","damage_taken":0,"max_hp_gain":0,"max_hp_loss":0,"event_name":"The Cleric","floor":14,"gold_loss":50},{"damage_healed":0,"gold_gain":0,"player_choice":"Simplicity","damage_taken":0,"max_hp_gain":0,"max_hp_loss":0,"event_name":"Back to Basics","floor":19,"gold_loss":0,"cards_upgraded":["Strike_G","Strike_G","Strike_G","Strike_G","Strike_G","Defend_G","Defend_G","Defend_G","Defend_G","Defend_G"]},{"damage_healed":0,"gold_gain":0,"player_choice":"Opened","damage_taken":0,"relics_obtained":["Molten Egg 2"],"max_hp_gain":0,"max_hp_loss":0,"event_name":"The Mausoleum","floor":21,"gold_loss":0},{"damage_healed":0,"gold_gain":0,"player_choice":"Fight","damage_taken":0,"max_hp_gain":0,"max_hp_loss":0,"event_name":"Colosseum","floor":27,"gold_loss":0},{"damage_healed":0,"gold_gain":0,"player_choice":"Fought Nobs","damage_taken":0,"max_hp_gain":0,"max_hp_loss":0,"event_name":"Colosseum","floor":27,"gold_loss":0},{"damage_healed":0,"gold_gain":0,"player_choice":"Fight","damage_taken":0,"max_hp_gain":0,"max_hp_loss":0,"event_name":"MindBloom","floor":39,"gold_loss":0}],"is_beta":false,"boss_relics":[{"not_picked":["Cursed Key","Coffee Dripper"],"picked":"Velvet Choker"},{"not_picked":["Snecko Eye","SlaversCollar"],"picked":"Tiny House"}],"items_purged_floors":[],"is_endless":false,"potions_floor_spawned":[1,3,4,16,18,27,28,33,38,39],"killed_by":"Reptomancer","ascension_level":0}}