{"host":"yecadp3kwkksam5a","time":1610381609,"event":{"mods":["BaseMod","Minty Spire (QoL Compilation)","StSLib","The Cursed","The Jungle","The Poker Player","WarShipGirlsR/??á´Ò³R mod"],"gold_per_floor":[119,109,109,34,34,62,96,113,192,192,18,18,18,33,33,135,135,148,148,148,148,148,176,204,0,24,59,77,77,2,2,2,101,101,121,121,171,171,19,50,79,106,106,137,87,87,97,126,126,229,229,229],"floor_reached":51,"playtime":3251,"items_purged":["rmod:luckystar","rmod:luckystar","rmod:aggressivemary","rmod:victimresponsibility"],"score":1549,"play_id":"381f8025-3594-43da-887b-1abaf10d204c","local_time":"20210112011329","daily_mods":["Draft","Heirloom","Flight"],"is_ascension_mode":false,"campfire_choices":[{"data":"rmod:diamondstrike","floor":10.0,"key":"SMITH"},{"data":"1","floor":15.0,"key":"LIFT"},{"data":"rmod:maintain","floor":29.0,"key":"SMITH"},{"data":"2","floor":32.0,"key":"LIFT"},{"data":"3","floor":49,"key":"LIFT"}],"circlet_count":0,"master_deck":["rmod:diamondstrike+1","rmod:fuelsupply","rmod:maintain+1","rmod:aluminumsupply","rmod:maintain","rmod:aluminumsupply","rmod:aluminumsupply","rmod:fuelsupply","rmod:victimresponsibility","rmod:ammunitionsupply","rmod:supriseattacks","rmod:fuelsupply+1","rmod:advancebysurprise","rmod:maintain","rmod:maingunfire","rmod:expeditionaryescort+1","rmod:diamondstrike","rmod:diamondstrike+1","rmod:fuelsupply+1","rmod:expeditionaryescort+1","rmod:aluminumsupply+1","rmod:steelsupply+1","rmod:fuelsupply+1"],"relics":["TungstenRod","Ornamental Fan","Frozen Egg 2","Girya","Orichalcum","Empty Cage","Unceasing Top","Mummified Hand","Bronze Scales","Toxic Egg 2","Nunchaku","Strawberry","MutagenicStrength","Black Star","Bottled Tornado","Thread and Needle","FossilizedHelix","Gambling Chip","MealTicket","Pocketwatch","Happy Flower","Ancient Tea Set","Pantograph","Shuriken","Blood Vial","The Courier","Eternal Feather","rmod:mogul"],"acts_visited":["Exordium","TheCity","TheBeyond"],"potions_floor_usage":[],"damage_taken":[{"damage":7.0,"enemies":"Small Slimes","floor":1.0,"turns":3.0},{"damage":27.0,"enemies":"Gremlin Nob","floor":6.0,"turns":5.0},{"damage":9.0,"enemies":"3 Sentries","floor":7.0,"turns":11.0},{"damage":0.0,"enemies":"Jaw Worm","floor":8.0,"turns":1.0},{"damage":0.0,"enemies":"2 Louse","floor":14.0,"turns":2.0},{"damage":0.0,"enemies":"Slime Boss","floor":16.0,"turns":10.0},{"damage":0.0,"enemies":"Spheric Guardian","floor":18.0,"turns":5.0},{"damage":41.0,"enemies":"Slavers","floor":23.0,"turns":7.0},{"damage":0.0,"enemies":"Book of Stabbing","floor":24.0,"turns":1.0},{"damage":23.0,"enemies":"Slavers","floor":27.0,"turns":4.0},{"damage":0.0,"enemies":"Shell Parasite","floor":28.0,"turns":4.0},{"damage":0.0,"enemies":"Champ","floor":33.0,"turns":9.0},{"damage":11.0,"enemies":"3 Darklings","floor":35.0,"turns":6.0},{"damage":0.0,"enemies":"Mind Bloom Boss Battle","floor":37.0,"turns":6.0},{"damage":0.0,"enemies":"Giant Head","floor":40.0,"turns":4.0},{"damage":0.0,"enemies":"Reptomancer","floor":41.0,"turns":6.0},{"damage":0.0,"enemies":"Nemesis","floor":42.0,"turns":4.0},{"damage":0,"enemies":"Reptomancer","floor":44,"turns":3},{"damage":0,"enemies":"Orb Walker","floor":47,"turns":3},{"damage":0,"enemies":"Giant Head","floor":48,"turns":1},{"damage":0,"enemies":"Awakened One","floor":50,"turns":3}],"seed_played":"7877044720599274930","potions_obtained":[{"floor":6.0,"key":"PowerPotion"},{"floor":8.0,"key":"EssenceOfSteel"},{"floor":18.0,"key":"DuplicationPotion"},{"floor":23.0,"key":"SmokeBomb"},{"floor":24.0,"key":"Swift Potion"},{"floor":28.0,"key":"Block Potion"},{"floor":35.0,"key":"LiquidMemories"}],"is_trial":true,"path_per_floor":["M","?","?","$","T","E","E","M","T","R","$","?","?","M","R","B",null,"M","?","?","?","T","E","E","$","T","E","M","R","?","?","R","B",null,"M","$","?","?","$","E","E","E","T","E","$","?","M","E","R","B",null],"character_chosen":"PRAEFECT","items_purchased":["rmod:maintain","Toxic Egg 2","rmod:fuelsupply+1"],"campfire_rested":0,"item_purchase_floors":[11,25,39],"current_hp_per_floor":[68,68,59,59,59,32,23,23,23,23,23,28,28,28,28,28,80,80,80,68,68,68,27,27,27,27,11,11,11,11,11,11,11,87,76,76,76,76,76,76,76,76,76,76,83,83,83,83,83,83,83,83],"gold":229,"neow_bonus":"","is_daily":false,"chose_seed":false,"campfire_upgraded":2,"win_rate":0.0,"timestamp":1610381609,"path_taken":["M","?","?","?","?","E","E","?","T","R","$","?","?","?","R","BOSS","M","?","?","?","?","E","E","?","T","E","?","R","?","?","R","BOSS","M","$","?","?","?","E","E","E","T","E","$","?","?","E","R","BOSS"],"items_purchased_type":["Card","Relic","Card"],"build_version":"2020-12-22","purchased_purges":4,"victory":false,"max_hp_per_floor":[75,75,75,75,75,75,75,75,75,75,75,80,80,80,80,80,80,80,80,80,80,80,80,80,80,80,87,87,87,87,87,87,87,87,87,87,87,83,83,83,83,83,83,83,83,83,83,83,83,83,83,83],"card_choices":[{"not_picked":["rmod:garrisonisland","rmod:ammunitionsupply"],"picked":"rmod:diamondstrike","floor":0.0},{"not_picked":["rmod:aggressivemary","rmod:salvage"],"picked":"rmod:luckystar","floor":0.0},{"not_picked":["rmod:ammunitionsupply","rmod:firesupport"],"picked":"rmod:guardianhero","floor":0.0},{"not_picked":["rmod:diamondstrike","rmod:firesupport"],"picked":"rmod:aggressivemary","floor":0.0},{"not_picked":["rmod:chargemoney","rmod:circuitoustactics"],"picked":"rmod:luckystar","floor":0.0},{"not_picked":["rmod:luckystar","rmod:supportescort"],"picked":"rmod:heivgo","floor":0.0},{"not_picked":["rmod:aluminumsupply","rmod:firesupport"],"picked":"rmod:fuelsupply","floor":0.0},{"not_picked":["rmod:advancebysurprise","rmod:luckystar"],"picked":"rmod:maintain","floor":0.0},{"not_picked":["rmod:supportescort","rmod:luckystar"],"picked":"rmod:aluminumsupply","floor":0.0},{"not_picked":["rmod:tearstotiara","rmod:luckystar"],"picked":"rmod:maintain","floor":0.0},{"not_picked":["rmod:supportescort","rmod:maintain"],"picked":"rmod:aluminumsupply","floor":0.0},{"not_picked":["rmod:tearstotiara","rmod:combined"],"picked":"rmod:aluminumsupply","floor":0.0},{"not_picked":["rmod:combined","rmod:goodsister"],"picked":"rmod:fuelsupply","floor":0.0},{"not_picked":["rmod:intelligenceanalysis","rmod:salvage"],"picked":"rmod:victimresponsibility","floor":0.0},{"not_picked":["rmod:intelligenceanalysis","rmod:diamondstrike"],"picked":"rmod:aviationdawn","floor":0.0},{"not_picked":["rmod:aviationdawn","rmod:chargemoney"],"picked":"rmod:victimresponsibility","floor":1.0},{"not_picked":[],"picked":"rmod:ammunitionsupply","floor":2.0},{"not_picked":[],"picked":"rmod:supriseattacks","floor":2.0},{"not_picked":["rmod:firesupport","rmod:supportescort"],"picked":"rmod:fuelsupply","floor":6.0},{"not_picked":["rmod:stealaluminum+1","rmod:fletcherpendant","rmod:luckystar"],"picked":"SKIP","floor":7.0},{"not_picked":["rmod:victimresponsibility","rmod:intelligenceanalysis"],"picked":"rmod:advancebysurprise","floor":8.0},{"not_picked":["rmod:diamondstrike","rmod:circuitoustactics","rmod:goodsister+1"],"picked":"SKIP","floor":14.0},{"not_picked":["rmod:timeschanged","rmod:stealaluminum+1"],"picked":"rmod:expeditionaryescort+1","floor":16.0},{"not_picked":["rmod:combined+1","rmod:victimresponsibility","rmod:firesupport"],"picked":"SKIP","floor":18.0},{"not_picked":["rmod:garrisonisland+1","rmod:gendarmerie","rmod:rockthrower"],"picked":"SKIP","floor":23.0},{"not_picked":["rmod:firesupport","rmod:steelsupply"],"picked":"rmod:diamondstrike+1","floor":24.0},{"not_picked":["rmod:combined","rmod:generalist"],"picked":"rmod:fuelsupply+1","floor":27.0},{"not_picked":["rmod:combined+1","rmod:supportescort+1","rmod:openingtorpedo"],"picked":"SKIP","floor":28.0},{"not_picked":["rmod:secretscript+1","rmod:fletcher"],"picked":"rmod:expeditionaryescort+1","floor":33.0},{"not_picked":["rmod:circuitoustactics+1","rmod:firesupport+1"],"picked":"rmod:aluminumsupply+1","floor":35.0},{"not_picked":["rmod:heivgo+1","rmod:unsinkable+1"],"picked":"rmod:steelsupply+1","floor":37.0},{"not_picked":["rmod:wolves","rmod:guardianhero+1","rmod:advancebysurprise+1"],"picked":"SKIP","floor":40.0},{"not_picked":["rmod:secretscript+1","rmod:tearstotiara","rmod:slowdown+1"],"picked":"SKIP","floor":41.0},{"not_picked":["rmod:smokecover+1","rmod:sl+1","rmod:fletcherpendant"],"picked":"SKIP","floor":42},{"not_picked":["rmod:advancebysurprise+1","rmod:supportescort+1","rmod:intelligenceanalysis"],"picked":"SKIP","floor":44},{"not_picked":["rmod:firesupport+1","rmod:supportescort+1","rmod:victimresponsibility+1"],"picked":"SKIP","floor":47},{"not_picked":["rmod:capitalist+1","rmod:unsinkable+1","rmod:firesupport"],"picked":"SKIP","floor":48}],"player_experience":500042,"relics_obtained":[{"floor":5.0,"key":"Frozen Egg 2"},{"floor":6.0,"key":"Girya"},{"floor":7.0,"key":"Orichalcum"},{"floor":22.0,"key":"Unceasing Top"},{"floor":23.0,"key":"Mummified Hand"},{"floor":24.0,"key":"Bronze Scales"},{"floor":26.0,"key":"Nunchaku"},{"floor":27.0,"key":"Strawberry"},{"floor":37.0,"key":"Thread and Needle"},{"floor":40.0,"key":"FossilizedHelix"},{"floor":40.0,"key":"Gambling Chip"},{"floor":41.0,"key":"MealTicket"},{"floor":41.0,"key":"Pocketwatch"},{"floor":42,"key":"Happy Flower"},{"floor":42,"key":"Ancient Tea Set"},{"floor":43,"key":"Pantograph"},{"floor":44,"key":"Shuriken"},{"floor":44,"key":"Blood Vial"},{"floor":48,"key":"The Courier"},{"floor":48,"key":"Eternal Feather"}],"event_choices":[{"damage_healed":0.0,"max_hp_gain":0.0,"max_hp_loss":0.0,"gold_gain":0.0,"event_name":"Scrap Ooze","player_choice":"Success","floor":3.0,"gold_loss":0.0,"damage_taken":12.0,"relics_obtained":["Ornamental Fan"]},{"damage_healed":0.0,"max_hp_gain":5.0,"max_hp_loss":0.0,"gold_gain":0.0,"event_name":"Big Fish","player_choice":"Donut","floor":12.0,"gold_loss":0.0,"damage_taken":0.0},{"damage_healed":0.0,"max_hp_gain":0.0,"max_hp_loss":0.0,"gold_gain":0.0,"event_name":"Match and Keep!","player_choice":"1 cards matched","floor":13.0,"gold_loss":0.0,"damage_taken":0.0,"cards_obtained":["rmod:maingunfire"]},{"damage_healed":0.0,"max_hp_gain":0.0,"max_hp_loss":0.0,"gold_gain":0.0,"event_name":"The Library","player_choice":"Read","floor":19.0,"gold_loss":0.0,"damage_taken":0.0,"cards_obtained":["rmod:diamondstrike"]},{"damage_healed":0.0,"max_hp_gain":0.0,"max_hp_loss":0.0,"gold_gain":0.0,"event_name":"Cursed Tome","player_choice":"Obtained Book","floor":20.0,"gold_loss":0.0,"damage_taken":16.0},{"damage_healed":0.0,"max_hp_gain":0.0,"max_hp_loss":0.0,"gold_gain":0.0,"event_name":"The Mausoleum","player_choice":"Ignored","floor":21.0,"gold_loss":0.0,"damage_taken":0.0},{"cards_removed":["rmod:aviationdawn"],"damage_healed":0.0,"max_hp_gain":0.0,"max_hp_loss":0.0,"gold_gain":0.0,"event_name":"Beggar","player_choice":"Gave Gold","floor":30.0,"gold_loss":75.0,"damage_taken":0.0},{"damage_healed":0.0,"max_hp_gain":0.0,"max_hp_loss":0.0,"gold_gain":0.0,"event_name":"Drug Dealer","player_choice":"Inject Mutagens","floor":31.0,"gold_loss":0.0,"damage_taken":0.0,"relics_obtained":["MutagenicStrength"]},{"damage_healed":0.0,"max_hp_gain":0.0,"max_hp_loss":0.0,"gold_gain":0.0,"event_name":"MindBloom","player_choice":"Fight","floor":37.0,"gold_loss":0.0,"damage_taken":0.0},{"damage_healed":0.0,"max_hp_gain":0.0,"max_hp_loss":4.0,"gold_gain":0.0,"event_name":"Winding Halls","player_choice":"Max HP","floor":38.0,"gold_loss":0.0,"damage_taken":0.0},{"damage_healed":0,"gold_gain":0,"player_choice":"Upgraded","damage_taken":0,"max_hp_gain":0,"max_hp_loss":0,"event_name":"Upgrade Shrine","floor":46,"gold_loss":0,"cards_upgraded":["rmod:fuelsupply"]}],"is_beta":false,"boss_relics":[{"not_picked":["Ectoplasm","Fusion Hammer"],"picked":"Empty Cage"},{"not_picked":["Cursed Key","Busted Crown"],"picked":"Black Star"},{"not_picked":["Coffee Dripper","Astrolabe"],"picked":"rmod:mogul"}],"items_purged_floors":[4,11,39,45],"is_endless":true,"potions_floor_spawned":[6,8,18,23,24,28,35,44,47,50],"ascension_level":0}}