{"host":"k7udt7atmcuzf6l0","time":1610384492,"event":{"mods":["AchievementEnabler","BaseMod","Colored Map","Colored Powertips","Highlight Path","Minty Spire (QoL Compilation)","Quick Restart","Rare Cards Sparkle","StSLib","UnlockEverythingMod"],"gold_per_floor":[118,36,52,52,70,98,108,108,154,171,171,199,199,199,199,199,199],"floor_reached":16,"playtime":337,"items_purged":[],"score":110,"play_id":"8cb8ddff-cc78-4a01-afcb-57801d5b8267","local_time":"20210112010132","is_ascension_mode":false,"campfire_choices":[{"data":"Flex","floor":8.0,"key":"SMITH"},{"data":"Battle Trance","floor":11,"key":"SMITH"},{"data":"Whirlwind","floor":13,"key":"SMITH"},{"floor":15,"key":"REST"}],"circlet_count":0,"master_deck":["Strike_R","Strike_R","Strike_R","Strike_R","Strike_R","Defend_R","Defend_R","Defend_R","Bash","Flex+1","Whirlwind+1","Battle Trance+1","Bloodletting","Clash","Feed","Twin Strike"],"relics":["Burning Blood","NeowsBlessing","Bottled Lightning","Bag of Marbles","Dream Catcher","Golden Idol"],"acts_visited":["Exordium"],"potions_floor_usage":[10,16,16,16],"damage_taken":[{"damage":0.0,"enemies":"2 Louse","floor":1.0,"turns":1.0},{"damage":0.0,"enemies":"Small Slimes","floor":3.0,"turns":1.0},{"damage":0.0,"enemies":"Jaw Worm","floor":5.0,"turns":1.0},{"damage":44.0,"enemies":"Lagavulin","floor":6.0,"turns":7.0},{"damage":13.0,"enemies":"Looter","floor":7.0,"turns":2.0},{"damage":3,"enemies":"Large Slime","floor":10,"turns":2},{"damage":21,"enemies":"3 Sentries","floor":12,"turns":4},{"damage":52,"enemies":"The Guardian","floor":16,"turns":4}],"seed_played":"-3375914977959618561","potions_obtained":[{"floor":5.0,"key":"Ancient Potion"},{"floor":6.0,"key":"AttackPotion"},{"floor":7.0,"key":"DuplicationPotion"},{"floor":12,"key":"AttackPotion"}],"is_trial":false,"path_per_floor":["M","$","M","?","M","E","M","R","T","M","R","E","R","?","R","B"],"character_chosen":"IRONCLAD","items_purchased":["Whirlwind"],"campfire_rested":1,"item_purchase_floors":[2],"current_hp_per_floor":[80,80,80,73,79,41,34,34,34,40,40,28,28,28,52,0,0],"gold":199,"neow_bonus":"THREE_ENEMY_KILL","is_daily":false,"chose_seed":false,"campfire_upgraded":3,"win_rate":0.0,"timestamp":1610384492,"path_taken":["M","$","M","?","M","E","M","R","T","M","R","E","R","?","R","BOSS"],"items_purchased_type":["Card"],"build_version":"2020-12-22","purchased_purges":0,"victory":false,"max_hp_per_floor":[80,80,80,80,80,80,80,80,80,83,83,86,86,80,80,80,80],"card_choices":[{"not_picked":["Clash","Feel No Pain"],"picked":"Flex","floor":1.0},{"not_picked":["Iron Wave","Clothesline"],"picked":"Battle Trance","floor":3.0},{"not_picked":["Armaments","Iron Wave"],"picked":"Bloodletting","floor":5.0},{"not_picked":["Sentinel","Shrug It Off"],"picked":"Clash","floor":6.0},{"not_picked":["Blood for Blood","Pummel"],"picked":"Feed","floor":7.0},{"not_picked":["Warcry","Iron Wave"],"picked":"Twin Strike","floor":10},{"not_picked":["Whirlwind","Dark Embrace","Clothesline"],"picked":"SKIP","floor":12}],"player_experience":53453,"relics_obtained":[{"floor":6.0,"key":"Bottled Lightning"},{"floor":9.0,"key":"Bag of Marbles"},{"floor":12,"key":"Dream Catcher"}],"event_choices":[{"cards_removed":["Defend_R"],"damage_healed":0.0,"max_hp_gain":0.0,"max_hp_loss":0.0,"gold_gain":0.0,"event_name":"Golden Wing","player_choice":"Card Removal","floor":4.0,"gold_loss":0.0,"damage_taken":7.0},{"damage_healed":0,"gold_gain":0,"player_choice":"Lose Max HP","damage_taken":0,"relics_obtained":["Golden Idol"],"max_hp_gain":0,"max_hp_loss":6,"event_name":"Golden Idol","floor":14,"gold_loss":0}],"is_beta":false,"boss_relics":[],"items_purged_floors":[],"is_endless":false,"potions_floor_spawned":[5,6,7,12],"killed_by":"The Guardian","ascension_level":0}}