{"host":"i9h64q9gphvrup4n","time":1610401909,"event":{"mods":["2.2 Compatiblity","AchievementEnabler","Aspiration","Astrologer","Bard","BaseMod","Beaked The Cultist","BetterRewards","Colored Powertips","Conspire","Downfall","Gremlin Mod","Hermit","Hubris","Infinite Spire","Jorbs\u0027s Wanderer Trilogy","Minty Spire (QoL Compilation)","Replay The Spire","Shop Mod","StSLib","SuperFastMode","The Blackbeard","The Bladedancer","The Bug Knight","The Construct","The Cursed","The Disciple","The Hierophant","The Jungle","The Necromancer","The Runesmith","The Wild Card","slay the spire mod where everything is the same but ironclad has a cowboy hat","vexMod"],"gold_per_floor":[114,125,138,157,232,261,12,12,12],"floor_reached":8,"playtime":340,"items_purged":[],"score":67,"play_id":"6dba8a90-7868-4f77-bd74-724673446459","local_time":"20210111155149","is_ascension_mode":true,"campfire_choices":[],"circlet_count":0,"master_deck":["Strike_G","Strike_G","Strike_G","Strike_G","Strike_G","Defend_G","Defend_G","Defend_G","Defend_G","Defend_G","Survivor","Neutralize","Slice","Blade Dance","Hidden Blade","Choke","Noxious Fumes","Masterful Stab"],"relics":["Ring of the Snake","aspiration:Nostalgia","Vampire_Amulet","Garlic"],"acts_visited":["Exordium"],"potions_floor_usage":[6,8],"damage_taken":[{"damage":0,"enemies":"Jaw Worm","floor":1,"turns":3},{"damage":0,"enemies":"Cultist","floor":2,"turns":4},{"damage":0,"enemies":"Small Slimes","floor":3,"turns":3},{"damage":7,"enemies":"Blue Slaver","floor":4,"turns":4},{"damage":48,"enemies":"Lagavulin","floor":6,"turns":9},{"damage":11,"enemies":"3 Sentries","floor":8,"turns":5}],"seed_played":"9198249491251509914","potions_obtained":[{"floor":1,"key":"ColorlessPotion"},{"floor":4,"key":"sneckomod:MuddlingPotion"}],"is_trial":false,"path_per_floor":["M","M","M","M","?","E","$","E"],"character_chosen":"THE_SILENT","items_purchased":["Fruit Juice","Noxious Fumes","Masterful Stab"],"campfire_rested":0,"item_purchase_floors":[7,7,7],"current_hp_per_floor":[70,70,70,65,54,8,8,4,4],"gold":12,"neow_bonus":"NOSTALGIA","is_daily":false,"chose_seed":false,"campfire_upgraded":0,"win_rate":0.0,"timestamp":1610401909,"path_taken":["M","M","M","M","?","E","$","E"],"items_purchased_type":["Potion","Card","Card"],"build_version":"2020-12-22","purchased_purges":0,"victory":false,"max_hp_per_floor":[70,70,70,70,70,70,70,75,75],"card_choices":[{"not_picked":["Underhanded Strike","Deflect"],"picked":"Slice","floor":1},{"not_picked":["PiercingWail","Escape Plan"],"picked":"Blade Dance","floor":2},{"not_picked":["Flechettes","Acrobatics"],"picked":"Hidden Blade","floor":3},{"not_picked":["Flying Knee","Predator","PiercingWail"],"picked":"SKIP","floor":4},{"not_picked":["Flying Knee","Predator","PiercingWail"],"picked":"SKIP","floor":4},{"not_picked":["ReplayTheSpireMod:The Works","Well Laid Plans"],"picked":"Choke","floor":6}],"player_experience":719807,"relics_obtained":[{"floor":6,"key":"Garlic"}],"event_choices":[{"damage_healed":0,"gold_gain":75,"player_choice":"Gather Gold","damage_taken":11,"max_hp_gain":0,"max_hp_loss":0,"event_name":"World of Goop","floor":5,"gold_loss":0}],"is_beta":false,"boss_relics":[],"items_purged_floors":[],"is_endless":false,"potions_floor_spawned":[1,4],"killed_by":"3 Sentries","ascension_level":3}}