{"host":"38maufg2dcy7va3m","time":1610391958,"event":{"mods":["Act Like it!","BaseMod","Downfall","GifTheSpireLib","Hubris","Infinite Spire","Minty Spire (QoL Compilation)","Replay The Spire","StSLib","The Construct","The Cursed","The Hierophant","The Necromancer","The Poker Player","The Runesmith","everything is the same but u backflip on backflip"],"gold_per_floor":[118,118,118,118,135,135,155,155,155,118,130,146,146,161,161,259,259,278,278,5,22,36,36,50,66,66,85,104,152,152,172,172,172,172],"floor_reached":33,"playtime":1606,"items_purged":[],"score":243,"play_id":"1d77126a-b4dc-4b61-8b50-daa520227780","local_time":"20210111110558","is_ascension_mode":false,"campfire_choices":[{"data":"Dodge and Roll","floor":6,"key":"SMITH"},{"data":"Blur","floor":8,"key":"SMITH"},{"data":"All Out Attack","floor":13,"key":"SMITH"},{"data":"Blade Dance","floor":15,"key":"SMITH"},{"floor":23,"key":"REST"},{"floor":32,"key":"REST"}],"circlet_count":0,"master_deck":["Strike_G","Strike_G","Strike_G","Strike_G","Defend_G","Defend_G","Defend_G","Defend_G","Defend_G","Survivor","Neutralize+1","Dodge and Roll+1","Deadly Poison","Blur+1","Noxious Fumes","All Out Attack+1","Bane","Blade Dance+1","Corpse Explosion","Dagger Spray","Hidden Blade","Slice","Spectral_Walk+1","TheCursedMod:Obscuration+1","CrushJoints+1","Runesmith:Accelerate+1","sneckomod:UnknownCommonSkill","champ:Shatter","Sword Boomerang"],"relics":["Ring of the Snake","construct:BoolHorns","hubris:TerracottaHorce","PrismaticShard","Letter Opener","Strawberry"],"acts_visited":["Exordium","TheCity"],"potions_floor_usage":[11,12,14,21,22,24,28],"damage_taken":[{"damage":0,"enemies":"2 Louse","floor":1,"turns":4},{"damage":0,"enemies":"Small Slimes","floor":5,"turns":4},{"damage":1,"enemies":"Cultist","floor":7,"turns":4},{"damage":0,"enemies":"Exordium Wildlife","floor":11,"turns":2},{"damage":2,"enemies":"Lots of Slimes","floor":12,"turns":5},{"damage":3,"enemies":"Exordium Thugs","floor":14,"turns":3},{"damage":18,"enemies":"Slime Boss","floor":16,"turns":10},{"damage":0,"enemies":"3 Byrds","floor":18,"turns":2},{"damage":0,"enemies":"Spheric Guardian","floor":21,"turns":1},{"damage":28,"enemies":"Snake Plant","floor":22,"turns":6},{"damage":0,"enemies":"Sentry and Sphere","floor":24,"turns":4},{"damage":8,"enemies":"Cultist and Chosen","floor":25,"turns":4},{"damage":12,"enemies":"Centurion and Healer","floor":27,"turns":4},{"damage":0,"enemies":"3 Cultists","floor":28,"turns":1},{"damage":15,"enemies":"Cultist and Chosen","floor":31,"turns":7},{"damage":89,"enemies":"Automaton","floor":33,"turns":10}],"seed_played":"-4388501167056150622","potions_obtained":[{"floor":1,"key":"Explosive Potion"},{"floor":11,"key":"Poison Potion"},{"floor":12,"key":"Toxic Potion"},{"floor":21,"key":"Elixir"},{"floor":22,"key":"EssenceOfSteel"},{"floor":27,"key":"infinitespire:BlackPotion"}],"is_trial":false,"path_per_floor":["M","?","?","?","M","R","M","R","T","$","M","M","R","M","R","B",null,"M","?","$","M","M","R","M","M","T","M","M","T","?","M","R","B"],"character_chosen":"THE_SILENT","items_purchased":["Noxious Fumes","Hidden Blade","Slice","PrismaticShard","Fire Potion"],"campfire_rested":2,"item_purchase_floors":[10,20,20,20,20],"current_hp_per_floor":[77,77,77,77,77,77,76,76,76,76,76,74,74,71,71,53,71,71,71,71,71,43,66,66,58,58,46,46,53,81,66,84,0,0],"gold":172,"neow_bonus":"TEN_PERCENT_HP_BONUS","is_daily":false,"chose_seed":false,"campfire_upgraded":4,"win_rate":0.0,"timestamp":1610391958,"path_taken":["M","?","?","?","M","R","M","R","T","$","?","M","R","M","R","BOSS","M","?","$","?","M","R","M","M","T","M","M","?","?","M","R","BOSS"],"items_purchased_type":["Card","Card","Card","Relic","Potion"],"build_version":"2020-12-22","purchased_purges":0,"victory":false,"max_hp_per_floor":[77,77,77,77,77,77,77,77,77,77,77,77,77,77,77,77,77,77,77,77,77,77,77,77,77,77,77,77,84,84,84,84,84,84],"card_choices":[{"not_picked":["Caltrops","Distraction"],"picked":"Dodge and Roll","floor":1},{"not_picked":["Deflect","Bane"],"picked":"Deadly Poison","floor":5},{"not_picked":["hubris:SlightOfHand","Finisher"],"picked":"Blur","floor":7},{"not_picked":["Backflip","ReplayTheSpireMod:Tripwire"],"picked":"All Out Attack","floor":11},{"not_picked":["ReplayTheSpireMod:Scrap Shanks","ReplayTheSpireMod:The Works"],"picked":"Bane","floor":12},{"not_picked":["Hidden Blade","Quick Slash"],"picked":"Blade Dance","floor":14},{"not_picked":["Replay:Bag of Tricks","Die Die Die"],"picked":"Corpse Explosion","floor":16},{"not_picked":["Hidden Blade","Deflect"],"picked":"Dagger Spray","floor":18},{"not_picked":["Negative_Energy_Sphere","Deadly Poison"],"picked":"Spectral_Walk+1","floor":21},{"not_picked":["Consecrate","EmptyBody"],"picked":"TheCursedMod:Obscuration+1","floor":22},{"not_picked":["PokerPlayerMod:DiamondStrike","ReplaySort"],"picked":"CrushJoints+1","floor":24},{"not_picked":["hexamod:ShieldOfDarkness","TheCursedMod:EmpowerCircles+1"],"picked":"Runesmith:Accelerate+1","floor":25},{"not_picked":["Reflex+1","TheCursedMod:DoubleShield"],"picked":"sneckomod:UnknownCommonSkill","floor":27},{"not_picked":["construct:CriticalHit","PokerPlayerMod:FillThePot"],"picked":"champ:Shatter","floor":28},{"not_picked":["hubris:SlightOfHand","Runesmith:CraftIncendium"],"picked":"Sword Boomerang","floor":31}],"player_experience":244119,"relics_obtained":[{"floor":9,"key":"construct:BoolHorns"},{"floor":26,"key":"Letter Opener"},{"floor":29,"key":"Strawberry"}],"event_choices":[{"damage_healed":0,"gold_gain":0,"player_choice":"Ignored","damage_taken":0,"max_hp_gain":0,"max_hp_loss":0,"event_name":"Shining Light","floor":2,"gold_loss":0},{"damage_healed":0,"gold_gain":0,"player_choice":"Leave","damage_taken":0,"max_hp_gain":0,"max_hp_loss":0,"event_name":"The Cleric","floor":3,"gold_loss":0},{"damage_healed":0,"gold_gain":0,"player_choice":"Forge","damage_taken":0,"max_hp_gain":0,"max_hp_loss":0,"event_name":"Accursed Blacksmith","floor":4,"gold_loss":0,"cards_upgraded":["Neutralize"]},{"cards_removed":["Strike_G"],"damage_healed":0,"gold_gain":0,"player_choice":"Purged","damage_taken":0,"max_hp_gain":0,"max_hp_loss":0,"event_name":"Purifier","floor":19,"gold_loss":0},{"damage_healed":28,"gold_gain":0,"player_choice":"Heal","damage_taken":0,"max_hp_gain":0,"max_hp_loss":0,"event_name":"The Library","floor":30,"gold_loss":0}],"is_beta":false,"boss_relics":[{"not_picked":["infinitespire:Cupcake","construct:ClawGrip"],"picked":"hubris:TerracottaHorce"}],"items_purged_floors":[],"is_endless":false,"potions_floor_spawned":[1,11,12,21,22,27],"killed_by":"Automaton","ascension_level":0}}