{"host":"bpkhhmvsfrvlto2l","time":1610394890,"event":{"mods":["2.2 Compatiblity","AchievementEnabler","Act Like it!","AlwaysNeverKeys","Aspiration","BaseMod","Better Silent Start","Challenge The Spire","Colored Map","Colored Powertips","Custom Start","Downfall","Energized Spire","Friendly Minions","GifTheSpireLib","Halation","Hubris","Infinite Spire","Ironclad Rager","Mimic Mod","Minty Spire (QoL Compilation)","Permanent Neow","Quick Restart","Random Character Button","Relic Sorter","Replay The Spire","Spikes Relics","StSLib","Stuff the Spire","Swap Starting Deck Mod","Trackpad"],"gold_per_floor":[112,112,128,128,148,148,178,178,218,228,228,246,281,234,234,329,329,343,343,343],"floor_reached":19,"playtime":448,"items_purged":[],"score":204,"play_id":"2c34b551-b7f4-40aa-889a-e3dbc47a6bfa","local_time":"20210111145450","is_ascension_mode":true,"campfire_choices":[{"data":"Strike_R","floor":6,"key":"SMITH"},{"data":"Limit Break","floor":8,"key":"SMITH"},{"floor":15,"key":"REST"}],"circlet_count":0,"master_deck":["Strike_R+1","Strike_R+1","Strike_R","Strike_R+1","Defend_R","Defend_R","Defend_R","Bash+1","Injury","Twin Strike+1","Run Through+1","Limit Break+1","Whirlwind+1"],"relics":["Burning Blood","Molten Egg 2","Letter Opener","RollingBoulder","Whetstone","Empty Cage"],"acts_visited":["Exordium","TheCity"],"potions_floor_usage":[7,7,12,13,16],"damage_taken":[{"damage":14,"enemies":"Jaw Worm","floor":1,"turns":3},{"damage":12,"enemies":"Small Slimes","floor":3,"turns":5},{"damage":0,"enemies":"Cultist","floor":5,"turns":2},{"damage":19,"enemies":"Gremlin Nob","floor":7,"turns":3},{"damage":20,"enemies":"Exordium Wildlife","floor":9,"turns":5},{"damage":16,"enemies":"Exordium Wildlife","floor":10,"turns":4},{"damage":8,"enemies":"3 Louse","floor":12,"turns":3},{"damage":34,"enemies":"Lagavulin","floor":13,"turns":6},{"damage":47,"enemies":"Fading Forest","floor":16,"turns":11},{"damage":19,"enemies":"Chosen","floor":18,"turns":4},{"damage":52,"enemies":"Shell Parasite","floor":19,"turns":6}],"seed_played":"790165839081426097","potions_obtained":[{"floor":3,"key":"ColorlessPotion"},{"floor":5,"key":"SkillPotion"},{"floor":7,"key":"Energy Potion"},{"floor":10,"key":"HeartOfIron"},{"floor":13,"key":"BloodPotion"}],"is_trial":false,"path_per_floor":["M","?","M","?","M","R","E","R","MIM","M","?","M","E","?","R","B",null,"M","M"],"character_chosen":"IRONCLAD","items_purchased":[],"campfire_rested":1,"item_purchase_floors":[],"current_hp_per_floor":[72,72,66,80,80,80,67,67,53,43,43,41,13,13,37,20,80,67,15,15],"gold":343,"neow_bonus":"UPGRADE_CARD","is_daily":false,"chose_seed":false,"campfire_upgraded":2,"win_rate":0.0,"timestamp":1610394890,"path_taken":["M","?","M","?","M","R","E","R","MIM","?","?","M","E","?","R","BOSS","M","M"],"items_purchased_type":[],"build_version":"2020-12-22","purchased_purges":0,"victory":false,"max_hp_per_floor":[80,80,80,80,80,80,80,80,80,80,80,80,80,80,80,80,80,80,80,80],"card_choices":[{"not_picked":["Clothesline+1","Sword Boomerang+1"],"picked":"Twin Strike+1","floor":3},{"not_picked":["Replay:Undeath\u0027s Touch+1","Shrug It Off"],"picked":"Run Through+1","floor":5},{"not_picked":["Hemokinesis+1","Ghostly Armor"],"picked":"Limit Break","floor":7},{"not_picked":["Bloodletting","Iron Wave+1","Double Tap"],"picked":"SKIP","floor":12},{"not_picked":["True Grit","Perfected Strike+1"],"picked":"Whirlwind+1","floor":13}],"player_experience":68546,"relics_obtained":[{"floor":7,"key":"Letter Opener"},{"floor":9,"key":"RollingBoulder"},{"floor":13,"key":"Whetstone"}],"event_choices":[{"damage_healed":0,"gold_gain":0,"player_choice":"Left Gold","damage_taken":0,"max_hp_gain":0,"max_hp_loss":0,"event_name":"World of Goop","floor":14,"gold_loss":47}],"is_beta":false,"boss_relics":[{"not_picked":["energizedSpire:HugeHouse","Replay:Bronze Core"],"picked":"Empty Cage"}],"items_purged_floors":[],"is_endless":false,"potions_floor_spawned":[3,5,7,10,13],"killed_by":"Shell Parasite","ascension_level":3}}