{"host":"q1yq0ibtlljsjzm9","time":1610401856,"event":{"mods":["BaseMod","DeckTracker","GifTheSpireLib","Minty Spire (QoL Compilation)","StSLib","The Servant 0.9.4"],"gold_per_floor":[111,111,130,130,145,177,177,194,217,249,249,261,211,211,211,311,311,326,144,54,74,23,23,50,50,73,98,117,137,137,137,137,137,137],"floor_reached":33,"playtime":2745,"items_purged":[],"score":308,"play_id":"171f5092-db31-4d41-a2ec-24a9612c5989","local_time":"20210111135056","is_ascension_mode":true,"campfire_choices":[{"floor":7.0,"key":"REST"},{"floor":11.0,"key":"REST"},{"data":"After Image","floor":15.0,"key":"SMITH"},{"data":"Crippling Poison","floor":23.0,"key":"SMITH"},{"floor":25.0,"key":"REST"},{"floor":30.0,"key":"REST"},{"floor":32,"key":"REST"}],"circlet_count":0,"master_deck":["Strike_G","Strike_G","Strike_G+1","Defend_G","Defend_G+1","Defend_G","Defend_G","Defend_G","Survivor+1","Neutralize+1","Sucker Punch","After Image+1","Flying Knee","Blade Dance+1","Crippling Poison+1","Leg Sweep","Poisoned Stab","After Image","CurseOfTheBell","Bane","Deflect","Poisoned Stab","Poisoned Stab","Leg Sweep+1","Dash","PiercingWail+1","Distraction"],"relics":["Ring of the Snake","NeowsBlessing","PreservedInsect","War Paint","Calling Bell","Pen Nib","Frozen Egg 2","CaptainsWheel","ClockworkSouvenir","FossilizedHelix","Bronze Scales","Bag of Marbles","Nloth\u0027s Gift"],"acts_visited":["Exordium","TheCity"],"potions_floor_usage":[33,33,33],"damage_taken":[{"damage":0.0,"enemies":"2 Louse","floor":1.0,"turns":1.0},{"damage":0.0,"enemies":"Small Slimes","floor":3.0,"turns":1.0},{"damage":0.0,"enemies":"Cultist","floor":5.0,"turns":1.0},{"damage":20.0,"enemies":"Gremlin Nob","floor":6.0,"turns":5.0},{"damage":3.0,"enemies":"2 Fungi Beasts","floor":8.0,"turns":3.0},{"damage":13.0,"enemies":"Lagavulin","floor":10.0,"turns":6.0},{"damage":7.0,"enemies":"Exordium Thugs","floor":12.0,"turns":6.0},{"damage":33.0,"enemies":"Hexaghost","floor":16.0,"turns":14.0},{"damage":10.0,"enemies":"3 Byrds","floor":18.0,"turns":8.0},{"damage":0.0,"enemies":"Shell Parasite","floor":21.0,"turns":6.0},{"damage":32.0,"enemies":"Slavers","floor":24.0,"turns":4.0},{"damage":8.0,"enemies":"Book of Stabbing","floor":27.0,"turns":5.0},{"damage":0.0,"enemies":"Cultist and Chosen","floor":28.0,"turns":7.0},{"damage":7.0,"enemies":"Centurion and Healer","floor":29.0,"turns":7.0},{"damage":87,"enemies":"Automaton","floor":33,"turns":18}],"seed_played":"-9070858588749708022","potions_obtained":[{"floor":3.0,"key":"Fire Potion"},{"floor":6.0,"key":"BlessingOfTheForge"},{"floor":12.0,"key":"Dexterity Potion"},{"floor":16.0,"key":"GamblersBrew"},{"floor":24.0,"key":"SkillPotion"},{"floor":28.0,"key":"ColorlessPotion"},{"floor":29.0,"key":"Swift Potion"}],"is_trial":false,"path_per_floor":["M","?","M","?","M","E","R","M","T","E","R","M","?","?","R","B",null,"M","$","?","M","$","R","E","R","T","E","M","M","R","?","R","B"],"character_chosen":"THE_SILENT","items_purchased":["ClockworkSouvenir","Deflect","Poisoned Stab"],"campfire_rested":5,"item_purchase_floors":[19,19,22],"current_hp_per_floor":[70,56,56,70,70,50,70,67,67,54,70,63,63,63,63,30,70,60,60,60,60,60,60,28,49,49,41,41,34,55,55,70,0,0],"gold":137,"neow_bonus":"THREE_ENEMY_KILL","is_daily":false,"chose_seed":false,"campfire_upgraded":2,"win_rate":0.0,"timestamp":1610401856,"path_taken":["M","?","M","?","M","E","R","M","T","E","R","M","?","?","R","BOSS","M","$","?","M","?","R","E","R","T","E","M","M","R","?","R","BOSS"],"items_purchased_type":["Relic","Card","Card"],"build_version":"2020-12-22","purchased_purges":0,"victory":false,"max_hp_per_floor":[70,70,70,70,70,70,70,70,70,70,70,70,70,70,70,70,70,70,70,70,70,70,70,70,70,70,70,70,70,70,70,70,70,70],"card_choices":[{"not_picked":["All Out Attack","Slice"],"picked":"Sucker Punch","floor":1.0},{"not_picked":["Bane","Caltrops"],"picked":"After Image","floor":3.0},{"not_picked":["Backflip","Finisher"],"picked":"Flying Knee","floor":5.0},{"not_picked":["Sucker Punch","Masterful Stab"],"picked":"Blade Dance","floor":6.0},{"not_picked":["Backflip","Die Die Die"],"picked":"Crippling Poison","floor":8.0},{"not_picked":["Infinite Blades","Prepared"],"picked":"Leg Sweep","floor":10.0},{"not_picked":["Flying Knee","Footwork"],"picked":"Poisoned Stab","floor":12.0},{"not_picked":["Doppelganger","Glass Knife"],"picked":"After Image","floor":16.0},{"not_picked":["Tactician+1","Slice"],"picked":"Bane","floor":18.0},{"not_picked":["Infinite Blades+1","Sucker Punch"],"picked":"Poisoned Stab","floor":21.0},{"not_picked":["Dagger Spray","Poisoned Stab"],"picked":"Leg Sweep+1","floor":24.0},{"not_picked":["All Out Attack+1","Calculated Gamble"],"picked":"Dash","floor":27.0},{"not_picked":["Sucker Punch+1","Malaise"],"picked":"PiercingWail+1","floor":28.0},{"not_picked":["Bane","Sucker Punch+1"],"picked":"Distraction","floor":29.0}],"player_experience":67210,"relics_obtained":[{"floor":6.0,"key":"PreservedInsect"},{"floor":9.0,"key":"War Paint"},{"floor":10.0,"key":"Centennial Puzzle"},{"floor":17.0,"key":"Pen Nib"},{"floor":17.0,"key":"Frozen Egg 2"},{"floor":17.0,"key":"CaptainsWheel"},{"floor":24.0,"key":"FossilizedHelix"},{"floor":26.0,"key":"Bronze Scales"},{"floor":27.0,"key":"Bag of Marbles"}],"event_choices":[{"damage_healed":0.0,"max_hp_gain":0.0,"max_hp_loss":0.0,"gold_gain":0.0,"event_name":"Shining Light","player_choice":"Entered Light","floor":2.0,"gold_loss":0.0,"damage_taken":14.0,"cards_upgraded":["Strike_G","Neutralize"]},{"damage_healed":23.0,"max_hp_gain":0.0,"max_hp_loss":0.0,"gold_gain":0.0,"event_name":"Big Fish","player_choice":"Banana","floor":4.0,"gold_loss":0.0,"damage_taken":0.0},{"cards_removed":["Strike_G"],"damage_healed":0.0,"max_hp_gain":0.0,"max_hp_loss":0.0,"gold_gain":0.0,"event_name":"The Cleric","player_choice":"Card Removal","floor":13.0,"gold_loss":50.0,"damage_taken":0.0},{"damage_healed":0.0,"max_hp_gain":0.0,"max_hp_loss":0.0,"gold_gain":0.0,"event_name":"Golden Wing","player_choice":"Ignored","floor":14.0,"gold_loss":0.0,"damage_taken":0.0},{"cards_removed":["Strike_G"],"damage_healed":0.0,"max_hp_gain":0.0,"max_hp_loss":0.0,"gold_gain":0.0,"event_name":"Designer","player_choice":"Upgrade and Remove","floor":20.0,"gold_loss":90.0,"damage_taken":0.0,"cards_upgraded":["Blade Dance"]},{"damage_healed":0,"gold_gain":0,"player_choice":"Traded Relic","damage_taken":0,"relics_obtained":["Nloth\u0027s Gift"],"max_hp_gain":0,"max_hp_loss":0,"event_name":"N\u0027loth","floor":31,"relics_lost":["Centennial Puzzle"],"gold_loss":0}],"is_beta":false,"boss_relics":[{"not_picked":["Empty Cage","Ectoplasm"],"picked":"Calling Bell"}],"items_purged_floors":[],"is_endless":false,"potions_floor_spawned":[3,6,12,16,24,28,29],"killed_by":"Automaton","ascension_level":1}}