{"host":"tw7a6rmo9h75ssrt","time":1610341354,"event":{"mods":["AchievementEnabler","Act Like it!","BaseMod","Colored Map","Dark Map","Highlight Path","Minty Spire (QoL Compilation)","Quick Restart","StSLib","SuperFastMode"],"gold_per_floor":[116,41,56,70,86,86,86,86,86,64,88,88,109,133,133,133,133],"floor_reached":16,"playtime":323,"items_purged":["Strike_R"],"score":103,"play_id":"48c2c537-61be-4e76-af43-b149a59a1121","local_time":"20210111130234","is_ascension_mode":true,"campfire_choices":[{"data":"Havoc","floor":6.0,"key":"SMITH"},{"floor":15,"key":"REST"}],"circlet_count":0,"master_deck":["Strike_R","Strike_R","Strike_R","Defend_R","Defend_R","Defend_R","Defend_R","Bash","Havoc+1","True Grit","Body Slam+1"],"relics":["Burning Blood","NeowsBlessing","Golden Idol","Molten Egg 2"],"acts_visited":["Exordium"],"potions_floor_usage":[13],"damage_taken":[{"damage":0.0,"enemies":"Jaw Worm","floor":1.0,"turns":1.0},{"damage":0.0,"enemies":"Cultist","floor":3.0,"turns":1.0},{"damage":0.0,"enemies":"2 Louse","floor":4.0,"turns":1.0},{"damage":43.0,"enemies":"Lots of Slimes","floor":5.0,"turns":5.0},{"damage":2.0,"enemies":"Exordium Wildlife","floor":11.0,"turns":4.0},{"damage":0,"enemies":"Gremlin Gang","floor":13,"turns":3},{"damage":3,"enemies":"Blue Slaver","floor":14,"turns":4},{"damage":28,"enemies":"Slime Boss","floor":16,"turns":6}],"seed_played":"-2997546902442907685","potions_obtained":[{"floor":5.0,"key":"Explosive Potion"},{"floor":14,"key":"Explosive Potion"}],"is_trial":false,"path_per_floor":["M","$","M","M","M","R","?","?","T","$","M","$","M","M","R","B"],"character_chosen":"IRONCLAD","items_purchased":["True Grit"],"campfire_rested":1,"item_purchase_floors":[10],"current_hp_per_floor":[80,80,80,80,43,43,36,36,36,36,40,40,46,49,71,43,43],"gold":133,"neow_bonus":"THREE_ENEMY_KILL","is_daily":false,"chose_seed":false,"campfire_upgraded":1,"win_rate":0.0,"timestamp":1610341354,"path_taken":["M","$","M","M","M","R","?","?","T","?","M","$","M","?","R","BOSS"],"items_purchased_type":["Card"],"build_version":"2020-12-22","purchased_purges":1,"victory":false,"max_hp_per_floor":[80,80,80,80,80,80,80,74,74,74,74,74,74,74,74,74,74],"card_choices":[{"not_picked":["Twin Strike","Reckless Charge"],"picked":"Havoc","floor":1.0},{"not_picked":["Thunderclap","Twin Strike","Seeing Red"],"picked":"SKIP","floor":3.0},{"not_picked":["Whirlwind","Carnage","Headbutt"],"picked":"SKIP","floor":4.0},{"not_picked":["Infernal Blade","Sword Boomerang","Pommel Strike"],"picked":"SKIP","floor":5.0},{"not_picked":["Sever Soul+1","Feed+1"],"picked":"Body Slam+1","floor":11.0},{"not_picked":["Searing Blow+1","Anger+1","Warcry"],"picked":"SKIP","floor":13},{"not_picked":["Sword Boomerang+1","Thunderclap+1","Dropkick+1"],"picked":"SKIP","floor":14}],"player_experience":12130,"relics_obtained":[{"floor":9.0,"key":"Molten Egg 2"}],"event_choices":[{"cards_removed":["Strike_R"],"damage_healed":0.0,"max_hp_gain":0.0,"max_hp_loss":0.0,"gold_gain":0.0,"event_name":"Golden Wing","player_choice":"Card Removal","floor":7.0,"gold_loss":0.0,"damage_taken":7.0},{"damage_healed":0.0,"max_hp_gain":0.0,"max_hp_loss":6.0,"gold_gain":0.0,"event_name":"Golden Idol","player_choice":"Lose Max HP","floor":8.0,"gold_loss":0.0,"damage_taken":0.0,"relics_obtained":["Golden Idol"]}],"is_beta":false,"boss_relics":[],"items_purged_floors":[2],"is_endless":false,"potions_floor_spawned":[5,14],"killed_by":"Slime Boss","ascension_level":2}}