{"host":"v54ek091sdz7ha6h","time":1610333536,"event":{"mods":["BaseMod","Better Vampires","Colored Map","Colored Powertips","Custom Start","DeckTracker","Friendly Minions","Highlight Path","KOR Keyword Fix","Minty Spire (QoL Compilation)","Rare Cards Sparkle","StSLib","SuperFastMode","everything is the same but u backflip on backflip","slay the spire mod where everything is the same but ironclad has a cowboy hat"],"gold_per_floor":[114,114,127,107,127,161,161,177,204,204,230,246,278,278,278,351,351,362,374,141,191,225,225,259,276,301,318,346,346,363,388,388,463,463,474,374,384,409,409,409,409,409,409,118,134,167,167,185,185,185,185,185,185,35,69,69],"floor_reached":57,"playtime":1481,"items_purged":["BowlingBash","Strike_P+1","Defend_P","SignatureMove+1"],"score":3270,"play_id":"e5184ba6-2f55-49bc-9743-a2e2cf549e91","local_time":"20210111115216","is_ascension_mode":true,"campfire_choices":[{"data":"Eruption","floor":7.0,"key":"SMITH"},{"data":"SignatureMove","floor":10.0,"key":"SMITH"},{"data":"CrushJoints","floor":15.0,"key":"SMITH"},{"data":"Vault","floor":23.0,"key":"SMITH"},{"data":"Vault","floor":32.0,"key":"SMITH"},{"data":"MentalFortress","floor":40.0,"key":"SMITH"},{"data":"Adaptation","floor":47,"key":"SMITH"},{"floor":49,"key":"RECALL"},{"data":"Adaptation","floor":53,"key":"SMITH"}],"circlet_count":0,"master_deck":["AscendersBane","Defend_P+1","Eruption+1","Vigilance","CrushJoints+1","Crescendo","Adaptation+1","MentalFortress+1","Vault+1","Vault+1","InnerPeace+1","Adaptation+1","Meditate"],"relics":["PureWater","Lantern","Akabeko","Tiny Chest","Kunai","Empty Cage","OrangePellets","Pocketwatch","MealTicket","Pear","Shuriken","Bird Faced Urn","VioletLotus","Thread and Needle","Meat on the Bone","DollysMirror","War Paint","Ornamental Fan"],"acts_visited":["Exordium","TheCity","TheBeyond","TheEnding"],"potions_floor_usage":[],"damage_taken":[{"damage":0.0,"enemies":"Cultist","floor":1.0,"turns":3.0},{"damage":0.0,"enemies":"Small Slimes","floor":3.0,"turns":2.0},{"damage":7.0,"enemies":"Jaw Worm","floor":5.0,"turns":4.0},{"damage":0.0,"enemies":"Lagavulin","floor":6.0,"turns":4.0},{"damage":0.0,"enemies":"Blue Slaver","floor":8.0,"turns":1.0},{"damage":0.0,"enemies":"Gremlin Nob","floor":11.0,"turns":2.0},{"damage":1.0,"enemies":"Lots of Slimes","floor":12.0,"turns":4.0},{"damage":0.0,"enemies":"Lagavulin","floor":13.0,"turns":2.0},{"damage":14.0,"enemies":"Hexaghost","floor":16.0,"turns":5.0},{"damage":0.0,"enemies":"Spheric Guardian","floor":18.0,"turns":1.0},{"damage":6.0,"enemies":"2 Thieves","floor":19.0,"turns":3.0},{"damage":0.0,"enemies":"3 Cultists","floor":22.0,"turns":2.0},{"damage":16.0,"enemies":"Slavers","floor":24.0,"turns":4.0},{"damage":0.0,"enemies":"Snake Plant","floor":25.0,"turns":2.0},{"damage":0.0,"enemies":"Snecko","floor":27.0,"turns":2.0},{"damage":0.0,"enemies":"Gremlin Leader","floor":28.0,"turns":2.0},{"damage":6.0,"enemies":"Chosen and Byrds","floor":30.0,"turns":4.0},{"damage":29.0,"enemies":"Slavers","floor":31.0,"turns":5.0},{"damage":0.0,"enemies":"Collector","floor":33.0,"turns":3.0},{"damage":0.0,"enemies":"3 Shapes","floor":35.0,"turns":3.0},{"damage":0.0,"enemies":"Orb Walker","floor":37.0,"turns":3.0},{"damage":4.0,"enemies":"Mind Bloom Boss Battle","floor":38.0,"turns":6.0},{"damage":0,"enemies":"Transient","floor":45,"turns":6},{"damage":0,"enemies":"Nemesis","floor":46,"turns":3},{"damage":0,"enemies":"Sphere and 2 Shapes","floor":48,"turns":4},{"damage":4,"enemies":"Time Eater","floor":50,"turns":7},{"damage":0,"enemies":"Donu and Deca","floor":51,"turns":4},{"damage":0,"enemies":"Shield and Spear","floor":55,"turns":3},{"damage":12,"enemies":"The Heart","floor":56,"turns":6}],"seed_played":"3142261324327798556","potions_obtained":[{"floor":4.0,"key":"EntropicBrew"},{"floor":5.0,"key":"Dexterity Potion"},{"floor":12.0,"key":"DistilledChaos"},{"floor":24.0,"key":"Ancient Potion"},{"floor":27.0,"key":"SkillPotion"},{"floor":33.0,"key":"FearPotion"}],"is_trial":false,"path_per_floor":["M","?","M","?","M","E","R","M","T","R","E","M","E","?","R","B",null,"M","M","$","?","M","R","E","M","T","M","E","T","M","E","R","B",null,"M","$","M","?","?","R","?","T","T","$","M","E","R","M","R","B","B",null,"R","$","E","B",null],"character_chosen":"WATCHER","items_purchased":["OrangePellets","DollysMirror"],"campfire_rested":0,"item_purchase_floors":[20,44],"current_hp_per_floor":[61,41,41,41,34,34,34,34,34,34,34,33,33,26,26,12,54,54,48,48,48,48,48,32,32,32,32,42,42,36,7,7,11,61,65,78,78,74,74,74,74,74,74,74,74,74,74,74,74,70,74,74,74,74,74,66],"gold":69,"neow_bonus":"REMOVE_CARD","is_daily":false,"chose_seed":false,"campfire_upgraded":8,"win_rate":0.0,"timestamp":1610333536,"path_taken":["M","?","M","?","?","E","R","M","T","R","E","M","E","?","R","BOSS","M","M","$","?","?","R","E","M","T","M","E","?","M","E","R","BOSS","M","$","M","?","?","R","?","?","T","$","M","E","R","M","R","BOSS","BOSS","R","$","E","BOSS"],"items_purchased_type":["Relic","Relic"],"build_version":"2020-12-22","purchased_purges":4,"victory":true,"max_hp_per_floor":[68,68,68,68,68,68,68,68,68,68,68,68,68,68,68,68,68,68,68,68,68,68,68,68,68,68,68,78,78,78,78,78,78,78,78,78,78,78,78,78,74,74,74,74,74,74,74,74,74,74,74,74,74,74,74,74],"card_choices":[{"not_picked":["EmptyBody","Prostrate"],"picked":"BowlingBash","floor":1.0},{"not_picked":["FlyingSleeves","CutThroughFate"],"picked":"SignatureMove","floor":3.0},{"not_picked":["SashWhip","Halt"],"picked":"CrushJoints","floor":5.0},{"not_picked":["Evaluate","Swivel"],"picked":"Crescendo","floor":6.0},{"not_picked":["Prostrate","Swivel"],"picked":"Adaptation","floor":8.0},{"not_picked":["FearNoEvil","Nirvana"],"picked":"MentalFortress","floor":11.0},{"not_picked":["CutThroughFate","Crescendo"],"picked":"Vault","floor":12.0},{"not_picked":["SandsOfTime","DevaForm","EmptyFist"],"picked":"SKIP","floor":13.0},{"not_picked":["Brilliance","Establishment"],"picked":"Vault","floor":16.0},{"not_picked":["JustLucky","Protect","CutThroughFate"],"picked":"SKIP","floor":18.0},{"not_picked":["EmptyBody","TalkToTheHand","LikeWater+1"],"picked":"SKIP","floor":19.0},{"not_picked":["Vengeance","WindmillStrike","Crescendo"],"picked":"SKIP","floor":22.0},{"not_picked":["Protect","Weave"],"picked":"InnerPeace","floor":24.0},{"not_picked":["DeceiveReality+1","PathToVictory","Halt"],"picked":"SKIP","floor":25.0},{"not_picked":["JustLucky","Halt","InnerPeace"],"picked":"SKIP","floor":27.0},{"not_picked":["Evaluate","Protect","SashWhip"],"picked":"SKIP","floor":28.0},{"not_picked":["Prostrate+1","Pray","Evaluate"],"picked":"SKIP","floor":30.0},{"not_picked":["ConjureBlade","Pray+1","SandsOfTime"],"picked":"SKIP","floor":31.0},{"not_picked":["Swivel","Nirvana+1","Prostrate"],"picked":"SKIP","floor":35.0},{"not_picked":["PathToVictory","ThirdEye","Protect"],"picked":"SKIP","floor":37.0},{"not_picked":["BowlingBash","Evaluate","Consecrate"],"picked":"SKIP","floor":45},{"not_picked":["EmptyBody+1","ConjureBlade","Fasting2"],"picked":"SKIP","floor":46},{"not_picked":["Vengeance","Adaptation","SignatureMove"],"picked":"SKIP","floor":48},{"not_picked":["Wireheading","SignatureMove","Meditate"],"picked":"SKIP","floor":55},{"not_picked":["Wireheading","SignatureMove"],"picked":"Meditate","floor":55}],"player_experience":1410842,"relics_obtained":[{"floor":6.0,"key":"Lantern"},{"floor":9.0,"key":"Akabeko"},{"floor":11.0,"key":"Tiny Chest"},{"floor":13.0,"key":"Kunai"},{"floor":24.0,"key":"Pocketwatch"},{"floor":26.0,"key":"MealTicket"},{"floor":28.0,"key":"Pear"},{"floor":29.0,"key":"Shuriken"},{"floor":31.0,"key":"Bird Faced Urn"},{"floor":38.0,"key":"Thread and Needle"},{"floor":43.0,"key":"Meat on the Bone"},{"floor":46,"key":"War Paint"},{"floor":55,"key":"Ornamental Fan"}],"event_choices":[{"damage_healed":0.0,"max_hp_gain":0.0,"max_hp_loss":0.0,"gold_gain":0.0,"event_name":"Shining Light","player_choice":"Entered Light","floor":2.0,"gold_loss":0.0,"damage_taken":20.0,"cards_upgraded":["Strike_P","Strike_P"]},{"damage_healed":0.0,"max_hp_gain":0.0,"max_hp_loss":0.0,"gold_gain":0.0,"event_name":"The Woman in Blue","player_choice":"Bought 1 Potion","floor":4.0,"gold_loss":0.0,"damage_taken":0.0},{"cards_removed":["Strike_P"],"damage_healed":0.0,"max_hp_gain":0.0,"max_hp_loss":0.0,"gold_gain":0.0,"event_name":"Golden Wing","player_choice":"Card Removal","floor":14.0,"gold_loss":0.0,"damage_taken":7.0},{"damage_healed":0.0,"max_hp_gain":0.0,"max_hp_loss":0.0,"gold_gain":50.0,"event_name":"Golden Shrine","player_choice":"Pray","floor":21.0,"gold_loss":0.0,"damage_taken":0.0},{"damage_healed":0.0,"max_hp_gain":0.0,"max_hp_loss":0.0,"gold_gain":0.0,"event_name":"MindBloom","player_choice":"Fight","floor":38.0,"gold_loss":0.0,"damage_taken":0.0},{"cards_removed":["Strike_P"],"damage_healed":0.0,"max_hp_gain":0.0,"max_hp_loss":0.0,"gold_gain":0.0,"event_name":"Falling","player_choice":"Removed Attack","floor":39.0,"gold_loss":0.0,"damage_taken":0.0},{"damage_healed":0.0,"max_hp_gain":0.0,"max_hp_loss":4.0,"gold_gain":0.0,"event_name":"Winding Halls","player_choice":"Max HP","floor":41.0,"gold_loss":0.0,"damage_taken":0.0}],"is_beta":false,"boss_relics":[{"not_picked":["Sozu","Ectoplasm"],"picked":"Empty Cage"},{"not_picked":["SlaversCollar","Calling Bell"],"picked":"VioletLotus"}],"items_purged_floors":[20,36,44,54],"is_endless":false,"potions_floor_spawned":[5,6,12,24,27,30,33,35,37,46,55],"ascension_level":20}}