{"host":"2lvuisjyit3p3u01","time":1610388672,"event":{"mods":["Act Like it!","BaseMod","Bestiary","Better Synergies","CapriCore","Colored Map","Colored Powertips","Duelist Mod","GifTheSpireLib","Minty Spire (QoL Compilation)","Quick Restart","Replay The Spire","StSLib"],"gold_per_floor":[140,140,4,18,35,35,70,70,145,145,145,0,17,27,27,124,124,136,149,149,169,180,180,180,191,241,241,241,241,252,25,25,125,125,142,142,156,156,166,166,201,201,224,224,250,268,268,268],"floor_reached":47,"playtime":6354,"items_purged":["theDuelist:Sparks"],"score":757,"play_id":"30445ef9-8cf5-4a8a-a2fb-b606d6b744c1","local_time":"20210111201112","is_ascension_mode":false,"campfire_choices":[{"data":"theDuelist:Sogen","floor":6.0,"key":"SMITH"},{"floor":15.0,"key":"REST"},{"floor":23,"key":"REST"},{"data":"theDuelist:MillenniumGolem","floor":29,"key":"SMITH"},{"data":"theDuelist:MaxWarrior","floor":32,"key":"SMITH"},{"floor":40,"key":"REST"},{"data":"theDuelist:SuperheavySoulbuster","floor":42,"key":"SMITH"},{"floor":44,"key":"REST"}],"circlet_count":0,"master_deck":["theDuelist:FeedbackWarrior","theDuelist:HardArmor","theDuelist:Sogen+1","theDuelist:DeltaMagnet","theDuelist:Nameless:Power:AllyJustice","theDuelist:FutureFusion+1","theDuelist:JudgeMan+1","theDuelist:SwordsConcealing+1","theDuelist:GlowingCrossbow+1","theDuelist:Sparks","theDuelist:MaxWarrior+1","theDuelist:ColossalFighter+1","theDuelist:CastleWalls","theDuelist:SuperheavyMagnet","theDuelist:CastleWalls","theDuelist:SuperheavySoulbuster+1","theDuelist:SuperheavySoulhorns","theDuelist:FeedbackWarrior","theDuelist:MightyWarrior","theDuelist:CommandKnight","theDuelist:MillenniumGolem+1","theDuelist:BetaMagnet","theDuelist:SuperheavyBenkei","theDuelist:Flint+1","theDuelist:FightingSpirit+1"],"relics":["theDuelist:MillenniumPuzzle","theDuelist:CardPoolRelic","theDuelist:CardPoolBasicRelic","theDuelist:BoosterPackPoolRelic","theDuelist:CardPoolAddRelic","theDuelist:CardPoolMinusRelic","theDuelist:CardPoolSaveRelic","theDuelist:CardPoolOptionsRelic","Simple Rune","theDuelist:MonsterEggRelic","theDuelist:BoosterPackSpellEgg","PreservedInsect","SlaversCollar","Pet Ghost","Whetstone","SacredBark","theDuelist:DuelistTeaSet","War Paint","ReplayTheSpireMod:Spearhead","Gremlin Food"],"acts_visited":["Exordium","TheCity","TheBeyond"],"potions_floor_usage":[22,24,37,46,47],"damage_taken":[{"damage":0.0,"enemies":"Small Slimes","floor":1.0,"turns":2.0},{"damage":0.0,"enemies":"Cultist","floor":4.0,"turns":2.0},{"damage":4.0,"enemies":"Jaw Worm","floor":5.0,"turns":2.0},{"damage":55.0,"enemies":"Lagavulin","floor":7.0,"turns":7.0},{"damage":5.0,"enemies":"Blue Slaver","floor":13.0,"turns":2.0},{"damage":0.0,"enemies":"Exordium Thugs","floor":14.0,"turns":3.0},{"damage":0.0,"enemies":"Fading Forest","floor":16.0,"turns":11.0},{"damage":10,"enemies":"Spheric Guardian","floor":18,"turns":4},{"damage":11,"enemies":"3 Byrds","floor":19,"turns":3},{"damage":0,"enemies":"Centurion and Healer","floor":21,"turns":3},{"damage":27,"enemies":"Snake Plant","floor":22,"turns":3},{"damage":0,"enemies":"Snecko","floor":24,"turns":2},{"damage":20,"enemies":"Cultist and Chosen","floor":25,"turns":6},{"damage":1,"enemies":"Shelled Parasite and Fungi","floor":30,"turns":8},{"damage":9,"enemies":"Pondfish","floor":33,"turns":10},{"damage":41,"enemies":"3 Darklings","floor":35,"turns":7},{"damage":17,"enemies":"Orb Walker","floor":37,"turns":4},{"damage":19,"enemies":"Jaw Worm Horde","floor":39,"turns":2},{"damage":27,"enemies":"Giant Head","floor":41,"turns":7},{"damage":50,"enemies":"Sphere and 2 Shapes","floor":46,"turns":6},{"damage":19,"enemies":"Maw","floor":47,"turns":2}],"seed_played":"-4874830556321750661","potions_obtained":[{"floor":5.0,"key":"theDuelist:TokenPotion"},{"floor":7.0,"key":"theDuelist:VoidBottle"},{"floor":14.0,"key":"Fire Potion"},{"floor":19,"key":"AttackPotion"},{"floor":21,"key":"SmokeBomb"},{"floor":35,"key":"theDuelist:BurningPotion"},{"floor":39,"key":"Elixir"},{"floor":41,"key":"theDuelist:VoidBottle"}],"is_trial":false,"path_per_floor":["M","?","$","M","M","R","E","?","T","?","T","$","M","M","R_BF","B",null,"M","M","?","M","M","R","M","M","T","?","?","R","M","$","R","B",null,"M","?","M","?","M","R","E","R","T","R","T","M","M"],"character_chosen":"THE_DUELIST","items_purchased":["theDuelist:SuperheavyMagnet","theDuelist:MillenniumGolem","PreservedInsect","Whetstone"],"campfire_rested":4,"item_purchase_floors":[3,3,12,31],"current_hp_per_floor":[80,90,90,90,86,86,31,51,51,51,51,51,46,46,79,79,110,100,89,89,89,62,95,95,75,75,110,110,110,109,109,109,100,110,69,69,52,46,27,60,33,33,33,66,66,16,0,0],"gold":268,"neow_bonus":"ONE_RANDOM_RARE_CARD","is_daily":false,"chose_seed":false,"campfire_upgraded":4,"win_rate":0.0,"timestamp":1610388672,"path_taken":["M","?","?","M","?","R","E","?","T","?","?","?","?","M","R_BF","BOSS","M","M","?","M","M","R","?","?","T","?","?","R","?","$","R","BOSS","M","?","?","?","M","R","E","R","T","R","?","M","M"],"items_purchased_type":["Card","Card","Relic","Relic"],"build_version":"2020-12-22","purchased_purges":1,"victory":false,"max_hp_per_floor":[80,90,90,90,90,90,90,110,110,110,110,110,110,110,110,110,110,110,110,110,110,110,110,110,110,110,110,110,110,110,110,110,110,110,110,110,110,110,110,110,110,110,110,110,110,110,110,110],"card_choices":[{"not_picked":["theDuelist:ColossalFighter","theDuelist:LegendarySword","theDuelist:GravityWarrior","theDuelist:SteamTrainKing"],"picked":"theDuelist:MaxWarrior","floor":1.0},{"not_picked":["theDuelist:ClearKuriboh","theDuelist:MillenniumGolem","theDuelist:Sangan","theDuelist:ForbiddenLance","theDuelist:HammerShot"],"picked":"SKIP","floor":4.0},{"not_picked":["theDuelist:ElectromagneticShield","theDuelist:WeaponChange","theDuelist:ReinforceTruth"],"picked":"theDuelist:Sogen","floor":5.0},{"not_picked":["theDuelist:LightningRodLord","theDuelist:WormApocalypse","theDuelist:CastleDarkIllusions","theDuelist:Jinzo"],"picked":"theDuelist:FutureFusion","floor":7.0},{"not_picked":["theDuelist:AssaultArmor+1","theDuelist:ReadyForIntercepting","theDuelist:SuperheavySoulbeads","theDuelist:MillenniumShield"],"picked":"theDuelist:SwordsConcealing+1","floor":13.0},{"not_picked":["theDuelist:BlackPendant+1","theDuelist:GilfordLegend","theDuelist:PotDichotomy+1","theDuelist:PreventRat","theDuelist:BattleOx"],"picked":"SKIP","floor":14.0},{"not_picked":["theDuelist:SpiritForce","theDuelist:HeroRing","theDuelist:GravityLash+1","theDuelist:BladeArmorNinja"],"picked":"theDuelist:GlowingCrossbow+1","floor":16.0},{"not_picked":["theDuelist:SuperheavySwordsman","theDuelist:SuperheavyMagnet","theDuelist:MightyWarrior","theDuelist:ValkMagnet+1"],"picked":"theDuelist:BetaMagnet","floor":18},{"not_picked":["theDuelist:SuperheavySwordsman+1","theDuelist:Zombyra","theDuelist:SuperheavyMagnet+1","theDuelist:HardArmor+1"],"picked":"theDuelist:SuperheavySoulhorns","floor":19},{"not_picked":["theDuelist:GoyoKing","theDuelist:GlowingCrossbow+1","theDuelist:GoyoEmperor","theDuelist:GridRod+1","theDuelist:BrilliantSpark"],"picked":"SKIP","floor":21},{"not_picked":["theDuelist:SuperheavySwordsman","theDuelist:BladeKnight","theDuelist:MeteorDestruction+1","theDuelist:SuperheavySoulbuster"],"picked":"theDuelist:JudgeMan","floor":22},{"not_picked":["theDuelist:BullBlader","theDuelist:Mudballman+1","theDuelist:FeedbackWarrior","theDuelist:AdvanceForce+1"],"picked":"theDuelist:HardArmor","floor":25},{"not_picked":["theDuelist:CelticGuardian","theDuelist:JudgeMan","theDuelist:BattleWarrior","theDuelist:MightyWarrior","theDuelist:ComboFighter+1"],"picked":"SKIP","floor":30},{"not_picked":["theDuelist:SteamTrainKing","theDuelist:HerculeanPower+1","theDuelist:SpiritForce","theDuelist:BrilliantSpark"],"picked":"theDuelist:SuperheavyBenkei","floor":33},{"not_picked":["theDuelist:AssaultArmor+1","theDuelist:AfterGenocide+1","theDuelist:CubicKarma+1","theDuelist:Sogen+1","theDuelist:AfterTheStorm+1"],"picked":"SKIP","floor":35},{"not_picked":["theDuelist:CrossAttack+1","theDuelist:DarkOccultism+1","theDuelist:CubicKarma+1","theDuelist:AfterGenocide+1"],"picked":"theDuelist:Flint+1","floor":37},{"not_picked":["theDuelist:LightningDarts","theDuelist:LightningRodLord+1","theDuelist:Sangan","theDuelist:DarklordSuperbia","theDuelist:GraniteLoyalist+1"],"picked":"SKIP","floor":39},{"not_picked":["theDuelist:BattleOx","theDuelist:LightningVortex+1","theDuelist:WormKing","theDuelist:MillenniumGolem+1","theDuelist:Sangan+1"],"picked":"SKIP","floor":41},{"not_picked":["theDuelist:RockstoneWarrior+1","theDuelist:DeltaAttacker+1","theDuelist:ComboMaster","theDuelist:HeroRing+1"],"picked":"theDuelist:FightingSpirit+1","floor":46}],"player_experience":287337,"relics_obtained":[{"floor":7.0,"key":"Simple Rune"},{"floor":9.0,"key":"theDuelist:MonsterEggRelic"},{"floor":11.0,"key":"theDuelist:BoosterPackSpellEgg"},{"floor":26,"key":"Pet Ghost"},{"floor":41,"key":"War Paint"},{"floor":43,"key":"ReplayTheSpireMod:Spearhead"},{"floor":45,"key":"Gremlin Food"}],"event_choices":[{"cards_removed":["theDuelist:HeroRing"],"damage_healed":0.0,"max_hp_gain":10.0,"max_hp_loss":0.0,"gold_gain":0.0,"event_name":"Bonfire Elementals","player_choice":"Offered Rare","floor":2.0,"gold_loss":0.0,"damage_taken":0.0},{"power_reward":4.0,"total_magic_score":32.0,"gold_gain":0.0,"duelist":true,"damage_taken":0.0,"relics_obtained":[],"points":12.0,"max_hp_gain":20.0,"max_hp_loss":0.0,"spent_points":{"magic":0.0,"greed":0.0,"war":0.0,"power":4.0,"hunger":4.0},"event_name":"Nameless Tomb","hunger_reward":4.0,"floor":8.0,"gold_loss":0.0,"cards_obtained":["theDuelist:Nameless:Power:AllyJustice"]},{"damage_healed":0.0,"max_hp_gain":0.0,"max_hp_loss":0.0,"gold_gain":0.0,"event_name":"Egyptian Village","player_choice":"Delta Electro","duelist":true,"floor":10.0,"gold_loss":0.0,"damage_taken":0.0,"cards_obtained":["Delta Electromagnet Warrior"]},{"damage_healed":0,"gold_gain":0,"player_choice":"Ignored","damage_taken":0,"max_hp_gain":0,"max_hp_loss":0,"event_name":"N\u0027loth","floor":20,"gold_loss":0},{"damage_healed":36,"gold_gain":0,"player_choice":"Heal","damage_taken":0,"max_hp_gain":0,"max_hp_loss":0,"event_name":"The Library","floor":27,"gold_loss":0},{"damage_healed":0,"gold_gain":0,"player_choice":"Ignored","damage_taken":0,"max_hp_gain":0,"max_hp_loss":0,"event_name":"NoteForYourself","floor":28,"gold_loss":0},{"damage_healed":0,"gold_gain":0,"player_choice":"Bought 0 Potions","damage_taken":0,"max_hp_gain":0,"max_hp_loss":0,"event_name":"The Woman in Blue","floor":36,"gold_loss":0},{"damage_healed":0,"gold_gain":0,"player_choice":"Dig - random Duelist relic","duelist":true,"damage_taken":0,"max_hp_gain":0,"max_hp_loss":0,"event_name":"Aknamkanon\u0027s Tomb","floor":38,"gold_loss":0}],"is_beta":false,"boss_relics":[{"not_picked":["Black Star","theDuelist:HauntedRelic"],"picked":"SlaversCollar"},{"not_picked":["Painkiller Herb","Electric Blood"],"picked":"SacredBark"}],"items_purged_floors":[31],"is_endless":false,"potions_floor_spawned":[5,7,14,19,21,24,35,39,41],"killed_by":"Maw","ascension_level":0}}