{"host":"bzg9y3flbaqjj1j7","time":1610392045,"event":{"mods":["100% Spire Juice","AchievementEnabler","Act Like it!","Aspiration","Astrologer","BaseMod","Challenge The Spire","Dark Map","Elementarium","Gensokyo","Hallownest","Hubris","Infinite Spire","Lobotomy","LobotomyExtend","Marisa????????","Marked Mod","Minty Spire (QoL Compilation)","Permanent Neow","Poor People Problems","Prisma Mod","Quick Restart","Rare Cards Sparkle","Reimu??????","Remilia??????","Replay The Spire","RumiaBox-????????","Shop Mod","Spicy Shops","StSLib","The Animator","The Blue Laboratory","The Bug Knight","Waifu the Spire","vexMod"],"gold_per_floor":[114,129,129,129,129,129,104,119,169,169,184,214,144,63,63,163,163,163,228,478,593,593,593,608,608,658,738,753,753,753,753,753,853,853,868,116,156,214,12,42,72,72,72,312,95,95,95,110,110,160,160],"floor_reached":50,"playtime":4527,"items_purged":["PrismaMod:MiyuAttackChannelWeak","PrismaMod:MiyuCheapChannelVul+1","PrismaMod:MiyuDefenseAbsorbMinor"],"score":714,"play_id":"880c079f-3f56-450a-94f9-ccf875fc27ed","local_time":"20210111153725","daily_mods":["Allstar","Flight","Lethality"],"is_ascension_mode":false,"campfire_choices":[{"data":"PrismaMod:MiyuUncommonDexBuff","floor":6.0,"key":"SMITH"},{"floor":23.0,"key":"REST"},{"floor":29.0,"key":"REST"},{"floor":30.0,"key":"REST"},{"floor":32.0,"key":"DIG"},{"floor":42.0,"key":"REST"},{"data":"infinitespire:NeuralNetwork","floor":47,"key":"SMITH"}],"circlet_count":0,"master_deck":["PrismaMod:MiyuCheapChannelAttack","PrismaMod:MiyuCheapChannelDefend","hubris:Insight","Metamorphosis","Apotheosis+1","Replay:Bootleg Shield Generator","PrismaMod:MiyuUncommonDexBuff+1","PrismaMod:MiyuUncommonStrBuff","PrismaMod:MiyuCarnivalDefend","Pot Of Greed","Pot Of Greed","PrismaMod:MiyuUncommonDexBuff","Pot Of Greed","PrismaMod:MiyuCheapDefend2","PrismaMod:MiyuCheapChannelDefend","PrismaMod:MiyuBride","PrismaMod:MiyuAttackChannelWeak","PrismaMod:MiyuEvokeBuffStr","PrismaMod:MiyuAttackChannelVul+1","PrismaMod:MiyuAttackChannelVul","PrismaMod:MiyuCheapChannelDefend","PrismaMod:MiyuEvokeAllAttack","PrismaMod:MiyuCheapChannelWeak","PrismaMod:MiyuDefenseExplosion+1","Pot Of Greed","PrismaMod:MiyuCheapDefend1","Gensokyo:LittleGreenMen","Sadistic Nature","PrismaMod:MiyuUncommonStrBuff","ReplayTheSpireMod:Splinters","Pot Of Greed","PrismaMod:MiyuCheapDexBuff","PrismaMod:MiyuBride","PrismaMod:MiyuUncommonDexBuff","ReplayTheSpireMod:Restless Dread","hubris:Sloth","infinitespire:NeuralNetwork+1"],"relics":["PrismaMod:PrismaSapphire","LetterFromLob","hubris:Icosahedron","Ring of Searing","Vajra","Grinning Jar","hubris:Towel","Heaven_r","ReplayTheSpireMod:TigerMarble","PrismaMod:PrismaSapphireUpgrade","Durian","Ancient Tea Set","Mastiff:ReiMu","SacredBark","Sling","Mercury Hourglass","MerchantsRug","hubris:TinFlute","vexMod:CardConverter","Blood Vial","ReplayTheSpireMod:Shallot","The Courier","ReplayTheSpireMod:Ninjato","Membership Card","Unceasing Top","Gensokyo:EmptyGrave"],"acts_visited":["Exordium","Gensokyo:Gensokyo","Gensokyo:Gensokyoer"],"potions_floor_usage":[],"damage_taken":[{"damage":0.0,"enemies":"Gensokyo:Python","floor":1.0,"turns":3.0},{"damage":1.0,"enemies":"Gensokyo:Gryphon","floor":2.0,"turns":4.0},{"damage":10.0,"enemies":"Gensokyo:2_Kodama","floor":8.0,"turns":3.0},{"damage":10.0,"enemies":"Gensokyo:VengefulSpirit","floor":11.0,"turns":3.0},{"damage":0.0,"enemies":"Gensokyo:Mamizou","floor":12.0,"turns":5.0},{"damage":23.0,"enemies":"Gensokyo:Kokoro","floor":16.0,"turns":7.0},{"damage":5.0,"enemies":"Gensokyo:AngelMirror","floor":18.0,"turns":2.0},{"damage":19.0,"enemies":"Gensokyo:AngelMirror","floor":19.0,"turns":4.0},{"damage":35.0,"enemies":"Gensokyo:3_Dogs","floor":21.0,"turns":7.0},{"damage":22.0,"enemies":"Gensokyo:Wraith","floor":24.0,"turns":3.0},{"damage":32.0,"enemies":"Gensokyo:Tenshi","floor":27.0,"turns":4.0},{"damage":0.0,"enemies":"Gensokyo:Monolith_and_Dog","floor":28.0,"turns":5.0},{"damage":28.0,"enemies":"Gensokyo:Eiki","floor":33.0,"turns":8.0},{"damage":15.0,"enemies":"Gensokyo:AncientGuardian","floor":35.0,"turns":4.0},{"damage":13.0,"enemies":"Gensokyo:3_Boulders","floor":37.0,"turns":5.0},{"damage":7.0,"enemies":"Gensokyo:Doremy","floor":40.0,"turns":6.0},{"damage":13.0,"enemies":"Nightmare","floor":41.0,"turns":8.0},{"damage":42.0,"enemies":"Gensokyo:Rafflesia","floor":44.0,"turns":6.0},{"damage":0,"enemies":"Gensokyo:SeedOfUnknown","floor":48,"turns":3},{"damage":55,"enemies":"Gensokyo:Scarlet_Devils","floor":50,"turns":7}],"seed_played":"2608465768335268498","potions_obtained":[{"floor":2.0,"key":"GrandPatriotsElixir:ReiMu"},{"floor":16.0,"key":"SkillPotion"},{"floor":24.0,"key":"blueLaboratory:ExaltedPotion"},{"floor":28.0,"key":"blueLaboratory:SavagePotion"},{"floor":35.0,"key":"blueLaboratory:FruitPunch"},{"floor":37.0,"key":"blueLaboratory:BottleOfVodka"},{"floor":38.0,"key":"blueLaboratory:EmptyBottle"}],"is_trial":false,"path_per_floor":["M","M","?","?","?","R","?","M","T","?","M","E","?","COS","R","B",null,"M","M","?","M","AVR","R","M","?","T","E","M","R","R","?","R","B",null,"M","COS","M","?","$","E","NM","R","T","M","$","?","R","M","R","B"],"character_chosen":"MIYU","items_purchased":["MerchantsRug","hubris:TinFlute","Membership Card","PrismaMod:MiyuUncommonDexBuff"],"campfire_rested":4,"item_purchase_floors":[39,39,45,45],"current_hp_per_floor":[75,74,74,74,74,74,74,64,64,64,54,54,54,54,54,31,75,75,56,56,21,26,48,26,34,34,2,2,24,46,58,58,30,76,61,61,52,52,52,47,38,62,62,22,24,30,30,32,32,0,0],"gold":160,"neow_bonus":"","is_daily":true,"chose_seed":false,"campfire_upgraded":2,"win_rate":0.0,"timestamp":1610392045,"path_taken":["M","M","?","?","?","R","?","?","T","?","M","E","?","COS","R","BOSS","M","M","?","M","AVR","R","M","?","T","E","?","R","R","?","R","BOSS","M","COS","?","?","$","E","NM","R","T","?","?","?","R","M","R","BOSS"],"items_purchased_type":["Relic","Relic","Relic","Card"],"build_version":"2020-12-22","purchased_purges":3,"victory":false,"max_hp_per_floor":[75,75,75,75,75,75,75,75,75,75,75,75,75,75,75,75,75,75,75,71,71,76,76,76,76,76,76,76,76,76,76,76,76,76,76,76,80,80,80,82,82,82,82,82,84,90,90,90,83,83,83],"card_choices":[{"not_picked":["PrismaMod:MiyuCheapChannelDefend","PrismaMod:MiyuCheapAttack2","PrismaMod:MiyuAttackChannelAttack"],"picked":"SKIP","floor":1.0},{"not_picked":["PrismaMod:MiyuUncommonAttack","PrismaMod:MiyuDefenseExplosion"],"picked":"PrismaMod:MiyuUncommonDexBuff","floor":2.0},{"not_picked":["PrismaMod:MiyuCheapChannelAttack","PrismaMod:MiyuUncommonDexBuff"],"picked":"PrismaMod:MiyuUncommonStrBuff","floor":8.0},{"not_picked":["PrismaMod:MiyuAttackChannelAttack","PrismaMod:MiyuUncommonPlate"],"picked":"PrismaMod:MiyuCarnivalDefend","floor":11.0},{"not_picked":["PrismaMod:MiyuCheapChannelHeal","PrismaMod:MiyuCheapStrBuff"],"picked":"PrismaMod:MiyuUncommonDexBuff","floor":12.0},{"not_picked":["PrismaMod:MiyuEvokeAllAttack","PrismaMod:MiyuCarnivalDefend"],"picked":"PrismaMod:MiyuCheapDefend2","floor":16.0},{"not_picked":["PrismaMod:MiyuCheapChannelDefend","PrismaMod:MiyuDefenseRemoval"],"picked":"PrismaMod:MiyuDefenseExplosion","floor":19.0},{"not_picked":["PrismaMod:MiyuChannelAttackEvoke","PrismaMod:MiyuChannelDefendEvoke"],"picked":"PrismaMod:MiyuDefenseAbsorbMinor","floor":21.0},{"not_picked":["PrismaMod:MiyuAttackChannelAttack","PrismaMod:MiyuMaid"],"picked":"PrismaMod:MiyuCheapDefend1","floor":21.0},{"not_picked":["PrismaMod:MiyuCheapChannelHeal","PrismaMod:MiyuUncommonDefend","PrismaMod:MiyuUberAOEAttack"],"picked":"SKIP","floor":24.0},{"not_picked":["PrismaMod:MiyuDefenseExplosion","PrismaMod:MiyuEvokeAllAttack","PrismaMod:MiyuEvokeBuffStr+1"],"picked":"SKIP","floor":27.0},{"not_picked":["PrismaMod:MiyuCheapChannelVul","PrismaMod:MiyuUncommonDexBuff","PrismaMod:MiyuCarnivalAttack"],"picked":"SKIP","floor":28.0},{"not_picked":["PrismaMod:MiyuUberAttack","PrismaMod:MiyuCheapAttack1+1","PrismaMod:MiyuEvokeBuffDex+1"],"picked":"SKIP","floor":35.0},{"not_picked":["Crow Ritual","The Bomb"],"picked":"Sadistic Nature","floor":36.0},{"not_picked":["hubris:Insight","Dark Shackles"],"picked":"Specialist","floor":36.0},{"not_picked":["PrismaMod:MiyuUncommonAOEAttack+1","PrismaMod:MiyuCheapDefend1"],"picked":"PrismaMod:MiyuUncommonStrBuff","floor":37.0},{"not_picked":["PrismaMod:MiyuCommonAOEAttack","PrismaMod:MiyuCheapChannelAttack"],"picked":"PrismaMod:MiyuCheapDexBuff","floor":40.0},{"not_picked":["PrismaMod:MiyuCarnivalDefend","PrismaMod:MiyuDefenseAbsorbMinor"],"picked":"PrismaMod:MiyuBride","floor":40.0},{"not_picked":["PrismaMod:MiyuCheapAttack2","PrismaMod:MiyuMaid","PrismaMod:MiyuCarnivalAttack"],"picked":"SKIP","floor":41.0},{"not_picked":["PrismaMod:MiyuEvokeCheapDefend","PrismaMod:MiyuUncommonDefend","PrismaMod:MiyuDefenseRemoval+1"],"picked":"SKIP","floor":44.0},{"not_picked":["infinitespire:DeathsTouch","infinitespire:Collect"],"picked":"infinitespire:NeuralNetwork","floor":46},{"not_picked":["PrismaMod:MiyuCheapAttack2+1","PrismaMod:MiyuEvokeBuffDex","PrismaMod:MiyuCheapChannelWeak+1"],"picked":"SKIP","floor":48}],"player_experience":183719,"relics_obtained":[{"floor":1.0,"key":"LetterFromLob"},{"floor":5.0,"key":"Ring of Searing"},{"floor":9.0,"key":"Vajra"},{"floor":12.0,"key":"Grinning Jar"},{"floor":26.0,"key":"Whetstone"},{"floor":27.0,"key":"Ancient Tea Set"},{"floor":32.0,"key":"Mastiff:ReiMu"},{"floor":38.0,"key":"Mercury Hourglass"},{"floor":40.0,"key":"vexMod:CardConverter"},{"floor":41.0,"key":"The Courier"},{"floor":43.0,"key":"ReplayTheSpireMod:Ninjato"}],"event_choices":[],"is_beta":false,"boss_relics":[{"not_picked":["SoulBox","aspiration:RunicSpoon"],"picked":"Pandora\u0027s Box"},{"not_picked":["Painkiller Herb","AddBug"],"picked":"SacredBark"}],"items_purged_floors":[22,45,45],"is_endless":true,"potions_floor_spawned":[2,16,24,28,35,37,40],"killed_by":"Gensokyo:Scarlet_Devils","ascension_level":0}}