{"host":"873t0y8ybyo38pfq","time":1610399922,"event":{"mods":["BaseMod","Bestiary","Colored Map","Colored Powertips","Highlight Path","Minty Spire (QoL Compilation)","Quick Restart","RNG Fix","Rare Cards Sparkle","Relic Stats","StSLib"],"gold_per_floor":[116,129,141,52,62,88,88,88,88,123,146,160,179,194,194,284,284,302,59,83,106,106,106,140,160,160,160,85,85,0,0,0],"floor_reached":31,"playtime":960,"items_purged":[],"score":538,"play_id":"6bfc2248-ad62-49c8-baf1-b7409c87c841","local_time":"20210111161842","is_ascension_mode":true,"campfire_choices":[{"data":"Electrodynamics","floor":8,"key":"SMITH"},{"floor":15,"key":"REST"},{"floor":23,"key":"REST"},{"floor":27,"key":"REST"},{"floor":29,"key":"REST"}],"circlet_count":0,"master_deck":["AscendersBane","Zap","Dualcast","Electrodynamics+1","Steam","Ball Lightning","White Noise","Core Surge","Conserve Battery","Auto Shields","Redo","Static Discharge","Coolheaded","Stack","Go for the Eyes","Lockon","Force Field","Double Energy","Doom and Gloom","Biased Cognition","BootSequence","Leap","Heatsinks","Undo","Stack","Coolheaded","Glacier","Sunder","Fission","Steam"],"relics":["Cracked Core","Bottled Tornado","Golden Idol","Bird Faced Urn","Akabeko","Pandora\u0027s Box","Anchor","Gremlin Horn","Pear"],"acts_visited":["Exordium","TheCity"],"potions_floor_usage":[6,10,10,11,16],"damage_taken":[{"damage":0,"enemies":"Small Slimes","floor":1,"turns":2},{"damage":1,"enemies":"Cultist","floor":2,"turns":4},{"damage":0,"enemies":"Jaw Worm","floor":3,"turns":3},{"damage":6,"enemies":"Looter","floor":5,"turns":3},{"damage":24,"enemies":"Gremlin Nob","floor":6,"turns":4},{"damage":17,"enemies":"Lagavulin","floor":10,"turns":5},{"damage":8,"enemies":"Exordium Thugs","floor":11,"turns":2},{"damage":10,"enemies":"Blue Slaver","floor":12,"turns":3},{"damage":0,"enemies":"Looter","floor":13,"turns":2},{"damage":9,"enemies":"Red Slaver","floor":14,"turns":3},{"damage":14,"enemies":"The Guardian","floor":16,"turns":13},{"damage":23,"enemies":"Shell Parasite","floor":18,"turns":3},{"damage":0,"enemies":"3 Byrds","floor":20,"turns":1},{"damage":10,"enemies":"Snecko","floor":21,"turns":3},{"damage":45,"enemies":"Slavers","floor":24,"turns":3},{"damage":17,"enemies":"Snake Plant","floor":25,"turns":5},{"damage":0,"enemies":"Gremlin Leader","floor":31,"turns":5}],"seed_played":"-8875300861451436969","potions_obtained":[{"floor":2,"key":"EntropicBrew"},{"floor":5,"key":"GamblersBrew"},{"floor":11,"key":"Ancient Potion"},{"floor":12,"key":"DistilledChaos"},{"floor":14,"key":"Energy Potion"},{"floor":18,"key":"EssenceOfSteel"},{"floor":20,"key":"FairyPotion"}],"is_trial":false,"path_per_floor":["M","M","M","$","M","E","?","R","T","E","M","M","M","M","R","B",null,"M","$","M","M","?","R","E","M","T","R","?","R","?","E"],"character_chosen":"DEFECT","items_purchased":["Core Surge","BootSequence","Heatsinks","Undo"],"campfire_rested":4,"item_purchase_floors":[4,19,19,19],"current_hp_per_floor":[64,63,63,63,57,33,33,33,33,20,14,8,10,3,20,12,47,32,32,36,38,38,55,13,8,8,25,25,42,52,56,56],"gold":0,"neow_bonus":"THREE_RARE_CARDS","is_daily":false,"chose_seed":false,"campfire_upgraded":1,"win_rate":0.0,"timestamp":1610399922,"path_taken":["M","M","M","$","M","E","?","R","T","E","M","M","M","M","R","BOSS","M","$","M","M","?","R","E","M","T","R","?","R","?","E"],"items_purchased_type":["Card","Card","Card","Card"],"build_version":"2020-12-22","purchased_purges":0,"victory":false,"max_hp_per_floor":[64,64,64,64,64,64,58,58,58,58,58,58,58,58,58,58,58,58,58,58,58,58,58,58,58,58,58,58,58,68,68,68],"relic_stats":{"Gremlin Horn":[4,4],"counters":[17,64],"Golden Idol":65,"Bird Faced Urn":[63],"Pandora\u0027s Box":["Turbo","Lockon","Force Field","Double Energy","Doom and Gloom","Biased Cognition","BootSequence","Leap"],"obtain_stats":[{"Anchor":24,"Pear":30,"Gremlin Horn":26,"Golden Idol":7,"Bird Faced Urn":9,"Pandora\u0027s Box":17,"Bottled Tornado":6,"Cracked Core":0,"Akabeko":10},{"Anchor":15,"Pear":16,"Gremlin Horn":16,"Golden Idol":5,"Bird Faced Urn":5,"Pandora\u0027s Box":11,"Bottled Tornado":5,"Cracked Core":0,"Akabeko":6},{"Anchor":54,"Pear":59,"Gremlin Horn":59,"Golden Idol":16,"Bird Faced Urn":16,"Pandora\u0027s Box":44,"Bottled Tornado":16,"Cracked Core":0,"Akabeko":21}]},"card_choices":[{"not_picked":["Amplify","Fission"],"picked":"Electrodynamics","floor":0},{"not_picked":["Barrage","Beam Cell"],"picked":"Steam","floor":1},{"not_picked":["Cold Snap","Hologram"],"picked":"Ball Lightning","floor":2},{"not_picked":["Compile Driver","Gash"],"picked":"White Noise","floor":3},{"not_picked":["Reprogram","Reinforced Body"],"picked":"Conserve Battery","floor":5},{"not_picked":["FTL","Ball Lightning"],"picked":"Auto Shields","floor":6},{"not_picked":["Compile Driver","Steam"],"picked":"Redo","floor":10},{"not_picked":["Ball Lightning","Multi-Cast"],"picked":"Static Discharge","floor":11},{"not_picked":["Stack","Redo"],"picked":"Coolheaded","floor":12},{"not_picked":["Barrage","Gash"],"picked":"Stack","floor":13},{"not_picked":["Cold Snap","FTL"],"picked":"Go for the Eyes","floor":14},{"not_picked":["Barrage","Beam Cell+1"],"picked":"Storm","floor":18},{"not_picked":["Go for the Eyes","Streamline"],"picked":"Stack","floor":20},{"not_picked":["Lockon","Gash"],"picked":"Coolheaded","floor":21},{"not_picked":["Ball Lightning","Turbo"],"picked":"Fission","floor":24},{"not_picked":["Rebound","Ball Lightning"],"picked":"Steam","floor":25}],"player_experience":1584456,"relics_obtained":[{"floor":6,"key":"Bottled Tornado"},{"floor":9,"key":"Bird Faced Urn"},{"floor":10,"key":"Akabeko"},{"floor":24,"key":"Anchor"},{"floor":26,"key":"Gremlin Horn"}],"event_choices":[{"damage_healed":0,"gold_gain":0,"player_choice":"Lose Max HP","damage_taken":0,"relics_obtained":["Golden Idol"],"max_hp_gain":0,"max_hp_loss":6,"event_name":"Golden Idol","floor":7,"gold_loss":0},{"damage_healed":0,"gold_gain":0,"cards_transformed":["BootSequence","Turbo"],"player_choice":"Became Test Subject","damage_taken":0,"max_hp_gain":0,"max_hp_loss":0,"event_name":"Drug Dealer","floor":22,"gold_loss":0,"cards_obtained":["Glacier","Sunder"]},{"cards_removed":["Storm"],"damage_healed":0,"gold_gain":0,"player_choice":"Gave Gold","damage_taken":0,"max_hp_gain":0,"max_hp_loss":0,"event_name":"Beggar","floor":28,"gold_loss":75},{"damage_healed":0,"gold_gain":0,"player_choice":"Obtained Relic","damage_taken":0,"relics_obtained":["Pear"],"max_hp_gain":0,"max_hp_loss":0,"event_name":"Addict","floor":30,"gold_loss":85}],"is_beta":false,"boss_relics":[{"not_picked":["Cursed Key","Astrolabe"],"picked":"Pandora\u0027s Box"}],"items_purged_floors":[],"is_endless":false,"potions_floor_spawned":[2,5,11,12,14,18,20],"killed_by":"Gremlin Leader","ascension_level":20}}