{"host":"gzk4gkgy3zij1c51","time":1610332139,"event":{"mods":["BaseMod","Colored Map","Highlight Path","Marked Mod","Minty Spire (QoL Compilation)","Relic Stats","StSLib","everything is the same but u backflip on backflip"],"gold_per_floor":[112,112,64,75,86,86,86],"floor_reached":6,"playtime":336,"items_purged":[],"score":43,"play_id":"ed102d6d-2265-4b52-a2b0-f9edeb5e4a01","local_time":"20210111022859","is_ascension_mode":true,"campfire_choices":[],"circlet_count":0,"master_deck":["Strike_P","Strike_P","Strike_P","Defend_P","Defend_P","Defend_P","Defend_P","Eruption","Vigilance","Perseverance","Establishment","MarkedMod:FirstStrike","Wireheading","MarkedMod:ChiBlock"],"relics":["PureWater"],"acts_visited":["Exordium"],"potions_floor_usage":[5],"damage_taken":[{"damage":5.0,"enemies":"Small Slimes","floor":1.0,"turns":4.0},{"damage":2,"enemies":"Cultist","floor":4,"turns":4},{"damage":2,"enemies":"Jaw Worm","floor":5,"turns":6},{"damage":63,"enemies":"3 Sentries","floor":6,"turns":6}],"seed_played":"-3390117434219141901","potions_obtained":[{"floor":0.0,"key":"Explosive Potion"},{"floor":0.0,"key":"GamblersBrew"},{"floor":0.0,"key":"Ancient Potion"},{"floor":1.0,"key":"Strength Potion"},{"floor":4,"key":"BlessingOfTheForge"}],"is_trial":false,"path_per_floor":["M","?","$","M","M","E"],"character_chosen":"WATCHER","items_purchased":["MarkedMod:FirstStrike"],"campfire_rested":0,"item_purchase_floors":[3],"current_hp_per_floor":[67,67,67,65,63,0,0],"gold":86,"neow_bonus":"THREE_SMALL_POTIONS","is_daily":false,"chose_seed":false,"campfire_upgraded":0,"win_rate":0.0,"timestamp":1610332139,"path_taken":["M","?","$","M","?","E"],"items_purchased_type":["Card"],"build_version":"2020-12-22","purchased_purges":0,"victory":false,"max_hp_per_floor":[72,72,72,72,72,72,72],"relic_stats":{"counters":[4,20],"obtain_stats":[{"PureWater":0},{"PureWater":0},{"PureWater":0}]},"card_choices":[{"not_picked":["BowlingBash","FollowUp"],"picked":"Perseverance","floor":1.0},{"not_picked":["Evaluate","Swivel"],"picked":"Wireheading","floor":4},{"not_picked":["Meditate","Adaptation"],"picked":"MarkedMod:ChiBlock","floor":5}],"player_experience":575181,"relics_obtained":[],"event_choices":[{"damage_healed":0.0,"max_hp_gain":0.0,"max_hp_loss":0.0,"gold_gain":0.0,"cards_transformed":["Strike_P"],"event_name":"Transmorgrifier","player_choice":"Transformed","floor":2.0,"gold_loss":0.0,"damage_taken":0.0,"cards_obtained":["Establishment"]}],"is_beta":false,"boss_relics":[],"items_purged_floors":[],"is_endless":false,"potions_floor_spawned":[1,4],"killed_by":"3 Sentries","ascension_level":4}}