{"host":"3qkmyeoym75lj4wn","time":1610399474,"event":{"mods":["2.2 Compatiblity","BaseMod","Block Reminder","Colored Powertips","Highlight Path","Minty Spire (QoL Compilation)","Permanent Neow","Potion Indicator Mod","Rare Cards Sparkle","Relic Stats","StSLib","Unceasing Turn Reminder"],"gold_per_floor":[119,137,137,157,168,203,203,203,203],"floor_reached":8,"playtime":328,"items_purged":[],"score":116,"play_id":"6a84979a-639b-4995-b9de-c7e22c65dff3","local_time":"20210111211114","is_ascension_mode":true,"campfire_choices":[{"floor":7,"key":"REST"}],"circlet_count":0,"master_deck":["AscendersBane","Strike_B","Strike_B","Strike_B","Defend_B","Defend_B","Defend_B","Defend_B","Zap","Dualcast","Streamline","Coolheaded","Conserve Battery","Cold Snap"],"relics":["Cracked Core","Frozen Egg 2"],"acts_visited":["Exordium"],"potions_floor_usage":[6,6],"damage_taken":[{"damage":7,"enemies":"Jaw Worm","floor":1,"turns":3},{"damage":0,"enemies":"Cultist","floor":2,"turns":3},{"damage":8,"enemies":"Small Slimes","floor":4,"turns":3},{"damage":2,"enemies":"Red Slaver","floor":5,"turns":4},{"damage":31,"enemies":"Lagavulin","floor":6,"turns":11},{"damage":56,"enemies":"Gremlin Nob","floor":8,"turns":4}],"seed_played":"7181624533737995037","potions_obtained":[{"floor":1,"key":"Weak Potion"},{"floor":5,"key":"ColorlessPotion"}],"is_trial":false,"path_per_floor":["M","M","?","M","M","E","R","E"],"character_chosen":"DEFECT","items_purchased":[],"campfire_rested":1,"item_purchase_floors":[],"current_hp_per_floor":[64,64,64,56,54,23,46,0,0],"gold":203,"neow_bonus":"TEN_PERCENT_HP_BONUS","is_daily":false,"chose_seed":false,"campfire_upgraded":0,"win_rate":0.0,"timestamp":1610399474,"path_taken":["M","M","?","?","M","E","R","E"],"items_purchased_type":[],"build_version":"2020-12-22","purchased_purges":0,"victory":false,"max_hp_per_floor":[78,78,78,78,78,78,78,78,78],"relic_stats":{"counters":[6,28],"obtain_stats":[{"Frozen Egg 2":6,"Cracked Core":0},{"Frozen Egg 2":5,"Cracked Core":0},{"Frozen Egg 2":24,"Cracked Core":0}]},"card_choices":[{"not_picked":["Capacitor","Sweeping Beam"],"picked":"Streamline","floor":1},{"not_picked":["Leap","Self Repair"],"picked":"Coolheaded","floor":2},{"not_picked":["Blizzard","Steam"],"picked":"Conserve Battery","floor":4},{"not_picked":["Beam Cell","Buffer"],"picked":"Cold Snap","floor":5},{"not_picked":["Amplify","Recycle","White Noise"],"picked":"SKIP","floor":6}],"player_experience":1670394,"relics_obtained":[{"floor":6,"key":"Frozen Egg 2"}],"event_choices":[{"cards_removed":["Strike_B"],"damage_healed":0,"gold_gain":0,"player_choice":"Purged","damage_taken":0,"max_hp_gain":0,"max_hp_loss":0,"event_name":"Purifier","floor":3,"gold_loss":0}],"is_beta":false,"boss_relics":[],"items_purged_floors":[],"is_endless":false,"potions_floor_spawned":[1,5],"killed_by":"Gremlin Nob","ascension_level":20}}