{"host":"7xbu8gt067z192g2","time":1610345302,"event":{"mods":["BaseMod","Better Note","Colored Map","Colored Powertips","Googly Eyes","Highlight Path","Minty Spire (QoL Compilation)","Rare Cards Sparkle","Replay The Spire","StSLib","The Bladedancer","The Cursed","The Hierophant","The Valiant","The Wild Card"],"gold_per_floor":[115,133,44,44,64,393,393,393,393],"floor_reached":8,"playtime":439,"items_purged":[],"score":62,"play_id":"b04e610a-fbb1-4d4b-8b57-97613f481789","local_time":"20210111010822","is_ascension_mode":true,"campfire_choices":[{"floor":7,"key":"REST"}],"circlet_count":0,"master_deck":["Strike_G","Strike_G","Strike_G","Strike_G","Strike_G","Defend_G","Defend_G","Defend_G","Defend_G","Defend_G","Survivor","Neutralize","Deadly Poison","ReplayTheSpireMod:Scrap Shanks","Acrobatics","Choke","Toxin Wave"],"relics":["Snecko Heart","CaptainsWheel","Old Coin"],"acts_visited":["Exordium"],"potions_floor_usage":[8],"damage_taken":[{"damage":0,"enemies":"2 Louse","floor":1,"turns":3},{"damage":0,"enemies":"Cultist","floor":2,"turns":4},{"damage":4,"enemies":"Jaw Worm","floor":5,"turns":4},{"damage":52,"enemies":"Gremlin Nob","floor":6,"turns":6},{"damage":36,"enemies":"3 Sentries","floor":8,"turns":10}],"seed_played":"-3264322301244725754","potions_obtained":[{"floor":6,"key":"LifebloodPotion"}],"is_trial":false,"path_per_floor":["M","M","$","?","M","E","R","E"],"character_chosen":"THE_SILENT","items_purchased":["ReplayTheSpireMod:Scrap Shanks","Acrobatics"],"campfire_rested":1,"item_purchase_floors":[3,3],"current_hp_per_floor":[70,70,70,70,66,14,35,0,0],"gold":393,"neow_bonus":"BOSS_RELIC","is_daily":false,"chose_seed":false,"campfire_upgraded":0,"win_rate":0.0,"timestamp":1610345302,"path_taken":["M","M","$","?","M","E","R","E"],"items_purchased_type":["Card","Card"],"build_version":"2020-12-22","purchased_purges":0,"victory":false,"max_hp_per_floor":[70,70,70,70,70,70,70,70,70],"card_choices":[{"not_picked":["Cloak And Dagger","Outmaneuver"],"picked":"Deadly Poison","floor":1},{"not_picked":["Dagger Spray","Quick Slash"],"picked":"Riddle With Holes","floor":2},{"not_picked":["Reflex","Well Laid Plans"],"picked":"Choke","floor":5},{"not_picked":["Slice","Fluid Movement"],"picked":"Toxin Wave","floor":6}],"player_experience":184341,"relics_obtained":[{"floor":6,"key":"Old Coin"}],"event_choices":[{"cards_removed":["Riddle With Holes"],"damage_healed":0,"gold_gain":0,"player_choice":"Gave Card","damage_taken":0,"relics_obtained":["CaptainsWheel"],"max_hp_gain":0,"max_hp_loss":0,"event_name":"WeMeetAgain","floor":4,"gold_loss":0}],"is_beta":false,"boss_relics":[],"items_purged_floors":[],"is_endless":false,"potions_floor_spawned":[6],"killed_by":"3 Sentries","ascension_level":2}}