{"host":"fnk117zi8wf5078t","time":1610349606,"event":{"mods":["AchievementEnabler","BaseMod","Colored Map","Minty Spire (QoL Compilation)","Rare Cards Sparkle","SuperFastMode","everything is the same but u backflip on backflip"],"gold_per_floor":[111,111,261,56,68,68,87,112,136,36,111,111,111,123,123,196,196,210,210,109,34,34,34],"floor_reached":22,"playtime":540,"items_purged":["Doubt","Strike_R"],"score":351,"play_id":"347aca22-601e-433b-9cc1-6e1837e82d64","local_time":"20210111162006","is_ascension_mode":true,"campfire_choices":[{"data":"Uppercut","floor":6,"key":"SMITH"},{"data":"Immolate","floor":12,"key":"SMITH"},{"floor":15,"key":"REST"}],"circlet_count":0,"master_deck":["AscendersBane","Bash","Evolve","Body Slam","Inflame+1","Uppercut+1","Blood for Blood","Immolate+1","Feed","Sever Soul","Feed","True Grit","Juggernaut","Rupture","Combust","Panacea"],"relics":["Burning Blood","Whetstone","Bag of Marbles","Anchor","Pandora\u0027s Box"],"acts_visited":["Exordium","TheCity"],"potions_floor_usage":[16,16,18],"damage_taken":[{"damage":10,"enemies":"Small Slimes","floor":1,"turns":3},{"damage":0,"enemies":"2 Louse","floor":5,"turns":2},{"damage":12,"enemies":"Jaw Worm","floor":7,"turns":2},{"damage":26,"enemies":"Gremlin Nob","floor":8,"turns":4},{"damage":0,"enemies":"Exordium Wildlife","floor":14,"turns":2},{"damage":32,"enemies":"Hexaghost","floor":16,"turns":9},{"damage":29,"enemies":"Shell Parasite","floor":18,"turns":4},{"damage":24,"enemies":"3 Byrds","floor":22,"turns":2}],"seed_played":"-6986876376337948899","potions_obtained":[{"floor":5,"key":"Swift Potion"},{"floor":14,"key":"SneckoOil"},{"floor":16,"key":"Regen Potion"},{"floor":18,"key":"DuplicationPotion"}],"is_trial":false,"path_per_floor":["M","?","?","$","M","R","M","E","T","$","?","R","?","M","R","B",null,"M","?","$","?","M"],"character_chosen":"IRONCLAD","items_purchased":["Inflame","Uppercut","Panacea"],"campfire_rested":1,"item_purchase_floors":[4,4,20],"current_hp_per_floor":[64,64,64,64,70,70,64,44,44,44,33,33,10,16,38,12,59,45,24,24,24,0,0],"gold":34,"neow_bonus":"RANDOM_COMMON_RELIC","is_daily":false,"chose_seed":false,"campfire_upgraded":2,"win_rate":0.0,"timestamp":1610349606,"path_taken":["M","?","?","$","M","R","M","E","T","$","?","R","?","M","R","BOSS","M","?","$","?","M"],"items_purchased_type":["Card","Card","Card"],"build_version":"2020-12-22","purchased_purges":2,"victory":false,"max_hp_per_floor":[75,75,75,75,75,75,75,75,75,75,75,75,75,75,75,75,75,75,80,80,80,80,80],"card_choices":[{"not_picked":["True Grit","Heavy Blade"],"picked":"Evolve","floor":1},{"not_picked":["Sentinel","Searing Blow","Perfected Strike"],"picked":"SKIP","floor":5},{"not_picked":["Heavy Blade","Body Slam"],"picked":"Blood for Blood","floor":7},{"not_picked":["Clothesline","Warcry"],"picked":"Immolate","floor":8},{"not_picked":["Anger","Twin Strike","Clothesline"],"picked":"SKIP","floor":14},{"not_picked":["Fiend Fire","Demon Form"],"picked":"Feed","floor":16},{"not_picked":["Sever Soul","Flex","Uppercut"],"picked":"SKIP","floor":18}],"player_experience":368859,"relics_obtained":[{"floor":8,"key":"Bag of Marbles"},{"floor":9,"key":"Anchor"}],"event_choices":[{"damage_healed":0,"gold_gain":0,"cards_transformed":["Strike_R"],"player_choice":"Change","damage_taken":0,"max_hp_gain":0,"max_hp_loss":0,"event_name":"Living Wall","floor":2,"gold_loss":0,"cards_obtained":["Body Slam"]},{"damage_healed":0,"gold_gain":150,"player_choice":"AGREE","damage_taken":0,"max_hp_gain":0,"max_hp_loss":0,"event_name":"Liars Game","floor":3,"gold_loss":0,"cards_obtained":["Doubt"]},{"damage_healed":0,"gold_gain":75,"player_choice":"Gather Gold","damage_taken":11,"max_hp_gain":0,"max_hp_loss":0,"event_name":"World of Goop","floor":11,"gold_loss":0},{"damage_healed":0,"gold_gain":0,"player_choice":"Entered Light","damage_taken":23,"max_hp_gain":0,"max_hp_loss":0,"event_name":"Shining Light","floor":13,"gold_loss":0,"cards_upgraded":["Defend_R","Inflame"]},{"damage_healed":0,"gold_gain":0,"player_choice":"Shed Blood","damage_taken":26,"max_hp_gain":5,"max_hp_loss":0,"event_name":"Forgotten Altar","floor":19,"gold_loss":0},{"cards_removed":["Second Wind"],"damage_healed":0,"gold_gain":0,"player_choice":"Gave Gold","damage_taken":0,"max_hp_gain":0,"max_hp_loss":0,"event_name":"Beggar","floor":21,"gold_loss":75}],"is_beta":false,"boss_relics":[{"not_picked":["Runic Pyramid","Mark of Pain"],"picked":"Pandora\u0027s Box"}],"items_purged_floors":[4,10],"is_endless":false,"potions_floor_spawned":[5,14,16,18],"killed_by":"3 Byrds","ascension_level":19}}