{"host":"yuoancq4cku3x8wq","time":1610376551,"event":{"mods":["AchievementEnabler","BaseMod","Minty Spire (QoL Compilation)","Quick Restart","StSLib","SuperFastMode"],"gold_per_floor":[116,116,126,142,122,156,156,171,171,171,321,25,25,25,25,96,96,113,38,38,52,63,63,95,95,118,118,136,153,169,203,203,282,282,292,317,317,49,49,78,78,93,117,163,175,200,229,256,268,280,292],"floor_reached":52,"playtime":2036,"items_purged":["Strike_R","Strike_R"],"score":2075,"play_id":"01e972f5-0e5c-48db-a8e8-fbc129a4df58","local_time":"20210111224911","is_ascension_mode":true,"campfire_choices":[{"data":"Whirlwind","floor":7.0,"key":"SMITH"},{"data":"Pommel Strike","floor":10.0,"key":"SMITH"},{"floor":15.0,"key":"DIG"},{"floor":23.0,"key":"DIG"},{"data":"Offering","floor":25.0,"key":"SMITH"},{"floor":27.0,"key":"DIG"},{"data":"Second Wind","floor":32.0,"key":"SMITH"},{"data":"Power Through","floor":41.0,"key":"SMITH"},{"floor":45.0,"key":"DIG"},{"floor":49.0,"key":"DIG"}],"circlet_count":0,"master_deck":["AscendersBane","Defend_R","Defend_R","Defend_R","Defend_R","Bash","Feed","Whirlwind+1","Pommel Strike+1","Second Wind+1","Power Through+1","Shockwave","Doubt","Offering+1","Disarm","Impervious","Barricade","Impervious","Offering","Offering+1","Rupture","Juggernaut","Bloodletting"],"relics":["Burning Blood","Mummified Hand","Ice Cream","Shovel","Blue Candle","Philosopher\u0027s Stone","Ancient Tea Set","StoneCalendar","Red Skull","Potion Belt","Runic Cube","TungstenRod","DollysMirror","Blood Vial","MawBank","White Beast Statue","Turnip","Bag of Preparation"],"acts_visited":["Exordium","TheCity","TheBeyond"],"potions_floor_usage":[50],"damage_taken":[{"damage":16.0,"enemies":"Jaw Worm","floor":1.0,"turns":4.0},{"damage":2.0,"enemies":"2 Louse","floor":3.0,"turns":5.0},{"damage":13.0,"enemies":"Cultist","floor":4.0,"turns":5.0},{"damage":35.0,"enemies":"3 Sentries","floor":6.0,"turns":8.0},{"damage":6.0,"enemies":"Looter","floor":8.0,"turns":3.0},{"damage":31.0,"enemies":"Slime Boss","floor":16.0,"turns":9.0},{"damage":16.0,"enemies":"Chosen","floor":18.0,"turns":3.0},{"damage":8.0,"enemies":"Shell Parasite","floor":21.0,"turns":3.0},{"damage":17.0,"enemies":"Centurion and Healer","floor":22.0,"turns":3.0},{"damage":23.0,"enemies":"Gremlin Leader","floor":24.0,"turns":5.0},{"damage":0.0,"enemies":"Snecko","floor":28.0,"turns":2.0},{"damage":6.0,"enemies":"Snake Plant","floor":29.0,"turns":5.0},{"damage":6.0,"enemies":"3 Cultists","floor":30.0,"turns":2.0},{"damage":15.0,"enemies":"Book of Stabbing","floor":31.0,"turns":5.0},{"damage":6.0,"enemies":"Champ","floor":33.0,"turns":13.0},{"damage":14.0,"enemies":"3 Darklings","floor":35.0,"turns":4.0},{"damage":15.0,"enemies":"Mind Bloom Boss Battle","floor":36.0,"turns":9.0},{"damage":15.0,"enemies":"Reptomancer","floor":40.0,"turns":6.0},{"damage":5.0,"enemies":"Orb Walker","floor":42.0,"turns":4.0},{"damage":15.0,"enemies":"Nemesis","floor":44.0,"turns":7.0},{"damage":11.0,"enemies":"Sphere and 2 Shapes","floor":46.0,"turns":5.0},{"damage":10.0,"enemies":"Spire Growth","floor":47.0,"turns":4.0},{"damage":5.0,"enemies":"3 Darklings","floor":48.0,"turns":2.0},{"damage":21,"enemies":"Donu and Deca","floor":50,"turns":10},{"damage":35,"enemies":"Time Eater","floor":51,"turns":9}],"seed_played":"-8500677157063754605","potions_obtained":[{"floor":4.0,"key":"Energy Potion"},{"floor":5.0,"key":"ElixirPotion"},{"floor":16.0,"key":"Swift Potion"},{"floor":22.0,"key":"Strength Potion"},{"floor":30.0,"key":"SteroidPotion"},{"floor":31.0,"key":"SkillPotion"},{"floor":35.0,"key":"SkillPotion"},{"floor":44.0,"key":"Swift Potion"},{"floor":48.0,"key":"ElixirPotion"}],"is_trial":false,"path_per_floor":["M","?","M","M","?","E","R","M","T","R","?","$","?","?","R","B",null,"M","?","?","M","M","R","E","R","T","R","M","M","M","E","R","B",null,"M","?","?","$","$","E","R","M","T","E","R","M","M","M","R","B","B",null],"character_chosen":"IRONCLAD","items_purchased":["Offering","SteroidPotion","DollysMirror"],"campfire_rested":0,"item_purchase_floors":[12,12,38],"current_hp_per_floor":[61,56,63,59,59,33,33,33,33,33,33,33,38,38,38,16,75,65,65,65,63,55,55,38,38,38,38,44,47,47,41,41,41,88,80,71,71,71,71,62,62,65,65,58,58,58,56,59,59,46,19],"gold":304,"neow_bonus":"ONE_RANDOM_RARE_CARD","is_daily":false,"chose_seed":false,"campfire_upgraded":5,"win_rate":0.0,"timestamp":1610376551,"path_taken":["M","?","M","M","?","E","R","?","T","R","?","$","?","?","R","BOSS","M","?","?","?","M","R","E","R","T","R","M","M","M","E","R","BOSS","M","?","?","?","$","E","R","M","T","E","R","M","M","M","R","BOSS","BOSS"],"items_purchased_type":["Card","Potion","Relic"],"build_version":"2020-12-22","purchased_purges":2,"victory":true,"max_hp_per_floor":[78,78,81,84,84,87,87,87,87,87,87,87,92,92,92,95,95,95,95,95,95,98,98,98,98,98,98,98,101,101,104,104,104,104,104,104,104,104,104,104,104,104,104,104,104,107,107,107,107,107,107],"card_choices":[{"not_picked":["Shrug It Off","Sword Boomerang"],"picked":"Whirlwind","floor":1.0},{"not_picked":["Clothesline","Shrug It Off"],"picked":"Pommel Strike","floor":3.0},{"not_picked":["Reckless Charge","Body Slam"],"picked":"Second Wind","floor":4.0},{"not_picked":["Twin Strike","Warcry"],"picked":"Power Through","floor":6.0},{"not_picked":["Whirlwind","Flex"],"picked":"Shockwave","floor":8.0},{"not_picked":["Clash","True Grit"],"picked":"Disarm","floor":18.0},{"not_picked":["Entrench","Whirlwind","Clothesline"],"picked":"SKIP","floor":21.0},{"not_picked":["Clash+1","Power Through","Anger+1"],"picked":"SKIP","floor":22.0},{"not_picked":["Anger","Thunderclap"],"picked":"Impervious","floor":24.0},{"not_picked":["Twin Strike","Flex","Warcry+1"],"picked":"SKIP","floor":28.0},{"not_picked":["Pommel Strike","Clash","Ghostly Armor+1"],"picked":"SKIP","floor":29.0},{"not_picked":["Thunderclap","Combust"],"picked":"Barricade","floor":30.0},{"not_picked":["Heavy Blade","Headbutt","Anger"],"picked":"SKIP","floor":31.0},{"not_picked":["Double Tap","Brutality"],"picked":"Impervious","floor":33.0},{"not_picked":["Sword Boomerang","Twin Strike+1","Clash+1"],"picked":"SKIP","floor":35.0},{"not_picked":["Pommel Strike+1","Iron Wave"],"picked":"Offering","floor":36.0},{"not_picked":["Bludgeon","Corruption","Armaments"],"picked":"SKIP","floor":40.0},{"not_picked":["Burning Pact","Hemokinesis"],"picked":"Rupture","floor":42.0},{"not_picked":["Twin Strike","Flex","Juggernaut"],"picked":"SKIP","floor":44.0},{"not_picked":["Twin Strike","Flex"],"picked":"Juggernaut","floor":44.0},{"not_picked":["Havoc","True Grit+1"],"picked":"Bloodletting","floor":46.0},{"not_picked":["Havoc","Clash","Sword Boomerang"],"picked":"SKIP","floor":47.0},{"not_picked":["Wild Strike","Thunderclap","Cleave"],"picked":"SKIP","floor":48.0}],"player_experience":265745,"relics_obtained":[{"floor":6.0,"key":"Ice Cream"},{"floor":9.0,"key":"Shovel"},{"floor":15.0,"key":"Blue Candle"},{"floor":23.0,"key":"Ancient Tea Set"},{"floor":24.0,"key":"StoneCalendar"},{"floor":27.0,"key":"Red Skull"},{"floor":31.0,"key":"Potion Belt"},{"floor":36.0,"key":"TungstenRod"},{"floor":40.0,"key":"Blood Vial"},{"floor":43.0,"key":"MawBank"},{"floor":44.0,"key":"White Beast Statue"},{"floor":45.0,"key":"Turnip"},{"floor":49.0,"key":"Bag of Preparation"}],"event_choices":[{"damage_healed":0.0,"max_hp_gain":0.0,"max_hp_loss":0.0,"gold_gain":0.0,"event_name":"Scrap Ooze","player_choice":"Success","floor":2.0,"gold_loss":0.0,"damage_taken":5.0,"relics_obtained":["Mummified Hand"]},{"damage_healed":0.0,"max_hp_gain":0.0,"max_hp_loss":0.0,"gold_gain":0.0,"event_name":"The Woman in Blue","player_choice":"Bought 1 Potion","floor":5.0,"gold_loss":0.0,"damage_taken":0.0},{"damage_healed":0.0,"max_hp_gain":0.0,"max_hp_loss":0.0,"gold_gain":150.0,"event_name":"Liars Game","player_choice":"AGREE","floor":11.0,"gold_loss":0.0,"damage_taken":0.0,"cards_obtained":["Doubt"]},{"damage_healed":0.0,"max_hp_gain":5.0,"max_hp_loss":0.0,"gold_gain":0.0,"event_name":"Big Fish","player_choice":"Donut","floor":13.0,"gold_loss":0.0,"damage_taken":0.0},{"damage_healed":0.0,"max_hp_gain":0.0,"max_hp_loss":0.0,"gold_gain":0.0,"event_name":"Shining Light","player_choice":"Ignored","floor":14.0,"gold_loss":0.0,"damage_taken":0.0},{"cards_removed":["Strike_R"],"damage_healed":0.0,"max_hp_gain":0.0,"max_hp_loss":0.0,"gold_gain":0.0,"event_name":"Beggar","player_choice":"Gave Gold","floor":19.0,"gold_loss":75.0,"damage_taken":0.0},{"cards_removed":["Strike_R"],"damage_healed":0.0,"max_hp_gain":0.0,"max_hp_loss":0.0,"gold_gain":0.0,"event_name":"Purifier","player_choice":"Purged","floor":20.0,"gold_loss":0.0,"damage_taken":0.0},{"damage_healed":0.0,"max_hp_gain":0.0,"max_hp_loss":0.0,"gold_gain":0.0,"event_name":"MindBloom","player_choice":"Fight","floor":36.0,"gold_loss":0.0,"damage_taken":0.0},{"cards_removed":["Strike_R"],"damage_healed":0.0,"max_hp_gain":0.0,"max_hp_loss":0.0,"gold_gain":0.0,"event_name":"Falling","player_choice":"Removed Attack","floor":37.0,"gold_loss":0.0,"damage_taken":0.0}],"is_beta":false,"boss_relics":[{"not_picked":["SacredBark","Snecko Eye"],"picked":"Philosopher\u0027s Stone"},{"not_picked":["Sozu","Busted Crown"],"picked":"Runic Cube"}],"items_purged_floors":[12,38],"is_endless":false,"potions_floor_spawned":[4,16,22,30,31,35,44,46,47,48],"ascension_level":20}}