{"host":"dk10vuzdqf3wivcv","time":1610383892,"event":{"mods":["Aspiration","Astrologer","BaseMod","Colored Map","Conspire","Downfall","Friendly Minions","Hermit","Hubris","Minty Spire (QoL Compilation)","Replay The Spire","StSLib","SuperFastMode","Td1madao Mod","The Animator","The Gatherer","The Jungle","The Marked","The Servant 0.9.4"],"gold_per_floor":[99,119,137,137,150,75,75,75,60,92,108,133,133,133,147,147,147,147],"floor_reached":16,"playtime":573,"items_purged":[],"score":110,"play_id":"76f6ef9d-18ea-4e4f-bf04-84ac2555fda4","local_time":"20210111175132","is_ascension_mode":false,"campfire_choices":[{"floor":1,"key":"RECALL"},{"data":"Guardian:PiercingHide","floor":6,"key":"SMITH"},{"data":"Guardian:CurlUp","floor":8,"key":"SMITH"}],"circlet_count":0,"master_deck":["Guardian:Strike_Guardian","Guardian:Strike_Guardian","Guardian:Strike_Guardian","Guardian:Strike_Guardian","Guardian:Defend_Guardian","Guardian:Defend_Guardian","Guardian:Defend_Guardian","Guardian:Defend_Guardian","Guardian:CurlUp+1","Guardian:TwinSlam","Guardian:PiercingHide+1","Guardian:RollAttack","Guardian:RevengeProtocol","Guardian:DecasProtection","Guardian:Gem_Green","Guardian:Gem_Blue","Guardian:Gem_Crimson","Guardian:Gem_Synthetic","Guardian:RevengeProtocol"],"relics":["Guardian:ModeShifter","downfall:HeartBlessingRed","Oddly Smooth Stone","Mummified Hand","ReplayTheSpireMod:Ninjato","Guardian:PickAxe","Ring of Hypnosis","Ring of Misfortune"],"acts_visited":["Exordium"],"potions_floor_usage":[16],"damage_taken":[{"damage":0,"enemies":"Jaw Worm","floor":2,"turns":4},{"damage":0,"enemies":"Cultist","floor":3,"turns":3},{"damage":1,"enemies":"2 Louse","floor":5,"turns":3},{"damage":0,"enemies":"downfall:FleeingMerchant","floor":9,"turns":4},{"damage":4,"enemies":"3 Sentries","floor":10,"turns":7},{"damage":0,"enemies":"Exordium Thugs","floor":11,"turns":3},{"damage":26,"enemies":"Lagavulin","floor":12,"turns":7},{"damage":0,"enemies":"Lagavulin","floor":13,"turns":2},{"damage":1,"enemies":"Exordium Wildlife","floor":15,"turns":4},{"damage":176,"enemies":"downfall:Defect","floor":16,"turns":5}],"seed_played":"8528245707675986441","potions_obtained":[{"floor":3,"key":"SteroidPotion"},{"floor":10,"key":"sneckomod:MuddlingPotion"},{"floor":12,"key":"Slimebound:ThreeZeroPotion"}],"is_trial":false,"path_per_floor":["R_BF","M","M","?","M","R","T","R","$","E","M","E","?","?","M","B"],"character_chosen":"GUARDIAN","items_purchased":[],"campfire_rested":0,"item_purchase_floors":[],"current_hp_per_floor":[88,88,88,88,87,87,87,87,87,83,83,57,57,57,56,0,0,0],"gold":147,"neow_bonus":"TEN_PERCENT_HP_BONUS","is_daily":false,"chose_seed":false,"campfire_upgraded":2,"win_rate":0.0,"timestamp":1610383892,"path_taken":["R_BF","M","M","?","M","R","T","R","$","E","?","E","?","?","M","BOSS"],"items_purchased_type":[],"build_version":"2020-12-22","purchased_purges":0,"victory":false,"max_hp_per_floor":[88,88,88,88,88,88,88,88,88,88,88,88,88,88,88,88,88,88],"card_choices":[{"not_picked":["Guardian:Recover","Guardian:PrismaticBeam"],"picked":"Guardian:Gem_Cyan","floor":2},{"not_picked":["Guardian:TemporalStrike","Guardian:SentryBeam","Guardian:Planning"],"picked":"SKIP","floor":3},{"not_picked":["Guardian:RefractedBeam","Guardian:Reroute"],"picked":"Guardian:PiercingHide","floor":5},{"not_picked":["Guardian:Gem_Crimson","Guardian:Reroute"],"picked":"Guardian:RollAttack","floor":9},{"not_picked":["Guardian:FloatingOrbs","Guardian:TimeCapacitor"],"picked":"Guardian:RevengeProtocol","floor":10},{"not_picked":["Guardian:Gem_Lightblue","Guardian:Planning"],"picked":"Guardian:DecasProtection","floor":11},{"not_picked":["Guardian:ShieldCharger","Guardian:Gem_Cyan"],"picked":"Guardian:Gem_Green","floor":12},{"not_picked":["Guardian:RollAttack","Guardian:Gem_Green"],"picked":"Guardian:RevengeProtocol","floor":15}],"player_experience":166547,"relics_obtained":[{"floor":7,"key":"Oddly Smooth Stone"},{"floor":10,"key":"Mummified Hand"},{"floor":12,"key":"ReplayTheSpireMod:Ninjato"},{"floor":14,"key":"Ring of Hypnosis"},{"floor":14,"key":"Ring of Misfortune"}],"event_choices":[],"is_beta":false,"boss_relics":[],"items_purged_floors":[],"is_endless":false,"potions_floor_spawned":[3,10,12],"killed_by":"downfall:Defect","ascension_level":0}}