{"host":"63rwe7p34ct1i0qu","time":1610325819,"event":{"mods":["BaseMod","Colored Map","DeckTracker","Minty Spire (QoL Compilation)","Permanent Neow","Quick Restart","StSLib"],"gold_per_floor":[113,113,188,208,208,208,208,221,245,280,300,320,343,364,364,364,364],"floor_reached":16,"playtime":503,"items_purged":[],"score":166,"play_id":"dcb83e45-613a-46aa-b9ad-8f4c80a0895f","local_time":"20210111094339","is_ascension_mode":true,"campfire_choices":[{"data":"Glacier","floor":15,"key":"SMITH"}],"circlet_count":0,"master_deck":["AscendersBane","Strike_B","Strike_B","Strike_B","Strike_B","Defend_B","Defend_B","Defend_B","Defend_B","Zap","Dualcast","White Noise","Glacier+1","Hologram","Buffer","Genetic Algorithm","Go for the Eyes"],"relics":["Cracked Core","Unceasing Top","Golden Idol","Akabeko","The Courier"],"acts_visited":["Exordium"],"potions_floor_usage":[10,16],"damage_taken":[{"damage":4,"enemies":"2 Louse","floor":1,"turns":2},{"damage":2,"enemies":"Jaw Worm","floor":4,"turns":3},{"damage":0,"enemies":"Cultist","floor":8,"turns":4},{"damage":12,"enemies":"3 Sentries","floor":10,"turns":5},{"damage":2,"enemies":"Looter","floor":11,"turns":4},{"damage":3,"enemies":"Exordium Thugs","floor":12,"turns":5},{"damage":4,"enemies":"Blue Slaver","floor":13,"turns":4},{"damage":5,"enemies":"Looter","floor":14,"turns":5},{"damage":0,"enemies":"The Guardian","floor":16,"turns":2}],"seed_played":"8440301902863911171","potions_obtained":[{"floor":1,"key":"FocusPotion"},{"floor":10,"key":"DuplicationPotion"},{"floor":13,"key":"SpeedPotion"}],"is_trial":false,"path_per_floor":["M","$","?","M","?","?","$","M","T","E","M","M","M","M","R","B"],"character_chosen":"DEFECT","items_purchased":[],"campfire_rested":0,"item_purchase_floors":[],"current_hp_per_floor":[64,64,53,51,56,56,56,56,56,44,42,39,35,30,30,30,30],"gold":364,"neow_bonus":"ONE_RARE_RELIC","is_daily":false,"chose_seed":false,"campfire_upgraded":1,"win_rate":0.0,"timestamp":1610325819,"path_taken":["M","$","?","M","?","?","?","M","T","E","?","M","M","M","R","BOSS"],"items_purchased_type":[],"build_version":"2020-12-22","purchased_purges":0,"victory":false,"max_hp_per_floor":[68,68,68,68,73,68,68,68,68,68,68,68,68,68,68,68,68],"card_choices":[{"not_picked":["Undo","Chaos"],"picked":"White Noise","floor":1},{"not_picked":["Redo","Double Energy"],"picked":"Glacier","floor":4},{"not_picked":["Heatsinks","Coolheaded"],"picked":"Hologram","floor":8},{"not_picked":["Conserve Battery","Hologram"],"picked":"Buffer","floor":10},{"not_picked":["Turbo","Stack","Auto Shields"],"picked":"SKIP","floor":11},{"not_picked":["Turbo","Stack","Auto Shields"],"picked":"SKIP","floor":11},{"not_picked":["FTL","Cold Snap"],"picked":"Genetic Algorithm","floor":12},{"not_picked":["Sweeping Beam","Rip and Tear","Auto Shields"],"picked":"SKIP","floor":13},{"not_picked":["Compile Driver","Rebound"],"picked":"Go for the Eyes","floor":14}],"player_experience":837261,"relics_obtained":[{"floor":9,"key":"Akabeko"},{"floor":10,"key":"The Courier"}],"event_choices":[{"damage_healed":0,"gold_gain":75,"player_choice":"Gather Gold","damage_taken":11,"max_hp_gain":0,"max_hp_loss":0,"event_name":"World of Goop","floor":3,"gold_loss":0},{"damage_healed":0,"gold_gain":0,"player_choice":"Donut","damage_taken":0,"max_hp_gain":5,"max_hp_loss":0,"event_name":"Big Fish","floor":5,"gold_loss":0},{"damage_healed":0,"gold_gain":0,"player_choice":"Lose Max HP","damage_taken":0,"relics_obtained":["Golden Idol"],"max_hp_gain":0,"max_hp_loss":5,"event_name":"Golden Idol","floor":6,"gold_loss":0}],"is_beta":false,"boss_relics":[],"items_purged_floors":[],"is_endless":false,"potions_floor_spawned":[1,10,13],"killed_by":"The Guardian","ascension_level":12}}