{"host":"3zhcrllo23fhqv4x","time":1610403425,"event":{"mods":["AchievementEnabler","BaseMod","Downfall","Hermit","Jorbs\u0027s Wanderer Trilogy","Marisa????????","Minty Spire (QoL Compilation)","Remilia??????","StSLib","The Cursed","The Disciple","The Hierophant","The Runesmith","The Servant 0.9.4"],"gold_per_floor":[99,110,110,120,136,152,152,166,16,1,1,11,37,37,56,154,154,154,172,172,183,22,22,48,48,198,211,228,240,273,273,273,273,273],"floor_reached":32,"playtime":1507,"items_purged":[],"score":264,"play_id":"1e3bb981-fa0d-4a9a-bfd2-f57230d16f1c","local_time":"20210111171705","is_ascension_mode":false,"campfire_choices":[{"floor":1.0,"key":"RECALL"},{"data":"Slimebound:LevelUp","floor":9.0,"key":"SMITH"},{"data":"Slimebound:SplitSpecialist","floor":18.0,"key":"SMITH"},{"floor":23.0,"key":"REST"}],"circlet_count":0,"master_deck":["Slimebound:Strike_Slimebound+1","Slimebound:Strike_Slimebound+1","Slimebound:Tackle","Slimebound:Defend_Slimebound+1","Slimebound:Defend_Slimebound+1","Slimebound:Defend_Slimebound+1","Slimebound:Defend_Slimebound+1","Slimebound:Split","Slimebound:CorrosiveSpit","Slimebound:LevelUp+1","Slimebound:SplitLeeching","Slimebound:Schlurp","Slimebound:Repurpose","Slimebound:SlimeSpikes","Slimebound:SplitMire","Slimebound:SplitSpecialist+1","Slimebound:Equalize","Slimebound:SpikyOuterGoop","Slimebound:AcidTongue","Slimebound:MassRepurpose","Slimebound:Schlurp+1","Slimebound:SplitLeeching","Slimebound:GrowthPunch","RitualDagger+1","Slimebound:MassFeed","Slimebound:LeechingTouch","Slimebound:SplitMire+1","Slimebound:SplitAcid"],"relics":["Slimebound:AbsorbEndCombat","downfall:HeartBlessingRed","downfall:HeartBlessingBlue","GremlinMask","Turnip","downfall:ShatteredFragment","Black Star","Boot","Lantern","downfall:RedIOU"],"acts_visited":["Exordium","TheCity"],"potions_floor_usage":[],"damage_taken":[{"damage":4.0,"enemies":"2 Louse","floor":2.0,"turns":3.0},{"damage":8.0,"enemies":"Cultist","floor":4.0,"turns":4.0},{"damage":9.0,"enemies":"Small Slimes","floor":5.0,"turns":4.0},{"damage":14.0,"enemies":"3 Louse","floor":6.0,"turns":3.0},{"damage":13.0,"enemies":"Blue Slaver","floor":8.0,"turns":4.0},{"damage":8.0,"enemies":"downfall:FleeingMerchant","floor":10.0,"turns":4.0},{"damage":30.0,"enemies":"Lots of Slimes","floor":12.0,"turns":4.0},{"damage":32.0,"enemies":"Lagavulin","floor":13.0,"turns":5.0},{"damage":14.0,"enemies":"2 Fungi Beasts","floor":15.0,"turns":4.0},{"damage":24.0,"enemies":"downfall:Defect","floor":16.0,"turns":4.0},{"damage":19.0,"enemies":"Spheric Guardian","floor":19.0,"turns":5.0},{"damage":34.0,"enemies":"Chosen and Byrds","floor":21.0,"turns":5.0},{"damage":30.0,"enemies":"downfall:FleeingMerchant","floor":22.0,"turns":4.0},{"damage":23.0,"enemies":"Snake Plant","floor":27.0,"turns":3.0},{"damage":51.0,"enemies":"Cultist and Chosen","floor":28.0,"turns":6.0},{"damage":22.0,"enemies":"Snecko","floor":29.0,"turns":5.0},{"damage":53.0,"enemies":"Slavers","floor":30.0,"turns":5.0},{"damage":34,"enemies":"Centurion and Healer","floor":32,"turns":4}],"seed_played":"4549891652893352728","potions_obtained":[{"floor":2.0,"key":"Fire Potion"},{"floor":3.0,"key":"Slimebound:SpawnSlimePotion"},{"floor":3.0,"key":"champ:CounterPotion"},{"floor":3.0,"key":"CultistPotion"},{"floor":16.0,"key":"Ancient Potion"},{"floor":25.0,"key":"CultistPotion"},{"floor":27.0,"key":"Energy Potion"},{"floor":28.0,"key":"Slimebound:SpawnSlimePotion"},{"floor":30.0,"key":"FearPotion"}],"is_trial":false,"path_per_floor":["R","M","?","M","M","M","T","M","R","$","?","M","E","?","M","B",null,"R","M","?","M","$","R","T","?","?","M","M","M","E","?","M"],"character_chosen":"SLIMEBOUND","items_purchased":["Bag of Preparation"],"campfire_rested":1,"item_purchase_floors":[22],"current_hp_per_floor":[60,60,60,60,60,58,58,59,69,70,70,58,46,28,30,30,70,70,70,70,54,52,70,70,70,70,61,41,41,20,20,0,0,0],"gold":273,"neow_bonus":"TRANSFORM_CARD","is_daily":false,"chose_seed":false,"campfire_upgraded":2,"win_rate":0.0,"timestamp":1610403425,"path_taken":["R","M","?","M","?","M","T","M","R","$","?","?","E","?","M","BOSS","R","M","?","M","$","R","T","?","?","?","M","M","E","?","M"],"items_purchased_type":["Relic"],"build_version":"2020-12-22","purchased_purges":0,"victory":false,"max_hp_per_floor":[60,60,60,60,60,60,60,60,70,70,70,70,70,70,70,70,70,70,70,70,70,70,70,70,70,70,70,70,70,70,70,70,70,70],"card_choices":[{"not_picked":["Slimebound:RejuvenatingLick","Slimebound:SamplingLick"],"picked":"Slimebound:SplitLeeching","floor":2.0},{"not_picked":["Slimebound:HauntingLick","Slimebound:PressTheAttack"],"picked":"Slimebound:Schlurp","floor":4.0},{"not_picked":["Slimebound:RainOfGoop","Slimebound:ComboTackle"],"picked":"Slimebound:Repurpose","floor":5.0},{"not_picked":["Slimebound:Prepare","Slimebound:DivideAndConquer"],"picked":"Slimebound:SlimeSpikes","floor":6.0},{"not_picked":["Slimebound:LeechEnergy","Slimebound:TagTeam"],"picked":"Slimebound:SplitMire","floor":8.0},{"not_picked":["Slimebound:Replication","Slimebound:OneTwoCombo"],"picked":"Slimebound:SplitSpecialist","floor":10.0},{"not_picked":["Slimebound:FinishingTackle","Slimebound:SamplingLick"],"picked":"Slimebound:Equalize","floor":12.0},{"not_picked":["Slimebound:SlimeSpikes","Slimebound:GoopSpray"],"picked":"Slimebound:SpikyOuterGoop","floor":13.0},{"not_picked":["Slimebound:Schlurp","Slimebound:ServeAndProtect"],"picked":"Slimebound:AcidTongue","floor":15.0},{"not_picked":["Slimebound:SlimeSlap","Slimebound:OneTwoCombo"],"picked":"Slimebound:MassRepurpose","floor":16.0},{"not_picked":["Slimebound:FinishingTackle","Slimebound:GoopTackle"],"picked":"Slimebound:Schlurp+1","floor":19.0},{"not_picked":["Slimebound:LeechingTouch","Slimebound:ItLooksTasty"],"picked":"Slimebound:SplitLeeching","floor":21.0},{"not_picked":["Slimebound:Schlurp","Slimebound:SplitLeeching"],"picked":"Slimebound:GrowthPunch","floor":22.0},{"not_picked":["Slimebound:RollThrough","Slimebound:ServeAndProtect"],"picked":"Slimebound:MassFeed","floor":27.0},{"not_picked":["Slimebound:GoopSpray","Slimebound:ComboTackle"],"picked":"Slimebound:LeechingTouch","floor":28.0},{"not_picked":["Slimebound:GrowthPunch","Slimebound:SlimeSpikes"],"picked":"Slimebound:SplitMire+1","floor":29.0},{"not_picked":["Slimebound:GoopSpray","Slimebound:SplitMire"],"picked":"Slimebound:SplitAcid","floor":30.0}],"player_experience":291542,"relics_obtained":[{"floor":13.0,"key":"Turnip"},{"floor":24.0,"key":"Boot"},{"floor":30.0,"key":"MealTicket"},{"floor":30.0,"key":"Lantern"}],"event_choices":[{"damage_healed":0.0,"max_hp_gain":0.0,"max_hp_loss":0.0,"gold_gain":0.0,"event_name":"Lab","player_choice":"Got Potions","floor":3.0,"gold_loss":0.0,"damage_taken":0.0},{"damage_healed":0.0,"max_hp_gain":0.0,"max_hp_loss":0.0,"gold_gain":0.0,"event_name":"FaceTrader","player_choice":"Trade","floor":11.0,"gold_loss":0.0,"damage_taken":0.0,"relics_obtained":["GremlinMask"]},{"damage_healed":0.0,"max_hp_gain":0.0,"max_hp_loss":0.0,"gold_gain":0.0,"event_name":"Back to Basics","player_choice":"Simplicity","floor":20.0,"gold_loss":0.0,"damage_taken":0.0,"cards_upgraded":["Slimebound:Strike_Slimebound","Slimebound:Strike_Slimebound","Slimebound:Defend_Slimebound","Slimebound:Defend_Slimebound","Slimebound:Defend_Slimebound","Slimebound:Defend_Slimebound"]}],"is_beta":false,"boss_relics":[{"not_picked":["SlaversCollar","Philosopher\u0027s Stone"],"picked":"Black Star"}],"items_purged_floors":[],"is_endless":false,"potions_floor_spawned":[2,5,6,15,16,27,28,30],"killed_by":"Centurion and Healer","ascension_level":0}}