{"host":"6swbl1yqdi8v28pk","time":1610329624,"event":{"mods":["AchievementEnabler","BaseMod","Colored Map","Minty Spire (QoL Compilation)","Quick Restart"],"gold_per_floor":[113,113,113,113,7,7,20,55,55,79,28,53,33,52,52,52,52],"floor_reached":16,"playtime":455,"items_purged":[],"score":95,"play_id":"42ffa98c-7123-438f-86ce-d2b81fc7473a","local_time":"20210110194704","is_ascension_mode":true,"campfire_choices":[{"floor":6,"key":"REST"},{"floor":15,"key":"REST"}],"circlet_count":0,"master_deck":["Strike_G","Strike_G","Strike_G","Strike_G","Strike_G","Defend_G","Defend_G","Defend_G","Defend_G","Defend_G","Survivor","Neutralize","Corpse Explosion","Prepared","Cloak And Dagger","Poisoned Stab","Deadly Poison","Escape Plan","Slice","Outmaneuver","Acrobatics","Bouncing Flask"],"relics":["Ring of the Snake","Golden Idol","Odd Mushroom","Question Card"],"acts_visited":["Exordium"],"potions_floor_usage":[14,16,16,16],"damage_taken":[{"damage":9,"enemies":"Jaw Worm","floor":1,"turns":4},{"damage":12,"enemies":"Small Slimes","floor":7,"turns":4},{"damage":35,"enemies":"The Mushroom Lair","floor":8,"turns":7},{"damage":0,"enemies":"2 Louse","floor":10,"turns":3},{"damage":9,"enemies":"2 Fungi Beasts","floor":12,"turns":4},{"damage":0,"enemies":"Red Slaver","floor":14,"turns":4},{"damage":21,"enemies":"Slime Boss","floor":16,"turns":4}],"seed_played":"-4737209914696159608","potions_obtained":[{"floor":1,"key":"FearPotion"},{"floor":12,"key":"SpeedPotion"},{"floor":13,"key":"Explosive Potion"},{"floor":14,"key":"ColorlessPotion"}],"is_trial":false,"path_per_floor":["M","?","?","?","$","R","M","?","T","M","$","M","?","M","R","B"],"character_chosen":"THE_SILENT","items_purchased":["Cloak And Dagger","Poisoned Stab","Outmaneuver"],"campfire_rested":2,"item_purchase_floors":[5,5,11],"current_hp_per_floor":[54,39,39,39,39,57,45,10,10,10,10,1,1,1,19,0,0],"gold":52,"neow_bonus":"THREE_RARE_CARDS","is_daily":false,"chose_seed":false,"campfire_upgraded":0,"win_rate":0.0,"timestamp":1610329624,"path_taken":["M","?","?","?","$","R","M","?","T","M","?","M","?","?","R","BOSS"],"items_purchased_type":["Card","Card","Card"],"build_version":"2020-12-22","purchased_purges":0,"victory":false,"max_hp_per_floor":[63,63,63,63,63,63,63,63,63,63,63,63,63,63,63,63,63],"card_choices":[{"not_picked":["Tools of the Trade","Wraith Form v2"],"picked":"Corpse Explosion","floor":0},{"not_picked":["Riddle With Holes","Underhanded Strike"],"picked":"Prepared","floor":1},{"not_picked":["Expertise","Caltrops"],"picked":"Deadly Poison","floor":7},{"not_picked":["Accuracy","Flechettes"],"picked":"Escape Plan","floor":8},{"not_picked":["Quick Slash","All Out Attack","Flechettes"],"picked":"Slice","floor":10},{"not_picked":["Prepared","Blade Dance","Footwork"],"picked":"Acrobatics","floor":12},{"not_picked":["Sucker Punch","Predator","Adrenaline"],"picked":"Bouncing Flask","floor":14}],"player_experience":101877,"relics_obtained":[{"floor":8,"key":"Odd Mushroom"},{"floor":9,"key":"Question Card"}],"event_choices":[{"damage_healed":0,"gold_gain":0,"player_choice":"Take Damage","damage_taken":15,"relics_obtained":["Golden Idol"],"max_hp_gain":0,"max_hp_loss":0,"event_name":"Golden Idol","floor":2,"gold_loss":0},{"damage_healed":0,"gold_gain":0,"player_choice":"Ignored","damage_taken":0,"max_hp_gain":0,"max_hp_loss":0,"event_name":"Shining Light","floor":3,"gold_loss":0},{"damage_healed":0,"gold_gain":0,"player_choice":"Ignored","damage_taken":0,"max_hp_gain":0,"max_hp_loss":0,"event_name":"Golden Wing","floor":4,"gold_loss":0},{"damage_healed":0,"gold_gain":0,"player_choice":"Fought Mushrooms","damage_taken":0,"max_hp_gain":0,"max_hp_loss":0,"event_name":"Mushrooms","floor":8,"gold_loss":0},{"damage_healed":0,"gold_gain":0,"player_choice":"Bought 1 Potion","damage_taken":0,"max_hp_gain":0,"max_hp_loss":0,"event_name":"The Woman in Blue","floor":13,"gold_loss":0}],"is_beta":false,"boss_relics":[],"items_purged_floors":[],"is_endless":false,"potions_floor_spawned":[1,12,14],"killed_by":"Slime Boss","ascension_level":1}}