{"host":"2htowdb5wria0zm7","time":1610395633,"event":{"mods":["BaseMod","Better Third Choice","BetterRewards","Googly Eyes","Hyrulean Relics","Minty Spire (QoL Compilation)","StSLib"],"gold_per_floor":[111,111,41,116,171,171,190,116,116,129,161,161,189,203,203,302,302,315,332,247,63,63,94,94,107,107,107,127,127,127,52,52,147,147,160,171,15,15,35,35,65,65,65,76,104,47,78,90,102,114],"floor_reached":51,"playtime":2203,"items_purged":["Capacitor"],"score":756,"play_id":"b5513d05-a956-4698-89d6-82a8f4b74faa","local_time":"20210111150713","is_ascension_mode":false,"campfire_choices":[{"data":"Sunder","floor":6,"key":"SMITH"},{"data":"Self Repair","floor":12,"key":"SMITH"},{"data":"Self Repair","floor":15,"key":"SMITH"},{"data":"Apotheosis","floor":27,"key":"SMITH"},{"data":"Sweeping Beam","floor":29,"key":"SMITH"},{"floor":32,"key":"REST"},{"data":"Buffer","floor":42,"key":"SMITH"},{"data":"Zap","floor":49,"key":"SMITH"}],"circlet_count":0,"master_deck":["Strike_B+1","Strike_B+1","Defend_B","Defend_B","Defend_B","Defend_B","Zap+1","Dualcast","Sunder+1","Coolheaded","Ball Lightning","Self Repair+1","Beam Cell","Self Repair+1","Leap","Ball Lightning","Sweeping Beam+1","Conserve Battery","Static Discharge","Apotheosis+1","Barrage","Conserve Battery","Buffer+1","Streamline+1","Loop+1","Ball Lightning","Barrage","Aggregate+1","White Noise+1"],"relics":["Cracked Core","Sling","Tiny Chest","Oddly Smooth Stone","zeldaRelics:RedTunic","Whetstone","Bronze Scales","Strawberry","Meat on the Bone","Inserter","Happy Flower","DataDisk","Blood Vial","Pantograph","Enchiridion","Coffee Dripper","PreservedInsect","Prayer Wheel","Ornamental Fan","Bottled Lightning","Centennial Puzzle","MawBank","InkBottle"],"acts_visited":["Exordium","TheCity","TheBeyond"],"potions_floor_usage":[13,16,25,33,33,33,45,50,50,50],"damage_taken":[{"damage":11,"enemies":"Jaw Worm","floor":1,"turns":2},{"damage":0,"enemies":"Cultist","floor":7,"turns":2},{"damage":0,"enemies":"Small Slimes","floor":10,"turns":3},{"damage":10,"enemies":"Gremlin Nob","floor":11,"turns":3},{"damage":30,"enemies":"Lagavulin","floor":13,"turns":4},{"damage":4,"enemies":"Looter","floor":14,"turns":3},{"damage":32,"enemies":"Hexaghost","floor":16,"turns":7},{"damage":11,"enemies":"3 Byrds","floor":18,"turns":3},{"damage":14,"enemies":"Shell Parasite","floor":19,"turns":4},{"damage":25,"enemies":"Gremlin Leader","floor":23,"turns":4},{"damage":36,"enemies":"3 Cultists","floor":25,"turns":5},{"damage":20,"enemies":"Centurion and Healer","floor":28,"turns":4},{"damage":37,"enemies":"Collector","floor":33,"turns":7},{"damage":4,"enemies":"3 Darklings","floor":35,"turns":5},{"damage":1,"enemies":"3 Shapes","floor":36,"turns":4},{"damage":18,"enemies":"Spire Growth","floor":39,"turns":4},{"damage":3,"enemies":"Reptomancer","floor":41,"turns":5},{"damage":8,"enemies":"3 Darklings","floor":44,"turns":4},{"damage":9,"enemies":"Giant Head","floor":45,"turns":5},{"damage":0,"enemies":"4 Shapes","floor":47,"turns":5},{"damage":23,"enemies":"Awakened One","floor":50,"turns":6}],"seed_played":"-245483922084739107","potions_obtained":[{"floor":10,"key":"LiquidBronze"},{"floor":13,"key":"FearPotion"},{"floor":16,"key":"Dexterity Potion"},{"floor":18,"key":"DistilledChaos"},{"floor":23,"key":"SteroidPotion"},{"floor":25,"key":"Weak Potion"},{"floor":36,"key":"ColorlessPotion"},{"floor":39,"key":"AttackPotion"},{"floor":44,"key":"ColorlessPotion"},{"floor":45,"key":"SkillPotion"},{"floor":47,"key":"DuplicationPotion"}],"is_trial":false,"path_per_floor":["M","?","$","?","T","R","M","$","T","M","E","R","E","M","R","B",null,"M","M","?","$","?","E","T","M","T","R","M","R","?","$","R","B",null,"M","M","$","?","M","T","E","R","T","M","E","?","M","T","R","B",null],"character_chosen":"DEFECT","items_purchased":["Sling","Tiny Chest","Oddly Smooth Stone","Sunder","Capacitor","Self Repair","Self Repair","Apotheosis","PreservedInsect"],"campfire_rested":1,"item_purchase_floors":[0,0,0,0,0,3,8,21,37],"current_hp_per_floor":[40,40,40,29,29,29,29,29,29,43,54,54,41,66,66,46,82,82,82,82,82,66,73,73,71,71,71,73,73,57,57,83,70,87,87,87,87,87,87,87,87,87,87,87,87,87,87,87,87,74],"gold":126,"neow_bonus":"","is_daily":false,"chose_seed":false,"campfire_upgraded":7,"win_rate":0.0,"timestamp":1610395633,"path_taken":["M","?","?","?","?","R","M","?","T","M","E","R","E","M","R","BOSS","M","M","?","$","?","E","?","?","T","R","M","R","?","$","R","BOSS","M","M","$","?","M","?","E","R","T","?","E","?","?","?","R","BOSS"],"items_purchased_type":["Relic","Relic","Relic","Card","Card","Card","Card","Card","Relic"],"build_version":"2020-12-22","purchased_purges":1,"victory":true,"max_hp_per_floor":[75,75,75,75,75,75,75,75,75,75,82,82,82,82,82,82,82,82,82,82,82,87,87,87,87,87,87,87,87,87,87,87,87,87,87,87,87,87,87,87,87,87,87,87,87,87,87,87,87,87],"card_choices":[{"not_picked":["Turbo","Chill"],"picked":"Ball Lightning","floor":1},{"not_picked":["Undo","Leap"],"picked":"Beam Cell","floor":7},{"not_picked":["Storm","Hello World"],"picked":"Leap","floor":10},{"not_picked":["Reboot","Cold Snap"],"picked":"Ball Lightning","floor":11},{"not_picked":["Gash","Tempest","Undo"],"picked":"SKIP","floor":13},{"not_picked":["Coolheaded","Beam Cell"],"picked":"Sweeping Beam","floor":14},{"not_picked":["Redo","Steam"],"picked":"Conserve Battery","floor":18},{"not_picked":["Sunder+1","Rebound"],"picked":"Static Discharge","floor":19},{"not_picked":["Sweeping Beam","Reprogram"],"picked":"Barrage","floor":23},{"not_picked":["Tempest+1","Hologram","Rip and Tear+1"],"picked":"SKIP","floor":25},{"not_picked":["Go for the Eyes+1","Storm"],"picked":"Conserve Battery","floor":28},{"not_picked":["Core Surge","Amplify"],"picked":"Buffer","floor":33},{"not_picked":["Gash+1","Stack"],"picked":"Streamline+1","floor":35},{"not_picked":["Beam Cell+1","Coolheaded"],"picked":"Loop+1","floor":36},{"not_picked":["Gash","BootSequence"],"picked":"Ball Lightning","floor":39},{"not_picked":["Sweeping Beam","Machine Learning","Rebound"],"picked":"SKIP","floor":41},{"not_picked":["Coolheaded+1","Rebound+1"],"picked":"Barrage","floor":44},{"not_picked":["Rebound+1","Steam+1","Leap"],"picked":"SKIP","floor":44},{"not_picked":["Skim+1","Force Field"],"picked":"Aggregate+1","floor":45},{"not_picked":["Turbo+1","Sweeping Beam"],"picked":"White Noise+1","floor":47},{"not_picked":["Rebound+1","Go for the Eyes","Stack"],"picked":"SKIP","floor":47}],"player_experience":496774,"relics_obtained":[{"floor":5,"key":"Whetstone"},{"floor":9,"key":"Bronze Scales"},{"floor":11,"key":"Strawberry"},{"floor":13,"key":"Meat on the Bone"},{"floor":23,"key":"DataDisk"},{"floor":24,"key":"Blood Vial"},{"floor":26,"key":"Pantograph"},{"floor":30,"key":"Enchiridion"},{"floor":40,"key":"Prayer Wheel"},{"floor":41,"key":"Ornamental Fan"},{"floor":43,"key":"Bottled Lightning"},{"floor":45,"key":"Centennial Puzzle"},{"floor":48,"key":"InkBottle"}],"event_choices":[{"damage_healed":0,"gold_gain":0,"player_choice":"Ignored","damage_taken":0,"max_hp_gain":0,"max_hp_loss":0,"event_name":"NoteForYourself","floor":2,"gold_loss":0},{"damage_healed":0,"gold_gain":75,"player_choice":"Gold","damage_taken":11,"max_hp_gain":0,"max_hp_loss":0,"event_name":"betterThird:BetterGoop","floor":4,"gold_loss":0},{"damage_healed":0,"gold_gain":0,"player_choice":"Obtained Relic","damage_taken":0,"relics_obtained":["Happy Flower"],"max_hp_gain":0,"max_hp_loss":0,"event_name":"Addict","floor":20,"gold_loss":85},{"damage_healed":0,"gold_gain":0,"player_choice":"Shed Blood","damage_taken":21,"max_hp_gain":5,"max_hp_loss":0,"event_name":"Forgotten Altar","floor":22,"gold_loss":0},{"damage_healed":0,"gold_gain":0,"player_choice":"Obtained Book","damage_taken":16,"max_hp_gain":0,"max_hp_loss":0,"event_name":"Cursed Tome","floor":30,"gold_loss":0},{"damage_healed":0,"gold_gain":0,"player_choice":"0 cards matched","damage_taken":0,"max_hp_gain":0,"max_hp_loss":0,"event_name":"Match and Keep!","floor":38,"gold_loss":0,"cards_obtained":[]},{"damage_healed":0,"gold_gain":0,"player_choice":"Paid Gold","damage_taken":0,"relics_obtained":["MawBank"],"max_hp_gain":0,"max_hp_loss":0,"event_name":"WeMeetAgain","floor":46,"gold_loss":57}],"is_beta":false,"boss_relics":[{"not_picked":["Black Star","Nuclear Battery"],"picked":"Inserter"},{"not_picked":["Pandora\u0027s Box","Cursed Key"],"picked":"Coffee Dripper"}],"items_purged_floors":[31],"is_endless":false,"potions_floor_spawned":[10,13,16,18,23,25,36,39,44,45,47],"ascension_level":0}}