{"host":"cyh4fejqtcjbfr7k","time":1610349147,"event":{"mods":["2.2 Compatiblity","AchievementEnabler","BaseMod","Colored Map","Colored Powertips","DeckTracker","Downfall","Googly Eyes","Hubris","Infinite Spire","Minty Spire (QoL Compilation)","Replay The Spire","Shop Mod","StSLib","SuperFastMode","Unceasing Turn Reminder"],"gold_per_floor":[111,128,128,128,128,128,158,176,176,21,21,41,54,74,74,177,177,187,187,187,207,217,217,217,217],"floor_reached":24,"playtime":669,"items_purged":[],"score":268,"play_id":"99784b82-ffdc-4a98-b8dd-cbb1c45014e0","local_time":"20210111001227","is_ascension_mode":true,"campfire_choices":[{"floor":6,"key":"REST"},{"floor":11,"key":"REST"},{"floor":15,"key":"REST"},{"floor":23,"key":"REST"}],"circlet_count":0,"master_deck":["Strike_G","Strike_G","Strike_G","Strike_G","Strike_G","Defend_G","Defend_G","Defend_G","Defend_G","Defend_G","Survivor","Neutralize","Noxious Fumes+1","Bane","Bane","Footwork","Noxious Fumes+1","Dagger Spray","Deflect","Catalyst","Distraction","Backflip","Deflect+1"],"relics":["Ring of the Serpent","Centennial Puzzle","hubris:Zylophone","Mercury Hourglass","FossilizedHelix","DollysMirror"],"acts_visited":["Exordium","TheCity"],"potions_floor_usage":[7,16,24],"damage_taken":[{"damage":0,"enemies":"Small Slimes","floor":1,"turns":3},{"damage":5,"enemies":"Jaw Worm","floor":2,"turns":6},{"damage":22,"enemies":"3 Sentries","floor":7,"turns":6},{"damage":6,"enemies":"2 Louse","floor":8,"turns":3},{"damage":8,"enemies":"Lots of Slimes","floor":12,"turns":2},{"damage":0,"enemies":"2 Fungi Beasts","floor":13,"turns":3},{"damage":0,"enemies":"Blue Slaver","floor":14,"turns":5},{"damage":33,"enemies":"Hexaghost","floor":16,"turns":6},{"damage":25,"enemies":"2 Thieves","floor":18,"turns":5},{"damage":11,"enemies":"Spheric Guardian","floor":21,"turns":5},{"damage":17,"enemies":"Centurion and Healer","floor":22,"turns":7},{"damage":43,"enemies":"Slavers","floor":24,"turns":3}],"seed_played":"-7653950490560078158","potions_obtained":[{"floor":2,"key":"Adrenaline Potion"},{"floor":7,"key":"Milkshake"},{"floor":22,"key":"AttackPotion"}],"is_trial":false,"path_per_floor":["M","M","$","?","?","R","E","M","T","$","R","M","M","M","R","B",null,"M","?","?","M","M","R","E"],"character_chosen":"THE_SILENT","items_purchased":["DollysMirror"],"campfire_rested":4,"item_purchase_floors":[10],"current_hp_per_floor":[70,65,65,53,53,70,48,42,42,42,63,55,55,55,70,37,70,45,45,45,34,17,38,0,0],"gold":217,"neow_bonus":"RANDOM_COMMON_RELIC","is_daily":false,"chose_seed":false,"campfire_upgraded":0,"win_rate":0.0,"timestamp":1610349147,"path_taken":["M","M","$","?","?","R","E","M","T","?","R","M","?","M","R","BOSS","M","?","?","M","M","R","E"],"items_purchased_type":["Relic"],"build_version":"2020-12-22","purchased_purges":0,"victory":false,"max_hp_per_floor":[70,70,70,70,70,70,70,70,70,70,70,70,70,70,70,70,70,70,70,70,70,70,70,70,70],"card_choices":[{"not_picked":["Toxin Wave","Hidden Blade"],"picked":"Noxious Fumes","floor":1},{"not_picked":["Prepared","Acrobatics"],"picked":"Bane","floor":2},{"not_picked":["Slice","Heel Hook"],"picked":"Bane","floor":7},{"not_picked":["Prepared","hubris:SlightOfHand"],"picked":"Footwork","floor":8},{"not_picked":["Sucker Punch","Quick Slash"],"picked":"Dagger Spray","floor":12},{"not_picked":["Tactician","Cloak And Dagger"],"picked":"Deflect","floor":13},{"not_picked":["ReplayTheSpireMod:Exploit Weakness","Glass Knife"],"picked":"Catalyst","floor":14},{"not_picked":["Eviscerate","Prepared"],"picked":"Distraction","floor":18},{"not_picked":["Dagger Throw","Terror"],"picked":"Backflip","floor":21},{"not_picked":["Slice","Deadly Poison+1"],"picked":"Deflect+1","floor":22}],"player_experience":621244,"relics_obtained":[{"floor":7,"key":"Mercury Hourglass"},{"floor":9,"key":"FossilizedHelix"}],"event_choices":[{"damage_healed":0,"gold_gain":0,"player_choice":"Success","damage_taken":12,"relics_obtained":["hubris:Zylophone"],"max_hp_gain":0,"max_hp_loss":0,"event_name":"Scrap Ooze","floor":4,"gold_loss":0},{"damage_healed":0,"gold_gain":0,"player_choice":"Ignored","damage_taken":0,"max_hp_gain":0,"max_hp_loss":0,"event_name":"Vampires","floor":19,"gold_loss":0},{"damage_healed":0,"gold_gain":0,"player_choice":"Ignored","damage_taken":0,"max_hp_gain":0,"max_hp_loss":0,"event_name":"Ghosts","floor":20,"gold_loss":0}],"is_beta":false,"boss_relics":[{"not_picked":["Replay:Ancient Bell","hubris:GrandSneckoEye"],"picked":"Ring of the Serpent"}],"items_purged_floors":[],"is_endless":false,"potions_floor_spawned":[2,7,22],"killed_by":"Slavers","ascension_level":4}}