{"host":"udcd1h891zyp530t","time":1610406534,"event":{"mods":["BaseMod","BetterRewards","Colored Map","Energized Spire","Gremlin Skip","Koishi","Marisa????????","Minty Spire (QoL Compilation)","SOS???????","StSLib","The Alterego","The Servant 0.9.4","Waifu the Spire","Yakumo Yukari mod","slay the spire mod where everything is the same but ironclad has a cowboy hat"],"gold_per_floor":[134,134,84,97,21,49,49,76,102,118,118,129,157,157,157,282,282,301,301,17,17,17,17,17,17,94,94,126,126,141,141,141,238,238,258,278,154,173,523,523,537,547,547,559,559,576,576,586,586,586],"floor_reached":51,"playtime":3624,"items_purged":["Defend_purpleEX","Shallow_ocean_purpleEX"],"score":710,"play_id":"7432efa6-32bc-4994-bbea-6ee07b753cf9","local_time":"20210111170854","is_ascension_mode":false,"campfire_choices":[{"floor":7,"key":"REST"},{"floor":11,"key":"REST"},{"floor":15,"key":"REST"},{"floor":23,"key":"REST"},{"data":"Observe_purple_2","floor":27,"key":"SMITH"},{"floor":29,"key":"REST"},{"data":"ExternalForce_HighSpeedFlying_purple","floor":32,"key":"SMITH"},{"floor":40,"key":"REST"},{"data":"WasteWire_Metro_purple","floor":45,"key":"SMITH"},{"floor":49,"key":"REST"}],"circlet_count":0,"master_deck":["AT_purpleEX","AT_purpleEX","AT_purpleEX","AT_purpleEX","Defend_purpleEX","Defend_purpleEX+1","Defend_purpleEX","Observe_purple_1","Observe_purple_2+1","WingOfChimera_purple","OmniscientAndOmnipotent_Monster_purple","SfantasyHide_purple+1","Nest_LightFlightworm_purple","DarkRealmRedLine_purple","Mirror_FormAndEmptin_purple","WingOfChimera_purple","ExternalForce_HighSpeedFlying_purple+1","Computing_the_future_purpleEX","Worldmountain_purple","CommonSense_AntiCommonSense_purple","ExternalForce_HighSpeedFlying_purple+1","WasteWire_Metro_purple+1","DimensionStaggered_purple","Worldmountain_purple+1","Bait_Toxicbait_purple","Line_surface_state_purple+1","Mirror_FormAndEmptin_purple+1","RuptureOfTimeAndSpace_purple","Realm_recovery_purpleEX","WasteWire_Metro_purple","Line_surface_state_purple","OmniscientAndOmnipotent_Monster_purple+1"],"relics":["Boundary_crack","Memoryfragments_purpleEX","Bag of Marbles","Regal Pillow","Smiling Mask","Blood Vial","Bloody Idol","energizedSpire:SpiderWeb","War Paint","MutagenicStrength","Matryoshka","Darkstone Periapt","SlaversCollar","Old Coin","Eternal Feather","Mango"],"acts_visited":["Exordium","TheCity","TheBeyond"],"potions_floor_usage":[6,6,18,24,28,33,33,50,50,50],"damage_taken":[{"damage":0,"enemies":"2 Louse","floor":1,"turns":2},{"damage":2,"enemies":"Jaw Worm","floor":4,"turns":6},{"damage":16,"enemies":"Gremlin Nob","floor":6,"turns":5},{"damage":23,"enemies":"3 Sentries","floor":8,"turns":6},{"damage":0,"enemies":"Small Slimes","floor":10,"turns":2},{"damage":2,"enemies":"Exordium Wildlife","floor":12,"turns":4},{"damage":38,"enemies":"Lagavulin","floor":13,"turns":8},{"damage":32,"enemies":"Slime Boss","floor":16,"turns":11},{"damage":21,"enemies":"3 Byrds","floor":18,"turns":8},{"damage":0,"enemies":"2 Thieves","floor":24,"turns":1},{"damage":39,"enemies":"Slavers","floor":28,"turns":4},{"damage":11,"enemies":"3 Cultists","floor":30,"turns":5},{"damage":49,"enemies":"Champ","floor":33,"turns":9},{"damage":14,"enemies":"3 Shapes","floor":35,"turns":4},{"damage":18,"enemies":"3 Darklings","floor":36,"turns":3},{"damage":19,"enemies":"Jaw Worm Horde","floor":38,"turns":4},{"damage":15,"enemies":"Mind Bloom Boss Battle","floor":39,"turns":5},{"damage":20,"enemies":"Sphere and 2 Shapes","floor":41,"turns":5},{"damage":30,"enemies":"Transient","floor":42,"turns":5},{"damage":9,"enemies":"Maw","floor":44,"turns":8},{"damage":39,"enemies":"3 Darklings","floor":46,"turns":5},{"damage":47,"enemies":"Transient","floor":48,"turns":5},{"damage":40,"enemies":"Awakened One","floor":50,"turns":11}],"seed_played":"7758814347141069329","potions_obtained":[{"floor":1,"key":"Block Potion"},{"floor":4,"key":"Weak Potion"},{"floor":13,"key":"SteroidPotion"},{"floor":16,"key":"SmokeBomb"},{"floor":18,"key":"Fruit Juice"},{"floor":28,"key":"DuplicationPotion"},{"floor":33,"key":"SmokeBomb"},{"floor":38,"key":"SpeedPotion"},{"floor":41,"key":"ColorlessPotion"},{"floor":48,"key":"SteroidPotion"}],"is_trial":false,"path_per_floor":["M","?","$","M","$","E","R","E","T","M","R","M","E","?","R","B",null,"M","?","$","?","?","R","M","$","T","R","E","R","M","?","R","B",null,"M","M","$","M","?","R","M","M","T","M","R","M","?","M","R","B",null],"character_chosen":"Youkari","items_purchased":["OmniscientAndOmnipotent_Monster_purple","Nest_LightFlightworm_purple","War Paint","LiquidBronze","Bait_Toxicbait_purple"],"campfire_rested":7,"item_purchase_floors":[3,5,20,20,37],"current_hp_per_floor":[77,54,54,54,54,39,62,41,41,41,77,75,44,44,71,49,71,55,55,55,55,55,76,76,76,76,76,43,76,75,75,75,43,76,69,61,61,54,56,76,66,54,68,71,89,67,67,32,90,55],"gold":586,"neow_bonus":"TEN_PERCENT_HP_BONUS","is_daily":false,"chose_seed":false,"campfire_upgraded":3,"win_rate":0.0,"timestamp":1610406534,"path_taken":["M","?","$","M","$","E","R","E","T","M","R","M","E","?","R","BOSS","M","?","$","?","?","R","M","$","T","R","E","R","?","?","R","BOSS","M","?","$","M","?","R","M","M","T","M","R","M","?","M","R","BOSS"],"items_purchased_type":["Card","Card","Relic","Potion","Card"],"build_version":"2020-12-22","purchased_purges":2,"victory":true,"max_hp_per_floor":[77,77,77,77,77,77,77,77,77,77,77,77,77,71,71,71,71,76,76,76,76,76,76,76,76,76,76,76,76,76,76,76,76,76,76,76,76,76,76,76,76,76,90,90,90,90,90,90,90,90],"card_choices":[{"not_picked":["MeetDecomposer_purple","EighthInstrument_OneDividesIntoTwo_purple"],"picked":"WingOfChimera_purple","floor":1},{"not_picked":["Realm_recovery_purpleEX","Charmbait_purple"],"picked":"SfantasyHide_purple","floor":4},{"not_picked":["SfantasyHide_purple","Boundary_DynamicStaticEquilibrium_purple"],"picked":"DarkRealmRedLine_purple","floor":6},{"not_picked":["RuptureOfTimeAndSpace_purple","SharpContractionReality_purple","Boundary_DynamicStaticEquilibrium_purple"],"picked":"SKIP","floor":8},{"not_picked":["OmniscientAndOmnipotent_Monster_purple","WorldDissolvedintheRealm_purple"],"picked":"Mirror_FormAndEmptin_purple","floor":10},{"not_picked":["WeekHit_purple","MetroBOOM_purple"],"picked":"WingOfChimera_purple","floor":12},{"not_picked":["Fantasy_PerpetualMotionMachine_purple","Realm_recovery_purpleEX"],"picked":"ExternalForce_HighSpeedFlying_purple","floor":13},{"not_picked":["UniverseChoice_purple","Price_of_realm_purpleEX"],"picked":"Computing_the_future_purpleEX","floor":16},{"not_picked":["ExistenceContinue_purple","MeetDecomposer_purple"],"picked":"Worldmountain_purple","floor":18},{"not_picked":["Nest_LightFlightworm_purple","StateErode_purple+1"],"picked":"CommonSense_AntiCommonSense_purple","floor":28},{"not_picked":["AdvanceAttack_purple+1","SfantasyHide_purple"],"picked":"ExternalForce_HighSpeedFlying_purple","floor":30},{"not_picked":["Theboundaryofcreation_purpleEX","WangLiang_LineAndCurveDreams_purple"],"picked":"WasteWire_Metro_purple","floor":33},{"not_picked":["Shallow_ocean_purpleEX","RuleDissolution_purple+1"],"picked":"DimensionStaggered_purple","floor":35},{"not_picked":["StateErode_purple","Shallow_ocean_purpleEX+1"],"picked":"Worldmountain_purple+1","floor":36},{"not_picked":["StateDuplicate_purple","AdvanceAttack_purple+1"],"picked":"Line_surface_state_purple+1","floor":38},{"not_picked":["Umbrella_purple","Shallow_ocean_purpleEX"],"picked":"Mirror_FormAndEmptin_purple+1","floor":39},{"not_picked":["WingOfChimera_purple","SharpContractionReality_purple+1"],"picked":"RuptureOfTimeAndSpace_purple","floor":41},{"not_picked":["MeetDecomposer_purple+1","SharpContractionReality_purple+1"],"picked":"Realm_recovery_purpleEX","floor":42},{"not_picked":["SfantasyHide_purple","AdvanceAttack_purple+1"],"picked":"WasteWire_Metro_purple","floor":44},{"not_picked":["Extrememeaning_purpleEX","Umbrella_purple+1"],"picked":"Line_surface_state_purple","floor":46},{"not_picked":["PurpleNeedle_purple+1","MeetDecomposer_purple"],"picked":"OmniscientAndOmnipotent_Monster_purple+1","floor":48}],"player_experience":126546,"relics_obtained":[{"floor":6,"key":"Bag of Marbles"},{"floor":8,"key":"Regal Pillow"},{"floor":9,"key":"Smiling Mask"},{"floor":13,"key":"Blood Vial"},{"floor":26,"key":"Matryoshka"},{"floor":28,"key":"Darkstone Periapt"},{"floor":39,"key":"Old Coin"},{"floor":43,"key":"Eternal Feather"},{"floor":43,"key":"Mango"}],"event_choices":[{"damage_healed":0,"gold_gain":0,"player_choice":"Lose Max HP","damage_taken":0,"relics_obtained":["Golden Idol"],"max_hp_gain":0,"max_hp_loss":6,"event_name":"Golden Idol","floor":14,"gold_loss":0},{"damage_healed":0,"gold_gain":0,"player_choice":"Read","damage_taken":0,"max_hp_gain":0,"max_hp_loss":0,"event_name":"TheLibraryeventEX","floor":19,"gold_loss":0,"cards_obtained":["Shallow_ocean_purpleEX"]},{"damage_healed":0,"gold_gain":0,"player_choice":"Gave Idol","damage_taken":0,"relics_obtained":["Bloody Idol"],"max_hp_gain":0,"max_hp_loss":0,"event_name":"Forgotten Altar","floor":21,"relics_lost":["Golden Idol"],"gold_loss":0},{"damage_healed":0,"gold_gain":0,"player_choice":"Inject Mutagens","damage_taken":0,"relics_obtained":["MutagenicStrength"],"max_hp_gain":0,"max_hp_loss":0,"event_name":"Drug Dealer","floor":22,"gold_loss":0},{"damage_healed":0,"gold_gain":0,"player_choice":"Upgraded","damage_taken":0,"max_hp_gain":0,"max_hp_loss":0,"event_name":"Upgrade Shrine","floor":31,"gold_loss":0,"cards_upgraded":["ExternalForce_HighSpeedFlying_purple"]},{"damage_healed":0,"gold_gain":0,"player_choice":"Fight","damage_taken":0,"max_hp_gain":0,"max_hp_loss":0,"event_name":"MindBloom","floor":39,"gold_loss":0},{"damage_healed":0,"gold_gain":0,"player_choice":"Ignored","damage_taken":0,"max_hp_gain":0,"max_hp_loss":0,"event_name":"Mysterious Sphere","floor":47,"gold_loss":0}],"is_beta":false,"boss_relics":[{"not_picked":["Runic Dome","Seventeenyearold_girl_Forever"],"picked":"energizedSpire:SpiderWeb"},{"not_picked":["Coffee Dripper","Velvet Choker"],"picked":"SlaversCollar"}],"items_purged_floors":[20,37],"is_endless":false,"potions_floor_spawned":[1,4,13,16,18,28,33,38,41,48],"ascension_level":0}}