{"host":"p9t7qd83igtcp2bh","time":1610401829,"event":{"mods":["2.2 Compatiblity","AchievementEnabler","BaseMod","Colored Map","Colored Powertips","Custom Start","DeckTracker","Keyboard Shortcuts","Minty Spire (QoL Compilation)","Permanent Neow","StSLib","SuperFastMode","everything is the same but u backflip on backflip"],"gold_per_floor":[14,24,42,62,137,137,169,189,189,220,220,233,248,49,49,123,123,136,36,54,0,50,64,79,79,129,129,0,0,0,17,17,94,94,111,111,121,141,141,141,141,176,176,196,207,207,41,59,59,59,59,59,15,15,15],"floor_reached":54,"playtime":1695,"items_purged":["Strike_B","Strike_B"],"score":1296,"play_id":"1f8f1995-2c70-4427-bb1b-285cade0e273","local_time":"20210112065029","is_ascension_mode":true,"campfire_choices":[{"data":"Sunder","floor":6.0,"key":"SMITH"},{"data":"Defragment","floor":15.0,"key":"SMITH"},{"floor":25.0,"key":"REST"},{"floor":29.0,"key":"REST"},{"floor":32.0,"key":"REST"},{"floor":40.0,"key":"REST"},{"floor":46.0,"key":"REST"},{"floor":49.0,"key":"RECALL"},{"floor":52.0,"key":"REST"}],"circlet_count":0,"master_deck":["AscendersBane","Strike_B","Defend_B","Defend_B","Defend_B","Zap","Self Repair","FTL","Sunder+1","Sweeping Beam","Leap","Defragment+1","Creative AI","Coolheaded","Amplify","Turbo","BootSequence","Buffer","Go for the Eyes+1","Machine Learning","Force Field","Aggregate","Capacitor","Panacea","Dark Shackles","Cold Snap","Heatsinks","Barrage","Reboot","Capacitor"],"relics":["Cracked Core","Bronze Scales","Question Card","Cables","Membership Card","Fusion Hammer","Blood Vial","Regal Pillow","Pear","Omamori","Snecko Eye","InkBottle","Ancient Tea Set","Oddly Smooth Stone"],"acts_visited":["Exordium","TheCity","TheBeyond","TheEnding"],"potions_floor_usage":[],"damage_taken":[{"damage":1.0,"enemies":"Cultist","floor":1.0,"turns":3.0},{"damage":0.0,"enemies":"Small Slimes","floor":2.0,"turns":2.0},{"damage":9.0,"enemies":"Jaw Worm","floor":3.0,"turns":3.0},{"damage":13.0,"enemies":"Exordium Wildlife","floor":4.0,"turns":4.0},{"damage":22.0,"enemies":"Gremlin Nob","floor":7.0,"turns":4.0},{"damage":6.0,"enemies":"Lots of Slimes","floor":8.0,"turns":2.0},{"damage":21.0,"enemies":"Lagavulin","floor":10.0,"turns":6.0},{"damage":5.0,"enemies":"Red Slaver","floor":12.0,"turns":3.0},{"damage":11.0,"enemies":"Blue Slaver","floor":13.0,"turns":3.0},{"damage":0.0,"enemies":"The Guardian","floor":16.0,"turns":9.0},{"damage":10.0,"enemies":"Chosen","floor":18.0,"turns":4.0},{"damage":11.0,"enemies":"Shell Parasite","floor":20.0,"turns":6.0},{"damage":9.0,"enemies":"Snecko","floor":23.0,"turns":4.0},{"damage":23.0,"enemies":"Centurion and Healer","floor":24.0,"turns":5.0},{"damage":16.0,"enemies":"Snake Plant","floor":31.0,"turns":3.0},{"damage":34.0,"enemies":"Champ","floor":33.0,"turns":14.0},{"damage":12.0,"enemies":"Orb Walker","floor":35.0,"turns":4.0},{"damage":26.0,"enemies":"3 Darklings","floor":37.0,"turns":6.0},{"damage":0.0,"enemies":"Maw","floor":38.0,"turns":8.0},{"damage":22.0,"enemies":"Nemesis","floor":42.0,"turns":9.0},{"damage":49.0,"enemies":"Transient","floor":44.0,"turns":5.0},{"damage":5.0,"enemies":"4 Shapes","floor":45.0,"turns":5.0},{"damage":7.0,"enemies":"Spire Growth","floor":48.0,"turns":6.0},{"damage":50.0,"enemies":"Time Eater","floor":50.0,"turns":10.0},{"damage":98,"enemies":"Shield and Spear","floor":54,"turns":5}],"seed_played":"-7346274042025125849","potions_obtained":[{"floor":3.0,"key":"LiquidBronze"},{"floor":10.0,"key":"ColorlessPotion"},{"floor":16.0,"key":"SkillPotion"},{"floor":18.0,"key":"SmokeBomb"},{"floor":24.0,"key":"AttackPotion"},{"floor":33.0,"key":"DistilledChaos"},{"floor":37.0,"key":"DistilledChaos"},{"floor":38.0,"key":"Fire Potion"},{"floor":44.0,"key":"PowerPotion"},{"floor":48.0,"key":"SteroidPotion"}],"is_trial":false,"path_per_floor":["M","M","M","M","?","R","E","M","T","E","?","M","M","$","R","B",null,"M","$","M","?","?","M","M","R","T","T","$","R","?","M","R","B",null,"M","?","M","M","?","R","?","E","T","M","M","R","$","M","R","B",null,"R","$","E"],"character_chosen":"DEFECT","items_purchased":["Membership Card","BootSequence","Blood Vial","Omamori","Ancient Tea Set","Oddly Smooth Stone","Capacitor"],"campfire_rested":6,"item_purchase_floors":[14,19,19,28,47,47,53],"current_hp_per_floor":[70,70,68,62,51,51,29,30,30,16,21,23,19,19,19,26,64,61,61,59,59,59,59,45,67,67,77,77,86,74,67,86,59,79,76,76,59,68,68,86,76,63,63,16,20,60,60,62,62,21,70,86,86,0,0],"gold":15,"neow_bonus":"TRANSFORM_TWO_CARDS","is_daily":false,"chose_seed":false,"campfire_upgraded":2,"win_rate":0.0,"timestamp":1610401829,"path_taken":["M","?","M","M","?","R","E","M","T","E","?","M","M","?","R","BOSS","M","?","?","?","?","?","?","R","T","?","$","R","?","M","R","BOSS","M","?","M","M","?","R","?","E","T","M","?","R","$","M","R","BOSS","R","$","E"],"items_purchased_type":["Relic","Card","Relic","Relic","Relic","Relic","Card"],"build_version":"2020-12-22","purchased_purges":2,"victory":false,"max_hp_per_floor":[71,71,71,71,71,71,71,71,71,71,76,76,76,76,76,76,76,76,76,76,76,76,76,76,76,76,86,86,86,86,86,86,86,86,86,86,86,86,86,86,86,86,86,86,86,86,86,86,86,86,86,86,86,86,86],"card_choices":[{"not_picked":["Go for the Eyes","Storm"],"picked":"Sunder","floor":1.0},{"not_picked":["Stack","Compile Driver"],"picked":"Sweeping Beam","floor":2.0},{"not_picked":["Steam","Turbo"],"picked":"Leap","floor":3.0},{"not_picked":["Compile Driver","Scrape"],"picked":"Defragment","floor":4.0},{"not_picked":["Redo","Force Field","Multi-Cast"],"picked":"SKIP","floor":7.0},{"not_picked":["Gash","Rebound","Barrage"],"picked":"SKIP","floor":8.0},{"not_picked":["Leap","Go for the Eyes","Turbo"],"picked":"Creative AI","floor":10.0},{"not_picked":["Double Energy","BootSequence","Beam Cell"],"picked":"Coolheaded","floor":12.0},{"not_picked":["Sunder","Gash","Steam","Ball Lightning"],"picked":"SKIP","floor":13.0},{"not_picked":["Meteor Strike","Seek","Buffer"],"picked":"Amplify","floor":16.0},{"not_picked":["Barrage+1","Rip and Tear","Conserve Battery"],"picked":"Turbo","floor":18.0},{"not_picked":["Rebound+1","Melter","Barrage","Steam"],"picked":"SKIP","floor":20.0},{"not_picked":["Stack","Rebound","Streamline","Barrage"],"picked":"SKIP","floor":23.0},{"not_picked":["Steam","Go for the Eyes","Conserve Battery"],"picked":"Buffer","floor":24.0},{"not_picked":["Turbo","Ball Lightning","Genetic Algorithm"],"picked":"Go for the Eyes+1","floor":31.0},{"not_picked":["Electrodynamics","Seek","Buffer"],"picked":"Machine Learning","floor":33.0},{"not_picked":["Self Repair+1","Ball Lightning","Coolheaded"],"picked":"Force Field","floor":35.0},{"not_picked":["Glacier","Redo","White Noise"],"picked":"Aggregate","floor":37.0},{"not_picked":["Redo","Rip and Tear+1","All For One"],"picked":"Capacitor","floor":38.0},{"not_picked":["Jack Of All Trades","Dark Shackles","Impatience"],"picked":"Panacea","floor":41.0},{"not_picked":["Thinking Ahead","PanicButton","Dramatic Entrance"],"picked":"Dark Shackles","floor":41.0},{"not_picked":["Sweeping Beam","Sunder","Gash"],"picked":"Cold Snap","floor":42.0},{"not_picked":["Beam Cell","Force Field","Tempest"],"picked":"Heatsinks","floor":44.0},{"not_picked":["Barrage","Ball Lightning","Gash","Scrape"],"picked":"SKIP","floor":45.0},{"not_picked":["Ball Lightning","Gash","Scrape"],"picked":"Barrage","floor":45.0},{"not_picked":["Rebound","Hello World","Beam Cell"],"picked":"Reboot","floor":48.0}],"player_experience":613845,"relics_obtained":[{"floor":7.0,"key":"Bronze Scales"},{"floor":9.0,"key":"Question Card"},{"floor":10.0,"key":"Cables"},{"floor":26.0,"key":"Regal Pillow"},{"floor":27.0,"key":"Pear"},{"floor":42.0,"key":"InkBottle"}],"event_choices":[{"damage_healed":0.0,"max_hp_gain":0.0,"max_hp_loss":0.0,"gold_gain":75.0,"event_name":"World of Goop","player_choice":"Gather Gold","floor":5.0,"gold_loss":0.0,"damage_taken":11.0},{"damage_healed":0.0,"max_hp_gain":5.0,"max_hp_loss":0.0,"gold_gain":0.0,"event_name":"Big Fish","player_choice":"Donut","floor":11.0,"gold_loss":0.0,"damage_taken":0.0},{"damage_healed":0.0,"max_hp_gain":0.0,"max_hp_loss":0.0,"gold_gain":0.0,"event_name":"Masked Bandits","player_choice":"Paid Fearfully","floor":21.0,"gold_loss":54.0,"damage_taken":0.0},{"damage_healed":0.0,"max_hp_gain":0.0,"max_hp_loss":0.0,"gold_gain":50.0,"event_name":"Golden Shrine","player_choice":"Pray","floor":22.0,"gold_loss":0.0,"damage_taken":0.0},{"damage_healed":0.0,"max_hp_gain":0.0,"max_hp_loss":0.0,"gold_gain":0.0,"event_name":"Wheel of Change","player_choice":"Damaged","floor":30.0,"gold_loss":0.0,"damage_taken":12.0},{"damage_healed":0.0,"max_hp_gain":0.0,"max_hp_loss":0.0,"gold_gain":0.0,"event_name":"Tomb of Lord Red Mask","player_choice":"Ignored","floor":36.0,"gold_loss":0.0,"damage_taken":0.0},{"cards_removed":["Dualcast"],"damage_healed":0.0,"max_hp_gain":0.0,"max_hp_loss":0.0,"gold_gain":0.0,"event_name":"Falling","player_choice":"Removed Skill","floor":39.0,"gold_loss":0.0,"damage_taken":0.0},{"damage_healed":0.0,"max_hp_gain":0.0,"max_hp_loss":0.0,"gold_gain":0.0,"event_name":"SensoryStone","player_choice":"Memory 3","floor":41.0,"gold_loss":0.0,"damage_taken":10.0}],"is_beta":false,"boss_relics":[{"not_picked":["Black Star","Astrolabe"],"picked":"Fusion Hammer"},{"not_picked":["SacredBark","Coffee Dripper"],"picked":"Snecko Eye"}],"items_purged_floors":[14,28],"is_endless":false,"potions_floor_spawned":[3,10,16,18,24,33,37,38,44,48],"killed_by":"Shield and Spear","ascension_level":16}}