{"host":"5gc11emcm5chfr5t","time":1610328826,"event":{"mods":["2.2 Compatiblity","AchievementEnabler","BaseMod","Bestiary","Better Note","Colored Map","Colored Powertips","Downfall","Googly Eyes","Minty Spire (QoL Compilation)","Rare Cards Sparkle","StSLib"],"gold_per_floor":[114,114,124,124,140,171,171,171,249,249,268,279,279,293,293,293,293],"floor_reached":16,"playtime":989,"items_purged":[],"score":204,"play_id":"356f57cf-ffdc-4719-8df3-2b4e7fde073e","local_time":"20210110203346","is_ascension_mode":true,"campfire_choices":[{"floor":7,"key":"RECALL"},{"data":"sneckomod:TailWhip","floor":10,"key":"SMITH"},{"floor":13,"key":"REST"},{"data":"sneckomod:SoulCleanse","floor":15,"key":"SMITH"}],"circlet_count":0,"master_deck":["AscendersBane","sneckomod:Strike","sneckomod:Strike","sneckomod:Strike","sneckomod:Defend","sneckomod:Defend","sneckomod:Defend","sneckomod:TailWhip+1","sneckomod:SnekBite","sneckomod:Unknown","sneckomod:Unknown","sneckomod:IronFang","sneckomod:DiceBlock","sneckomod:QuickMove+1","sneckomod:ImprovisedAttack","sneckomod:WideSting","sneckomod:SoulCleanse+1"],"relics":["sneckomod:SneckoSoul","NeowsBlessing","Art of War","Pear"],"acts_visited":["Exordium"],"potions_floor_usage":[6,11,12],"damage_taken":[{"damage":0,"enemies":"2 Louse","floor":1,"turns":1},{"damage":0,"enemies":"Cultist","floor":3,"turns":1},{"damage":0,"enemies":"Jaw Worm","floor":5,"turns":1},{"damage":25,"enemies":"Gremlin Nob","floor":6,"turns":4},{"damage":5,"enemies":"Lots of Slimes","floor":11,"turns":8},{"damage":0,"enemies":"3 Louse","floor":12,"turns":3},{"damage":9,"enemies":"2 Fungi Beasts","floor":14,"turns":3},{"damage":86,"enemies":"Hexaghost","floor":16,"turns":13}],"seed_played":"2484938696456029374","potions_obtained":[{"floor":2,"key":"Guardian:BlockOnCardUsePotion"},{"floor":2,"key":"Ancient Potion"},{"floor":3,"key":"Regen Potion"},{"floor":11,"key":"sneckomod:MuddlingPotion"}],"is_trial":false,"path_per_floor":["M","?","M","$","M","E","R","?","T","R","M","M","R","M","R","B"],"character_chosen":"THE_SNECKO","items_purchased":[],"campfire_rested":1,"item_purchase_floors":[],"current_hp_per_floor":[75,75,75,75,75,61,61,61,71,71,66,72,93,84,84,0,0],"gold":293,"neow_bonus":"THREE_ENEMY_KILL","is_daily":false,"chose_seed":false,"campfire_upgraded":2,"win_rate":0.0,"timestamp":1610328826,"path_taken":["M","?","M","$","?","E","R","?","T","R","M","M","R","?","R","BOSS"],"items_purchased_type":[],"build_version":"2020-12-22","purchased_purges":0,"victory":false,"max_hp_per_floor":[83,83,83,83,83,83,83,83,93,93,93,93,93,93,93,93,93],"card_choices":[{"not_picked":["sneckomod:Nope","sneckomod:UnknownBlock","sneckomod:UnknownStrike"],"picked":"SKIP","floor":1},{"not_picked":["sneckomod:DefensiveFlair","sneckomod:Nope"],"picked":"sneckomod:IronFang","floor":3},{"not_picked":["sneckomod:RainOfDice","sneckomod:SoulRoll"],"picked":"sneckomod:DiceBlock","floor":5},{"not_picked":["sneckomod:Unknown0Cost","sneckomod:RainOfDice"],"picked":"sneckomod:QuickMove","floor":6},{"not_picked":["sneckomod:UnlimitedRolls","sneckomod:UnknownX"],"picked":"sneckomod:ImprovisedAttack","floor":11},{"not_picked":["sneckomod:SoulDraw","sneckomod:UnknownDexterity"],"picked":"sneckomod:WideSting","floor":12},{"not_picked":["sneckomod:DiceBlock","sneckomod:ImprovisedAttack"],"picked":"sneckomod:SoulCleanse","floor":14}],"player_experience":541644,"relics_obtained":[{"floor":6,"key":"Art of War"},{"floor":9,"key":"Pear"}],"event_choices":[{"damage_healed":0,"gold_gain":0,"player_choice":"Got Potions","damage_taken":0,"max_hp_gain":0,"max_hp_loss":0,"event_name":"Lab","floor":2,"gold_loss":0},{"damage_healed":0,"gold_gain":0,"player_choice":"Upgraded","damage_taken":0,"max_hp_gain":0,"max_hp_loss":0,"event_name":"Upgrade Shrine","floor":8,"gold_loss":0,"cards_upgraded":["sneckomod:QuickMove"]}],"is_beta":false,"boss_relics":[],"items_purged_floors":[],"is_endless":false,"potions_floor_spawned":[3,11],"killed_by":"Hexaghost","ascension_level":20}}