{"host":"q1yq0ibtlljsjzm9","time":1610404426,"event":{"mods":["BaseMod","DeckTracker","GifTheSpireLib","Minty Spire (QoL Compilation)","StSLib","The Servant 0.9.4"],"gold_per_floor":[216,235,235,17,30,30,69,85,85,85,106,106,6,31,31,157,157,172,193,193,193,206,206,206],"floor_reached":23,"playtime":1457,"items_purged":["Injury","Pain"],"score":195,"play_id":"61031d23-eb53-4ce1-a3ea-5545acd3b546","local_time":"20210111143346","is_ascension_mode":false,"campfire_choices":[{"data":"Zap","floor":6,"key":"SMITH"},{"floor":15,"key":"REST"}],"circlet_count":0,"master_deck":["Strike_B","Strike_B","Strike_B","Defend_B","Defend_B","Defend_B","Defend_B","Zap+1","Dualcast","Go for the Eyes","Leap","Sweeping Beam","Loop","Ball Lightning","Ball Lightning","Self Repair","Creative AI","Capacitor","Leap","BootSequence"],"relics":["Cracked Core","Golden Idol","Anchor","Bag of Preparation","Girya","WarpedTongs","Nuclear Battery"],"acts_visited":["Exordium","TheCity"],"potions_floor_usage":[19,21,23],"damage_taken":[{"damage":1,"enemies":"2 Louse","floor":1,"turns":4},{"damage":7,"enemies":"Small Slimes","floor":2,"turns":4},{"damage":1,"enemies":"Cultist","floor":5,"turns":4},{"damage":29,"enemies":"3 Sentries","floor":7,"turns":7},{"damage":5,"enemies":"Exordium Wildlife","floor":8,"turns":3},{"damage":6,"enemies":"Lots of Slimes","floor":11,"turns":3},{"damage":1,"enemies":"2 Fungi Beasts","floor":14,"turns":3},{"damage":6,"enemies":"Slime Boss","floor":16,"turns":8},{"damage":8,"enemies":"Chosen","floor":18,"turns":4},{"damage":30,"enemies":"Spheric Guardian","floor":19,"turns":4},{"damage":0,"enemies":"Snake Plant","floor":21,"turns":1},{"damage":21,"enemies":"Shelled Parasite and Fungi","floor":22,"turns":7},{"damage":79,"enemies":"Slavers","floor":23,"turns":4}],"seed_played":"986959441976387276","potions_obtained":[{"floor":5,"key":"FairyPotion"},{"floor":7,"key":"SmokeBomb"},{"floor":16,"key":"DuplicationPotion"},{"floor":22,"key":"LiquidBronze"}],"is_trial":false,"path_per_floor":["M","M","?","$","M","R","E","M","T","?","M","?","$","M","R","B",null,"M","M","?","M","M","E"],"character_chosen":"DEFECT","items_purchased":["Anchor"],"campfire_rested":1,"item_purchase_floors":[4],"current_hp_per_floor":[74,67,67,67,66,66,37,32,32,25,19,19,19,18,40,41,75,74,58,58,58,44,0,0],"gold":206,"neow_bonus":"HUNDRED_GOLD","is_daily":false,"chose_seed":false,"campfire_upgraded":1,"win_rate":0.0,"timestamp":1610404426,"path_taken":["M","M","?","$","M","R","E","M","T","?","M","?","$","?","R","BOSS","M","M","?","?","M","E"],"items_purchased_type":["Relic"],"build_version":"2020-12-22","purchased_purges":2,"victory":false,"max_hp_per_floor":[75,75,75,75,75,75,75,75,75,75,75,75,75,75,75,75,75,75,75,75,75,75,75,75],"card_choices":[{"not_picked":["Rebound","Doom and Gloom"],"picked":"Go for the Eyes","floor":1},{"not_picked":["Barrage","Coolheaded"],"picked":"Leap","floor":2},{"not_picked":["Storm","Barrage"],"picked":"Sweeping Beam","floor":5},{"not_picked":["Leap","Biased Cognition"],"picked":"Loop","floor":7},{"not_picked":["Sweeping Beam","Gash"],"picked":"Ball Lightning","floor":8},{"not_picked":["Conserve Battery","Go for the Eyes"],"picked":"Ball Lightning","floor":11},{"not_picked":["Turbo","Rebound"],"picked":"Self Repair","floor":14},{"not_picked":["Hyperbeam","Biased Cognition"],"picked":"Creative AI","floor":16},{"not_picked":["Coolheaded","Ball Lightning+1"],"picked":"Capacitor","floor":18},{"not_picked":["Barrage","Turbo"],"picked":"Leap","floor":19},{"not_picked":["Hologram","Coolheaded"],"picked":"BootSequence","floor":22}],"player_experience":71036,"relics_obtained":[{"floor":7,"key":"Bag of Preparation"}],"event_choices":[{"damage_healed":0,"gold_gain":0,"player_choice":"Take Wound","damage_taken":0,"relics_obtained":["Golden Idol"],"max_hp_gain":0,"max_hp_loss":0,"event_name":"Golden Idol","floor":3,"gold_loss":0,"cards_obtained":["Injury"]},{"damage_healed":0,"gold_gain":0,"player_choice":"Success","damage_taken":7,"relics_obtained":["Girya"],"max_hp_gain":0,"max_hp_loss":0,"event_name":"Scrap Ooze","floor":10,"gold_loss":0},{"damage_healed":0,"gold_gain":0,"player_choice":"Rummage","damage_taken":0,"relics_obtained":["WarpedTongs"],"max_hp_gain":0,"max_hp_loss":0,"event_name":"Accursed Blacksmith","floor":12,"gold_loss":0,"cards_obtained":["Pain"]},{"cards_removed":["Strike_B"],"damage_healed":0,"gold_gain":0,"player_choice":"Purged","damage_taken":0,"max_hp_gain":0,"max_hp_loss":0,"event_name":"Purifier","floor":20,"gold_loss":0}],"is_beta":false,"boss_relics":[{"not_picked":["Philosopher\u0027s Stone","Coffee Dripper"],"picked":"Nuclear Battery"}],"items_purged_floors":[4,13],"is_endless":false,"potions_floor_spawned":[5,7,16,18,21,22],"killed_by":"Slavers","ascension_level":0}}