{"host":"ibckqdmmf9y74ymf","time":1610406758,"event":{"mods":["2.2 Compatiblity","Act Like it!","BaseMod","Minty Spire (QoL Compilation)","Quick Restart","Rare Cards Sparkle"],"gold_per_floor":[112,130,55,55,67,101,112,139,139,139,171,171,198,214,214,285,285],"floor_reached":16,"playtime":749,"items_purged":[],"score":460,"play_id":"f4d98057-3d3d-4bcf-8aa3-df0508c8f58f","local_time":"20210112001238","is_ascension_mode":true,"campfire_choices":[{"floor":10.0,"key":"REST"},{"data":"SandsOfTime","floor":12.0,"key":"SMITH"},{"data":"ReachHeaven","floor":15,"key":"SMITH"}],"circlet_count":0,"master_deck":["AscendersBane","Strike_P+1","Strike_P","Strike_P+1","Defend_P","Defend_P","Defend_P","Defend_P","Eruption","Vigilance","ReachHeaven+1","CutThroughFate","Halt","Adaptation","SandsOfTime+1","Decay","Conclude","Wireheading","FearNoEvil"],"relics":["Cursed Key","Pen Nib","Damaru","Whetstone","Bottled Flame","Unceasing Top"],"acts_visited":["Exordium"],"potions_floor_usage":[],"damage_taken":[{"damage":2.0,"enemies":"Jaw Worm","floor":1.0,"turns":4.0},{"damage":0.0,"enemies":"Small Slimes","floor":2.0,"turns":2.0},{"damage":1.0,"enemies":"Cultist","floor":5.0,"turns":3.0},{"damage":21.0,"enemies":"3 Sentries","floor":6.0,"turns":9.0},{"damage":3.0,"enemies":"Blue Slaver","floor":7.0,"turns":3.0},{"damage":0.0,"enemies":"Gremlin Nob","floor":8.0,"turns":2.0},{"damage":6.0,"enemies":"Lagavulin","floor":11.0,"turns":5.0},{"damage":9,"enemies":"3 Sentries","floor":13,"turns":5},{"damage":0,"enemies":"2 Fungi Beasts","floor":14,"turns":2},{"damage":19,"enemies":"Hexaghost","floor":16,"turns":7}],"seed_played":"4440356501038492287","potions_obtained":[{"floor":1.0,"key":"SkillPotion"},{"floor":2.0,"key":"DuplicationPotion"},{"floor":11.0,"key":"DuplicationPotion"},{"floor":16,"key":"Weak Potion"}],"is_trial":false,"path_per_floor":["M","M","?","?","M","E","M","E","T","R","E","R","E","M","R","B"],"character_chosen":"WATCHER","items_purchased":[],"campfire_rested":1,"item_purchase_floors":[],"current_hp_per_floor":[59,59,59,49,48,27,24,24,24,44,38,38,29,29,29,10,10],"gold":285,"neow_bonus":"BOSS_RELIC","is_daily":false,"chose_seed":false,"campfire_upgraded":2,"win_rate":0.0,"timestamp":1610406758,"path_taken":["M","M","?","?","?","E","M","E","T","R","E","R","E","M","R","BOSS"],"items_purchased_type":[],"build_version":"2020-12-22","purchased_purges":0,"victory":false,"max_hp_per_floor":[68,68,68,68,68,68,68,68,68,68,68,68,68,68,68,68,68],"card_choices":[{"not_picked":["Conclude","CrushJoints"],"picked":"ReachHeaven","floor":1.0},{"not_picked":["FlurryOfBlows","Prostrate"],"picked":"CutThroughFate","floor":2.0},{"not_picked":["EmptyMind","Study"],"picked":"Halt","floor":5.0},{"not_picked":["Fasting2","FollowUp"],"picked":"Adaptation","floor":6.0},{"not_picked":["FollowUp","FlurryOfBlows"],"picked":"SandsOfTime","floor":7.0},{"not_picked":["SandsOfTime","Worship","Halt"],"picked":"SKIP","floor":8.0},{"not_picked":["Meditate","WreathOfFlame"],"picked":"Conclude","floor":11.0},{"not_picked":["WaveOfTheHand","Prostrate"],"picked":"Wireheading","floor":13},{"not_picked":["JustLucky","Fasting2"],"picked":"FearNoEvil","floor":14}],"player_experience":897070,"relics_obtained":[{"floor":6.0,"key":"Pen Nib"},{"floor":8.0,"key":"Damaru"},{"floor":9.0,"key":"Whetstone"},{"floor":11.0,"key":"Bottled Flame"},{"floor":13,"key":"Unceasing Top"}],"event_choices":[{"cards_removed":["Strike_P"],"damage_healed":0.0,"max_hp_gain":0.0,"max_hp_loss":0.0,"gold_gain":0.0,"event_name":"The Cleric","player_choice":"Card Removal","floor":3.0,"gold_loss":75.0,"damage_taken":0.0},{"damage_healed":0.0,"max_hp_gain":0.0,"max_hp_loss":0.0,"gold_gain":0.0,"event_name":"Wheel of Change","player_choice":"Damaged","floor":4.0,"gold_loss":0.0,"damage_taken":10.0}],"is_beta":false,"boss_relics":[],"items_purged_floors":[],"is_endless":false,"potions_floor_spawned":[1,2,5,11,16],"killed_by":"Hexaghost","ascension_level":20}}