{"host":"e0kes70z4atl8xdk","time":1610388411,"event":{"mods":["BaseMod","Colored Map","Colored Powertips","Minty Spire (QoL Compilation)","Rare Cards Sparkle","Relic Stats"],"gold_per_floor":[367,367,367,1,11,39,39,51,100,111,130,130,143,161,161,263,263,282,297,309,325,342,342,155,175,198,298,310,341,341,359,359,454,454,464,474,491,35,46,46,56,385,385,385,402,402,43,54,54,54],"floor_reached":51,"playtime":3831,"items_purged":["Regret","Strike_R","Strike_R","Strike_R"],"score":734,"play_id":"6bd4d4c4-e418-4c7b-a24a-4db954a36ef8","local_time":"20210111190651","is_ascension_mode":false,"campfire_choices":[{"floor":7.0,"key":"REST"},{"data":"Armaments","floor":12.0,"key":"SMITH"},{"data":"Spot Weakness","floor":15.0,"key":"SMITH"},{"floor":23.0,"key":"RECALL"},{"floor":32.0,"key":"REST"},{"floor":40.0,"key":"REST"},{"floor":49,"key":"REST"}],"circlet_count":0,"master_deck":["Strike_R","Strike_R","Defend_R","Defend_R","Defend_R","Bash","Uppercut","Pommel Strike","Intimidate","Dropkick","Armaments+1","Headbutt","Carnage","Spot Weakness+1","Limit Break","Anger+1","Disarm","Heavy Blade","Battle Trance","Spot Weakness","Limit Break","CurseOfTheBell","Jack Of All Trades","Armaments+1","Cleave+1","Parasite","Apotheosis"],"relics":["Burning Blood","Lantern","FossilizedHelix","Lizard Tail","Self Forming Clay","Strawberry","Fusion Hammer","Dead Branch","Pantograph","The Courier","MutagenicStrength","Calling Bell","Juzu Bracelet","Ornamental Fan","Mango","Bronze Scales","DollysMirror","Old Coin","Pen Nib","Ancient Tea Set"],"acts_visited":["Exordium","TheCity","TheBeyond"],"potions_floor_usage":[45,50,50,50],"damage_taken":[{"damage":3.0,"enemies":"Small Slimes","floor":1.0,"turns":3.0},{"damage":6.0,"enemies":"2 Louse","floor":5.0,"turns":3.0},{"damage":11.0,"enemies":"Gremlin Nob","floor":6.0,"turns":4.0},{"damage":0.0,"enemies":"Jaw Worm","floor":8.0,"turns":2.0},{"damage":3.0,"enemies":"Exordium Wildlife","floor":10.0,"turns":4.0},{"damage":0.0,"enemies":"Blue Slaver","floor":11.0,"turns":3.0},{"damage":2.0,"enemies":"Looter","floor":13.0,"turns":3.0},{"damage":0.0,"enemies":"Exordium Thugs","floor":14.0,"turns":3.0},{"damage":21.0,"enemies":"Slime Boss","floor":16.0,"turns":10.0},{"damage":8.0,"enemies":"Spheric Guardian","floor":18.0,"turns":4.0},{"damage":0.0,"enemies":"2 Thieves","floor":19.0,"turns":3.0},{"damage":11.0,"enemies":"Snecko","floor":20.0,"turns":4.0},{"damage":0.0,"enemies":"Chosen and Byrds","floor":21.0,"turns":4.0},{"damage":5.0,"enemies":"Cultist and Chosen","floor":22.0,"turns":4.0},{"damage":21.0,"enemies":"Snake Plant","floor":25.0,"turns":4.0},{"damage":8.0,"enemies":"Colosseum Slavers","floor":27.0,"turns":4.0},{"damage":16.0,"enemies":"Colosseum Nobs","floor":27.0,"turns":3.0},{"damage":0.0,"enemies":"Snecko","floor":28.0,"turns":4.0},{"damage":18.0,"enemies":"Slavers","floor":29.0,"turns":5.0},{"damage":5.0,"enemies":"Shelled Parasite and Fungi","floor":31.0,"turns":4.0},{"damage":70.0,"enemies":"Champ","floor":33.0,"turns":9.0},{"damage":0.0,"enemies":"Orb Walker","floor":35.0,"turns":2.0},{"damage":0.0,"enemies":"3 Darklings","floor":36.0,"turns":4.0},{"damage":0.0,"enemies":"Maw","floor":37.0,"turns":6.0},{"damage":22.0,"enemies":"Transient","floor":39.0,"turns":5.0},{"damage":23,"enemies":"Writhing Mass","floor":41,"turns":6},{"damage":27,"enemies":"Giant Head","floor":42,"turns":7},{"damage":19,"enemies":"Jaw Worm Horde","floor":45,"turns":4},{"damage":0,"enemies":"Transient","floor":48,"turns":5},{"damage":40,"enemies":"Awakened One","floor":50,"turns":6}],"seed_played":"51299095393220021","potions_obtained":[{"floor":8.0,"key":"EssenceOfSteel"},{"floor":11.0,"key":"SkillPotion"},{"floor":14.0,"key":"ColorlessPotion"},{"floor":18.0,"key":"FearPotion"},{"floor":20.0,"key":"SpeedPotion"},{"floor":22.0,"key":"LiquidBronze"},{"floor":27.0,"key":"EssenceOfSteel"},{"floor":35.0,"key":"Ancient Potion"},{"floor":36.0,"key":"Ancient Potion"},{"floor":45,"key":"SteroidPotion"}],"is_trial":false,"path_per_floor":["M","?","?","$","M","E","R","M","T","M","M","R","M","M","R","B",null,"M","M","M","M","M","R","$","M","T","?","M","E","?","M","R","B",null,"M","M","M","$","M","R","M","E","T","?","M","?","$","M","R","B",null],"character_chosen":"IRONCLAD","items_purchased":["Lizard Tail","Disarm","PowerPotion","Bronze Scales","Jack Of All Trades","DollysMirror","BloodPotion","Ancient Tea Set","Strength Potion","CultistPotion"],"campfire_rested":4,"item_purchase_floors":[4,24,24,38,38,38,38,47,47,47],"current_hp_per_floor":[59,59,34,34,34,29,53,59,66,69,75,75,79,85,85,70,87,85,87,82,87,87,87,87,72,72,60,66,54,54,55,81,23,101,101,101,101,101,85,101,84,63,63,63,70,70,70,76,101,67],"gold":54,"neow_bonus":"TWO_FIFTY_GOLD","is_daily":false,"chose_seed":false,"campfire_upgraded":2,"win_rate":0.0,"timestamp":1610388411,"path_taken":["M","?","?","$","M","E","R","M","T","M","M","R","M","M","R","BOSS","M","M","M","M","M","R","$","M","T","?","M","E","?","M","R","BOSS","M","M","M","$","M","R","M","E","T","?","M","?","$","M","R","BOSS"],"items_purchased_type":["Relic","Card","Potion","Relic","Card","Relic","Potion","Relic","Potion","Potion"],"build_version":"2020-12-22","purchased_purges":4,"victory":true,"max_hp_per_floor":[80,80,80,80,80,80,80,80,87,87,87,87,87,87,87,87,87,87,87,87,87,87,87,87,87,87,87,87,87,87,87,87,87,101,101,101,101,101,101,101,101,101,101,101,101,101,101,101,101,101],"relic_stats":{"Lizard Tail":0,"counters":[30,132],"Self Forming Clay":[108],"Ornamental Fan":[36],"Dead Branch":[61],"Pantograph":6,"Bronze Scales":[90],"Pen Nib":[2],"Juzu Bracelet":0,"obtain_stats":[{"Lantern":2,"Self Forming Clay":6,"Dead Branch":27,"Mango":34,"The Courier":29,"Pen Nib":43,"Juzu Bracelet":34,"Ancient Tea Set":47,"Burning Blood":0,"Old Coin":42,"Calling Bell":34,"Lizard Tail":4,"Ornamental Fan":34,"DollysMirror":38,"Strawberry":9,"Pantograph":27,"MutagenicStrength":30,"Bronze Scales":38,"Fusion Hammer":17,"FossilizedHelix":3},{"Lantern":1,"Self Forming Clay":3,"Dead Branch":17,"Mango":21,"The Courier":19,"Pen Nib":27,"Juzu Bracelet":21,"Ancient Tea Set":28,"Burning Blood":0,"Old Coin":27,"Calling Bell":21,"Lizard Tail":1,"Ornamental Fan":21,"DollysMirror":24,"Strawberry":4,"Pantograph":17,"MutagenicStrength":19,"Bronze Scales":24,"Fusion Hammer":9,"FossilizedHelix":1},{"Lantern":3,"Self Forming Clay":10,"Dead Branch":65,"Mango":87,"The Courier":74,"Pen Nib":117,"Juzu Bracelet":87,"Ancient Tea Set":121,"Burning Blood":0,"Old Coin":117,"Calling Bell":87,"Lizard Tail":3,"Ornamental Fan":87,"DollysMirror":99,"Strawberry":12,"Pantograph":65,"MutagenicStrength":74,"Bronze Scales":99,"Fusion Hammer":35,"FossilizedHelix":3}],"Burning Blood":156},"card_choices":[{"not_picked":["Headbutt","Clothesline"],"picked":"Uppercut","floor":1.0},{"not_picked":["Perfected Strike","Wild Strike"],"picked":"Pommel Strike","floor":5.0},{"not_picked":["Havoc","Sword Boomerang"],"picked":"Intimidate","floor":6.0},{"not_picked":["Burning Pact","Corruption"],"picked":"Dropkick","floor":8.0},{"not_picked":["Cleave","Pommel Strike"],"picked":"Armaments","floor":10.0},{"not_picked":["Dark Embrace","Sword Boomerang"],"picked":"Headbutt","floor":11.0},{"not_picked":["Cleave","Flex"],"picked":"Carnage","floor":13.0},{"not_picked":["Second Wind","Clothesline"],"picked":"Spot Weakness","floor":14.0},{"not_picked":["Impervious","Corruption"],"picked":"Limit Break","floor":16.0},{"not_picked":["Havoc+1","Combust","Rampage"],"picked":"SKIP","floor":18.0},{"not_picked":["Sword Boomerang","Clothesline","Blood for Blood"],"picked":"SKIP","floor":19.0},{"not_picked":["Iron Wave","Feel No Pain","Evolve"],"picked":"SKIP","floor":20.0},{"not_picked":["Sever Soul","Bloodletting"],"picked":"Anger+1","floor":21.0},{"not_picked":["Clothesline","Second Wind+1","Combust+1"],"picked":"SKIP","floor":22.0},{"not_picked":["Perfected Strike+1","Clothesline"],"picked":"Heavy Blade","floor":25.0},{"not_picked":["Body Slam+1","Sever Soul","Anger"],"picked":"SKIP","floor":28.0},{"not_picked":["Clothesline","Immolate"],"picked":"Battle Trance","floor":29.0},{"not_picked":["Dual Wield","Rage"],"picked":"Spot Weakness","floor":31.0},{"not_picked":["Barricade","Offering"],"picked":"Limit Break","floor":33.0},{"not_picked":["Havoc+1","Twin Strike","Flex"],"picked":"SKIP","floor":35.0},{"not_picked":["Anger","Clothesline+1","Fiend Fire"],"picked":"SKIP","floor":36.0},{"not_picked":["Havoc+1","Dual Wield","Iron Wave"],"picked":"SKIP","floor":37.0},{"not_picked":["Iron Wave","Shrug It Off+1"],"picked":"Cleave+1","floor":39.0},{"not_picked":["Searing Blow","Battle Trance+1","Sword Boomerang"],"picked":"SKIP","floor":41},{"not_picked":["Havoc","Exhume","Pommel Strike"],"picked":"SKIP","floor":42},{"not_picked":["Violence","Mind Blast"],"picked":"Apotheosis","floor":44},{"not_picked":["Rage+1","Pummel","Warcry+1"],"picked":"SKIP","floor":45},{"not_picked":["Clash","Headbutt+1","Body Slam+1"],"picked":"SKIP","floor":48}],"player_experience":217377,"relics_obtained":[{"floor":6.0,"key":"Self Forming Clay"},{"floor":9.0,"key":"Strawberry"},{"floor":27.0,"key":"Dead Branch"},{"floor":27.0,"key":"Pantograph"},{"floor":29.0,"key":"The Courier"},{"floor":34.0,"key":"Juzu Bracelet"},{"floor":34.0,"key":"Ornamental Fan"},{"floor":34.0,"key":"Mango"},{"floor":42,"key":"Old Coin"},{"floor":43,"key":"Pen Nib"}],"event_choices":[{"damage_healed":0.0,"max_hp_gain":0.0,"max_hp_loss":0.0,"gold_gain":0.0,"event_name":"Big Fish","player_choice":"Box","floor":2.0,"gold_loss":0.0,"damage_taken":0.0,"relics_obtained":["Lantern"],"cards_obtained":["Regret"]},{"damage_healed":0.0,"max_hp_gain":0.0,"max_hp_loss":0.0,"gold_gain":0.0,"event_name":"Scrap Ooze","player_choice":"Success","floor":3.0,"gold_loss":0.0,"damage_taken":25.0,"relics_obtained":["FossilizedHelix"]},{"damage_healed":0.0,"max_hp_gain":0.0,"max_hp_loss":0.0,"gold_gain":0.0,"event_name":"Colosseum","player_choice":"Fight","floor":27.0,"gold_loss":0.0,"damage_taken":0.0},{"damage_healed":0.0,"max_hp_gain":0.0,"max_hp_loss":0.0,"gold_gain":0.0,"event_name":"Colosseum","player_choice":"Fought Nobs","floor":27.0,"gold_loss":0.0,"damage_taken":0.0},{"damage_healed":0.0,"max_hp_gain":0.0,"max_hp_loss":0.0,"gold_gain":0.0,"event_name":"Drug Dealer","player_choice":"Inject Mutagens","floor":30.0,"gold_loss":0.0,"damage_taken":0.0,"relics_obtained":["MutagenicStrength"]},{"damage_healed":0,"gold_gain":0,"player_choice":"Memory 1","damage_taken":0,"max_hp_gain":0,"max_hp_loss":0,"event_name":"SensoryStone","floor":44,"gold_loss":0},{"cards_removed":["Defend_R"],"damage_healed":0,"gold_gain":0,"player_choice":"Removed Skill","damage_taken":0,"max_hp_gain":0,"max_hp_loss":0,"event_name":"Falling","floor":46,"gold_loss":0}],"is_beta":false,"boss_relics":[{"not_picked":["Snecko Eye","Coffee Dripper"],"picked":"Fusion Hammer"},{"not_picked":["Tiny House","Mark of Pain"],"picked":"Calling Bell"}],"items_purged_floors":[4,24,38,47],"is_endless":false,"potions_floor_spawned":[8,11,14,18,20,22,27,27,35,36,42,45],"ascension_level":0}}