{"host":"y76x98twjnyyxs83","time":1610388397,"event":{"mods":["BaseMod","Colored Powertips","Minty Spire (QoL Compilation)","Permanent Neow","Quick Restart","Rare Cards Sparkle","Relic Stats","StSLib"],"gold_per_floor":[110,127,139,64,81,81,112,168,221,247,322,388,408,34,34,108,108,121,121,132,145,158,158,186,197,248,280,280,307,344,404,404,513,513,591,641,1640,1188,1265,1265,1296,577,625,701,713,759,771,841,853,865,877,889,901,41,104,104],"floor_reached":57,"playtime":3240,"items_purged":["Defend_P","Strike_P","Normality","Normality","Pain"],"score":3566,"play_id":"fa6febf2-6cd6-4d8d-b7e6-16823532da53","local_time":"20210112020637","is_ascension_mode":true,"campfire_choices":[{"data":"CrushJoints","floor":6.0,"key":"SMITH"},{"data":"Wallop","floor":15.0,"key":"SMITH"},{"floor":23.0,"key":"REST"},{"data":"Wish","floor":32.0,"key":"SMITH"},{"data":"WaveOfTheHand","floor":45.0,"key":"SMITH"},{"floor":49.0,"key":"RECALL"},{"data":"Fasting2","floor":53.0,"key":"SMITH"}],"circlet_count":0,"master_deck":["AscendersBane","Strike_P+1","Strike_P+1","Defend_P+1","Defend_P+1","Eruption+1","Vigilance+1","CrushJoints+1","WheelKick+1","Tantrum+1","Wallop+1","Worship+1","SandsOfTime+1","WheelKick","LessonLearned+1","WheelKick+1","Protect","DeusExMachina+1","Wireheading","WheelKick+1","Wish+1","Protect+1","Omniscience","Protect+1","Fasting2+1","Conclude","Dark Shackles+1","WaveOfTheHand+1","CutThroughFate","Wish+1","ThirdEye"],"relics":["Snecko Eye","StrikeDummy","Omamori","Blood Vial","Darkstone Periapt","DollysMirror","Calling Bell","Vajra","Blue Candle","Torii","Whetstone","GoldenEye","TungstenRod","Happy Flower","Empty Cage","ClockworkSouvenir","Mango","Lee\u0027s Waffle","Ice Cream","MawBank","Regal Pillow","WarpedTongs","Pantograph","CaptainsWheel","Centennial Puzzle","Frozen Eye","Yang"],"acts_visited":["Exordium","TheCity","TheBeyond","TheEnding"],"potions_floor_usage":[56,56],"damage_taken":[{"damage":0.0,"enemies":"Cultist","floor":1.0,"turns":3.0},{"damage":0.0,"enemies":"Jaw Worm","floor":2.0,"turns":2.0},{"damage":5.0,"enemies":"Small Slimes","floor":3.0,"turns":6.0},{"damage":0.0,"enemies":"Gremlin Gang","floor":5.0,"turns":3.0},{"damage":0.0,"enemies":"Lagavulin","floor":7.0,"turns":2.0},{"damage":11.0,"enemies":"Lagavulin Event","floor":8.0,"turns":3.0},{"damage":0.0,"enemies":"Gremlin Nob","floor":10.0,"turns":2.0},{"damage":0.0,"enemies":"Blue Slaver","floor":13.0,"turns":2.0},{"damage":0.0,"enemies":"Slime Boss","floor":16.0,"turns":3.0},{"damage":1.0,"enemies":"Chosen","floor":18.0,"turns":4.0},{"damage":22.0,"enemies":"2 Thieves","floor":20.0,"turns":3.0},{"damage":17.0,"enemies":"Snake Plant","floor":21.0,"turns":4.0},{"damage":0.0,"enemies":"Chosen and Byrds","floor":22.0,"turns":2.0},{"damage":0.0,"enemies":"Slavers","floor":24.0,"turns":2.0},{"damage":0.0,"enemies":"3 Cultists","floor":25.0,"turns":2.0},{"damage":10.0,"enemies":"Gremlin Leader","floor":27.0,"turns":3.0},{"damage":2.0,"enemies":"Book of Stabbing","floor":29.0,"turns":3.0},{"damage":5.0,"enemies":"Snake Plant","floor":30.0,"turns":2.0},{"damage":19.0,"enemies":"Slavers","floor":31.0,"turns":6.0},{"damage":6.0,"enemies":"Automaton","floor":33.0,"turns":5.0},{"damage":8.0,"enemies":"3 Shapes","floor":35.0,"turns":3.0},{"damage":7.0,"enemies":"Orb Walker","floor":36.0,"turns":2.0},{"damage":0.0,"enemies":"Transient","floor":39.0,"turns":6.0},{"damage":41.0,"enemies":"Nemesis","floor":41.0,"turns":5.0},{"damage":0.0,"enemies":"Reptomancer","floor":44.0,"turns":2.0},{"damage":0.0,"enemies":"Nemesis","floor":46.0,"turns":3.0},{"damage":0.0,"enemies":"Reptomancer","floor":48.0,"turns":1.0},{"damage":31.0,"enemies":"Donu and Deca","floor":50.0,"turns":7.0},{"damage":0.0,"enemies":"Time Eater","floor":51.0,"turns":8.0},{"damage":18.0,"enemies":"Shield and Spear","floor":55.0,"turns":7.0},{"damage":51,"enemies":"The Heart","floor":56,"turns":10}],"seed_played":"2696825087530954887","potions_obtained":[{"floor":1.0,"key":"BlessingOfTheForge"},{"floor":2.0,"key":"PowerPotion"},{"floor":3.0,"key":"EntropicBrew"},{"floor":7.0,"key":"EntropicBrew"},{"floor":13.0,"key":"Strength Potion"},{"floor":25.0,"key":"Ancient Potion"},{"floor":27.0,"key":"StancePotion"},{"floor":33.0,"key":"Ancient Potion"},{"floor":41.0,"key":"ColorlessPotion"}],"is_trial":false,"path_per_floor":["M","M","M","$","M","R","E","?","T","E","?","?","M","$","R","B",null,"M","?","M","M","M","R","E","M","T","E","?","E","M","E","R","B",null,"M","M","?","$","M","?","E","$","T","E","R","E","?","E","R","B","B",null,"R","$","E","B",null],"character_chosen":"WATCHER","items_purchased":["Worship","SandsOfTime","DollysMirror","ClockworkSouvenir","Fasting2","Conclude","Lee\u0027s Waffle","Ice Cream","WaveOfTheHand","SpeedPotion","CaptainsWheel","Centennial Puzzle","Frozen Eye"],"campfire_rested":1,"item_purchase_floors":[14,14,14,38,38,38,42,42,42,54,54,54,54],"current_hp_per_floor":[61,61,56,56,56,56,56,45,45,47,36,36,38,38,38,40,61,62,58,38,23,25,45,47,49,49,41,41,41,38,21,21,17,55,49,44,56,56,58,54,29,101,101,101,101,101,107,107,107,76,103,106,106,106,89,56],"gold":104,"neow_bonus":"BOSS_RELIC","is_daily":false,"chose_seed":false,"campfire_upgraded":5,"win_rate":0.0,"timestamp":1610388397,"path_taken":["M","M","M","$","M","R","E","?","T","E","?","?","M","$","R","BOSS","M","?","M","?","M","R","E","M","T","E","?","E","M","E","R","BOSS","M","M","?","$","M","?","E","$","T","E","R","E","?","E","R","BOSS","BOSS","R","$","E","BOSS"],"items_purchased_type":["Card","Card","Relic","Relic","Card","Card","Relic","Relic","Card","Potion","Relic","Relic","Relic"],"build_version":"2020-12-22","purchased_purges":5,"victory":true,"max_hp_per_floor":[68,68,68,68,68,68,68,68,68,68,68,68,68,68,68,68,68,68,68,68,68,68,68,68,68,68,68,68,68,68,68,68,68,68,68,68,80,80,80,80,94,101,101,101,101,101,107,107,107,107,107,107,107,107,107,107],"relic_stats":{"Darkstone Periapt":18,"Lee\u0027s Waffle":72,"Regal Pillow":0,"Torii":52,"Happy Flower":[19],"counters":[31,116],"Blue Candle":[2],"Yang":[17],"Whetstone":["Strike_P","Strike_P"],"GoldenEye":[73],"MawBank":132,"WarpedTongs":[28],"Blood Vial":39,"Centennial Puzzle":[6],"Pantograph":43,"Snecko Eye":[223,208,215,202],"obtain_stats":[{"Darkstone Periapt":10,"Ice Cream":42,"Regal Pillow":46,"Torii":17,"Vajra":17,"Mango":41,"Yang":55,"Whetstone":24,"Empty Cage":34,"ClockworkSouvenir":38,"Blood Vial":9,"Frozen Eye":54,"Centennial Puzzle":54,"DollysMirror":14,"Pantograph":48,"Lee\u0027s Waffle":42,"Happy Flower":31,"Blue Candle":17,"Omamori":8,"GoldenEye":27,"MawBank":43,"WarpedTongs":47,"Calling Bell":17,"CaptainsWheel":54,"Snecko Eye":0,"PureWater":0,"StrikeDummy":7,"TungstenRod":29},{"Darkstone Periapt":7,"Ice Cream":24,"Regal Pillow":26,"Torii":9,"Vajra":9,"Mango":24,"Yang":30,"Whetstone":14,"Empty Cage":20,"ClockworkSouvenir":22,"Blood Vial":6,"Frozen Eye":29,"Centennial Puzzle":29,"DollysMirror":8,"Pantograph":27,"Lee\u0027s Waffle":24,"Happy Flower":19,"Blue Candle":9,"Omamori":6,"GoldenEye":16,"MawBank":24,"WarpedTongs":26,"Calling Bell":9,"CaptainsWheel":29,"Snecko Eye":0,"PureWater":0,"StrikeDummy":5,"TungstenRod":17},{"Darkstone Periapt":21,"Ice Cream":78,"Regal Pillow":83,"Torii":26,"Vajra":26,"Mango":78,"Yang":106,"Whetstone":41,"Empty Cage":62,"ClockworkSouvenir":67,"Blood Vial":19,"Frozen Eye":99,"Centennial Puzzle":99,"DollysMirror":23,"Pantograph":84,"Lee\u0027s Waffle":78,"Happy Flower":57,"Blue Candle":26,"Omamori":19,"GoldenEye":46,"MawBank":78,"WarpedTongs":83,"Calling Bell":26,"CaptainsWheel":99,"Snecko Eye":0,"PureWater":0,"StrikeDummy":16,"TungstenRod":49}],"TungstenRod":50},"card_choices":[{"not_picked":["Adaptation","LikeWater","Vengeance"],"picked":"SKIP","floor":1.0},{"not_picked":["Vengeance","EmptyBody"],"picked":"CrushJoints","floor":2.0},{"not_picked":["SashWhip","JustLucky","Halt"],"picked":"SKIP","floor":3.0},{"not_picked":["Protect","FlyingSleeves"],"picked":"WheelKick","floor":5.0},{"not_picked":["LikeWater","Swivel"],"picked":"Tantrum","floor":7.0},{"not_picked":["Indignation","JustLucky"],"picked":"Wallop","floor":8.0},{"not_picked":["Evaluate","Crescendo","Devotion"],"picked":"SKIP","floor":10.0},{"not_picked":["Consecrate","EmptyMind","WreathOfFlame"],"picked":"SKIP","floor":13.0},{"not_picked":["Devotion","Scrawl"],"picked":"LessonLearned","floor":16.0},{"not_picked":["ClearTheMind+1","Evaluate","Consecrate"],"picked":"SKIP","floor":18.0},{"not_picked":["ClearTheMind","SashWhip"],"picked":"WheelKick","floor":20.0},{"not_picked":["Evaluate","ForeignInfluence"],"picked":"Protect","floor":21.0},{"not_picked":["InnerPeace","BowlingBash"],"picked":"DeusExMachina","floor":22.0},{"not_picked":["CrushJoints","SignatureMove"],"picked":"Wireheading","floor":24.0},{"not_picked":["Collect","FlyingSleeves+1","WheelKick"],"picked":"SKIP","floor":25.0},{"not_picked":["Protect","Sanctity"],"picked":"WheelKick","floor":27.0},{"not_picked":["Swivel","Wireheading"],"picked":"Wish","floor":29.0},{"not_picked":["ClearTheMind","Wireheading+1"],"picked":"Protect+1","floor":30.0},{"not_picked":["ClearTheMind","Halt","Devotion"],"picked":"SKIP","floor":31.0},{"not_picked":["SpiritShield","Establishment"],"picked":"Omniscience","floor":33.0},{"not_picked":["WheelKick","InnerPeace"],"picked":"Protect","floor":35.0},{"not_picked":["MentalFortress","Prostrate","CrushJoints"],"picked":"SKIP","floor":36.0},{"not_picked":["ClearTheMind+1","Consecrate","ReachHeaven"],"picked":"SKIP","floor":39.0},{"not_picked":["Mayhem","Mind Blast"],"picked":"Dark Shackles","floor":40.0},{"not_picked":["Indignation","Perseverance+1","EmptyFist"],"picked":"SKIP","floor":41.0},{"not_picked":["CrushJoints","Sanctity"],"picked":"CutThroughFate","floor":44.0},{"not_picked":["CarveReality","Perseverance"],"picked":"Wish","floor":46.0},{"not_picked":["DeceiveReality+1","InnerPeace+1","SandsOfTime"],"picked":"SKIP","floor":48.0},{"not_picked":["JustLucky","FlurryOfBlows"],"picked":"ThirdEye","floor":55.0}],"player_experience":1119188,"relics_obtained":[{"floor":7.0,"key":"StrikeDummy"},{"floor":8.0,"key":"Omamori"},{"floor":9.0,"key":"Blood Vial"},{"floor":10.0,"key":"Darkstone Periapt"},{"floor":17.0,"key":"Vajra"},{"floor":17.0,"key":"Blue Candle"},{"floor":17.0,"key":"Torii"},{"floor":24.0,"key":"Whetstone"},{"floor":27.0,"key":"GoldenEye"},{"floor":29.0,"key":"TungstenRod"},{"floor":31.0,"key":"Happy Flower"},{"floor":41.0,"key":"Mango"},{"floor":43.0,"key":"MawBank"},{"floor":46.0,"key":"Regal Pillow"},{"floor":48.0,"key":"Pantograph"},{"floor":55.0,"key":"Yang"}],"event_choices":[{"damage_healed":0.0,"max_hp_gain":0.0,"max_hp_loss":0.0,"gold_gain":0.0,"event_name":"Dead Adventurer","player_choice":"Searched \u00271\u0027 times","floor":8.0,"gold_loss":0.0,"damage_taken":0.0},{"damage_healed":0.0,"max_hp_gain":0.0,"max_hp_loss":0.0,"gold_gain":75.0,"event_name":"World of Goop","player_choice":"Gather Gold","floor":11.0,"gold_loss":0.0,"damage_taken":11.0},{"damage_healed":0.0,"max_hp_gain":0.0,"max_hp_loss":0.0,"gold_gain":66.0,"event_name":"Golden Wing","player_choice":"Gained Gold","floor":12.0,"gold_loss":0.0,"damage_taken":0.0},{"damage_healed":0.0,"max_hp_gain":0.0,"max_hp_loss":0.0,"gold_gain":0.0,"event_name":"The Woman in Blue","player_choice":"Bought 0 Potions","floor":19.0,"gold_loss":0.0,"damage_taken":0.0},{"damage_healed":0.0,"max_hp_gain":0.0,"max_hp_loss":0.0,"gold_gain":0.0,"event_name":"Forgotten Altar","player_choice":"Smashed Altar","floor":28.0,"gold_loss":0.0,"damage_taken":0.0,"cards_obtained":["Decay"]},{"damage_healed":0.0,"max_hp_gain":0.0,"max_hp_loss":0.0,"gold_gain":999.0,"event_name":"MindBloom","player_choice":"Gold","floor":37.0,"gold_loss":0.0,"damage_taken":0.0,"cards_obtained":["Normality","Normality"]},{"damage_healed":0.0,"max_hp_gain":0.0,"max_hp_loss":0.0,"gold_gain":0.0,"event_name":"SensoryStone","player_choice":"Memory 2","floor":40.0,"gold_loss":0.0,"damage_taken":5.0},{"damage_healed":0.0,"max_hp_gain":0.0,"max_hp_loss":0.0,"gold_gain":0.0,"event_name":"Accursed Blacksmith","player_choice":"Rummage","floor":47.0,"gold_loss":0.0,"damage_taken":0.0,"relics_obtained":["WarpedTongs"],"cards_obtained":["Pain"]}],"is_beta":false,"boss_relics":[{"not_picked":["Runic Pyramid","Sozu"],"picked":"Calling Bell"},{"not_picked":["Tiny House","Velvet Choker"],"picked":"Empty Cage"}],"items_purged_floors":[4,14,38,42,54],"is_endless":false,"potions_floor_spawned":[1,2,3,7,13,16,20,22,25,27,29,33,41,44],"ascension_level":20}}