{"host":"92108ef2q9tm8rod","time":1610365417,"event":{"mods":["BaseMod","Defuse TimeMaze Blight","Minty Spire (QoL Compilation)","StSLib","The Jungle"],"gold_per_floor":[114,133,152,77,94,119,119,132,132,132,132,167,181,191,191,287,287,303,303,156,172,172,172,197,197,197,226,226,226,261,276,276,379,379,395,144,144,162,179,204,234,0,23,48,68,68,83,83,83,83],"floor_reached":51,"playtime":2029,"items_purged":["Genetic Algorithm","Self Repair"],"score":1130,"play_id":"a66f6fcf-29fa-4b19-858f-1efbc07e0ee3","local_time":"20210111114337","daily_mods":["SealedDeck","Purple Cards","Heirloom","Flight"],"is_ascension_mode":false,"campfire_choices":[{"data":"SignatureMove","floor":7.0,"key":"SMITH"},{"data":"Redo","floor":10.0,"key":"SMITH"},{"data":"Redo","floor":11.0,"key":"SMITH"},{"data":"PathToVictory","floor":15.0,"key":"SMITH"},{"data":"Recycle","floor":23,"key":"SMITH"},{"data":"Prostrate","floor":25,"key":"SMITH"},{"data":"Tempest","floor":28,"key":"SMITH"},{"data":"Conserve Battery","floor":29,"key":"SMITH"},{"data":"WaveOfTheHand","floor":32,"key":"SMITH"},{"data":"Devotion","floor":46,"key":"SMITH"},{"data":"ThirdEye","floor":49,"key":"SMITH"}],"circlet_count":0,"master_deck":["WaveOfTheHand+1","ThirdEye+1","Conserve Battery+1","Redo+1","Tempest+1","Redo+1","Prostrate+1","SignatureMove+1","PathToVictory+1","Recycle+1","Devotion+1","Prostrate+1"],"relics":["Cracked Core","Unceasing Top","Bottled Flame","Pantograph","Art of War","Busted Crown","Chemical X","Gambling Chip","Mercury Hourglass","White Beast Statue","Omamori","SacredBark","Medical Kit","Oddly Smooth Stone","Eternal Feather","Red Mask","Strawberry","Orichalcum"],"acts_visited":["Exordium","Exordium","TheBeyond"],"potions_floor_usage":[16,21,31,33,40,44,50,50,50],"damage_taken":[{"damage":0.0,"enemies":"2 Louse","floor":1.0,"turns":2.0},{"damage":0.0,"enemies":"Cultist","floor":2.0,"turns":2.0},{"damage":0.0,"enemies":"Jaw Worm","floor":3.0,"turns":2.0},{"damage":0.0,"enemies":"3 Louse","floor":5.0,"turns":3.0},{"damage":13.0,"enemies":"3 Sentries","floor":6.0,"turns":6.0},{"damage":2.0,"enemies":"2 Fungi Beasts","floor":8.0,"turns":3.0},{"damage":12.0,"enemies":"Gremlin Nob","floor":12.0,"turns":3.0},{"damage":0.0,"enemies":"Red Slaver","floor":13.0,"turns":1.0},{"damage":0.0,"enemies":"Blue Slaver","floor":14.0,"turns":1.0},{"damage":0,"enemies":"Slime Boss","floor":16,"turns":5},{"damage":3,"enemies":"theJungle:Flameango_and_Byrd","floor":18,"turns":4},{"damage":0,"enemies":"theJungle:GiantWrat","floor":21,"turns":2},{"damage":0,"enemies":"theJungle:MamaSnecko","floor":24,"turns":4},{"damage":3,"enemies":"theJungle:Cassacara","floor":27,"turns":3},{"damage":0,"enemies":"theJungle:MamaSnecko","floor":30,"turns":3},{"damage":0,"enemies":"theJungle:Lyon","floor":31,"turns":1},{"damage":0,"enemies":"theJungle:FunGuy","floor":33,"turns":4},{"damage":0,"enemies":"Orb Walker","floor":35,"turns":2},{"damage":0,"enemies":"3 Darklings","floor":38,"turns":3},{"damage":0,"enemies":"Sphere and 2 Shapes","floor":39,"turns":2},{"damage":0,"enemies":"Reptomancer","floor":40,"turns":3},{"damage":0,"enemies":"Giant Head","floor":41,"turns":4},{"damage":9,"enemies":"Nemesis","floor":44,"turns":3},{"damage":0,"enemies":"Transient","floor":45,"turns":5},{"damage":0,"enemies":"Jaw Worm Horde","floor":47,"turns":3},{"damage":0,"enemies":"Donu and Deca","floor":50,"turns":3}],"seed_played":"8527975181354409024","potions_obtained":[{"floor":1.0,"key":"Regen Potion"},{"floor":6.0,"key":"ColorlessPotion"},{"floor":12.0,"key":"DistilledChaos"},{"floor":13.0,"key":"Weak Potion"},{"floor":16,"key":"FearPotion"},{"floor":21,"key":"Block Potion"},{"floor":27,"key":"LiquidMemories"},{"floor":31,"key":"Dexterity Potion"},{"floor":33,"key":"Strength Potion"},{"floor":40,"key":"FocusPotion"},{"floor":41,"key":"DuplicationPotion"},{"floor":44,"key":"SkillPotion"},{"floor":45,"key":"ColorlessPotion"}],"is_trial":true,"path_per_floor":["M","M","M","$","M","E","R","M","T","R","R","E","M","M","R","B",null,"M","?","$","M","$","R","E","R","T","E","R","R","E","M","R","B",null,"M","$","?","M","M","E","E","?","T","E","M","R","M","$","R","B",null],"character_chosen":"DEFECT","items_purchased":["Chemical X","Medical Kit"],"campfire_rested":0,"item_purchase_floors":[20,36],"current_hp_per_floor":[75,75,75,75,75,69,69,74,74,74,74,62,62,62,62,75,75,75,75,75,75,75,75,75,75,75,75,75,75,75,75,75,75,75,75,75,75,75,75,75,75,75,82,73,73,79,79,79,82,82],"gold":83,"neow_bonus":"","is_daily":false,"chose_seed":false,"campfire_upgraded":11,"win_rate":0.0,"timestamp":1610365417,"path_taken":["M","M","M","$","M","E","R","M","T","R","R","E","M","M","R","BOSS","M","?","$","M","$","R","E","R","T","E","R","R","E","M","R","BOSS","M","$","?","?","M","E","E","?","T","E","M","R","M","$","R","BOSS"],"items_purchased_type":["Relic","Relic"],"build_version":"2020-12-22","purchased_purges":2,"victory":true,"max_hp_per_floor":[75,75,75,75,75,75,75,75,75,75,75,75,75,75,75,75,75,75,75,75,75,75,75,75,75,75,75,75,75,75,75,75,75,75,75,75,75,75,75,75,75,75,82,82,82,82,82,82,82,82],"card_choices":[{"not_picked":["Redo","ClearTheMind","Evaluate"],"picked":"SKIP","floor":1.0},{"not_picked":["SignatureMove","Stack","Multi-Cast"],"picked":"SKIP","floor":2.0},{"not_picked":["Rebound","Streamline"],"picked":"PathToVictory","floor":3.0},{"not_picked":["Stack","Sweeping Beam","Static Discharge"],"picked":"SKIP","floor":5.0},{"not_picked":["Force Field","Compile Driver","Aggregate"],"picked":"SKIP","floor":6.0},{"not_picked":["ClearTheMind","Double Energy","Wallop"],"picked":"SKIP","floor":8.0},{"not_picked":["Glacier","Hyperbeam","FlyingSleeves"],"picked":"SKIP","floor":12.0},{"not_picked":["Fasting2","Nirvana","Sweeping Beam"],"picked":"SKIP","floor":13.0},{"not_picked":["Go for the Eyes","Consecrate","Evaluate"],"picked":"SKIP","floor":14.0},{"not_picked":[],"picked":"Recycle","floor":18},{"not_picked":["Stack"],"picked":"SKIP","floor":21},{"not_picked":["ConjureBlade"],"picked":"SKIP","floor":24},{"not_picked":["Melter"],"picked":"SKIP","floor":27},{"not_picked":["SashWhip"],"picked":"SKIP","floor":30},{"not_picked":["EmptyFist"],"picked":"SKIP","floor":31},{"not_picked":[],"picked":"Devotion","floor":33},{"not_picked":["SashWhip"],"picked":"SKIP","floor":35},{"not_picked":["Lockon+1"],"picked":"SKIP","floor":38},{"not_picked":["Barrage+1"],"picked":"SKIP","floor":39},{"not_picked":["CutThroughFate+1"],"picked":"SKIP","floor":40},{"not_picked":["Go for the Eyes+1"],"picked":"SKIP","floor":41},{"not_picked":["Rebound"],"picked":"SKIP","floor":44},{"not_picked":["PathToVictory+1"],"picked":"SKIP","floor":45},{"not_picked":[],"picked":"Prostrate+1","floor":47}],"player_experience":3271436,"relics_obtained":[{"floor":6.0,"key":"Bottled Flame"},{"floor":9.0,"key":"Pantograph"},{"floor":12.0,"key":"Art of War"},{"floor":24,"key":"Gambling Chip"},{"floor":26,"key":"Mercury Hourglass"},{"floor":27,"key":"White Beast Statue"},{"floor":30,"key":"Omamori"},{"floor":40,"key":"Oddly Smooth Stone"},{"floor":41,"key":"Eternal Feather"},{"floor":43,"key":"Strawberry"},{"floor":44,"key":"Orichalcum"}],"event_choices":[{"damage_healed":0,"gold_gain":0,"player_choice":"Ignored","damage_taken":0,"max_hp_gain":0,"max_hp_loss":0,"event_name":"Purifier","floor":37,"gold_loss":0},{"damage_healed":0,"gold_gain":0,"player_choice":"Paid","damage_taken":0,"relics_obtained":["Red Mask"],"max_hp_gain":0,"max_hp_loss":0,"event_name":"Tomb of Lord Red Mask","floor":42,"gold_loss":234}],"is_beta":false,"boss_relics":[{"not_picked":["Runic Pyramid","Inserter"],"picked":"Busted Crown"},{"not_picked":["Sozu","Snecko Eye"],"picked":"SacredBark"}],"items_purged_floors":[4,36],"is_endless":false,"potions_floor_spawned":[1,6,12,13,14,16,21,27,30,31,33,35,38,39,40,41,44,45,47],"ascension_level":0}}