{"host":"7rmsgc3rayi00cdt","time":1610395949,"event":{"mods":["BaseMod","Minty Spire (QoL Compilation)"],"gold_per_floor":[114,39,58,77,77,77,103,133,133,133,133,133,152,165,165,236,236,252,265,265,265,190,190,215,226,226,226,226,226,226],"floor_reached":29,"playtime":983,"items_purged":[],"score":434,"play_id":"cbf3ef66-7734-468d-b5e3-c15b05136505","local_time":"20210111201229","is_ascension_mode":true,"campfire_choices":[{"floor":6,"key":"REST"},{"floor":10,"key":"REST"},{"floor":12,"key":"REST"},{"floor":15,"key":"REST"},{"floor":23,"key":"REST"},{"floor":28,"key":"REST"}],"circlet_count":0,"master_deck":["AscendersBane","Strike_B","Strike_B","Defend_B","Defend_B","Defend_B","Defend_B","Zap","Dualcast","Swift Strike","Scrape","FTL","Rebound","Seek","FTL","Chill","Beam Cell","Stack"],"relics":["Cracked Core","Peace Pipe","Kunai","Juzu Bracelet","Nuclear Battery","Centennial Puzzle","Gremlin Horn","MealTicket","Cables"],"acts_visited":["Exordium","TheCity"],"potions_floor_usage":[14,29],"damage_taken":[{"damage":1,"enemies":"2 Louse","floor":1,"turns":2},{"damage":3,"enemies":"Jaw Worm","floor":3,"turns":4},{"damage":13,"enemies":"Small Slimes","floor":4,"turns":3},{"damage":48,"enemies":"Lagavulin","floor":7,"turns":7},{"damage":4,"enemies":"Blue Slaver","floor":13,"turns":3},{"damage":12,"enemies":"Large Slime","floor":14,"turns":4},{"damage":43,"enemies":"The Guardian","floor":16,"turns":18},{"damage":1,"enemies":"3 Byrds","floor":18,"turns":5},{"damage":12,"enemies":"Spheric Guardian","floor":19,"turns":4},{"damage":30,"enemies":"Slavers","floor":24,"turns":8},{"damage":8,"enemies":"3 Cultists","floor":25,"turns":6},{"damage":54,"enemies":"Book of Stabbing","floor":29,"turns":6}],"seed_played":"-7225914898802883776","potions_obtained":[{"floor":4,"key":"CultistPotion"},{"floor":13,"key":"LiquidBronze"},{"floor":19,"key":"LiquidMemories"}],"is_trial":false,"path_per_floor":["M","?","M","M","?","R","E","?","T","R","T","R","M","M","R","B",null,"M","M","$","?","?","R","E","M","T","T","R","E"],"character_chosen":"DEFECT","items_purchased":[],"campfire_rested":6,"item_purchase_floors":[],"current_hp_per_floor":[63,63,60,47,40,61,13,13,13,34,34,55,51,39,60,17,58,57,45,45,45,45,66,36,28,28,28,49,0,0],"gold":226,"neow_bonus":"RANDOM_COLORLESS","is_daily":false,"chose_seed":false,"campfire_upgraded":0,"win_rate":0.0,"timestamp":1610395949,"path_taken":["M","?","M","M","?","R","E","?","T","R","?","R","M","M","R","BOSS","M","M","$","?","?","R","E","M","T","?","R","E"],"items_purchased_type":[],"build_version":"2020-12-22","purchased_purges":0,"victory":false,"max_hp_per_floor":[71,71,71,71,71,71,71,71,71,71,71,71,71,71,71,71,71,71,71,71,71,71,71,71,71,71,71,71,71,71],"card_choices":[{"not_picked":["Panacea","PanicButton"],"picked":"Swift Strike","floor":0},{"not_picked":["Capacitor","Reprogram","Force Field"],"picked":"SKIP","floor":1},{"not_picked":["Sweeping Beam","Steam","Barrage"],"picked":"SKIP","floor":3},{"not_picked":["Streamline","Go for the Eyes"],"picked":"Scrape","floor":4},{"not_picked":["Coolheaded","Reprogram"],"picked":"FTL","floor":7},{"not_picked":["Conserve Battery","Barrage","Stack"],"picked":"SKIP","floor":13},{"not_picked":["Hologram","Chaos"],"picked":"Rebound","floor":14},{"not_picked":["Amplify","Hyperbeam"],"picked":"Seek","floor":16},{"not_picked":["Loop+1","Capacitor"],"picked":"FTL","floor":18},{"not_picked":["Hologram","Doom and Gloom+1"],"picked":"Chill","floor":19},{"not_picked":["Rip and Tear+1","Biased Cognition"],"picked":"Beam Cell","floor":24},{"not_picked":["Heatsinks","Glacier"],"picked":"Stack","floor":25}],"player_experience":758812,"relics_obtained":[{"floor":7,"key":"Peace Pipe"},{"floor":9,"key":"Kunai"},{"floor":11,"key":"Juzu Bracelet"},{"floor":24,"key":"Gremlin Horn"},{"floor":26,"key":"MealTicket"},{"floor":27,"key":"Cables"}],"event_choices":[{"cards_removed":["Strike_B"],"damage_healed":0,"gold_gain":0,"player_choice":"Card Removal","damage_taken":0,"max_hp_gain":0,"max_hp_loss":0,"event_name":"The Cleric","floor":2,"gold_loss":75},{"cards_removed":["Strike_B"],"damage_healed":0,"gold_gain":0,"player_choice":"Card Removal","damage_taken":7,"max_hp_gain":0,"max_hp_loss":0,"event_name":"Golden Wing","floor":5,"gold_loss":0},{"damage_healed":0,"gold_gain":30,"player_choice":"Searched \u00271\u0027 times","damage_taken":0,"max_hp_gain":0,"max_hp_loss":0,"event_name":"Dead Adventurer","floor":8,"gold_loss":0},{"damage_healed":0,"gold_gain":0,"player_choice":"Opened","damage_taken":0,"relics_obtained":["Centennial Puzzle"],"max_hp_gain":0,"max_hp_loss":0,"event_name":"The Mausoleum","floor":21,"gold_loss":0,"cards_obtained":["Writhe"]},{"cards_removed":["Writhe"],"damage_healed":0,"gold_gain":0,"player_choice":"Gave Gold","damage_taken":0,"max_hp_gain":0,"max_hp_loss":0,"event_name":"Beggar","floor":22,"gold_loss":75}],"is_beta":false,"boss_relics":[{"not_picked":["Coffee Dripper","Astrolabe"],"picked":"Nuclear Battery"}],"items_purged_floors":[],"is_endless":false,"potions_floor_spawned":[4,13,19,25],"killed_by":"Book of Stabbing","ascension_level":16}}