{"host":"8xi53560pl5zaoq2","time":1610380781,"event":{"mods":["BaseMod","Colored Map","Highlight Path","Minty Spire (QoL Compilation)","StSLib","Synergy Search"],"gold_per_floor":[209,224,224,239,252,252,21,21,21,21,34,68,68,94,94,172,172,152,152,163,179,28,28,28,43,43,3,18,18,18,35,35,112,112,129,129,143,143,143,143,172,183,183,183,203,203,222,232,232,232,232],"floor_reached":50,"playtime":2698,"items_purged":[],"score":908,"play_id":"22ab7a19-0fda-45ab-ab66-0dd4113e87c6","local_time":"20210111085941","is_ascension_mode":true,"campfire_choices":[{"data":"Neutralize","floor":6,"key":"SMITH"},{"data":"Footwork","floor":8,"key":"SMITH"},{"floor":13,"key":"REST"},{"data":"Noxious Fumes","floor":15,"key":"SMITH"},{"data":"Envenom","floor":23,"key":"SMITH"},{"data":"Catalyst","floor":30,"key":"SMITH"},{"data":"Dodge and Roll","floor":32,"key":"SMITH"},{"data":"Backflip","floor":40,"key":"SMITH"},{"floor":44,"key":"REST"},{"data":"Neutralize","floor":46,"key":"SMITH"},{"floor":49,"key":"REST"}],"circlet_count":0,"master_deck":["AscendersBane","Strike_G+1","Strike_G+1","Strike_G+1","Strike_G+1","Strike_G+1","Defend_G+1","Defend_G+1","Defend_G+1","Defend_G+1","Defend_G+1","Survivor","Neutralize+1","Terror+1","Cloak And Dagger","Footwork+1","Dodge and Roll+1","Noxious Fumes+1","Envenom+1","Catalyst+1","All Out Attack","Neutralize+1","Deadly Poison+1","Backflip+1","Escape Plan","Deadly Poison","Night Terror","Heel Hook","Dramatic Entrance","Endless Agony","Escape Plan","Leg Sweep"],"relics":["Ring of the Snake","Lee\u0027s Waffle","InkBottle","Letter Opener","Blue Candle","Lantern","WristBlade","Oddly Smooth Stone","Meat on the Bone","Busted Crown","Art of War","White Beast Statue"],"acts_visited":["Exordium","TheCity","TheBeyond"],"potions_floor_usage":[35,37,41,50,50],"damage_taken":[{"damage":5,"enemies":"Cultist","floor":1,"turns":6},{"damage":12,"enemies":"Jaw Worm","floor":2,"turns":6},{"damage":1,"enemies":"Small Slimes","floor":4,"turns":4},{"damage":3,"enemies":"Red Slaver","floor":5,"turns":5},{"damage":0,"enemies":"3 Louse","floor":11,"turns":5},{"damage":25,"enemies":"Gremlin Nob","floor":12,"turns":4},{"damage":10,"enemies":"Lagavulin","floor":14,"turns":10},{"damage":5,"enemies":"The Guardian","floor":16,"turns":12},{"damage":19,"enemies":"2 Thieves","floor":18,"turns":4},{"damage":0,"enemies":"Chosen","floor":20,"turns":5},{"damage":13,"enemies":"Snecko","floor":21,"turns":5},{"damage":4,"enemies":"Sentry and Sphere","floor":25,"turns":6},{"damage":13,"enemies":"Shelled Parasite and Fungi","floor":28,"turns":6},{"damage":12,"enemies":"Snake Plant","floor":31,"turns":4},{"damage":47,"enemies":"Champ","floor":33,"turns":11},{"damage":32,"enemies":"3 Darklings","floor":35,"turns":7},{"damage":16,"enemies":"Orb Walker","floor":37,"turns":4},{"damage":0,"enemies":"Reptomancer","floor":41,"turns":6},{"damage":26,"enemies":"4 Shapes","floor":42,"turns":5},{"damage":2,"enemies":"Spire Growth","floor":45,"turns":4},{"damage":10,"enemies":"Maw","floor":47,"turns":5},{"damage":0,"enemies":"Sphere and 2 Shapes","floor":48,"turns":5},{"damage":68,"enemies":"Donu and Deca","floor":50,"turns":7}],"seed_played":"-8253510535016487025","potions_obtained":[{"floor":4,"key":"Ancient Potion"},{"floor":5,"key":"SpeedPotion"},{"floor":16,"key":"Poison Potion"},{"floor":18,"key":"LiquidMemories"},{"floor":21,"key":"LiquidMemories"},{"floor":35,"key":"GamblersBrew"},{"floor":37,"key":"Weak Potion"},{"floor":45,"key":"Ancient Potion"},{"floor":47,"key":"DistilledChaos"}],"is_trial":false,"path_per_floor":["M","M","?","M","M","R","$","R","T","?","M","E","R","E","R","B",null,"M","?","M","M","$","R","?","M","T","$","M","?","R","M","R","B",null,"M","?","M","?","?","R","E","M","T","R","M","R","M","M","R","B"],"character_chosen":"THE_SILENT","items_purchased":["Lee\u0027s Waffle","Footwork","Oddly Smooth Stone","Escape Plan"],"campfire_rested":3,"item_purchase_floors":[7,7,22,27],"current_hp_per_floor":[54,42,42,41,38,38,73,73,73,73,73,48,69,59,59,54,68,49,49,49,36,36,36,36,32,32,32,31,73,73,61,61,26,61,41,41,37,32,32,32,44,30,30,51,49,49,39,39,60,0,0],"gold":232,"neow_bonus":"HUNDRED_GOLD","is_daily":false,"chose_seed":false,"campfire_upgraded":8,"win_rate":0.0,"timestamp":1610380781,"path_taken":["M","M","?","?","M","R","$","R","T","?","?","E","R","E","R","BOSS","M","?","?","M","$","R","?","M","T","$","M","?","R","?","R","BOSS","M","?","?","?","?","R","E","?","T","R","M","R","M","M","R","BOSS"],"items_purchased_type":["Relic","Card","Relic","Card"],"build_version":"2020-12-22","purchased_purges":0,"victory":false,"max_hp_per_floor":[66,66,66,66,66,66,73,73,73,73,73,73,73,73,73,73,73,73,73,73,73,73,73,73,73,73,73,73,73,73,73,73,73,73,73,73,73,73,73,73,73,73,73,73,73,73,73,73,73,73,73],"card_choices":[{"not_picked":["PiercingWail","Bane"],"picked":"Underhanded Strike","floor":1},{"not_picked":["Backstab","Masterful Stab"],"picked":"Terror","floor":2},{"not_picked":["Poisoned Stab","Acrobatics"],"picked":"Cloak And Dagger","floor":4},{"not_picked":["Tactician","Malaise","Skewer"],"picked":"SKIP","floor":5},{"not_picked":["Outmaneuver","Cloak And Dagger","PiercingWail"],"picked":"SKIP","floor":11},{"not_picked":["Quick Slash","Dagger Throw"],"picked":"Dodge and Roll","floor":12},{"not_picked":["Quick Slash","Terror"],"picked":"Noxious Fumes","floor":14},{"not_picked":["Doppelganger","Tools of the Trade"],"picked":"Envenom","floor":16},{"not_picked":["Backflip","Endless Agony"],"picked":"Catalyst","floor":18},{"not_picked":["Outmaneuver","Skewer"],"picked":"Deadly Poison+1","floor":20},{"not_picked":["PiercingWail","Malaise","Dagger Spray+1"],"picked":"SKIP","floor":21},{"not_picked":["Bouncing Flask","Predator"],"picked":"Backflip","floor":25},{"not_picked":["Choke","Endless Agony","Skewer"],"picked":"SKIP","floor":28},{"not_picked":["Tactician+1","Cloak And Dagger"],"picked":"Deadly Poison","floor":31},{"not_picked":["Unload","Phantasmal Killer"],"picked":"Night Terror","floor":33},{"not_picked":[],"picked":"Heel Hook","floor":35},{"not_picked":["Dodge and Roll"],"picked":"SKIP","floor":37},{"not_picked":[],"picked":"Dramatic Entrance","floor":38},{"not_picked":[],"picked":"Endless Agony","floor":41},{"not_picked":[],"picked":"Escape Plan","floor":42},{"not_picked":["Masterful Stab"],"picked":"SKIP","floor":45},{"not_picked":[],"picked":"Leg Sweep","floor":47},{"not_picked":["Prepared"],"picked":"SKIP","floor":48}],"player_experience":1289746,"relics_obtained":[{"floor":9,"key":"InkBottle"},{"floor":12,"key":"Blue Candle"},{"floor":14,"key":"Lantern"},{"floor":26,"key":"Meat on the Bone"},{"floor":41,"key":"Art of War"},{"floor":43,"key":"White Beast Statue"}],"event_choices":[{"damage_healed":0,"gold_gain":0,"player_choice":"Forge","damage_taken":0,"max_hp_gain":0,"max_hp_loss":0,"event_name":"Accursed Blacksmith","floor":3,"gold_loss":0,"cards_upgraded":["Terror"]},{"damage_healed":0,"gold_gain":0,"player_choice":"Gave Potion","damage_taken":0,"relics_obtained":["Letter Opener"],"max_hp_gain":0,"max_hp_loss":0,"event_name":"WeMeetAgain","floor":10,"gold_loss":0},{"damage_healed":0,"gold_gain":0,"player_choice":"2 cards matched","damage_taken":0,"max_hp_gain":0,"max_hp_loss":0,"event_name":"Match and Keep!","floor":19,"gold_loss":0,"cards_obtained":["All Out Attack","Neutralize"]},{"damage_healed":0,"gold_gain":0,"player_choice":"Simplicity","damage_taken":0,"max_hp_gain":0,"max_hp_loss":0,"event_name":"Back to Basics","floor":24,"gold_loss":0,"cards_upgraded":["Strike_G","Strike_G","Strike_G","Strike_G","Strike_G","Defend_G","Defend_G","Defend_G","Defend_G","Defend_G"]},{"damage_healed":42,"gold_gain":0,"player_choice":"Full Heal","damage_taken":0,"max_hp_gain":0,"max_hp_loss":0,"event_name":"Wheel of Change","floor":29,"gold_loss":0},{"damage_healed":0,"gold_gain":0,"player_choice":"Bought 0 Potions","damage_taken":0,"max_hp_gain":0,"max_hp_loss":0,"event_name":"The Woman in Blue","floor":36,"gold_loss":0},{"damage_healed":0,"gold_gain":0,"player_choice":"Memory 2","damage_taken":5,"max_hp_gain":0,"max_hp_loss":0,"event_name":"SensoryStone","floor":38,"gold_loss":0},{"cards_removed":["Underhanded Strike"],"damage_healed":0,"gold_gain":0,"player_choice":"Card Removal","damage_taken":0,"max_hp_gain":0,"max_hp_loss":0,"event_name":"Wheel of Change","floor":39,"gold_loss":0}],"is_beta":false,"boss_relics":[{"not_picked":["Sozu","Empty Cage"],"picked":"WristBlade"},{"not_picked":["Runic Pyramid","Coffee Dripper"],"picked":"Busted Crown"}],"items_purged_floors":[],"is_endless":false,"potions_floor_spawned":[4,5,16,18,21,31,33,35,37,45,47,48],"killed_by":"Donu and Deca","ascension_level":14}}