{"host":"tjq6rykv202u6iqx","time":1610377398,"event":{"mods":["AchievementEnabler","BaseMod","Minty Spire (QoL Compilation)","Rare Cards Sparkle","Relic Stats"],"gold_per_floor":[111,386,95,108,33,60,60,93,93,120,133,151,73,73,73,149,149,163,163,180,200,214,214,226,253,299,299,299],"floor_reached":27,"playtime":1982,"items_purged":["Regret"],"score":514,"play_id":"3c504936-9cae-477f-bdd0-9034a9e1c80b","local_time":"20210111090318","is_ascension_mode":true,"campfire_choices":[{"data":"Carnage","floor":7.0,"key":"SMITH"},{"data":"Demon Form","floor":15.0,"key":"SMITH"},{"data":"Corruption","floor":23,"key":"SMITH"}],"circlet_count":0,"master_deck":["AscendersBane","Strike_R","Strike_R","Strike_R","Strike_R","Defend_R","Defend_R","Defend_R","Defend_R","Bash","Clothesline","Corruption+1","Exhume","Twin Strike","Shrug It Off","Juggernaut+1","Shrug It Off","Carnage+1","Ghostly Armor","Thunderclap","Demon Form+1","Dark Embrace","Sword Boomerang","Feel No Pain","Limit Break","Havoc","Battle Trance+1","Infernal Blade"],"relics":["Burning Blood","NeowsBlessing","Orrery","Lizard Tail","Oddly Smooth Stone","InkBottle","Potion Belt","Busted Crown","Ornamental Fan"],"acts_visited":["Exordium","TheCity"],"potions_floor_usage":[22,25],"damage_taken":[{"damage":0.0,"enemies":"Jaw Worm","floor":1.0,"turns":1.0},{"damage":0.0,"enemies":"Cultist","floor":4.0,"turns":2.0},{"damage":0.0,"enemies":"3 Sentries","floor":6.0,"turns":2.0},{"damage":20.0,"enemies":"Gremlin Nob","floor":8.0,"turns":4.0},{"damage":36.0,"enemies":"3 Sentries","floor":10.0,"turns":9.0},{"damage":6.0,"enemies":"Small Slimes","floor":11.0,"turns":4.0},{"damage":4.0,"enemies":"Exordium Wildlife","floor":12.0,"turns":3.0},{"damage":30.0,"enemies":"The Guardian","floor":16.0,"turns":11.0},{"damage":8.0,"enemies":"Spheric Guardian","floor":18.0,"turns":5.0},{"damage":15.0,"enemies":"3 Byrds","floor":20.0,"turns":4.0},{"damage":17.0,"enemies":"3 Cultists","floor":21.0,"turns":5.0},{"damage":19,"enemies":"Shelled Parasite and Fungi","floor":22,"turns":5},{"damage":26,"enemies":"Chosen and Byrds","floor":24,"turns":6},{"damage":21,"enemies":"Book of Stabbing","floor":25,"turns":5},{"damage":11,"enemies":"Centurion and Healer","floor":27,"turns":1}],"seed_played":"4051382182254070035","potions_obtained":[{"floor":6.0,"key":"DuplicationPotion"},{"floor":8.0,"key":"LiquidBronze"},{"floor":10.0,"key":"GamblersBrew"},{"floor":16.0,"key":"Strength Potion"},{"floor":21.0,"key":"Explosive Potion"},{"floor":24,"key":"ElixirPotion"}],"is_trial":false,"path_per_floor":["M","?","$","M","?","E","R","E","T","E","M","M","$","?","R","B",null,"M","?","M","M","M","R","M","E","T","M"],"character_chosen":"IRONCLAD","items_purchased":["Orrery","Shrug It Off","Feel No Pain"],"campfire_rested":0,"item_purchase_floors":[3,3,13],"current_hp_per_floor":[74,74,74,75,75,75,75,61,61,31,31,33,33,33,33,9,59,57,36,27,16,46,46,26,11,11,0,0],"gold":299,"neow_bonus":"THREE_ENEMY_KILL","is_daily":false,"chose_seed":false,"campfire_upgraded":3,"win_rate":0.0,"timestamp":1610377398,"path_taken":["M","?","$","?","?","E","R","E","T","E","M","M","?","?","R","BOSS","M","?","M","M","M","R","M","E","T","M"],"items_purchased_type":["Relic","Card","Card"],"build_version":"2020-12-22","purchased_purges":1,"victory":false,"max_hp_per_floor":[75,75,75,75,75,75,75,75,75,75,75,75,75,75,75,75,75,75,80,80,80,80,80,80,80,80,80,80],"relic_stats":{"Lizard Tail":40,"Busted Crown":12,"counters":[15,67],"Ornamental Fan":[0],"obtain_stats":[{"Potion Belt":10,"Lizard Tail":6,"Busted Crown":17,"NeowsBlessing":0,"Ornamental Fan":25,"Orrery":3,"Oddly Smooth Stone":8,"Burning Blood":0,"InkBottle":9},{"Potion Belt":5,"Lizard Tail":3,"Busted Crown":8,"NeowsBlessing":0,"Ornamental Fan":14,"Orrery":1,"Oddly Smooth Stone":4,"Burning Blood":0,"InkBottle":4},{"Potion Belt":18,"Lizard Tail":5,"Busted Crown":36,"NeowsBlessing":0,"Ornamental Fan":66,"Orrery":1,"Oddly Smooth Stone":9,"Burning Blood":0,"InkBottle":9}],"Burning Blood":73,"InkBottle":[15]},"card_choices":[{"not_picked":["Sword Boomerang","Flex"],"picked":"Clothesline","floor":1.0},{"not_picked":["Hemokinesis","Wild Strike"],"picked":"Corruption","floor":3.0},{"not_picked":["Bloodletting","Iron Wave"],"picked":"Exhume","floor":3.0},{"not_picked":["Clothesline","Warcry"],"picked":"Twin Strike","floor":3.0},{"not_picked":["Seeing Red","Havoc"],"picked":"Shrug It Off","floor":3.0},{"not_picked":["Second Wind","Clash"],"picked":"Juggernaut","floor":3.0},{"not_picked":["Searing Blow","Thunderclap"],"picked":"Carnage","floor":4.0},{"not_picked":["Inflame","Perfected Strike"],"picked":"Ghostly Armor","floor":6.0},{"not_picked":["Body Slam","Metallicize"],"picked":"Thunderclap","floor":8.0},{"not_picked":["Combust","Perfected Strike"],"picked":"Demon Form","floor":10.0},{"not_picked":["Searing Blow","Cleave"],"picked":"Dark Embrace","floor":11.0},{"not_picked":["Perfected Strike","Cleave"],"picked":"Sword Boomerang","floor":12.0},{"not_picked":["Brutality","Corruption"],"picked":"Limit Break","floor":16.0},{"not_picked":[],"picked":"Havoc","floor":18.0},{"not_picked":["Metallicize"],"picked":"SKIP","floor":20.0},{"not_picked":[],"picked":"Battle Trance+1","floor":21.0},{"not_picked":["Twin Strike"],"picked":"SKIP","floor":22},{"not_picked":[],"picked":"Infernal Blade","floor":24},{"not_picked":["Perfected Strike"],"picked":"SKIP","floor":25}],"player_experience":813909,"relics_obtained":[{"floor":6.0,"key":"Lizard Tail"},{"floor":8.0,"key":"Oddly Smooth Stone"},{"floor":9.0,"key":"InkBottle"},{"floor":10.0,"key":"Potion Belt"},{"floor":25,"key":"Ornamental Fan"}],"event_choices":[{"damage_healed":0.0,"max_hp_gain":0.0,"max_hp_loss":0.0,"gold_gain":275.0,"event_name":"Golden Shrine","player_choice":"Desecrate","floor":2.0,"gold_loss":0.0,"damage_taken":0.0,"cards_obtained":["Regret"]},{"cards_removed":["Strike_R"],"damage_healed":0.0,"max_hp_gain":0.0,"max_hp_loss":0.0,"gold_gain":0.0,"event_name":"The Cleric","player_choice":"Card Removal","floor":5.0,"gold_loss":75.0,"damage_taken":0.0},{"damage_healed":0.0,"max_hp_gain":0.0,"max_hp_loss":0.0,"gold_gain":0.0,"event_name":"Living Wall","player_choice":"Grow","floor":14.0,"gold_loss":0.0,"damage_taken":0.0,"cards_upgraded":["Juggernaut"]},{"damage_healed":0.0,"max_hp_gain":5.0,"max_hp_loss":0.0,"gold_gain":0.0,"event_name":"Forgotten Altar","player_choice":"Shed Blood","floor":19.0,"gold_loss":0.0,"damage_taken":26.0}],"is_beta":false,"boss_relics":[{"not_picked":["Black Blood","Tiny House"],"picked":"Busted Crown"}],"items_purged_floors":[3],"is_endless":false,"potions_floor_spawned":[6,8,10,16,21,24],"killed_by":"Centurion and Healer","ascension_level":17}}