{"host":"llpusn9usp8rznkj","time":1610331897,"event":{"mods":["2.2 Compatiblity","Aspiration","BaseMod","Colored Map","Colored Powertips","Conspire","Hubris","Minty Spire (QoL Compilation)","Quick Restart","Rare Cards Sparkle","Replay The Spire","StSLib","The Cursed"],"gold_per_floor":[113,113,113,124,139,167,187,187,240,273,273,164,164,89,89,89,89],"floor_reached":16,"playtime":640,"items_purged":["Strike_G"],"score":216,"play_id":"52410907-80a6-42ee-9bec-1c8bfb0527c4","local_time":"20210110212457","is_ascension_mode":true,"campfire_choices":[{"floor":11,"key":"REST"},{"data":"Accuracy","floor":13,"key":"SMITH"},{"data":"Blade Dance","floor":15,"key":"SMITH"}],"circlet_count":0,"master_deck":["AscendersBane","Strike_G","Strike_G","Strike_G","Strike_G","Defend_G","Defend_G","Defend_G","Defend_G","Survivor","Neutralize","ReplayTheSpireMod:Speed Training","ReplayTheSpireMod:Speed Training","Prepared+1","Blade Dance+1","Poisoned Stab","Backflip","ReplayTheSpireMod:Necrosis","Accuracy+1","Cloak And Dagger"],"relics":["Ring of the Snake","NeowsBlessing","hubris:Towel","Pondfish Scales","aspiration:FetidBarrel","aspiration:Lifesprig","Prayer Wheel"],"acts_visited":["Exordium"],"potions_floor_usage":[6,10],"damage_taken":[{"damage":0,"enemies":"Small Slimes","floor":1,"turns":1},{"damage":0,"enemies":"Jaw Worm","floor":4,"turns":1},{"damage":0,"enemies":"2 Louse","floor":5,"turns":1},{"damage":25,"enemies":"3 Sentries","floor":6,"turns":9},{"damage":13,"enemies":"Exordium Wildlife","floor":7,"turns":4},{"damage":9,"enemies":"Lagavulin","floor":10,"turns":7},{"damage":33,"enemies":"Slime Boss","floor":16,"turns":7}],"seed_played":"8448671743965709785","potions_obtained":[{"floor":4,"key":"SteroidPotion"},{"floor":7,"key":"Languid Potion"}],"is_trial":false,"path_per_floor":["M","?","?","M","M","E","M","?","T","E","R","$","R","$","R","B"],"character_chosen":"THE_SILENT","items_purchased":["Accuracy","Cloak And Dagger"],"campfire_rested":1,"item_purchase_floors":[12,12],"current_hp_per_floor":[59,59,59,59,59,34,21,21,21,12,31,31,31,31,31,0,0],"gold":89,"neow_bonus":"THREE_ENEMY_KILL","is_daily":false,"chose_seed":false,"campfire_upgraded":2,"win_rate":0.0,"timestamp":1610331897,"path_taken":["M","?","?","?","M","E","M","?","T","E","R","$","R","$","R","BOSS"],"items_purchased_type":["Card","Card"],"build_version":"2020-12-22","purchased_purges":1,"victory":false,"max_hp_per_floor":[66,66,66,66,66,66,66,66,66,66,66,66,66,66,66,66,66],"card_choices":[{"not_picked":["hubris:SlightOfHand","Backflip"],"picked":"ReplayTheSpireMod:Speed Training","floor":1},{"not_picked":["hubris:SlightOfHand","Backflip"],"picked":"ReplayTheSpireMod:Speed Training","floor":1},{"not_picked":["hubris:SlightOfHand","Acrobatics"],"picked":"Blade Dance","floor":4},{"not_picked":["Riddle With Holes","Cloak And Dagger"],"picked":"Poisoned Stab","floor":5},{"not_picked":["Acrobatics","Deadly Poison","PiercingWail"],"picked":"SKIP","floor":6},{"not_picked":["Leg Sweep","Deflect"],"picked":"Backflip","floor":7},{"not_picked":["Underhanded Strike","Cloak And Dagger"],"picked":"ReplayTheSpireMod:Necrosis","floor":10}],"player_experience":1133698,"relics_obtained":[{"floor":6,"key":"Pondfish Scales"},{"floor":9,"key":"aspiration:Lifesprig"},{"floor":10,"key":"Prayer Wheel"}],"event_choices":[{"damage_healed":0,"gold_gain":0,"player_choice":"Searched \u00271\u0027 times","damage_taken":0,"relics_obtained":["aspiration:FetidBarrel"],"max_hp_gain":0,"max_hp_loss":0,"event_name":"Dead Adventurer","floor":8,"gold_loss":0}],"is_beta":false,"boss_relics":[],"items_purged_floors":[14],"is_endless":false,"potions_floor_spawned":[4,7],"killed_by":"Slime Boss","ascension_level":20}}