{"host":"cjhtzh7tp54jdfyv","time":1610334981,"event":{"mods":["AchievementEnabler","BaseMod","Colored Map","Colored Powertips","Curses Come First","DeckTracker","Filter the Spire","Minty Spire (QoL Compilation)","RNG Fix","Relic Sorter","Relic Stats","StSLib","UnlockEverythingMod","ojb\u0027s Better Paths Mod","ojb\u0027s Info Mod"],"gold_per_floor":[109,121,135,149,224,250,250,175,175,187,216,216,248,148,148,225,225,244,256,171,205,121,155,155,165,242,275,111,146,146,146,146,217,217,231,247,137,155,165,190,40,71,98,98,98,98,123,141,141,141,141,141,141,15,42,42],"floor_reached":57,"playtime":7345,"items_purged":["Defend_P","Defend_P","Defend_P+1","SashWhip"],"score":3282,"play_id":"09c14ff3-61e1-4e62-b170-a12eeacf5fa5","local_time":"20210110221621","is_ascension_mode":true,"campfire_choices":[{"data":"Eruption","floor":7.0,"key":"SMITH"},{"data":"TalkToTheHand","floor":12.0,"key":"SMITH"},{"data":"Adaptation","floor":15.0,"key":"SMITH"},{"data":"Omniscience","floor":30.0,"key":"SMITH"},{"data":"Omniscience","floor":32.0,"key":"SMITH"},{"floor":45,"key":"RECALL"},{"data":"Omniscience","floor":49,"key":"SMITH"},{"data":"CrushJoints","floor":53,"key":"SMITH"}],"circlet_count":0,"master_deck":["AscendersBane","Strike_P+1","Strike_P+1","Strike_P+1","Eruption+1","Vigilance","CrushJoints+1","FlurryOfBlows","FearNoEvil","Sanctity+1","TalkToTheHand+1","Adaptation+1","Omniscience+1","ClearTheMind+1","JustLucky","WaveOfTheHand","Omniscience+1","Tantrum","Adaptation+1","JustLucky+1","JustLucky+1","Tantrum+1","CutThroughFate+1","Sanctity","ClearTheMind+1","Wallop+1","FlurryOfBlows+1","Omniscience+1","InnerPeace","Weave+1"],"relics":["Coffee Dripper","Pocketwatch","Prayer Wheel","White Beast Statue","Juzu Bracelet","Runic Pyramid","Akabeko","Red Mask","Molten Egg 2","StrikeDummy","Nunchaku","Anchor","MutagenicStrength","Philosopher\u0027s Stone","Pantograph","StoneCalendar","Blood Vial","Turnip"],"acts_visited":["Exordium","TheCity","TheBeyond","TheEnding"],"potions_floor_usage":[33],"damage_taken":[{"damage":3.0,"enemies":"2 Louse","floor":1.0,"turns":4.0},{"damage":2.0,"enemies":"Small Slimes","floor":2.0,"turns":4.0},{"damage":2.0,"enemies":"Jaw Worm","floor":3.0,"turns":3.0},{"damage":12.0,"enemies":"Lots of Slimes","floor":4.0,"turns":3.0},{"damage":0.0,"enemies":"Gremlin Nob","floor":6.0,"turns":2.0},{"damage":0.0,"enemies":"Blue Slaver","floor":10.0,"turns":2.0},{"damage":0.0,"enemies":"3 Sentries","floor":11.0,"turns":3.0},{"damage":0.0,"enemies":"Gremlin Nob","floor":13.0,"turns":2.0},{"damage":9.0,"enemies":"The Guardian","floor":16.0,"turns":6.0},{"damage":0.0,"enemies":"Spheric Guardian","floor":18.0,"turns":3.0},{"damage":18.0,"enemies":"2 Thieves","floor":19.0,"turns":3.0},{"damage":0.0,"enemies":"Masked Bandits","floor":21.0,"turns":3.0},{"damage":2.0,"enemies":"Gremlin Leader","floor":23.0,"turns":3.0},{"damage":10.0,"enemies":"Snake Plant","floor":25.0,"turns":3.0},{"damage":10.0,"enemies":"Book of Stabbing","floor":27.0,"turns":2.0},{"damage":11.0,"enemies":"Slavers","floor":29.0,"turns":2.0},{"damage":0,"enemies":"Automaton","floor":33,"turns":3},{"damage":0,"enemies":"3 Shapes","floor":35,"turns":1},{"damage":0,"enemies":"3 Darklings","floor":36,"turns":2},{"damage":0,"enemies":"Transient","floor":38,"turns":6},{"damage":9,"enemies":"4 Shapes","floor":39,"turns":3},{"damage":0,"enemies":"Reptomancer","floor":40,"turns":1},{"damage":0,"enemies":"Nemesis","floor":42,"turns":3},{"damage":0,"enemies":"Giant Head","floor":47,"turns":3},{"damage":0,"enemies":"3 Darklings","floor":48,"turns":2},{"damage":6,"enemies":"Time Eater","floor":50,"turns":5},{"damage":0,"enemies":"Awakened One","floor":51,"turns":4},{"damage":3,"enemies":"Shield and Spear","floor":55,"turns":3},{"damage":9,"enemies":"The Heart","floor":56,"turns":5}],"seed_played":"-7774562553535163567","potions_obtained":[{"floor":2.0,"key":"SteroidPotion"},{"floor":4.0,"key":"BottledMiracle"},{"floor":10.0,"key":"SteroidPotion"},{"floor":11.0,"key":"Ancient Potion"},{"floor":13.0,"key":"BottledMiracle"},{"floor":16.0,"key":"SkillPotion"},{"floor":19.0,"key":"LiquidBronze"},{"floor":21.0,"key":"BlessingOfTheForge"},{"floor":23.0,"key":"Ancient Potion"},{"floor":25.0,"key":"DistilledChaos"},{"floor":27.0,"key":"StancePotion"},{"floor":29.0,"key":"SmokeBomb"},{"floor":33,"key":"Energy Potion"},{"floor":35,"key":"GamblersBrew"},{"floor":55,"key":"FairyPotion"}],"is_trial":false,"path_per_floor":["M","M","M","M","?","E","R","$","T","M","E","R","E","$","R","B",null,"M","M","?","?","$","E","?","M","T","E","$","E","R","?","R","B",null,"M","M","?","M","M","E","$","E","T","$","R","?","E","M","R","B","B",null,"R","$","E","B",null],"character_chosen":"WATCHER","items_purchased":["Tantrum","Tantrum+1","InnerPeace","Weave+1"],"campfire_rested":0,"item_purchase_floors":[22,28,54,54],"current_hp_per_floor":[58,56,54,42,31,31,31,31,31,31,31,31,31,31,31,22,57,57,39,39,39,39,37,37,27,27,17,17,6,6,6,6,6,53,53,53,53,53,44,44,44,44,44,44,44,44,44,46,46,62,68,68,68,68,65,59],"gold":42,"neow_bonus":"BOSS_RELIC","is_daily":false,"chose_seed":false,"campfire_upgraded":7,"win_rate":0.0,"timestamp":1610334981,"path_taken":["M","?","M","M","?","E","R","$","T","M","E","R","E","$","R","BOSS","M","M","?","?","$","E","?","M","T","E","?","E","R","?","R","BOSS","M","M","?","M","M","E","$","E","T","$","R","?","E","M","R","BOSS","BOSS","R","$","E","BOSS"],"items_purchased_type":["Card","Card","Card","Card"],"build_version":"2020-12-22","purchased_purges":4,"victory":true,"max_hp_per_floor":[68,68,68,68,68,68,68,68,68,68,68,68,68,68,68,68,68,68,68,68,68,68,68,68,68,68,68,68,68,68,68,68,68,68,68,68,68,68,68,68,68,68,68,68,68,68,68,68,68,68,68,68,68,68,68,68],"relic_stats":{"Blood Vial":8,"Nunchaku":[39],"counters":[29,89],"Pantograph":25,"Prayer Wheel":9,"StoneCalendar":[0],"Turnip":[2],"Juzu Bracelet":1,"obtain_stats":[{"StoneCalendar":42,"Juzu Bracelet":13,"White Beast Statue":11,"Akabeko":20,"Blood Vial":47,"Nunchaku":27,"Anchor":29,"MutagenicStrength":31,"Pantograph":40,"Prayer Wheel":9,"Molten Egg 2":23,"Philosopher\u0027s Stone":34,"Turnip":55,"Coffee Dripper":0,"Red Mask":21,"PureWater":0,"StrikeDummy":26,"Pocketwatch":6,"Runic Pyramid":17},{"StoneCalendar":23,"Juzu Bracelet":8,"White Beast Statue":7,"Akabeko":11,"Blood Vial":24,"Nunchaku":15,"Anchor":16,"MutagenicStrength":16,"Pantograph":22,"Prayer Wheel":5,"Molten Egg 2":13,"Philosopher\u0027s Stone":17,"Turnip":28,"Coffee Dripper":0,"Red Mask":12,"PureWater":0,"StrikeDummy":14,"Pocketwatch":5,"Runic Pyramid":9},{"StoneCalendar":67,"Juzu Bracelet":23,"White Beast Statue":21,"Akabeko":35,"Blood Vial":70,"Nunchaku":46,"Anchor":48,"MutagenicStrength":48,"Pantograph":64,"Prayer Wheel":16,"Molten Egg 2":41,"Philosopher\u0027s Stone":51,"Turnip":84,"Coffee Dripper":0,"Red Mask":38,"PureWater":0,"StrikeDummy":44,"Pocketwatch":16,"Runic Pyramid":29}],"Pocketwatch":[30]},"card_choices":[{"not_picked":["Nirvana","EmptyFist"],"picked":"CrushJoints","floor":1.0},{"not_picked":["Prostrate","EmptyBody","CrushJoints"],"picked":"SKIP","floor":2.0},{"not_picked":["FollowUp","Halt"],"picked":"FlurryOfBlows","floor":3.0},{"not_picked":["SashWhip","Indignation"],"picked":"FearNoEvil","floor":4.0},{"not_picked":["WreathOfFlame","Crescendo"],"picked":"SashWhip","floor":6.0},{"not_picked":["CutThroughFate","WaveOfTheHand"],"picked":"Sanctity","floor":10.0},{"not_picked":["Halt","PathToVictory"],"picked":"TalkToTheHand","floor":10.0},{"not_picked":["CrushJoints","EmptyBody","Weave"],"picked":"SKIP","floor":11.0},{"not_picked":["Ragnarok","CarveReality"],"picked":"Adaptation","floor":13.0},{"not_picked":["LessonLearned","Blasphemy"],"picked":"Omniscience","floor":16.0},{"not_picked":["SashWhip","JustLucky"],"picked":"ClearTheMind+1","floor":18.0},{"not_picked":["Evaluate","Protect"],"picked":"JustLucky","floor":18.0},{"not_picked":["FlurryOfBlows","PathToVictory"],"picked":"WaveOfTheHand","floor":19.0},{"not_picked":["DeceiveReality","SashWhip","Wireheading+1"],"picked":"SKIP","floor":19.0},{"not_picked":["CrushJoints","FollowUp"],"picked":"Omniscience","floor":21.0},{"not_picked":["Evaluate","FollowUp+1"],"picked":"Adaptation+1","floor":23.0},{"not_picked":["Consecrate+1","FollowUp+1"],"picked":"JustLucky+1","floor":25.0},{"not_picked":["Collect","ClearTheMind","PathToVictory+1"],"picked":"SKIP","floor":25.0},{"not_picked":["FearNoEvil+1","Halt"],"picked":"JustLucky+1","floor":27.0},{"not_picked":["BattleHymn","CutThroughFate+1","Meditate"],"picked":"SKIP","floor":29.0},{"not_picked":["BattleHymn","Meditate"],"picked":"CutThroughFate+1","floor":29.0},{"not_picked":["WindmillStrike+1","ClearTheMind"],"picked":"Sanctity","floor":35},{"not_picked":["Prostrate","ReachHeaven+1","CrushJoints+1"],"picked":"SKIP","floor":35},{"not_picked":["FollowUp+1","JustLucky+1","ReachHeaven+1"],"picked":"SKIP","floor":36},{"not_picked":["Study","EmptyBody","CutThroughFate+1"],"picked":"SKIP","floor":36},{"not_picked":["EmptyBody","Prostrate"],"picked":"ClearTheMind+1","floor":38},{"not_picked":["DeceiveReality","JustLucky+1","Crescendo"],"picked":"SKIP","floor":38},{"not_picked":["WindmillStrike+1","SashWhip+1"],"picked":"Wallop+1","floor":39},{"not_picked":["JustLucky+1","ThirdEye+1"],"picked":"FlurryOfBlows+1","floor":39},{"not_picked":["Consecrate+1","Halt+1","MasterReality"],"picked":"SKIP","floor":40},{"not_picked":["EmptyFist+1","PathToVictory","FollowUp+1"],"picked":"SKIP","floor":42},{"not_picked":["PathToVictory+1","Prostrate","Weave+1"],"picked":"SKIP","floor":47},{"not_picked":["Swivel","Perseverance"],"picked":"Omniscience","floor":48},{"not_picked":["FlurryOfBlows+1","Conclude+1","FlyingSleeves+1"],"picked":"SKIP","floor":48},{"not_picked":["Worship","CrushJoints+1","Nirvana"],"picked":"SKIP","floor":55}],"player_experience":4422272,"relics_obtained":[{"floor":6.0,"key":"Pocketwatch"},{"floor":9.0,"key":"Prayer Wheel"},{"floor":11.0,"key":"White Beast Statue"},{"floor":13.0,"key":"Juzu Bracelet"},{"floor":21.0,"key":"Red Mask"},{"floor":23.0,"key":"Molten Egg 2"},{"floor":26.0,"key":"StrikeDummy"},{"floor":27.0,"key":"Nunchaku"},{"floor":29.0,"key":"Anchor"},{"floor":40,"key":"Pantograph"},{"floor":42,"key":"StoneCalendar"},{"floor":47,"key":"Blood Vial"},{"floor":55,"key":"Turnip"}],"event_choices":[{"damage_healed":0.0,"max_hp_gain":0.0,"max_hp_loss":0.0,"gold_gain":75.0,"event_name":"World of Goop","player_choice":"Gather Gold","floor":5.0,"gold_loss":0.0,"damage_taken":11.0},{"damage_healed":0.0,"max_hp_gain":0.0,"max_hp_loss":0.0,"gold_gain":0.0,"event_name":"Addict","player_choice":"Obtained Relic","floor":20.0,"gold_loss":85.0,"damage_taken":0.0,"relics_obtained":["Akabeko"]},{"damage_healed":0.0,"max_hp_gain":0.0,"max_hp_loss":0.0,"gold_gain":0.0,"event_name":"Masked Bandits","player_choice":"Fought Bandits","floor":21.0,"gold_loss":0.0,"damage_taken":0.0},{"damage_healed":0.0,"max_hp_gain":0.0,"max_hp_loss":0.0,"gold_gain":0.0,"event_name":"Back to Basics","player_choice":"Simplicity","floor":24.0,"gold_loss":0.0,"damage_taken":0.0,"cards_upgraded":["Strike_P","Strike_P","Strike_P","Strike_P","Defend_P","Defend_P"]},{"damage_healed":0.0,"max_hp_gain":0.0,"max_hp_loss":0.0,"gold_gain":0.0,"event_name":"Drug Dealer","player_choice":"Inject Mutagens","floor":31.0,"gold_loss":0.0,"damage_taken":0.0,"relics_obtained":["MutagenicStrength"]},{"cards_removed":["Defend_P"],"damage_healed":0,"gold_gain":0,"player_choice":"Upgrade and Remove","damage_taken":0,"max_hp_gain":0,"max_hp_loss":0,"event_name":"Designer","floor":37,"gold_loss":110,"cards_upgraded":["Sanctity"]},{"cards_removed":["Strike_P"],"damage_healed":0,"gold_gain":0,"player_choice":"Removed Attack","damage_taken":0,"max_hp_gain":0,"max_hp_loss":0,"event_name":"Falling","floor":46,"gold_loss":0}],"is_beta":false,"boss_relics":[{"not_picked":["Runic Dome","Calling Bell"],"picked":"Runic Pyramid"},{"not_picked":["SlaversCollar","Fusion Hammer"],"picked":"Philosopher\u0027s Stone"}],"items_purged_floors":[8,14,28,41],"is_endless":false,"potions_floor_spawned":[2,4,10,11,13,16,18,19,21,23,25,27,29,33,35,36,38,39,40,42,47,48,55],"ascension_level":20}}