{"host":"juzjn19svz7o4sdd","time":1610344170,"event":{"mods":["AchievementEnabler","BaseMod","Better Third Choice","BetterRewards","Challenge The Spire","Colored Powertips","Curses Come First","Custom Start","Minty Spire (QoL Compilation)","StSLib","Transform Curses"],"gold_per_floor":[119,134,134,134,144,178,192,217,217,229,229,242,107,124,124,229,229,244,295,308,328,328,362,362,390,402,431,457,469,285,285,285,384,384,396,415,415,108,158,158,188,188,188,188,206,206,206,306,306,306,306,306,6,40,40,40],"floor_reached":55,"playtime":4016,"items_purged":["Strike_G","Strike_G","Strike_G","Strike_G"],"score":857,"play_id":"cf3bb280-cedc-4ba3-b9f7-32aa7b54ec8b","local_time":"20210111134930","is_ascension_mode":true,"campfire_choices":[{"floor":11.0,"key":"REST"},{"floor":15.0,"key":"RECALL"},{"data":"Accuracy","floor":24.0,"key":"SMITH"},{"floor":29.0,"key":"REST"},{"data":"Accuracy","floor":32.0,"key":"SMITH"},{"data":"Venomology","floor":40.0,"key":"SMITH"},{"data":"Adrenaline","floor":46.0,"key":"SMITH"},{"data":"Finisher","floor":49.0,"key":"SMITH"},{"data":"Blade Dance","floor":52.0,"key":"SMITH"}],"circlet_count":0,"master_deck":["Defend_G","Defend_G","Defend_G","Defend_G","Survivor","Neutralize+1","Panache","Cloak And Dagger","Finisher+1","Unload+1","Blade Dance+1","Accuracy+1","Infinite Blades","After Image","Infinite Blades","Defend_R","Infinite Blades","Adrenaline+1","Accuracy+1","Venomology+1"],"relics":["Ring of the Snake","Tiny Chest","Lizard Tail","Shuriken","Pear","Question Card","Happy Flower","Sundial","Philosopher\u0027s Stone","Bottled Tornado","MawBank","Ninja Scroll","Kunai","Black Star","HandDrill","Ginger","Bag of Marbles","Gremlin Horn","Darkstone Periapt","Pen Nib","Whetstone","Sling","Oddly Smooth Stone","Lantern","Blue Candle"],"acts_visited":["Exordium","TheCity","TheBeyond","TheEnding"],"potions_floor_usage":[55],"damage_taken":[{"damage":0.0,"enemies":"Cultist","floor":1.0,"turns":4.0},{"damage":0.0,"enemies":"2 Louse","floor":2.0,"turns":1.0},{"damage":0.0,"enemies":"Jaw Worm","floor":5.0,"turns":4.0},{"damage":39.0,"enemies":"3 Sentries","floor":6.0,"turns":15.0},{"damage":0.0,"enemies":"Large Slime","floor":7.0,"turns":5.0},{"damage":20.0,"enemies":"Gremlin Nob","floor":8.0,"turns":5.0},{"damage":7.0,"enemies":"Blue Slaver","floor":10.0,"turns":3.0},{"damage":0.0,"enemies":"3 Louse","floor":12.0,"turns":2.0},{"damage":0.0,"enemies":"Exordium Wildlife","floor":14.0,"turns":1.0},{"damage":18.0,"enemies":"Hexaghost","floor":16.0,"turns":4.0},{"damage":10.0,"enemies":"Shell Parasite","floor":18.0,"turns":3.0},{"damage":14.0,"enemies":"2 Thieves","floor":20.0,"turns":2.0},{"damage":23.0,"enemies":"Centurion and Healer","floor":21.0,"turns":4.0},{"damage":20.0,"enemies":"Slavers","floor":23.0,"turns":5.0},{"damage":21.0,"enemies":"Book of Stabbing","floor":25.0,"turns":5.0},{"damage":0.0,"enemies":"Snecko","floor":27.0,"turns":2.0},{"damage":4.0,"enemies":"Snake Plant","floor":28.0,"turns":3.0},{"damage":0.0,"enemies":"Collector","floor":33.0,"turns":4.0},{"damage":3.0,"enemies":"3 Darklings","floor":35.0,"turns":4.0},{"damage":0.0,"enemies":"Orb Walker","floor":36.0,"turns":1.0},{"damage":8.0,"enemies":"Mind Bloom Boss Battle","floor":39.0,"turns":5.0},{"damage":7.0,"enemies":"Nemesis","floor":41.0,"turns":5.0},{"damage":0.0,"enemies":"Spire Growth","floor":45.0,"turns":3.0},{"damage":61.0,"enemies":"Time Eater","floor":50.0,"turns":7.0},{"damage":39.0,"enemies":"Shield and Spear","floor":54.0,"turns":4.0},{"damage":59,"enemies":"The Heart","floor":55,"turns":2}],"seed_played":"1591954625052399455","potions_obtained":[{"floor":5.0,"key":"Explosive Potion"},{"floor":7.0,"key":"Ancient Potion"},{"floor":8.0,"key":"DuplicationPotion"},{"floor":14.0,"key":"Regen Potion"},{"floor":16.0,"key":"SpeedPotion"},{"floor":21.0,"key":"SteroidPotion"},{"floor":23.0,"key":"EssenceOfSteel"},{"floor":25.0,"key":"Fire Potion"},{"floor":27.0,"key":"BlessingOfTheForge"},{"floor":33.0,"key":"DistilledChaos"},{"floor":35.0,"key":"ColorlessPotion"},{"floor":41.0,"key":"SpeedPotion"},{"floor":45.0,"key":"DuplicationPotion"}],"is_trial":false,"path_per_floor":["M","M","?","?","M","E","M","E","T","M","R","M","$","M","R","B",null,"M","T","M","M","?","E","R","E","T","M","M","R","$","T","R","B",null,"M","M","?","$","?","R","E","T","T","T","M","R","?","?","R","B",null,"R","$","E","B"],"character_chosen":"THE_SILENT","items_purchased":["Tiny Chest","Infinite Blades","Accuracy","HandDrill","Sling","Oddly Smooth Stone"],"campfire_rested":2,"item_purchase_floors":[0,13,30,38,53,53],"current_hp_per_floor":[48,48,41,41,41,2,2,24,24,17,41,41,41,41,41,23,80,70,70,56,33,33,27,27,6,6,6,2,26,26,26,26,26,80,77,77,77,77,69,69,62,62,62,62,62,62,62,62,62,1,76,76,76,37,0,0],"gold":40,"neow_bonus":"","is_daily":false,"chose_seed":false,"campfire_upgraded":6,"win_rate":0.0,"timestamp":1610344170,"path_taken":["M","M","?","?","?","E","M","E","T","M","R","M","$","M","R","BOSS","M","?","M","M","?","E","R","E","T","?","M","R","?","?","R","BOSS","M","M","?","$","?","R","E","?","T","?","?","R","?","?","R","BOSS","R","$","E","BOSS"],"items_purchased_type":["Relic","Card","Card","Relic","Relic","Relic"],"build_version":"2020-12-22","purchased_purges":4,"victory":false,"max_hp_per_floor":[80,80,80,80,80,80,80,80,80,80,80,80,80,80,80,80,80,80,80,80,80,80,80,80,80,80,80,80,80,80,80,80,80,80,80,80,80,80,80,80,80,80,80,80,80,80,76,76,76,76,76,76,76,76,76,76],"card_choices":[{"not_picked":["Poisoned Stab","Deadly Poison"],"picked":"Cloak And Dagger","floor":1.0},{"not_picked":["Backflip","Sucker Punch","Heel Hook"],"picked":"SKIP","floor":2.0},{"not_picked":["Riddle With Holes","PiercingWail","Prepared"],"picked":"SKIP","floor":5.0},{"not_picked":["Acrobatics","Quick Slash"],"picked":"Finisher","floor":6.0},{"not_picked":["Acrobatics","PiercingWail","Noxious Fumes","Endless Agony"],"picked":"SKIP","floor":7.0},{"not_picked":["Heel Hook","Burst","Prepared"],"picked":"Unload","floor":8.0},{"not_picked":["Deflect","Endless Agony","Heel Hook"],"picked":"Blade Dance","floor":10.0},{"not_picked":["Cloak And Dagger","Flechettes","Acrobatics"],"picked":"Accuracy","floor":12.0},{"not_picked":["Deflect","Eviscerate","Reflex","Skewer"],"picked":"SKIP","floor":14.0},{"not_picked":["Phantasmal Killer","Doppelganger","Adrenaline"],"picked":"After Image","floor":16.0},{"not_picked":["Choke","Quick Slash+1","Caltrops","Bane"],"picked":"SKIP","floor":18.0},{"not_picked":["Deflect","Terror","Eviscerate"],"picked":"Infinite Blades","floor":20.0},{"not_picked":["Slice","Prepared","Backflip+1","Dagger Spray"],"picked":"SKIP","floor":21.0},{"not_picked":["Escape Plan+1","Terror","Dagger Spray+1"],"picked":"Infinite Blades","floor":23.0},{"not_picked":["All Out Attack","Well Laid Plans","A Thousand Cuts"],"picked":"Adrenaline","floor":25.0},{"not_picked":["Heel Hook","Noxious Fumes","Backflip","Dagger Spray"],"picked":"SKIP","floor":27.0},{"not_picked":["Prepared","Cloak And Dagger","Underhanded Strike","Dagger Throw"],"picked":"SKIP","floor":28.0},{"not_picked":["Corpse Explosion","Glass Knife","Night Terror"],"picked":"Venomology","floor":33.0},{"not_picked":["Skewer","Heel Hook+1","Sucker Punch+1","Outmaneuver+1"],"picked":"SKIP","floor":35.0},{"not_picked":["Cloak And Dagger","Deadly Poison+1","Prepared","Leg Sweep+1"],"picked":"SKIP","floor":36.0},{"not_picked":["Deflect","Underhanded Strike","All Out Attack","Prepared"],"picked":"SKIP","floor":41.0},{"not_picked":["Dodge and Roll","Sucker Punch+1","All Out Attack","Bouncing Flask+1"],"picked":"SKIP","floor":45.0},{"not_picked":["Backflip+1","Bouncing Flask+1","Dagger Throw+1","Quick Slash+1"],"picked":"SKIP","floor":54.0}],"player_experience":66657,"relics_obtained":[{"floor":6.0,"key":"Question Card"},{"floor":8.0,"key":"Happy Flower"},{"floor":9.0,"key":"Sundial"},{"floor":23.0,"key":"Bottled Tornado"},{"floor":25.0,"key":"MawBank"},{"floor":26.0,"key":"Ninja Scroll"},{"floor":31.0,"key":"Kunai"},{"floor":39.0,"key":"Ginger"},{"floor":41.0,"key":"Bag of Marbles"},{"floor":41.0,"key":"Gremlin Horn"},{"floor":42.0,"key":"Darkstone Periapt"},{"floor":43.0,"key":"Pen Nib"},{"floor":44.0,"key":"Whetstone"},{"floor":54.0,"key":"Lantern"},{"floor":54.0,"key":"Blue Candle"}],"event_choices":[{"cards_removed":["Strike_G"],"damage_healed":0.0,"max_hp_gain":0.0,"max_hp_loss":0.0,"gold_gain":0.0,"event_name":"Golden Wing","player_choice":"Card Removal","floor":3.0,"gold_loss":0.0,"damage_taken":7.0},{"damage_healed":0.0,"max_hp_gain":0.0,"max_hp_loss":0.0,"gold_gain":0.0,"event_name":"Match and Keep!","player_choice":"1 cards matched","floor":4.0,"gold_loss":0.0,"damage_taken":0.0,"cards_obtained":["Phantasmal Killer"]},{"damage_healed":0.0,"max_hp_gain":0.0,"max_hp_loss":0.0,"gold_gain":0.0,"event_name":"Match and Keep!","player_choice":"1 cards matched","floor":4.0,"gold_loss":0.0,"damage_taken":0.0,"cards_obtained":["Phantasmal Killer"]},{"cards_removed":["Phantasmal Killer"],"damage_healed":0.0,"max_hp_gain":0.0,"max_hp_loss":0.0,"gold_gain":0.0,"event_name":"NoteForYourself","player_choice":"Took Card","floor":22.0,"gold_loss":0.0,"damage_taken":0.0,"cards_obtained":["Defend_R"]},{"damage_healed":0.0,"max_hp_gain":0.0,"max_hp_loss":0.0,"gold_gain":0.0,"event_name":"Tomb of Lord Red Mask","player_choice":"Ignored","floor":37.0,"gold_loss":0.0,"damage_taken":0.0},{"damage_healed":0.0,"max_hp_gain":0.0,"max_hp_loss":0.0,"gold_gain":0.0,"event_name":"MindBloom","player_choice":"Fight","floor":39.0,"gold_loss":0.0,"damage_taken":0.0},{"damage_healed":0.0,"max_hp_gain":0.0,"max_hp_loss":4.0,"gold_gain":0.0,"event_name":"Winding Halls","player_choice":"Max HP","floor":47.0,"gold_loss":0.0,"damage_taken":0.0},{"damage_healed":0.0,"max_hp_gain":0.0,"max_hp_loss":0.0,"gold_gain":100.0,"event_name":"Golden Shrine","player_choice":"Pray","floor":48.0,"gold_loss":0.0,"damage_taken":0.0}],"is_beta":false,"boss_relics":[{"not_picked":["Velvet Choker","Fusion Hammer"],"picked":"Philosopher\u0027s Stone"},{"not_picked":["Snecko Eye","Tiny House"],"picked":"Black Star"}],"items_purged_floors":[0,13,30,38],"is_endless":false,"potions_floor_spawned":[5,7,8,14,16,21,23,25,27,33,35,41,45],"killed_by":"The Heart","ascension_level":1}}