{"host":"d9m9v0h6vo0edadb","time":1610347808,"event":{"mods":["BaseMod","Hermit","Keyboard Shortcuts","Minty Spire (QoL Compilation)","StSLib","SuperFastMode","The Cursed"],"gold_per_floor":[110,110,126,138,63,98,57,76,126,126,126,126,126,160,160,160,160],"floor_reached":16,"playtime":192,"items_purged":["Pain"],"score":216,"play_id":"cae9fe58-e9ef-43ef-9095-9e06ae656838","local_time":"20210111155008","is_ascension_mode":true,"campfire_choices":[{"floor":10,"key":"REST"},{"data":"Turbo","floor":13,"key":"SMITH"},{"data":"Chaos","floor":15,"key":"SMITH"}],"circlet_count":0,"master_deck":["AscendersBane","Strike_B","Strike_B","Strike_B","Strike_B","Defend_B","Defend_B","Defend_B","Defend_B","Zap","Dualcast","Coolheaded","Darkness","Meteor Strike","Coolheaded","Turbo+1","Auto Shields","Chaos+1"],"relics":["Cracked Core","NeowsBlessing","WarpedTongs","The Courier","Art of War","Symbiotic Virus","PreservedInsect"],"acts_visited":["Exordium"],"potions_floor_usage":[14,16,16],"damage_taken":[{"damage":0,"enemies":"2 Louse","floor":1,"turns":1},{"damage":0,"enemies":"Cultist","floor":3,"turns":1},{"damage":0,"enemies":"Jaw Worm","floor":4,"turns":1},{"damage":33,"enemies":"Lagavulin","floor":6,"turns":9},{"damage":15,"enemies":"Exordium Wildlife","floor":8,"turns":5},{"damage":6,"enemies":"Gremlin Nob","floor":14,"turns":3},{"damage":51,"enemies":"Hexaghost","floor":16,"turns":9}],"seed_played":"8015964518625370011","potions_obtained":[{"floor":6,"key":"Block Potion"},{"floor":8,"key":"AttackPotion"},{"floor":14,"key":"Regen Potion"}],"is_trial":false,"path_per_floor":["M","?","M","M","$","E","$","M","T","R","?","T","R","E","R","B"],"character_chosen":"DEFECT","items_purchased":["Turbo"],"campfire_rested":1,"item_purchase_floors":[7],"current_hp_per_floor":[64,64,64,64,64,31,31,16,16,37,37,37,37,31,31,0,0],"gold":160,"neow_bonus":"THREE_ENEMY_KILL","is_daily":false,"chose_seed":false,"campfire_upgraded":2,"win_rate":0.0,"timestamp":1610347808,"path_taken":["M","?","?","M","$","E","$","M","T","R","?","?","R","E","R","BOSS"],"items_purchased_type":["Card"],"build_version":"2020-12-22","purchased_purges":1,"victory":false,"max_hp_per_floor":[71,71,71,71,71,71,71,71,71,71,71,71,71,71,71,71,71],"card_choices":[{"not_picked":["Beam Cell","Compile Driver"],"picked":"Coolheaded","floor":1},{"not_picked":["Hologram","Conserve Battery"],"picked":"Darkness","floor":3},{"not_picked":["Genetic Algorithm","Hologram"],"picked":"Meteor Strike","floor":4},{"not_picked":["Turbo","Cold Snap"],"picked":"Coolheaded","floor":6},{"not_picked":["Barrage","Go for the Eyes"],"picked":"Auto Shields","floor":8},{"not_picked":["Biased Cognition","Genetic Algorithm"],"picked":"Chaos","floor":14}],"player_experience":962073,"relics_obtained":[{"floor":6,"key":"The Courier"},{"floor":9,"key":"Art of War"},{"floor":12,"key":"Symbiotic Virus"},{"floor":14,"key":"PreservedInsect"}],"event_choices":[{"damage_healed":0,"gold_gain":0,"player_choice":"Rummage","damage_taken":0,"relics_obtained":["WarpedTongs"],"max_hp_gain":0,"max_hp_loss":0,"event_name":"Accursed Blacksmith","floor":2,"gold_loss":0,"cards_obtained":["Pain"]},{"damage_healed":0,"gold_gain":0,"player_choice":"Fled","damage_taken":0,"max_hp_gain":0,"max_hp_loss":0,"event_name":"Scrap Ooze","floor":11,"gold_loss":0}],"is_beta":false,"boss_relics":[],"items_purged_floors":[5],"is_endless":false,"potions_floor_spawned":[6,8,14],"killed_by":"Hexaghost","ascension_level":20}}