{"host":"rupmf8lnk599ormj","time":1610340929,"event":{"mods":["2.2 Compatiblity","AchievementEnabler","BaseMod","Better Match","Better Third Choice","BetterRewards","ChefMod","Colored Map","Colored Powertips","Downfall","Evolution","Gold Saver","Googly Eyes","Hero for Fun","Hubris","Minty Spire (QoL Compilation)","Quick Restart","Rare Cards Sparkle","Replay The Spire","Spicy Shops","StSLib","The Cursed","The Poker Player"],"gold_per_floor":[856,871,871,886,250,250,280,280,330,372,142,167,167,167,167,283,283,314,343,393,93,93,126,153,178,178,224,224,272,272,301,378,504,504,525,525,24,0,29,71,102,102,102,102,3,50,50,83,83,115],"floor_reached":51,"playtime":3120,"items_purged":[],"score":800,"play_id":"0f8096df-5015-4050-9d4a-2999eab732c6","local_time":"20210110235529","daily_mods":["SealedDeck","Red Cards","Lethality"],"is_ascension_mode":false,"campfire_choices":[{"data":"EmptyFist","floor":6,"key":"SMITH"},{"floor":15,"key":"REST"},{"floor":30,"key":"REST"}],"circlet_count":0,"master_deck":["CutThroughFate","Wild Strike","ThirdEye","Perseverance+1","ClearTheMind","Reckless Charge+1","TalkToTheHand","Crescendo","Twin Strike","EmptyFist+1","Body Slam","Replay:LoomingThreat+1","Decay","ThirdEye","True Grit","Cleave","Havoc+1","EmptyBody","JustLucky","Scrawl+1","Consecrate","Pommel Strike+1","Bludgeon","Heavy Blade+1","EmptyBody","FollowUp","hubris:StunningStrike","Thunderclap","Reaper","CurseOfTheBell","hubris:DuctTapeCard","ConjureBlade","Madness","Madness","Adaptation+1","Replay:ManipulateFuture","Armaments","Consecrate+1","Vengeance","Metamorphosis","Replay:BluntJabs","Anger+1","Disarm"],"relics":["PureWater","EVO:Axolotl","hubris:Towel","Frozen Egg 2","Replay:Rubber Ducky","Guide Book","Bag of Preparation","Replay:Bandana","Guardian:PocketSentry","Replay:Purple Gloves","Vajra","Black Star","War Paint","Akabeko","Strange Spoon","Meat on the Bone","hubris:SlimyHat","Matryoshka","MutagenicStrength","Snack Pack","hubris:Metronome","Calling Bell","Happy Flower","hubris:DuctTape","Counterbalance","Iron Hammer","TheAbacus","Red Mask","hubris:TinFlute","Replay:Multitool","hubris:MysteriousPyramids","hubris:PeanutButter","Melange"],"acts_visited":["Exordium","TheCity","TheBeyond"],"potions_floor_usage":[50],"damage_taken":[{"damage":3,"enemies":"Jaw Worm","floor":1,"turns":2},{"damage":0,"enemies":"2 Louse","floor":2,"turns":1},{"damage":3,"enemies":"Small Slimes","floor":4,"turns":2},{"damage":4,"enemies":"Gremlin Nob","floor":7,"turns":3},{"damage":2,"enemies":"Lagavulin","floor":10,"turns":2},{"damage":0,"enemies":"Red Slaver","floor":12,"turns":1},{"damage":39,"enemies":"Hexaghost","floor":16,"turns":5},{"damage":28,"enemies":"3 Byrds","floor":18,"turns":5},{"damage":0,"enemies":"Spheric Guardian","floor":19,"turns":2},{"damage":33,"enemies":"Shelled Parasite and Fungi","floor":23,"turns":4},{"damage":0,"enemies":"Sentry and Sphere","floor":24,"turns":2},{"damage":0,"enemies":"Snecko","floor":25,"turns":2},{"damage":9,"enemies":"Book of Stabbing","floor":27,"turns":3},{"damage":20,"enemies":"Gremlin Leader","floor":29,"turns":3},{"damage":0,"enemies":"Snake Plant","floor":31,"turns":2},{"damage":9,"enemies":"Automaton","floor":33,"turns":7},{"damage":0,"enemies":"Orb Walker","floor":35,"turns":1},{"damage":12,"enemies":"3 Shapes","floor":39,"turns":4},{"damage":54,"enemies":"Nemesis","floor":40,"turns":4},{"damage":0,"enemies":"Spire Growth","floor":41,"turns":2},{"damage":0,"enemies":"Maw","floor":46,"turns":3},{"damage":4,"enemies":"3 Darklings","floor":48,"turns":2},{"damage":58,"enemies":"Awakened One","floor":50,"turns":13}],"seed_played":"2608465768335268498","potions_obtained":[{"floor":2,"key":"Ancient Potion"},{"floor":7,"key":"FearPotion"},{"floor":10,"key":"champ:CounterPotion"},{"floor":41,"key":"BottledMiracle"}],"is_trial":false,"path_per_floor":["M","M","?","M","$","R","E","?","T","E","$","M","?","?","R","B",null,"M","M","T","$","?","M","M","M","T","E","?","E","R","M","R_BF","B",null,"M","?","$","?","M","E","M","R","T","?","$","M","?","M","R","B",null],"character_chosen":"WATCHER","items_purchased":["Frozen Egg 2","Replay:LoomingThreat+1","Replay:Rubber Ducky","Guide Book","ThirdEye","True Grit","Replay:Purple Gloves","Vajra","Akabeko","Strange Spoon","Iron Hammer","Adaptation+1","Replay:ManipulateFuture","TheAbacus","Melange","Replay:BluntJabs"],"campfire_rested":2,"item_purchase_floors":[5,5,5,5,5,5,11,11,21,21,37,37,37,37,45,45],"current_hp_per_floor":[69,69,69,66,66,66,62,62,62,60,60,60,65,65,77,38,77,49,49,49,49,74,41,41,41,41,44,44,36,59,61,61,60,77,77,67,67,67,70,35,48,71,71,71,71,77,77,73,73,37],"gold":115,"neow_bonus":"","is_daily":true,"chose_seed":false,"campfire_upgraded":1,"win_rate":0.0,"timestamp":1610340929,"path_taken":["M","M","?","M","$","R","E","?","T","E","$","M","?","?","R","BOSS","M","M","?","$","?","M","M","M","T","E","?","E","R","M","R_BF","BOSS","M","?","$","?","?","E","M","R","T","?","$","?","?","M","R","BOSS"],"items_purchased_type":["Relic","Card","Relic","Relic","Card","Card","Relic","Relic","Relic","Relic","Relic","Card","Card","Relic","Relic","Card"],"build_version":"2020-12-22","purchased_purges":0,"victory":true,"max_hp_per_floor":[72,72,72,72,72,72,72,72,72,72,72,72,77,77,77,77,77,77,77,77,77,77,77,77,77,77,77,77,77,77,77,77,77,77,77,77,77,77,77,77,77,77,77,77,77,77,77,77,77,77],"card_choices":[{"not_picked":["Havoc","Dropkick"],"picked":"EmptyFist","floor":1},{"not_picked":["True Grit","Massacre"],"picked":"hubris:ReadiedAction","floor":2},{"not_picked":["Heavy Blade","Reckless Charge"],"picked":"Body Slam","floor":4},{"not_picked":["Weave","CutThroughFate"],"picked":"Cleave","floor":7},{"not_picked":["Warcry","Fasting2+1"],"picked":"Havoc","floor":10},{"not_picked":["Uppercut","Protect"],"picked":"EmptyBody","floor":12},{"not_picked":["Omniscience","Replay:LoomingThreat+1"],"picked":"Scrawl","floor":16},{"not_picked":["JustLucky","Cleave"],"picked":"Consecrate","floor":18},{"not_picked":["JustLucky+1","Replay:Vibes"],"picked":"Pommel Strike+1","floor":19},{"not_picked":["Burning Pact","Uppercut"],"picked":"Bludgeon","floor":23},{"not_picked":["Halt","Replay:Undeath\u0027s Touch"],"picked":"Heavy Blade+1","floor":24},{"not_picked":["hubris:ReadiedAction","Body Slam"],"picked":"EmptyBody","floor":25},{"not_picked":["Evolve+1","Blood for Blood+1"],"picked":"FollowUp","floor":27},{"not_picked":["Replay:Vibes","Carnage"],"picked":"hubris:StunningStrike","floor":29},{"not_picked":["ClearTheMind","Replay:Undeath\u0027s Touch"],"picked":"Thunderclap","floor":31},{"not_picked":["Hemogenesis","Blasphemy"],"picked":"Reaper","floor":33},{"not_picked":["SignatureMove","CrushJoints"],"picked":"ConjureBlade","floor":35},{"not_picked":["hubris:ReadiedAction","Headbutt"],"picked":"Armaments","floor":39},{"not_picked":["Thunderclap","ThirdEye+1"],"picked":"Consecrate","floor":40},{"not_picked":["Wireheading+1","Protect+1"],"picked":"Vengeance","floor":41},{"not_picked":["Thinking Ahead","Replay:Sssssssssstrike"],"picked":"Metamorphosis","floor":44},{"not_picked":["Replay:AtTheReady","DeceiveReality"],"picked":"Anger+1","floor":46},{"not_picked":["Replay:AtTheReady+1","Crescendo"],"picked":"Disarm","floor":48}],"player_experience":186939,"relics_obtained":[{"floor":7,"key":"Bag of Preparation"},{"floor":9,"key":"Replay:Bandana"},{"floor":10,"key":"Guardian:PocketSentry"},{"floor":20,"key":"War Paint"},{"floor":26,"key":"Meat on the Bone"},{"floor":27,"key":"hubris:SlimyHat"},{"floor":27,"key":"Matryoshka"},{"floor":29,"key":"Snack Pack"},{"floor":29,"key":"hubris:Metronome"},{"floor":34,"key":"Happy Flower"},{"floor":34,"key":"hubris:DuctTape"},{"floor":34,"key":"Counterbalance"},{"floor":40,"key":"hubris:TinFlute"},{"floor":40,"key":"Replay:Multitool"},{"floor":43,"key":"hubris:MysteriousPyramids"},{"floor":43,"key":"hubris:PeanutButter"}],"event_choices":[{"damage_healed":62,"gold_gain":0,"player_choice":"Embrace","damage_taken":0,"max_hp_gain":0,"max_hp_loss":72,"event_name":"betterThird:BetterShining","floor":8,"gold_loss":0},{"damage_healed":0,"gold_gain":0,"player_choice":"Donut","damage_taken":0,"max_hp_gain":5,"max_hp_loss":0,"event_name":"Big Fish","floor":13,"gold_loss":0},{"damage_healed":0,"gold_gain":0,"cards_transformed":["ClearTheMind"],"player_choice":"Transformed","damage_taken":0,"max_hp_gain":0,"max_hp_loss":0,"event_name":"Transmorgrifier","floor":14,"gold_loss":0,"cards_obtained":["JustLucky"]},{"damage_healed":25,"gold_gain":0,"player_choice":"Heal","damage_taken":0,"max_hp_gain":0,"max_hp_loss":0,"event_name":"The Library","floor":22,"gold_loss":0},{"damage_healed":0,"gold_gain":0,"player_choice":"Inject Mutagens","damage_taken":0,"relics_obtained":["MutagenicStrength"],"max_hp_gain":0,"max_hp_loss":0,"event_name":"Drug Dealer","floor":28,"gold_loss":0},{"damage_healed":0,"gold_gain":0,"player_choice":"Embrace Madness","damage_taken":10,"max_hp_gain":0,"max_hp_loss":0,"event_name":"Winding Halls","floor":36,"gold_loss":0,"cards_obtained":["Madness","Madness"]},{"damage_healed":0,"gold_gain":0,"player_choice":"Paid","damage_taken":0,"relics_obtained":["Red Mask"],"max_hp_gain":0,"max_hp_loss":0,"event_name":"Tomb of Lord Red Mask","floor":38,"gold_loss":24},{"damage_healed":0,"gold_gain":0,"player_choice":"Random: Blue","damage_taken":0,"max_hp_gain":0,"max_hp_loss":0,"event_name":"betterThird:BetterPortal","floor":44,"gold_loss":0},{"damage_healed":0,"gold_gain":0,"player_choice":"Memory 1","damage_taken":0,"max_hp_gain":0,"max_hp_loss":0,"event_name":"SensoryStone","floor":44,"gold_loss":0},{"damage_healed":0,"gold_gain":0,"player_choice":"Ignored","damage_taken":0,"max_hp_gain":0,"max_hp_loss":0,"event_name":"Duplicator","floor":47,"gold_loss":0},{"damage_healed":0,"gold_gain":0,"player_choice":"Bought 0 Potions","damage_taken":0,"max_hp_gain":0,"max_hp_loss":0,"event_name":"The Woman in Blue","floor":49,"gold_loss":0}],"is_beta":false,"boss_relics":[{"not_picked":["Busted Crown","ChewingGum"],"picked":"Black Star"},{"not_picked":["ReplayTheSpireMod:DimensionalGlitch","hubris:VirtuousBlindfold"],"picked":"Calling Bell"}],"items_purged_floors":[],"is_endless":false,"potions_floor_spawned":[2,7,10,19,24,31,35,39,41],"ascension_level":0}}