{"host":"iy58fyt9wsbv4cf1","time":1610394926,"event":{"mods":["BaseMod","Better Altar","Better Match","Better Skull","Better Third Choice","BetterRewards","Conspire","Custom Start","Defuse TimeMaze Blight","Hubris","Infinite Spire","Minty Spire (QoL Compilation)","Permanent Neow","Quick Restart","Spicy Shops","StSLib"],"gold_per_floor":[118,26,39,39,57,92,92,108,160,193,193,193,210,223,223,322,322,333,350,118,147,147,182,182,193,218,218,218,228,228,262,262,367,367,385,385,396,412,412,412,425,425,451,451,486,536,553,553,553,553,553,553,490,518,518],"floor_reached":56,"playtime":1313,"items_purged":["Strike_B","Strike_B","Strike_B","Defend_B"],"score":1675,"play_id":"36e8c2ac-d423-4618-978a-af634601e024","local_time":"20210111145526","is_ascension_mode":false,"campfire_choices":[{"data":"Storm","floor":7.0,"key":"SMITH"},{"data":"Defragment","floor":12.0,"key":"SMITH"},{"data":"Dualcast","floor":15.0,"key":"SMITH"},{"floor":24.0,"key":"REST"},{"data":"Storm","floor":28.0,"key":"SMITH"},{"floor":30.0,"key":"RECALL"},{"data":"Thunder Strike","floor":32.0,"key":"SMITH"},{"data":"Double Energy","floor":40.0,"key":"SMITH"},{"data":"Reboot","floor":42.0,"key":"SMITH"},{"data":"Consume","floor":44.0,"key":"SMITH"},{"data":"Seek","floor":49.0,"key":"SMITH"},{"data":"Electrodynamics","floor":52.0,"key":"SMITH"}],"circlet_count":0,"master_deck":["Defend_B","Defend_B","Defend_B","Zap","Dualcast+1","Storm+1","Storm+1","hubris:Ukulele","Defragment+1","Leap","Ball Lightning","Steam","BootSequence","Consume+1","Thunder Strike+1","Defragment+1","Storm+1","Reboot+1","Double Energy+1","Electrodynamics+1","Heatsinks+1","Capacitor+1","Defragment+1","Seek+1","Tempest+1","Storm+1"],"relics":["Cracked Core","Art of War","Lee\u0027s Waffle","Membership Card","hubris:BallOfYels","hubris:Zylophone","Chemical X","infinitespire:Beetle Shell","Anchor","Singing Bowl","hubris:ScarierMask","DataDisk","Orrery","Red Mask","Oddly Smooth Stone","infinitespire:Satchel","Coffee Dripper","Incense Burner","conspire:SpecialSausage","Omamori","conspire:GiftBox","hubris:BundleOfHerbs"],"acts_visited":["Exordium","TheCity","TheBeyond","TheEnding"],"potions_floor_usage":[55,55,55],"damage_taken":[{"damage":0.0,"enemies":"2 Louse","floor":1.0,"turns":2.0},{"damage":13.0,"enemies":"infinitespire:Voidling","floor":3.0,"turns":2.0},{"damage":2.0,"enemies":"Jaw Worm","floor":5.0,"turns":2.0},{"damage":0.0,"enemies":"3 Sentries","floor":6.0,"turns":3.0},{"damage":2.0,"enemies":"Exordium Thugs","floor":8.0,"turns":2.0},{"damage":0.0,"enemies":"Lagavulin","floor":10.0,"turns":3.0},{"damage":0.0,"enemies":"Looter","floor":13.0,"turns":2.0},{"damage":0.0,"enemies":"Large Slime","floor":14.0,"turns":2.0},{"damage":26.0,"enemies":"Hexaghost","floor":16.0,"turns":7.0},{"damage":0.0,"enemies":"conspire:FuzzyDice","floor":18.0,"turns":3.0},{"damage":0.0,"enemies":"2 Thieves","floor":19.0,"turns":2.0},{"damage":0.0,"enemies":"Masked Bandits","floor":21.0,"turns":2.0},{"damage":84.0,"enemies":"Nightmare","floor":23.0,"turns":6.0},{"damage":0.0,"enemies":"Snake Plant","floor":25.0,"turns":2.0},{"damage":0.0,"enemies":"3 Cultists","floor":29.0,"turns":2.0},{"damage":0.0,"enemies":"Slavers","floor":31.0,"turns":2.0},{"damage":11.0,"enemies":"Automaton","floor":33.0,"turns":4.0},{"damage":0.0,"enemies":"3 Darklings","floor":35.0,"turns":2.0},{"damage":1.0,"enemies":"Orb Walker","floor":37.0,"turns":2.0},{"damage":1.0,"enemies":"Maw","floor":38.0,"turns":3.0},{"damage":0.0,"enemies":"Transient","floor":41.0,"turns":5.0},{"damage":1.0,"enemies":"Giant Head","floor":45.0,"turns":3.0},{"damage":0.0,"enemies":"Mind Bloom Boss Battle","floor":46.0,"turns":2.0},{"damage":0.0,"enemies":"Writhing Mass","floor":47.0,"turns":2.0},{"damage":0.0,"enemies":"hubris:GrandSnecko","floor":50.0,"turns":2.0},{"damage":0.0,"enemies":"Shield and Spear","floor":54.0,"turns":2.0},{"damage":51,"enemies":"The Heart","floor":55,"turns":3}],"seed_played":"5415262195982468989","potions_obtained":[{"floor":5.0,"key":"Fruit Juice"},{"floor":8.0,"key":"BlessingOfTheForge"},{"floor":13.0,"key":"EssenceOfSteel"},{"floor":16.0,"key":"Weak Potion"},{"floor":22.0,"key":"PowerPotion"},{"floor":25.0,"key":"Block Potion"},{"floor":31.0,"key":"DuplicationPotion"},{"floor":33.0,"key":"ColorlessPotion"}],"is_trial":false,"path_per_floor":["M","$","M","?","M","E","R","M","T","E","?","R","M","M","R","B",null,"M","M","$","?","?","NM","R","M","T","AVR","R","M","R","E","R","B",null,"M","?","M","M","?","R","M","R","T","R","E","?","M","?","R","B",null,"R","$","E","B",null],"character_chosen":"DEFECT","items_purchased":["Art of War","Lee\u0027s Waffle","Storm","Membership Card","Storm","hubris:BallOfYels","hubris:Zylophone","hubris:Ukulele","Chemical X","Leap","Storm","DataDisk","Orrery"],"campfire_rested":1,"item_purchase_floors":[0,0,0,0,0,0,0,0,2,2,20,20,20],"current_hp_per_floor":[82,82,69,69,72,72,72,70,70,70,70,70,72,72,72,46,89,91,91,101,101,101,19,49,51,51,51,51,53,53,53,53,42,107,107,107,106,107,107,107,109,109,109,109,108,110,110,110,110,110,113,113,113,115,64],"gold":518,"neow_bonus":"","is_daily":false,"chose_seed":false,"campfire_upgraded":10,"win_rate":0.0,"timestamp":1610394926,"path_taken":["M","$","M","?","M","E","R","?","T","E","?","R","M","M","R","BOSS","M","M","$","?","?","NM","R","M","T","AVR","R","?","R","E","R","BOSS","M","?","M","M","?","R","?","R","T","R","E","?","M","?","R","BOSS","R","$","E","BOSS"],"items_purchased_type":["Relic","Relic","Card","Relic","Card","Relic","Relic","Card","Relic","Card","Card","Relic","Relic"],"build_version":"2020-12-22","purchased_purges":4,"victory":true,"max_hp_per_floor":[82,82,82,82,87,87,87,87,87,87,87,87,89,89,89,89,89,91,91,101,101,101,103,103,105,105,105,105,107,107,107,107,107,107,107,107,107,109,109,109,111,111,111,111,111,113,113,113,113,113,113,113,113,115,115],"card_choices":[{"not_picked":["Rebound","Recycle"],"picked":"Defragment","floor":1.0},{"not_picked":["Streamline","Compile Driver"],"picked":"Ball Lightning","floor":3.0},{"not_picked":["Barrage","Redo"],"picked":"Steam","floor":5.0},{"not_picked":["Streamline","Hello World","Coolheaded"],"picked":"SKIP","floor":6.0},{"not_picked":["Chaos","hubris:DoWhile","Ball Lightning"],"picked":"SKIP","floor":8.0},{"not_picked":["Compile Driver","Capacitor"],"picked":"BootSequence","floor":10.0},{"not_picked":["Compile Driver","Rip and Tear","Redo"],"picked":"Singing Bowl","floor":13.0},{"not_picked":["Leap","Streamline"],"picked":"Consume","floor":14.0},{"not_picked":["Reboot","Creative AI"],"picked":"Thunder Strike","floor":16.0},{"not_picked":["Leap","Redo","Compile Driver+1"],"picked":"Singing Bowl","floor":18.0},{"not_picked":["Conserve Battery+1","Glacier+1"],"picked":"Defragment+1","floor":19.0},{"not_picked":["Chaos","Cold Snap","Hello World"],"picked":"Singing Bowl","floor":20.0},{"not_picked":["Barrage","Streamline","conspire:Rain+1"],"picked":"Singing Bowl","floor":20.0},{"not_picked":["Streamline","Stack","Gash"],"picked":"Singing Bowl","floor":20.0},{"not_picked":["Sweeping Beam","Scrape","Hologram"],"picked":"Singing Bowl","floor":20.0},{"not_picked":["conspire:SharedLibrary","Streamline+1","Sweeping Beam"],"picked":"Singing Bowl","floor":20.0},{"not_picked":["Streamline","Fusion"],"picked":"Reboot","floor":21.0},{"not_picked":["Fission","Coolheaded","Skim"],"picked":"Singing Bowl","floor":23.0},{"not_picked":["Reinforced Body","Barrage","Ball Lightning"],"picked":"Singing Bowl","floor":25.0},{"not_picked":["Undo","Turbo","Compile Driver"],"picked":"Singing Bowl","floor":29.0},{"not_picked":["Go for the Eyes","Leap"],"picked":"Double Energy","floor":31.0},{"not_picked":["Biased Cognition","Meteor Strike"],"picked":"Electrodynamics","floor":33.0},{"not_picked":["Ball Lightning+1","Reinforced Body+1"],"picked":"Heatsinks+1","floor":35.0},{"not_picked":["Rip and Tear","Barrage+1"],"picked":"Capacitor+1","floor":37.0},{"not_picked":["Go for the Eyes","Hello World","Leap+1"],"picked":"Singing Bowl","floor":38.0},{"not_picked":["Stack+1","Hello World+1","Ball Lightning+1"],"picked":"Singing Bowl","floor":41.0},{"not_picked":["Gash","Force Field"],"picked":"Defragment+1","floor":45.0},{"not_picked":["Hyperbeam","Reboot"],"picked":"Seek","floor":46.0},{"not_picked":["Force Field+1","Ball Lightning+1","Redo"],"picked":"Singing Bowl","floor":46.0},{"not_picked":["Compile Driver","Coolheaded+1"],"picked":"Tempest+1","floor":47.0},{"not_picked":["Leap+1","Stack+1","Coolheaded"],"picked":"Singing Bowl","floor":54.0}],"player_experience":36383,"relics_obtained":[{"floor":6.0,"key":"infinitespire:Beetle Shell"},{"floor":9.0,"key":"Anchor"},{"floor":10.0,"key":"Singing Bowl"},{"floor":21.0,"key":"Red Mask"},{"floor":23.0,"key":"Oddly Smooth Stone"},{"floor":26.0,"key":"infinitespire:Satchel"},{"floor":31.0,"key":"Incense Burner"},{"floor":45.0,"key":"Omamori"},{"floor":46.0,"key":"conspire:GiftBox"},{"floor":54.0,"key":"hubris:BundleOfHerbs"}],"event_choices":[{"cards_removed":["Strike_B"],"damage_healed":0.0,"max_hp_gain":0.0,"max_hp_loss":0.0,"gold_gain":0.0,"event_name":"Bonfire Elementals","player_choice":"Offered Basic","floor":4.0,"gold_loss":0.0,"damage_taken":0.0},{"damage_healed":0.0,"max_hp_gain":0.0,"max_hp_loss":0.0,"gold_gain":0.0,"event_name":"Masked Bandits","player_choice":"Fought Bandits","floor":21.0,"gold_loss":0.0,"damage_taken":0.0},{"damage_healed":0.0,"max_hp_gain":0.0,"max_hp_loss":0.0,"gold_gain":0.0,"event_name":"Lab","player_choice":"Got Potions","floor":22.0,"gold_loss":0.0,"damage_taken":0.0},{"damage_healed":0.0,"max_hp_gain":0.0,"max_hp_loss":0.0,"gold_gain":0.0,"event_name":"betterThird:BetterPortal","player_choice":"Random: Yellow","floor":39.0,"gold_loss":0.0,"damage_taken":0.0},{"damage_healed":0.0,"max_hp_gain":0.0,"max_hp_loss":0.0,"gold_gain":0.0,"event_name":"NoteForYourself","player_choice":"Ignored","floor":39.0,"gold_loss":0.0,"damage_taken":0.0},{"damage_healed":0.0,"max_hp_gain":0.0,"max_hp_loss":0.0,"gold_gain":0.0,"event_name":"MindBloom","player_choice":"Fight","floor":46.0,"gold_loss":0.0,"damage_taken":0.0},{"damage_healed":0.0,"max_hp_gain":0.0,"max_hp_loss":0.0,"gold_gain":0.0,"event_name":"Duplicator","player_choice":"Copied","floor":48.0,"gold_loss":0.0,"damage_taken":0.0,"cards_obtained":["Storm"]}],"is_beta":false,"boss_relics":[{"not_picked":["SacredBark","Tiny House"],"picked":"hubris:ScarierMask"},{"not_picked":["Busted Crown","Runic Dome"],"picked":"conspire:SpecialSausage"}],"items_purged_floors":[0,20,27,53],"is_endless":false,"potions_floor_spawned":[5,8,13,16,25,31,33,38,47],"ascension_level":0}}