{"host":"opg65mucj6ra7dr1","time":1610357690,"event":{"mods":["BaseMod","DeckTracker","Keyboard Shortcuts","Minty Spire (QoL Compilation)","Permanent Neow","Quick Restart","everything is the same but u backflip on backflip"],"gold_per_floor":[110,110,121,140,19,49,63,91,114,114,132,132,146,146,146,266,266,287,287,287,29,59,59,77,96,96,96,116,116,16,31,31,133,133,150,150,6,18,18,18,51,51,75,75,75],"floor_reached":44,"playtime":1679,"items_purged":["Strike_P","Strike_P"],"score":491,"play_id":"da8a9657-35ee-4404-b447-97d9ddf8f435","local_time":"20210111183450","is_ascension_mode":true,"campfire_choices":[{"floor":10.0,"key":"REST"},{"floor":12.0,"key":"REST"},{"floor":15.0,"key":"REST"},{"floor":23.0,"key":"REST"},{"floor":27.0,"key":"REST"},{"floor":29,"key":"REST"},{"data":"Crescendo","floor":32,"key":"SMITH"},{"data":"Perseverance","floor":40,"key":"SMITH"},{"floor":42,"key":"REST"}],"circlet_count":0,"master_deck":["Strike_P","Strike_P","Defend_P","Defend_P","Defend_P","Defend_P","Eruption+1","Vigilance","Consecrate","ClearTheMind","EmptyFist","Crescendo","ClearTheMind","EmptyBody","DeceiveReality","DevaForm","Protect","Consecrate","CurseOfTheBell","CrushJoints+1","EmptyFist","FlurryOfBlows","FlurryOfBlows","Perseverance+1","Wallop+1","FlurryOfBlows+1","Crescendo+1","FollowUp+1","Flash of Steel+1","Consecrate+1","CutThroughFate+1","EmptyBody+1"],"relics":["PureWater","Lantern","Dream Catcher","Ancient Tea Set","Bronze Scales","Bloody Idol","Calling Bell","Regal Pillow","HornCleat","Unceasing Top","MutagenicStrength","PreservedInsect","Red Mask","Molten Egg 2","VioletLotus","Oddly Smooth Stone","Pen Nib","Happy Flower"],"acts_visited":["Exordium","TheCity","TheBeyond"],"potions_floor_usage":[31,44],"damage_taken":[{"damage":0.0,"enemies":"Jaw Worm","floor":1.0,"turns":3.0},{"damage":1.0,"enemies":"Cultist","floor":3.0,"turns":4.0},{"damage":0.0,"enemies":"2 Louse","floor":4.0,"turns":2.0},{"damage":12.0,"enemies":"3 Sentries","floor":6.0,"turns":6.0},{"damage":3.0,"enemies":"2 Fungi Beasts","floor":7.0,"turns":4.0},{"damage":29.0,"enemies":"Gremlin Nob","floor":8.0,"turns":4.0},{"damage":21.0,"enemies":"Blue Slaver","floor":11.0,"turns":2.0},{"damage":11.0,"enemies":"Large Slime","floor":13.0,"turns":9.0},{"damage":33.0,"enemies":"Slime Boss","floor":16.0,"turns":12.0},{"damage":54.0,"enemies":"Chosen","floor":18.0,"turns":9.0},{"damage":12.0,"enemies":"Masked Bandits","floor":22.0,"turns":4.0},{"damage":0.0,"enemies":"3 Byrds","floor":24.0,"turns":2.0},{"damage":14.0,"enemies":"Sentry and Sphere","floor":25.0,"turns":5.0},{"damage":26,"enemies":"Centurion and Healer","floor":28,"turns":6},{"damage":12,"enemies":"Snecko","floor":31,"turns":4},{"damage":55,"enemies":"Automaton","floor":33,"turns":12},{"damage":11,"enemies":"Orb Walker","floor":35,"turns":5},{"damage":18,"enemies":"3 Shapes","floor":38,"turns":5},{"damage":40,"enemies":"Giant Head","floor":41,"turns":7},{"damage":41,"enemies":"Reptomancer","floor":44,"turns":4}],"seed_played":"5490906139974753325","potions_obtained":[{"floor":3.0,"key":"ColorlessPotion"},{"floor":4.0,"key":"Dexterity Potion"},{"floor":6.0,"key":"FearPotion"},{"floor":11.0,"key":"Explosive Potion"},{"floor":24.0,"key":"BlessingOfTheForge"},{"floor":28,"key":"LiquidMemories"},{"floor":31,"key":"Ancient Potion"},{"floor":38,"key":"SpeedPotion"}],"is_trial":false,"path_per_floor":["M","?","M","M","$","E","M","E","T","R","M","R","M","?","R","B",null,"M","?","?","$","?","R","M","M","T","R","M","R","$","M","R","B",null,"M","?","$","M","?","R","E","R","T","E"],"character_chosen":"WATCHER","items_purchased":["EmptyFist","PreservedInsect","EmptyFist","FlurryOfBlows","Oddly Smooth Stone"],"campfire_rested":7,"item_purchase_floors":[5,21,21,21,37],"current_hp_per_floor":[72,72,71,71,71,59,56,27,27,48,27,48,37,37,57,24,67,13,13,13,13,6,41,46,37,37,67,46,67,67,60,60,10,67,61,61,61,48,48,48,13,47,52,11,11],"gold":75,"neow_bonus":"RANDOM_COMMON_RELIC","is_daily":false,"chose_seed":false,"campfire_upgraded":2,"win_rate":0.0,"timestamp":1610357690,"path_taken":["M","?","M","?","?","E","M","E","T","R","M","R","M","?","R","BOSS","M","?","?","$","?","R","M","M","T","R","M","R","$","M","R","BOSS","M","?","$","?","?","R","E","R","T","E"],"items_purchased_type":["Card","Relic","Card","Card","Relic"],"build_version":"2020-12-22","purchased_purges":2,"victory":false,"max_hp_per_floor":[72,72,72,72,72,72,72,72,72,72,72,72,72,67,67,67,67,67,67,67,67,67,67,67,67,67,67,67,67,67,67,67,67,67,67,67,67,67,64,64,64,64,64,64,64],"card_choices":[{"not_picked":["Nirvana","Protect"],"picked":"Consecrate","floor":1.0},{"not_picked":["Prostrate","PathToVictory","Meditate"],"picked":"SKIP","floor":3.0},{"not_picked":["BowlingBash","SignatureMove"],"picked":"ClearTheMind","floor":4.0},{"not_picked":["Weave","Fasting2","WaveOfTheHand"],"picked":"SKIP","floor":6.0},{"not_picked":["ThirdEye","FlurryOfBlows"],"picked":"Crescendo","floor":7.0},{"not_picked":["Halt","PathToVictory"],"picked":"ClearTheMind","floor":8.0},{"not_picked":["JustLucky","Halt"],"picked":"EmptyBody","floor":10.0},{"not_picked":["Crescendo","EmptyBody"],"picked":"DeceiveReality","floor":11.0},{"not_picked":["ThirdEye","Crescendo"],"picked":"DevaForm","floor":12.0},{"not_picked":["Wireheading","Swivel"],"picked":"Protect","floor":13.0},{"not_picked":["Prostrate","CrushJoints"],"picked":"Consecrate","floor":15.0},{"not_picked":["EmptyBody","ClearTheMind+1"],"picked":"CrushJoints+1","floor":18.0},{"not_picked":["CarveReality","EmptyFist"],"picked":"FlurryOfBlows","floor":22.0},{"not_picked":["Blasphemy","Halt"],"picked":"Perseverance","floor":24.0},{"not_picked":["SashWhip+1","Crescendo+1","Pray+1"],"picked":"SKIP","floor":25.0},{"not_picked":["CrushJoints+1","Halt"],"picked":"Wallop+1","floor":27.0},{"not_picked":["Wireheading","ClearTheMind+1"],"picked":"FlurryOfBlows+1","floor":28},{"not_picked":["EmptyFist+1","ThirdEye"],"picked":"Crescendo","floor":31},{"not_picked":["JustLucky+1","Weave+1"],"picked":"FollowUp+1","floor":35},{"not_picked":["CutThroughFate+1","Prostrate"],"picked":"Consecrate+1","floor":38},{"not_picked":["EmptyFist+1","Tantrum+1"],"picked":"CutThroughFate+1","floor":41},{"not_picked":["WheelKick+1","ClearTheMind"],"picked":"EmptyBody+1","floor":42}],"player_experience":91666,"relics_obtained":[{"floor":6.0,"key":"Dream Catcher"},{"floor":8.0,"key":"Ancient Tea Set"},{"floor":9.0,"key":"Bronze Scales"},{"floor":17.0,"key":"Regal Pillow"},{"floor":17.0,"key":"HornCleat"},{"floor":17.0,"key":"Unceasing Top"},{"floor":22.0,"key":"Red Mask"},{"floor":26.0,"key":"Molten Egg 2"},{"floor":41,"key":"Pen Nib"},{"floor":43,"key":"Happy Flower"}],"event_choices":[{"damage_healed":0.0,"max_hp_gain":0.0,"max_hp_loss":0.0,"gold_gain":0.0,"event_name":"Accursed Blacksmith","player_choice":"Forge","floor":2.0,"gold_loss":0.0,"damage_taken":0.0,"cards_upgraded":["Eruption"]},{"damage_healed":0.0,"max_hp_gain":0.0,"max_hp_loss":5.0,"gold_gain":0.0,"event_name":"Golden Idol","player_choice":"Lose Max HP","floor":14.0,"gold_loss":0.0,"damage_taken":0.0,"relics_obtained":["Golden Idol"]},{"damage_healed":0.0,"max_hp_gain":0.0,"max_hp_loss":0.0,"gold_gain":0.0,"event_name":"Drug Dealer","player_choice":"Inject Mutagens","floor":19.0,"gold_loss":0.0,"damage_taken":0.0,"relics_obtained":["MutagenicStrength"]},{"damage_healed":0.0,"max_hp_gain":0.0,"max_hp_loss":0.0,"gold_gain":0.0,"event_name":"Forgotten Altar","player_choice":"Gave Idol","floor":20.0,"relics_lost":["Golden Idol"],"gold_loss":0.0,"damage_taken":0.0,"relics_obtained":["Bloody Idol"]},{"damage_healed":0.0,"max_hp_gain":0.0,"max_hp_loss":0.0,"gold_gain":0.0,"event_name":"Masked Bandits","player_choice":"Fought Bandits","floor":22.0,"gold_loss":0.0,"damage_taken":0.0},{"damage_healed":0,"gold_gain":0,"player_choice":"1 cards matched","damage_taken":0,"max_hp_gain":0,"max_hp_loss":0,"event_name":"Match and Keep!","floor":36,"gold_loss":0,"cards_obtained":["Flash of Steel"]},{"damage_healed":0,"gold_gain":0,"player_choice":"Max HP","damage_taken":0,"max_hp_gain":0,"max_hp_loss":3,"event_name":"Winding Halls","floor":39,"gold_loss":0}],"is_beta":false,"boss_relics":[{"not_picked":["Cursed Key","Velvet Choker"],"picked":"Calling Bell"},{"not_picked":["Pandora\u0027s Box","Busted Crown"],"picked":"VioletLotus"}],"items_purged_floors":[5,30],"is_endless":false,"potions_floor_spawned":[3,4,6,11,24,28,31,38],"killed_by":"Reptomancer","ascension_level":2}}