{"host":"g01l53quoe6lrer0","time":1610350654,"event":{"mods":["2.2 Compatiblity","AchievementEnabler","BaseMod","Colored Map","Highlight Path","Keyboard Shortcuts","Minty Spire (QoL Compilation)","Permanent Neow","StSLib","SuperFastMode","everything is the same but u backflip on backflip"],"gold_per_floor":[112,112,112,133,157,157,206,233,259,259,284,318,351,374,374,472,472,487,487,487],"floor_reached":19,"playtime":346,"items_purged":[],"score":392,"play_id":"15329b09-c4a6-4341-aff0-b6969c805f05","local_time":"20210111163734","is_ascension_mode":true,"campfire_choices":[{"data":"Flex","floor":6.0,"key":"SMITH"},{"data":"Entrench","floor":10.0,"key":"SMITH"},{"floor":15.0,"key":"REST"}],"circlet_count":0,"master_deck":["AscendersBane","Strike_R","Strike_R","Strike_R","Strike_R","Strike_R","Defend_R","Defend_R","Defend_R","Defend_R","Bash","Flex+1","Regret","Headbutt","Entrench+1","Spot Weakness","Shrug It Off","Limit Break","Sword Boomerang"],"relics":["Burning Blood","NeowsBlessing","CaptainsWheel","Golden Idol","CeramicFish","Nunchaku","Red Skull","SlaversCollar"],"acts_visited":["Exordium","TheCity"],"potions_floor_usage":[16,16],"damage_taken":[{"damage":0.0,"enemies":"2 Louse","floor":1.0,"turns":1.0},{"damage":0.0,"enemies":"Jaw Worm","floor":4.0,"turns":1.0},{"damage":0.0,"enemies":"Gremlin Nob","floor":7.0,"turns":1.0},{"damage":1.0,"enemies":"Cultist","floor":8.0,"turns":3.0},{"damage":16.0,"enemies":"Blue Slaver","floor":11.0,"turns":3.0},{"damage":29.0,"enemies":"Exordium Thugs","floor":12.0,"turns":4.0},{"damage":18.0,"enemies":"Lots of Slimes","floor":13.0,"turns":3.0},{"damage":13.0,"enemies":"Looter","floor":14.0,"turns":2.0},{"damage":20,"enemies":"Hexaghost","floor":16,"turns":6},{"damage":25,"enemies":"Shell Parasite","floor":18,"turns":4},{"damage":0,"enemies":"2 Thieves","floor":19,"turns":1}],"seed_played":"-8287828879969288691","potions_obtained":[{"floor":4.0,"key":"SpeedPotion"},{"floor":8.0,"key":"Weak Potion"},{"floor":14.0,"key":"DuplicationPotion"},{"floor":18,"key":"Dexterity Potion"}],"is_trial":false,"path_per_floor":["M","?","?","M","T","R","E","M","T","R","M","M","M","M","R","B",null,"M","M"],"character_chosen":"IRONCLAD","items_purchased":[],"campfire_rested":1,"item_purchase_floors":[],"current_hp_per_floor":[74,74,48,54,54,54,60,65,65,65,55,32,20,13,35,21,62,43,43,43],"gold":487,"neow_bonus":"THREE_ENEMY_KILL","is_daily":false,"chose_seed":false,"campfire_upgraded":2,"win_rate":0.0,"timestamp":1610350654,"path_taken":["M","?","?","M","?","R","E","M","T","R","M","M","?","M","R","BOSS","M","M"],"items_purchased_type":[],"build_version":"2020-12-22","purchased_purges":0,"victory":false,"max_hp_per_floor":[75,75,75,75,75,75,75,75,75,75,75,75,75,75,75,75,75,75,75,75],"card_choices":[{"not_picked":["Battle Trance","Heavy Blade"],"picked":"Flex","floor":1.0},{"not_picked":["Armaments","Heavy Blade"],"picked":"Headbutt","floor":4.0},{"not_picked":["Intimidate","Fire Breathing"],"picked":"Entrench","floor":7.0},{"not_picked":["Twin Strike","Dropkick"],"picked":"Spot Weakness","floor":8.0},{"not_picked":["Heavy Blade","Anger"],"picked":"Shrug It Off","floor":11.0},{"not_picked":["Heavy Blade","Clash"],"picked":"Limit Break","floor":12.0},{"not_picked":["Anger","Flame Barrier"],"picked":"Sword Boomerang","floor":13.0},{"not_picked":["Flex","Entrench","Headbutt"],"picked":"SKIP","floor":14.0},{"not_picked":["True Grit","Thunderclap","Clothesline"],"picked":"SKIP","floor":18}],"player_experience":133170,"relics_obtained":[{"floor":5.0,"key":"CeramicFish"},{"floor":7.0,"key":"Nunchaku"},{"floor":9.0,"key":"Red Skull"}],"event_choices":[{"damage_healed":0.0,"max_hp_gain":0.0,"max_hp_loss":0.0,"gold_gain":0.0,"event_name":"Big Fish","player_choice":"Box","floor":2.0,"gold_loss":0.0,"damage_taken":0.0,"relics_obtained":["CaptainsWheel"],"cards_obtained":["Regret"]},{"damage_healed":0.0,"max_hp_gain":0.0,"max_hp_loss":0.0,"gold_gain":0.0,"event_name":"Golden Idol","player_choice":"Take Damage","floor":3.0,"gold_loss":0.0,"damage_taken":26.0,"relics_obtained":["Golden Idol"]}],"is_beta":false,"boss_relics":[{"not_picked":["Runic Pyramid","Cursed Key"],"picked":"SlaversCollar"}],"items_purged_floors":[],"is_endless":false,"potions_floor_spawned":[4,8,14,18],"killed_by":"2 Thieves","ascension_level":20}}