{"host":"llpusn9usp8rznkj","time":1610333785,"event":{"mods":["2.2 Compatiblity","Aspiration","BaseMod","Colored Map","Colored Powertips","Conspire","Hubris","Minty Spire (QoL Compilation)","Quick Restart","Rare Cards Sparkle","Replay The Spire","StSLib","The Cursed"],"gold_per_floor":[112,302,319,319,319,319,345,27,27,40,71,71,71,81,81,157,157,174,185,185,22,41,75,75],"floor_reached":23,"playtime":768,"items_purged":["Pain"],"score":488,"play_id":"e1fe3cb8-8527-4ba1-bff3-a64ecf48db5f","local_time":"20210110215625","is_ascension_mode":true,"campfire_choices":[{"data":"Poisoned Stab","floor":6,"key":"SMITH"},{"data":"Neutralize","floor":15,"key":"SMITH"}],"circlet_count":0,"master_deck":["AscendersBane","Strike_G","Strike_G","Strike_G","Strike_G","Strike_G","Defend_G","Defend_G","Defend_G","Defend_G","Defend_G","Survivor","Neutralize+1","Poisoned Stab+1","Dagger Spray","Backflip","Prepared","Poisoned Stab+1","Corpse Explosion+1","Leg Sweep+1","Prepared","CurseOfTheBell","Blur","Catalyst","ReplayTheSpireMod:The Works+1"],"relics":["Ring of the Snake","NeowsBlessing","WarpedTongs","Strawberry","Golden Egg","InkBottle","Ninja Scroll","hubris:Towel","Calling Bell","Replay:Baseball","Frozen Egg 2","Thread and Needle","ReplayTheSpireMod:Ninjato"],"acts_visited":["Exordium","TheCity"],"potions_floor_usage":[11,16,16,19,22,23],"damage_taken":[{"damage":0,"enemies":"2 Louse","floor":1,"turns":2},{"damage":0,"enemies":"Small Slimes","floor":3,"turns":1},{"damage":0,"enemies":"Gremlin Nob","floor":7,"turns":1},{"damage":0,"enemies":"Cultist","floor":10,"turns":3},{"damage":16,"enemies":"Lagavulin","floor":11,"turns":5},{"damage":0,"enemies":"3 Louse","floor":14,"turns":2},{"damage":14,"enemies":"Hexaghost","floor":16,"turns":8},{"damage":7,"enemies":"Chosen","floor":18,"turns":5},{"damage":0,"enemies":"3 Byrds","floor":19,"turns":1},{"damage":0,"enemies":"Cultist and Chosen","floor":22,"turns":5},{"damage":46,"enemies":"Book of Stabbing","floor":23,"turns":8}],"seed_played":"7308815529265871917","potions_obtained":[{"floor":1,"key":"Weak Potion"},{"floor":3,"key":"GamblersBrew"},{"floor":14,"key":"Venom Potion"},{"floor":16,"key":"SmokeBomb"},{"floor":19,"key":"Fire Potion"},{"floor":20,"key":"SteroidPotion"},{"floor":23,"key":"Block Potion"}],"is_trial":false,"path_per_floor":["M","?","M","?","?","R","E","$","T","M","E","?","?","M","R","B",null,"M","M","?","$","M","E"],"character_chosen":"THE_SILENT","items_purchased":["Golden Egg","Poisoned Stab","ReplayTheSpireMod:The Works"],"campfire_rested":0,"item_purchase_floors":[8,8,21],"current_hp_per_floor":[59,38,38,38,38,38,45,45,45,45,29,29,29,29,29,15,59,52,52,52,52,52,6,6],"gold":75,"neow_bonus":"THREE_ENEMY_KILL","is_daily":false,"chose_seed":false,"campfire_upgraded":2,"win_rate":0.0,"timestamp":1610333785,"path_taken":["M","?","M","?","?","R","E","$","T","?","E","?","?","M","R","BOSS","M","M","?","$","?","E"],"items_purchased_type":["Relic","Card","Card"],"build_version":"2020-12-22","purchased_purges":1,"victory":false,"max_hp_per_floor":[66,66,66,66,66,66,73,73,73,73,73,73,73,73,73,73,73,73,73,73,73,73,73,73],"card_choices":[{"not_picked":["Finisher","Slice"],"picked":"Poisoned Stab","floor":1},{"not_picked":["Acrobatics","Tactician"],"picked":"Dagger Spray","floor":2},{"not_picked":["Dagger Throw","Concentrate"],"picked":"Backflip","floor":3},{"not_picked":["Hidden Blade","Flying Knee"],"picked":"Prepared","floor":7},{"not_picked":["ReplayTheSpireMod:Speed Training","Deflect"],"picked":"Corpse Explosion","floor":10},{"not_picked":["All Out Attack","Tools of the Trade"],"picked":"Leg Sweep","floor":11},{"not_picked":["Slice","ReplayTheSpireMod:Shiv Toss"],"picked":"Prepared","floor":14},{"not_picked":["Predator","hubris:Sniper"],"picked":"Blur","floor":18},{"not_picked":["Outmaneuver","hubris:SlightOfHand"],"picked":"Catalyst","floor":19},{"not_picked":["Backstab","Deflect+1","Deadly Poison"],"picked":"SKIP","floor":22}],"player_experience":1138209,"relics_obtained":[{"floor":7,"key":"Strawberry"},{"floor":9,"key":"InkBottle"},{"floor":11,"key":"Ninja Scroll"},{"floor":17,"key":"Replay:Baseball"},{"floor":17,"key":"Frozen Egg 2"},{"floor":17,"key":"Thread and Needle"},{"floor":23,"key":"ReplayTheSpireMod:Ninjato"}],"event_choices":[{"damage_healed":0,"gold_gain":0,"player_choice":"Ignored","damage_taken":0,"max_hp_gain":0,"max_hp_loss":0,"event_name":"Liars Game","floor":4,"gold_loss":0},{"damage_healed":0,"gold_gain":0,"player_choice":"Rummage","damage_taken":0,"relics_obtained":["WarpedTongs"],"max_hp_gain":0,"max_hp_loss":0,"event_name":"Accursed Blacksmith","floor":5,"gold_loss":0,"cards_obtained":["Pain"]},{"damage_healed":0,"gold_gain":0,"player_choice":"Got Potions","damage_taken":0,"max_hp_gain":0,"max_hp_loss":0,"event_name":"Lab","floor":20,"gold_loss":0}],"is_beta":false,"boss_relics":[{"not_picked":["Black Star","aspiration:PoetsPen_weak"],"picked":"Calling Bell"}],"items_purged_floors":[21],"is_endless":false,"potions_floor_spawned":[1,3,7,14,16,19,23],"killed_by":"Book of Stabbing","ascension_level":20}}