{"host":"op7lvjy5lsqtpdgx","time":1610356152,"event":{"mods":["BaseMod","Minty Spire (QoL Compilation)","StSLib"],"gold_per_floor":[119,131,149,2,2,32,32,51,76,87,162,337,337,88,88,190,190,205,205,205,80,95,95,123,123,195,220,220,220,145,156,156,251,251,263,263,275,295,305,305,339,339,339,357,371,421,421,433,433,433,433,433,92,127,127],"floor_reached":56,"playtime":3687,"items_purged":["Strike_G","Doubt","Defend_G","Parasite"],"score":1493,"play_id":"603cc214-1856-43b8-8dfb-1ed5773c4c66","local_time":"20210111220912","is_ascension_mode":true,"campfire_choices":[{"floor":7,"key":"REST"},{"floor":13,"key":"REST"},{"data":"Neutralize","floor":15,"key":"SMITH"},{"data":"Bullet Time","floor":23,"key":"SMITH"},{"data":"Infinite Blades","floor":25,"key":"SMITH"},{"floor":29,"key":"RECALL"},{"data":"Accuracy","floor":32,"key":"SMITH"},{"data":"Ghostly","floor":40,"key":"SMITH"},{"data":"Ghostly","floor":42,"key":"SMITH"},{"data":"Ghostly","floor":49,"key":"SMITH"},{"data":"Ghostly","floor":52,"key":"SMITH"}],"circlet_count":0,"master_deck":["Strike_G","Strike_G","Strike_G","Strike_G","Survivor+1","Neutralize+1","Bullet Time+1","Cloak And Dagger+1","Dagger Throw","Accuracy+1","Infinite Blades+1","Ghostly","Ghostly+1","Ghostly+1","Ghostly+1","Ghostly+1","Acrobatics+1","Accuracy+1","Reflex+1","Dagger Spray+1","Blade Dance+1","Cloak And Dagger+1","Masterful Stab","Terror"],"relics":["Ring of the Snake","MealTicket","Orichalcum","OrangePellets","Philosopher\u0027s Stone","War Paint","Shuriken","Singing Bowl","MutagenicStrength","Astrolabe","The Courier","Gambling Chip","Toy Ornithopter","InkBottle"],"acts_visited":["Exordium","TheCity","TheBeyond","TheEnding"],"potions_floor_usage":[16,37,38,48,55,55,55],"damage_taken":[{"damage":4,"enemies":"Small Slimes","floor":1,"turns":3},{"damage":0,"enemies":"2 Louse","floor":2,"turns":4},{"damage":1,"enemies":"Jaw Worm","floor":3,"turns":4},{"damage":34,"enemies":"Gremlin Nob","floor":6,"turns":5},{"damage":1,"enemies":"Exordium Wildlife","floor":8,"turns":3},{"damage":3,"enemies":"Looter","floor":10,"turns":3},{"damage":39,"enemies":"Hexaghost","floor":16,"turns":16},{"damage":39,"enemies":"3 Byrds","floor":18,"turns":8},{"damage":0,"enemies":"Shell Parasite","floor":22,"turns":5},{"damage":0,"enemies":"Book of Stabbing","floor":24,"turns":7},{"damage":0,"enemies":"Slavers","floor":27,"turns":6},{"damage":0,"enemies":"Centurion and Healer","floor":31,"turns":4},{"damage":13,"enemies":"Champ","floor":33,"turns":9},{"damage":0,"enemies":"Orb Walker","floor":35,"turns":3},{"damage":0,"enemies":"3 Darklings","floor":37,"turns":4},{"damage":0,"enemies":"Writhing Mass","floor":38,"turns":6},{"damage":0,"enemies":"Jaw Worm Horde","floor":39,"turns":3},{"damage":0,"enemies":"Reptomancer","floor":41,"turns":4},{"damage":0,"enemies":"Sphere and 2 Shapes","floor":44,"turns":4},{"damage":0,"enemies":"Maw","floor":45,"turns":5},{"damage":11,"enemies":"Mind Bloom Boss Battle","floor":46,"turns":4},{"damage":0,"enemies":"Transient","floor":48,"turns":5},{"damage":0,"enemies":"Awakened One","floor":50,"turns":5},{"damage":49,"enemies":"Shield and Spear","floor":54,"turns":5},{"damage":13,"enemies":"The Heart","floor":55,"turns":6}],"seed_played":"-2550535256350722649","potions_obtained":[{"floor":1,"key":"FairyPotion"},{"floor":8,"key":"BlessingOfTheForge"},{"floor":10,"key":"BlessingOfTheForge"},{"floor":18,"key":"DistilledChaos"},{"floor":27,"key":"Swift Potion"},{"floor":37,"key":"BlessingOfTheForge"},{"floor":38,"key":"FairyPotion"},{"floor":45,"key":"EntropicBrew"},{"floor":48,"key":"Fruit Juice"}],"is_trial":false,"path_per_floor":["M","M","M","$","?","E","R","M","T","M","?","?","R","$","R","B",null,"M","?","?","$","M","R","E","R","T","E","?","R","?","M","R","B",null,"M","?","M","M","M","R","E","R","T","M","M","?","?","M","R","B",null,"R","$","E","B",null],"character_chosen":"THE_SILENT","items_purchased":["Accuracy","OrangePellets","Toy Ornithopter","PowerPotion","Terror"],"campfire_rested":2,"item_purchase_floors":[4,14,53,53,53],"current_hp_per_floor":[66,66,65,65,51,17,38,37,37,34,23,23,44,59,59,20,70,31,31,31,35,35,35,35,35,35,37,37,37,37,37,37,24,37,39,39,41,41,43,43,45,45,45,47,47,38,38,45,45,45,56,56,53,6,24],"gold":127,"neow_bonus":"ONE_RANDOM_RARE_CARD","is_daily":false,"chose_seed":false,"campfire_upgraded":8,"win_rate":0.0,"timestamp":1610356152,"path_taken":["M","M","M","$","?","E","R","M","T","M","?","?","R","$","R","BOSS","M","?","?","?","?","R","E","R","T","E","?","R","?","M","R","BOSS","M","?","?","M","M","R","E","R","T","M","M","?","?","M","R","BOSS","R","$","E","BOSS"],"items_purchased_type":["Card","Relic","Relic","Potion","Card"],"build_version":"2020-12-22","purchased_purges":4,"victory":true,"max_hp_per_floor":[70,70,70,70,70,70,70,70,70,70,70,70,70,70,70,70,70,70,35,35,35,35,35,35,35,35,37,37,37,37,37,37,37,37,39,39,41,41,43,43,45,45,45,47,47,49,49,56,56,56,56,56,53,55,55],"card_choices":[{"not_picked":["Bouncing Flask","Deflect","Endless Agony"],"picked":"SKIP","floor":1},{"not_picked":["Crippling Poison","Tactician"],"picked":"Cloak And Dagger","floor":2},{"not_picked":["All Out Attack","Heel Hook"],"picked":"Dagger Throw","floor":3},{"not_picked":["Noxious Fumes","Dagger Throw","Outmaneuver"],"picked":"SKIP","floor":6},{"not_picked":["Dagger Throw","Poisoned Stab","Choke"],"picked":"SKIP","floor":8},{"not_picked":["PiercingWail","Backflip","Bouncing Flask"],"picked":"SKIP","floor":10},{"not_picked":["Prepared","Slice"],"picked":"Infinite Blades","floor":18},{"not_picked":["Underhanded Strike","Sucker Punch","Outmaneuver+1"],"picked":"SKIP","floor":22},{"not_picked":["Sucker Punch+1","Dodge and Roll+1","Reflex"],"picked":"SKIP","floor":24},{"not_picked":["Venomology","Outmaneuver+1","Dagger Spray+1"],"picked":"Singing Bowl","floor":27},{"not_picked":["Cloak And Dagger","Caltrops"],"picked":"Accuracy","floor":31},{"not_picked":["Venomology","Night Terror"],"picked":"After Image","floor":33},{"not_picked":["Skewer+1","Outmaneuver+1","Dagger Throw"],"picked":"Singing Bowl","floor":35},{"not_picked":["Deadly Poison+1","Dash","Caltrops"],"picked":"Singing Bowl","floor":37},{"not_picked":["Predator+1","Outmaneuver+1"],"picked":"Blade Dance+1","floor":38},{"not_picked":["Quick Slash+1","Setup","Backstab"],"picked":"Singing Bowl","floor":39},{"not_picked":["Deadly Poison","Slice","Heel Hook+1"],"picked":"Singing Bowl","floor":41},{"not_picked":["Acrobatics","Masterful Stab","Expertise+1"],"picked":"Singing Bowl","floor":44},{"not_picked":["Malaise","PiercingWail+1"],"picked":"Cloak And Dagger+1","floor":45},{"not_picked":["All Out Attack","Backflip","Blade Dance+1"],"picked":"Singing Bowl","floor":46},{"not_picked":["Calculated Gamble","Dodge and Roll+1","Deflect"],"picked":"Singing Bowl","floor":48},{"not_picked":["All Out Attack","Terror+1","Predator+1"],"picked":"Singing Bowl","floor":54}],"player_experience":156613,"relics_obtained":[{"floor":6,"key":"MealTicket"},{"floor":9,"key":"Orichalcum"},{"floor":24,"key":"War Paint"},{"floor":26,"key":"Shuriken"},{"floor":27,"key":"Singing Bowl"},{"floor":41,"key":"The Courier"},{"floor":46,"key":"Gambling Chip"},{"floor":54,"key":"InkBottle"}],"event_choices":[{"damage_healed":0,"gold_gain":0,"player_choice":"Entered Light","damage_taken":14,"max_hp_gain":0,"max_hp_loss":0,"event_name":"Shining Light","floor":5,"gold_loss":0,"cards_upgraded":["Cloak And Dagger","Accuracy"]},{"damage_healed":0,"gold_gain":75,"player_choice":"Gather Gold","damage_taken":11,"max_hp_gain":0,"max_hp_loss":0,"event_name":"World of Goop","floor":11,"gold_loss":0},{"damage_healed":0,"gold_gain":175,"player_choice":"AGREE","damage_taken":0,"max_hp_gain":0,"max_hp_loss":0,"event_name":"Liars Game","floor":12,"gold_loss":0,"cards_obtained":["Doubt"]},{"damage_healed":0,"gold_gain":0,"player_choice":"Became a Ghost","damage_taken":0,"max_hp_gain":0,"max_hp_loss":35,"event_name":"Ghosts","floor":19,"gold_loss":0,"cards_obtained":["Ghostly","Ghostly","Ghostly","Ghostly","Ghostly"]},{"damage_healed":0,"gold_gain":0,"player_choice":"Read","damage_taken":0,"max_hp_gain":0,"max_hp_loss":0,"event_name":"The Library","floor":20,"gold_loss":0,"cards_obtained":["Acrobatics"]},{"damage_healed":0,"gold_gain":0,"player_choice":"Inject Mutagens","damage_taken":0,"relics_obtained":["MutagenicStrength"],"max_hp_gain":0,"max_hp_loss":0,"event_name":"Drug Dealer","floor":28,"gold_loss":0},{"cards_removed":["Defend_G"],"damage_healed":0,"gold_gain":0,"player_choice":"Gave Gold","damage_taken":0,"max_hp_gain":0,"max_hp_loss":0,"event_name":"Beggar","floor":30,"gold_loss":75},{"cards_removed":["Eviscerate"],"damage_healed":0,"gold_gain":0,"player_choice":"Offered Uncommon","damage_taken":0,"max_hp_gain":0,"max_hp_loss":0,"event_name":"Bonfire Elementals","floor":36,"gold_loss":0},{"damage_healed":0,"gold_gain":0,"player_choice":"Fight","damage_taken":0,"max_hp_gain":0,"max_hp_loss":0,"event_name":"MindBloom","floor":46,"gold_loss":0},{"damage_healed":0,"gold_gain":0,"cards_transformed":["After Image"],"player_choice":"Transformed","damage_taken":0,"max_hp_gain":0,"max_hp_loss":0,"event_name":"Transmorgrifier","floor":47,"gold_loss":0,"cards_obtained":["Masterful Stab"]}],"is_beta":false,"boss_relics":[{"not_picked":["Runic Dome","Empty Cage"],"picked":"Philosopher\u0027s Stone"},{"not_picked":["Sozu","Tiny House"],"picked":"Astrolabe"}],"items_purged_floors":[4,14,21,53],"is_endless":false,"potions_floor_spawned":[1,8,10,18,27,37,38,45,48,54],"ascension_level":4}}