{"host":"y3iy5gb13b300rns","time":1610361357,"event":{"mods":["BaseMod","Bestiary","Curses Come First","Minty Spire (QoL Compilation)","Replay The Spire","StSLib","The Runesmith"],"gold_per_floor":[134,134,134,174,24,24,79,79,129,204,479,254,254,300,300,406,406,431,485,489,489],"floor_reached":20,"playtime":793,"items_purged":[],"score":170,"play_id":"566cd122-19bd-4d99-b851-88dcdca0d04b","local_time":"20210111043557","daily_mods":["Allstar","Flight","Lethality"],"is_ascension_mode":false,"campfire_choices":[{"data":"Panacea","floor":6,"key":"SMITH"},{"floor":8,"key":"DIG"},{"floor":13,"key":"REST"},{"floor":15,"key":"DIG"}],"circlet_count":0,"master_deck":["Runesmith:Strike_RS","Runesmith:Strike_RS","Runesmith:Strike_RS","Runesmith:Strike_RS","Runesmith:Defend_RS","Runesmith:Defend_RS","Runesmith:Defend_RS","Runesmith:Defend_RS","Runesmith:CraftFirestone","Runesmith:Fortify","Sadistic Nature","Panacea+1","Thinking Ahead","Good Instincts","HandOfGreed+1","Runesmith:EarthShield","Languid","Runesmith:HeatedChisel","Runesmith:CraftMagma","Regret","Runesmith:MakeshiftArmor","Runesmith:EarthShield","Runesmith:GrandSlam","Runesmith:HeatedChisel","Runesmith:ElementalConversion"],"relics":["Runesmith:BrokenRuby","Ring of Panic","Ring of Misfortune","Dream Catcher","Shovel","Snack Pack","Replay:Bandana","Membership Card","Strawberry","Chameleon Ring","Busted Crown"],"acts_visited":["Exordium","TheCity"],"potions_floor_usage":[16,20],"damage_taken":[{"damage":0,"enemies":"Jaw Worm","floor":1,"turns":2},{"damage":1,"enemies":"2 Louse","floor":4,"turns":2},{"damage":8,"enemies":"Gremlin Nob","floor":7,"turns":3},{"damage":0,"enemies":"Small Slimes","floor":14,"turns":2},{"damage":94,"enemies":"Hexaghost","floor":16,"turns":11},{"damage":23,"enemies":"Spheric Guardian","floor":18,"turns":5},{"damage":9,"enemies":"Chosen","floor":19,"turns":3},{"damage":32,"enemies":"Masked Bandits","floor":20,"turns":2}],"seed_played":"2608465768335268498","potions_obtained":[{"floor":4,"key":"Regen Potion"},{"floor":18,"key":"FearPotion"}],"is_trial":false,"path_per_floor":["M","?","?","M","$","R","E","R","T","?","?","$","R","M","R","B",null,"M","M","?"],"character_chosen":"RUNESMITH_CLASS","items_purchased":["Dream Catcher","Membership Card","Strawberry"],"campfire_rested":1,"item_purchase_floors":[5,12,12],"current_hp_per_floor":[70,70,70,69,69,69,61,61,61,50,50,57,77,77,77,6,77,54,49,17,17],"gold":489,"neow_bonus":"","is_daily":true,"chose_seed":false,"campfire_upgraded":1,"win_rate":0.0,"timestamp":1610361357,"path_taken":["M","?","?","M","$","R","E","R","T","?","?","$","R","?","R","BOSS","M","M","?"],"items_purchased_type":["Relic","Relic","Relic"],"build_version":"2020-12-22","purchased_purges":0,"victory":false,"max_hp_per_floor":[70,70,70,70,70,70,70,70,70,70,70,77,77,77,77,77,77,77,77,77,77],"card_choices":[{"not_picked":["Runesmith:UnstableHammer","Runesmith:EnergizedChisel"],"picked":"Runesmith:EarthShield","floor":1},{"not_picked":["Runesmith:CraftIndustria","Runesmith:CraftProtectio"],"picked":"Runesmith:HeatedChisel","floor":4},{"not_picked":["Runesmith:CraftIndustria","Runesmith:MakeshiftArmor"],"picked":"Runesmith:CraftMagma","floor":7},{"not_picked":["Runesmith:ShiftingStrike","Runesmith:PerfectChisel"],"picked":"Runesmith:MakeshiftArmor","floor":13},{"not_picked":["Runesmith:NanitesCloud","Runesmith:MakeshiftArmor"],"picked":"Runesmith:EarthShield","floor":14},{"not_picked":["Runesmith:LastStand","Runesmith:FissionHammer"],"picked":"Runesmith:GrandSlam","floor":16},{"not_picked":[],"picked":"Runesmith:HeatedChisel","floor":18},{"not_picked":[],"picked":"Runesmith:ElementalConversion","floor":19}],"player_experience":399499,"relics_obtained":[{"floor":3,"key":"Ring of Panic"},{"floor":3,"key":"Ring of Misfortune"},{"floor":7,"key":"Shovel"},{"floor":8,"key":"Snack Pack"},{"floor":9,"key":"Replay:Bandana"},{"floor":15,"key":"Chameleon Ring"}],"event_choices":[{"damage_healed":0,"gold_gain":0,"player_choice":"Grow","damage_taken":0,"max_hp_gain":0,"max_hp_loss":0,"event_name":"Living Wall","floor":2,"gold_loss":0,"cards_upgraded":["HandOfGreed"]},{"damage_healed":0,"gold_gain":75,"player_choice":"Gather Gold","damage_taken":11,"max_hp_gain":0,"max_hp_loss":0,"event_name":"World of Goop","floor":10,"gold_loss":0},{"damage_healed":0,"gold_gain":275,"player_choice":"Desecrate","damage_taken":0,"max_hp_gain":0,"max_hp_loss":0,"event_name":"Golden Shrine","floor":11,"gold_loss":0,"cards_obtained":["Regret"]},{"damage_healed":0,"gold_gain":0,"player_choice":"Fought Bandits","damage_taken":0,"max_hp_gain":0,"max_hp_loss":0,"event_name":"Masked Bandits","floor":20,"gold_loss":0}],"is_beta":false,"boss_relics":[{"not_picked":["Painkiller Herb","Runesmith:UraniumAnvil"],"picked":"Busted Crown"}],"items_purged_floors":[],"is_endless":false,"potions_floor_spawned":[4,18],"killed_by":"Masked Bandits","ascension_level":0}}