{"host":"2lo6hma6kymb0g9i","time":1610343475,"event":{"mods":["BaseMod","Colored Map","DeckTracker","Minty Spire (QoL Compilation)"],"gold_per_floor":[212,227,227,244,244,244,273,323,323,242,276,201,211,222,222,327,327,312,312,312,347,320,320,320,320,320,338,338,350,364,396,396,500,500,511,526,278,328,328,354,354,365,365,385,385,80,80,98,98,98],"floor_reached":51,"playtime":5553,"items_purged":["Strike_B","Zap"],"score":1145,"play_id":"ca0f9bdb-15cc-4483-8379-cb17bdc66af4","local_time":"20210111143755","is_ascension_mode":true,"campfire_choices":[{"data":"Cold Snap","floor":6.0,"key":"SMITH"},{"data":"Dualcast","floor":15.0,"key":"SMITH"},{"data":"Redo","floor":23.0,"key":"SMITH"},{"data":"Go for the Eyes","floor":25.0,"key":"SMITH"},{"data":"Hologram","floor":28.0,"key":"SMITH"},{"data":"FTL","floor":32,"key":"SMITH"},{"floor":41,"key":"REST"},{"data":"Fission","floor":45,"key":"SMITH"},{"data":"Defragment","floor":47,"key":"SMITH"},{"data":"Streamline","floor":49,"key":"SMITH"}],"circlet_count":0,"master_deck":["AscendersBane","Strike_B+1","Defend_B+1","Dualcast+1","Hologram+1","Chill","Cold Snap+1","FTL+1","All For One","Conserve Battery","Glacier+1","Seek+1","Go for the Eyes+1","Redo+1","Echo Form","Beam Cell","Darkness","Machine Learning","Defragment+1","Leap+1","Fission+1","Streamline+1","Reinforced Body"],"relics":["Cracked Core","MealTicket","Oddly Smooth Stone","StrikeDummy","CaptainsWheel","Empty Cage","Red Mask","Ornamental Fan","Letter Opener","Nuclear Battery","ClockworkSouvenir","Lizard Tail","Happy Flower","War Paint","Runic Capacitor","Bronze Scales"],"acts_visited":["Exordium","TheCity","TheBeyond"],"potions_floor_usage":[38,44,50],"damage_taken":[{"damage":0.0,"enemies":"Small Slimes","floor":1.0,"turns":3.0},{"damage":7.0,"enemies":"Jaw Worm","floor":2.0,"turns":3.0},{"damage":0.0,"enemies":"2 Louse","floor":4.0,"turns":3.0},{"damage":11.0,"enemies":"3 Sentries","floor":7.0,"turns":10.0},{"damage":4.0,"enemies":"Gremlin Nob","floor":11.0,"turns":3.0},{"damage":7.0,"enemies":"Blue Slaver","floor":13.0,"turns":2.0},{"damage":0.0,"enemies":"Large Slime","floor":14.0,"turns":5.0},{"damage":17.0,"enemies":"The Guardian","floor":16.0,"turns":14.0},{"damage":1.0,"enemies":"2 Thieves","floor":18.0,"turns":4.0},{"damage":2.0,"enemies":"Masked Bandits","floor":21.0,"turns":8.0},{"damage":0.0,"enemies":"3 Byrds","floor":27.0,"turns":5.0},{"damage":1.0,"enemies":"Snake Plant","floor":29.0,"turns":5.0},{"damage":0.0,"enemies":"Shelled Parasite and Fungi","floor":30.0,"turns":7.0},{"damage":17.0,"enemies":"Slavers","floor":31.0,"turns":7.0},{"damage":4,"enemies":"Champ","floor":33,"turns":9},{"damage":23,"enemies":"3 Darklings","floor":35,"turns":4},{"damage":0,"enemies":"3 Shapes","floor":36,"turns":6},{"damage":33,"enemies":"2 Orb Walkers","floor":38,"turns":8},{"damage":24,"enemies":"Nemesis","floor":40,"turns":7},{"damage":1,"enemies":"Jaw Worm Horde","floor":42,"turns":6},{"damage":1,"enemies":"Writhing Mass","floor":44,"turns":7},{"damage":0,"enemies":"Spire Growth","floor":48,"turns":4},{"damage":15,"enemies":"Awakened One","floor":50,"turns":15}],"seed_played":"-2295997803465121216","potions_obtained":[{"floor":1.0,"key":"BlessingOfTheForge"},{"floor":2.0,"key":"GamblersBrew"},{"floor":11.0,"key":"AttackPotion"},{"floor":14.0,"key":"SkillPotion"},{"floor":30.0,"key":"FocusPotion"},{"floor":38,"key":"Weak Potion"},{"floor":42,"key":"Energy Potion"},{"floor":44,"key":"Block Potion"}],"is_trial":false,"path_per_floor":["M","M","?","M","?","R","E","T","T","$","E","$","M","M","R","B",null,"M","?","?","?","$","R","?","R","T","M","R","M","M","E","R","B",null,"M","M","$","?","?","E","R","M","T","M","R","$","R","M","R","B",null],"character_chosen":"DEFECT","items_purchased":["FTL","Redo","ClockworkSouvenir","Runic Capacitor","Bronze Scales"],"campfire_rested":1,"item_purchase_floors":[10,22,37,46,46],"current_hp_per_floor":[68,61,61,61,46,46,35,35,35,50,46,61,54,54,54,37,66,65,65,65,63,75,75,75,75,75,75,75,74,74,57,57,53,70,47,47,62,29,29,5,27,26,26,25,25,40,40,40,40,25],"gold":98,"neow_bonus":"HUNDRED_GOLD","is_daily":false,"chose_seed":false,"campfire_upgraded":9,"win_rate":0.0,"timestamp":1610343475,"path_taken":["M","M","?","M","?","R","E","?","T","$","E","$","M","M","R","BOSS","M","?","?","?","?","R","?","R","T","?","R","M","M","E","R","BOSS","M","M","$","?","?","E","R","M","T","M","R","$","R","M","R","BOSS"],"items_purchased_type":["Card","Card","Relic","Relic","Relic"],"build_version":"2020-12-22","purchased_purges":2,"victory":true,"max_hp_per_floor":[75,75,75,75,75,75,75,75,75,75,75,75,75,75,75,75,75,75,75,75,75,75,75,75,75,75,75,75,75,75,75,75,75,75,75,75,75,75,75,75,75,75,75,75,75,75,75,75,75,75],"card_choices":[{"not_picked":["Genetic Algorithm","Reprogram"],"picked":"Hologram","floor":1.0},{"not_picked":["Fusion","Turbo"],"picked":"Chill","floor":2.0},{"not_picked":["Heatsinks","Scrape"],"picked":"Cold Snap","floor":4.0},{"not_picked":["Steam","Hologram","Rainbow"],"picked":"SKIP","floor":7.0},{"not_picked":["Ball Lightning","Compile Driver"],"picked":"All For One","floor":11.0},{"not_picked":["Tempest","Force Field"],"picked":"Conserve Battery","floor":13.0},{"not_picked":["Cold Snap","Compile Driver"],"picked":"Glacier","floor":14.0},{"not_picked":["Reboot","Rainbow"],"picked":"Seek","floor":16.0},{"not_picked":["Turbo","Sweeping Beam","Heatsinks"],"picked":"SKIP","floor":18.0},{"not_picked":["Steam","Conserve Battery+1"],"picked":"Go for the Eyes","floor":21.0},{"not_picked":["Barrage","Gash"],"picked":"Echo Form","floor":27.0},{"not_picked":["Hello World+1","Compile Driver"],"picked":"Beam Cell","floor":29.0},{"not_picked":["Sweeping Beam","Compile Driver","Loop"],"picked":"SKIP","floor":30.0},{"not_picked":["Machine Learning","Go for the Eyes"],"picked":"Darkness","floor":31},{"not_picked":["Hyperbeam","Seek"],"picked":"Machine Learning","floor":33},{"not_picked":["Turbo+1","Redo+1"],"picked":"Defragment","floor":35},{"not_picked":["Go for the Eyes","Rebound"],"picked":"Leap+1","floor":36},{"not_picked":["Rip and Tear","Sweeping Beam"],"picked":"Fission","floor":40},{"not_picked":["Conserve Battery","Leap","Coolheaded"],"picked":"SKIP","floor":42},{"not_picked":["Go for the Eyes","Leap"],"picked":"Streamline","floor":44},{"not_picked":["Conserve Battery","Turbo"],"picked":"Reinforced Body","floor":48}],"player_experience":1015075,"relics_obtained":[{"floor":7.0,"key":"MealTicket"},{"floor":8.0,"key":"Oddly Smooth Stone"},{"floor":9.0,"key":"StrikeDummy"},{"floor":11.0,"key":"CaptainsWheel"},{"floor":21.0,"key":"Red Mask"},{"floor":26.0,"key":"Ornamental Fan"},{"floor":31,"key":"Letter Opener"},{"floor":38,"key":"Lizard Tail"},{"floor":40,"key":"Happy Flower"},{"floor":43,"key":"War Paint"}],"event_choices":[{"cards_removed":["Strike_B"],"damage_healed":0.0,"max_hp_gain":0.0,"max_hp_loss":0.0,"gold_gain":0.0,"event_name":"Living Wall","player_choice":"Forget","floor":3.0,"gold_loss":0.0,"damage_taken":0.0},{"damage_healed":0.0,"max_hp_gain":0.0,"max_hp_loss":0.0,"gold_gain":0.0,"event_name":"Shining Light","player_choice":"Entered Light","floor":5.0,"gold_loss":0.0,"damage_taken":15.0,"cards_upgraded":["Strike_B","Defend_B"]},{"cards_removed":["Defend_B"],"damage_healed":0.0,"max_hp_gain":0.0,"max_hp_loss":0.0,"gold_gain":0.0,"event_name":"Back to Basics","player_choice":"Elegance","floor":19.0,"gold_loss":0.0,"damage_taken":0.0},{"damage_healed":0.0,"max_hp_gain":0.0,"max_hp_loss":0.0,"gold_gain":0.0,"event_name":"Ghosts","player_choice":"Ignored","floor":20.0,"gold_loss":0.0,"damage_taken":0.0},{"damage_healed":0.0,"max_hp_gain":0.0,"max_hp_loss":0.0,"gold_gain":0.0,"event_name":"Masked Bandits","player_choice":"Fought Bandits","floor":21.0,"gold_loss":0.0,"damage_taken":0.0},{"cards_removed":["Defend_B"],"damage_healed":0.0,"max_hp_gain":0.0,"max_hp_loss":0.0,"gold_gain":0.0,"event_name":"Bonfire Elementals","player_choice":"Offered Basic","floor":24.0,"gold_loss":0.0,"damage_taken":0.0},{"damage_healed":0,"gold_gain":0,"player_choice":"Fight","damage_taken":0,"max_hp_gain":0,"max_hp_loss":0,"event_name":"Mysterious Sphere","floor":38,"gold_loss":0},{"damage_healed":0,"gold_gain":0,"player_choice":"Bought 0 Potions","damage_taken":0,"max_hp_gain":0,"max_hp_loss":0,"event_name":"The Woman in Blue","floor":39,"gold_loss":0}],"is_beta":false,"boss_relics":[{"not_picked":["Cursed Key","Velvet Choker"],"picked":"Empty Cage"},{"not_picked":["Fusion Hammer","SacredBark"],"picked":"Nuclear Battery"}],"items_purged_floors":[12,37],"is_endless":false,"potions_floor_spawned":[1,2,11,14,30,33,36,38,42,44],"ascension_level":12}}