{"host":"i3z0gcxurea6197v","time":1610356760,"event":{"mods":["Aspiration","BaseMod","Conspire","Energized Spire","Hubris","Minty Spire (QoL Compilation)","Permanent Neow","Relic Stats","Replay The Spire","Shop Mod","StSLib","SuperFastMode","TheWitcher","Virulent Crown","vexMod"],"gold_per_floor":[15,15,15,90,15,38,61,61,61,87,87,111,111,128,128,225,225,241,266,284,284,307,340,340,365,365,400,400,425,425,436,436,441,441],"floor_reached":33,"playtime":2304,"items_purged":["SnafuTest:DefaultCommonAttack"],"score":365,"play_id":"3d62f06f-51ee-443f-b52f-8e584c5754d7","local_time":"20210111141920","is_ascension_mode":true,"campfire_choices":[{"data":"SnafuTest:QueensGuard","floor":8.0,"key":"SMITH"},{"floor":11.0,"key":"REST"},{"floor":15.0,"key":"REST"},{"data":"SnafuTest:LeadingCharge","floor":24.0,"key":"SMITH"},{"floor":28,"key":"REST"},{"floor":30,"key":"REST"},{"data":"SnafuTest:DefaultCommonAttack","floor":32,"key":"PURGE"}],"circlet_count":0,"master_deck":["SnafuTest:DefaultCommonAttack","SnafuTest:BountyHunt","SnafuTest:DefaultCommonSkill","SnafuTest:DefaultCommonSkill","SnafuTest:DefaultCommonSkill","SnafuTest:SignIgni+1","SnafuTest:QueensGuard+1","SnafuTest:ShieldUp+1","SnafuTest:LeadingCharge+1","SnafuTest:SpellDispellingPush","SnafuTest:BombDimeritium","SnafuTest:Meditation+1"],"relics":["SnafuTest:UnstableMutagenRelic","hubris:Zylophone","hubris:Towel","Replay:Accelerometer","Pen Nib","hubris:ScarierMask","aspiration:Lifesprig","SnafuTest:GriffinRelic","Vajra","vexMod:BarristanHead"],"acts_visited":["Exordium","TheCity"],"potions_floor_usage":[33,33,33],"damage_taken":[{"damage":7.0,"enemies":"Jaw Worm","floor":1.0,"turns":3.0},{"damage":2.0,"enemies":"2 Louse","floor":6.0,"turns":4.0},{"damage":5.0,"enemies":"Small Slimes","floor":7.0,"turns":4.0},{"damage":18.0,"enemies":"Lagavulin","floor":10.0,"turns":4.0},{"damage":13.0,"enemies":"Gremlin Gang","floor":12.0,"turns":3.0},{"damage":0.0,"enemies":"Looter","floor":14.0,"turns":3.0},{"damage":35.0,"enemies":"Hexaghost","floor":16.0,"turns":11.0},{"damage":0.0,"enemies":"conspire:FuzzyDice","floor":18.0,"turns":3.0},{"damage":0.0,"enemies":"Chosen","floor":19.0,"turns":6.0},{"damage":0.0,"enemies":"Snecko","floor":20.0,"turns":4.0},{"damage":12.0,"enemies":"Chosen and Byrds","floor":22.0,"turns":5.0},{"damage":0.0,"enemies":"Replay:Snechameleon","floor":23.0,"turns":6.0},{"damage":29.0,"enemies":"Book of Stabbing","floor":25.0,"turns":5.0},{"damage":22,"enemies":"Gremlin Leader","floor":27,"turns":4},{"damage":2,"enemies":"conspire:HollyBat","floor":29,"turns":7},{"damage":0,"enemies":"Sentry and Sphere","floor":31,"turns":2},{"damage":70,"enemies":"Automaton","floor":33,"turns":16}],"seed_played":"-624391676045612351","potions_obtained":[{"floor":7.0,"key":"Milkshake"},{"floor":13.0,"key":"CultistPotion"},{"floor":13.0,"key":"FearPotion"},{"floor":14.0,"key":"Weak Potion"},{"floor":22.0,"key":"Milkshake"},{"floor":23.0,"key":"SpeedPotion"},{"floor":27,"key":"Block Potion"},{"floor":29,"key":"SteroidPotion"}],"is_trial":false,"path_per_floor":["M","?","?","?","$","M","M","R","T","E","R","M","?","M","R","B",null,"M","M","M","?","M","E","R","E","T","E","R","M","R","M","R","B"],"character_chosen":"THE_WITCHER","items_purchased":[],"campfire_rested":4,"item_purchase_floors":[],"current_hp_per_floor":[68,68,68,57,57,55,50,50,50,32,54,41,41,41,63,28,75,75,75,75,75,63,63,63,34,34,12,34,32,54,54,54,0,0],"gold":441,"neow_bonus":"ONE_RARE_RELIC","is_daily":false,"chose_seed":false,"campfire_upgraded":2,"win_rate":0.0,"timestamp":1610356760,"path_taken":["M","?","?","?","$","M","M","R","T","E","R","M","?","M","R","BOSS","M","?","M","?","M","E","R","E","T","E","R","M","R","M","R","BOSS"],"items_purchased_type":[],"build_version":"2020-12-22","purchased_purges":1,"victory":false,"max_hp_per_floor":[75,75,75,75,75,75,75,75,75,75,75,75,75,75,75,75,75,75,75,75,75,75,75,75,75,75,75,75,75,75,75,75,75,75],"relic_stats":{"counters":[17,79],"Pen Nib":[6],"obtain_stats":[{"hubris:Zylophone":0,"Replay:Accelerometer":9,"aspiration:Lifesprig":23,"SnafuTest:UnstableMutagenRelic":0,"vexMod:BarristanHead":27,"hubris:ScarierMask":17,"Vajra":26,"Pen Nib":10,"hubris:Towel":2,"SnafuTest:GriffinRelic":25},{"hubris:Zylophone":0,"Replay:Accelerometer":3,"aspiration:Lifesprig":12,"SnafuTest:UnstableMutagenRelic":0,"vexMod:BarristanHead":14,"hubris:ScarierMask":7,"Vajra":13,"Pen Nib":4,"hubris:Towel":1,"SnafuTest:GriffinRelic":13},{"hubris:Zylophone":0,"Replay:Accelerometer":9,"aspiration:Lifesprig":47,"SnafuTest:UnstableMutagenRelic":0,"vexMod:BarristanHead":55,"hubris:ScarierMask":27,"Vajra":51,"Pen Nib":12,"hubris:Towel":2,"SnafuTest:GriffinRelic":51}]},"card_choices":[{"not_picked":["SnafuTest:MCPlayGwent","SnafuTest:Shooting","SnafuTest:BombMoonDust"],"picked":"SKIP","floor":1.0},{"not_picked":["SnafuTest:WorldMap","SnafuTest:Oriole","SnafuTest:PowerAlwaysOnRoads"],"picked":"SKIP","floor":6.0},{"not_picked":["SnafuTest:UndefeatedNarcissism","SnafuTest:SpellLivingArmor"],"picked":"SnafuTest:QueensGuard","floor":7.0},{"not_picked":["SnafuTest:SpellArcaneDomain","SnafuTest:RecklessBlow","SnafuTest:MCMockAndRun"],"picked":"SKIP","floor":10.0},{"not_picked":["SnafuTest:PowerCrimsonRitual","SnafuTest:ShoulderSlam"],"picked":"SnafuTest:ShieldUp","floor":12.0},{"not_picked":["SnafuTest:MercilessReaper","SnafuTest:FirstAid","SnafuTest:SpellBitingFrost"],"picked":"SKIP","floor":14.0},{"not_picked":["SnafuTest:MercilessReaper","SnafuTest:FirstAid","SnafuTest:SpellBitingFrost"],"picked":"SKIP","floor":14.0},{"not_picked":["SnafuTest:MagePersecution","SnafuTest:PowerLadyOfLake"],"picked":"SnafuTest:LeadingCharge","floor":16.0},{"not_picked":["SnafuTest:UndefeatedNarcissism","SnafuTest:SignAard+1","SnafuTest:BattleCry"],"picked":"SKIP","floor":18.0},{"not_picked":["SnafuTest:HermitsErudition+1","SnafuTest:NoPass+1"],"picked":"SnafuTest:SpellDispellingPush","floor":19.0},{"not_picked":["SnafuTest:SpellBitingFrost+1","SnafuTest:RecklessBlow","SnafuTest:SpellLivingArmor"],"picked":"SKIP","floor":20.0},{"not_picked":["SnafuTest:BombDimeritium","SnafuTest:PowerAlwaysOnRoads","SnafuTest:BattleCry"],"picked":"SKIP","floor":22.0},{"not_picked":["SnafuTest:PayBank","SnafuTest:SpellDispellingPush"],"picked":"SnafuTest:PaySmithWorkshop+1","floor":23.0},{"not_picked":["SnafuTest:BombSamum","SnafuTest:DesperateRemediation","SnafuTest:SignAxii"],"picked":"SKIP","floor":25.0},{"not_picked":["SnafuTest:ScholarsIntrigue","SnafuTest:WorldMap","SnafuTest:MCFeignDeath+1"],"picked":"SKIP","floor":27},{"not_picked":["SnafuTest:MCSongOfPeace","SnafuTest:BombDevilsPuffball"],"picked":"SnafuTest:Meditation+1","floor":29},{"not_picked":["SnafuTest:SpellLivingArmor","SnafuTest:PowerFireDamnation","SnafuTest:ScholarsIntrigue"],"picked":"SKIP","floor":31}],"player_experience":916803,"relics_obtained":[{"floor":9.0,"key":"Replay:Accelerometer"},{"floor":10.0,"key":"Pen Nib"},{"floor":23.0,"key":"aspiration:Lifesprig"},{"floor":25.0,"key":"SnafuTest:GriffinRelic"},{"floor":26.0,"key":"Vajra"},{"floor":27,"key":"vexMod:BarristanHead"}],"event_choices":[{"damage_healed":0.0,"max_hp_gain":0.0,"max_hp_loss":0.0,"gold_gain":75.0,"event_name":"World of Goop","player_choice":"Gather Gold","floor":4.0,"gold_loss":0.0,"damage_taken":11.0},{"damage_healed":0.0,"max_hp_gain":0.0,"max_hp_loss":0.0,"gold_gain":0.0,"event_name":"Lab","player_choice":"Got Potions","floor":13.0,"gold_loss":0.0,"damage_taken":0.0},{"damage_healed":0.0,"max_hp_gain":0.0,"max_hp_loss":0.0,"gold_gain":0.0,"event_name":"The Library","player_choice":"Read","floor":21.0,"gold_loss":0.0,"damage_taken":0.0,"cards_obtained":["SnafuTest:BombDimeritium"]}],"is_beta":false,"boss_relics":[{"not_picked":["Abe\u0027s Treasure","Empty Cage"],"picked":"hubris:ScarierMask"}],"items_purged_floors":[5],"is_endless":false,"potions_floor_spawned":[7,14,22,23,27,29],"killed_by":"Automaton","ascension_level":2}}