{"host":"fxh4234sf5pb3xr6","time":1610328125,"event":{"mods":["AchievementEnabler","BaseMod","Colored Map","Colored Powertips","Minty Spire (QoL Compilation)","Rare Cards Sparkle","StSLib"],"gold_per_floor":[109,109,184,184,196,230,230,250,301,336,336,350,363,363,363,459,459,472,472,168,186,206,206,219,219,269,359,377,377,127,49,49,153,153,170,183,233,287,306,306,306,306],"floor_reached":41,"playtime":2199,"items_purged":["Defend_R","Armaments+1"],"score":533,"play_id":"39789b40-8358-46c5-95ff-0eaa69e328e2","local_time":"20210110202205","is_ascension_mode":true,"campfire_choices":[{"floor":7,"key":"REST"},{"floor":15,"key":"REST"},{"floor":23,"key":"REST"},{"floor":25,"key":"REST"},{"floor":29,"key":"REST"},{"floor":32,"key":"REST"},{"floor":40,"key":"REST"}],"circlet_count":0,"master_deck":["Strike_R","Strike_R","Strike_R+1","Strike_R","Strike_R+1","Bash","Apotheosis+1","Shrug It Off","Iron Wave","Perfected Strike","Berserk","Pommel Strike+1","Burning Pact+1","Inflame","Heavy Blade","Metallicize","Barricade","Twin Strike","Shrug It Off+1"],"relics":["Burning Blood","Omamori","Potion Belt","Gremlin Horn","Self Forming Clay","Astrolabe","ClockworkSouvenir","Bag of Marbles","Regal Pillow","Busted Crown","Lizard Tail","Unceasing Top"],"acts_visited":["Exordium","TheCity","TheBeyond"],"potions_floor_usage":[6,6,18,33,33,38,38,39],"damage_taken":[{"damage":16,"enemies":"2 Louse","floor":1,"turns":3},{"damage":1,"enemies":"Small Slimes","floor":5,"turns":4},{"damage":22,"enemies":"Gremlin Nob","floor":6,"turns":4},{"damage":0,"enemies":"Jaw Worm","floor":8,"turns":4},{"damage":21,"enemies":"Lagavulin","floor":10,"turns":7},{"damage":6,"enemies":"Looter","floor":12,"turns":4},{"damage":13,"enemies":"Blue Slaver","floor":13,"turns":2},{"damage":38,"enemies":"Slime Boss","floor":16,"turns":13},{"damage":32,"enemies":"3 Byrds","floor":18,"turns":6},{"damage":7,"enemies":"Spheric Guardian","floor":21,"turns":4},{"damage":18,"enemies":"Snecko","floor":22,"turns":4},{"damage":29,"enemies":"Snake Plant","floor":24,"turns":4},{"damage":12,"enemies":"Chosen and Byrds","floor":28,"turns":4},{"damage":51,"enemies":"Automaton","floor":33,"turns":8},{"damage":6,"enemies":"3 Shapes","floor":35,"turns":4},{"damage":43,"enemies":"3 Darklings","floor":36,"turns":5},{"damage":0,"enemies":"Mind Bloom Boss Battle","floor":37,"turns":5},{"damage":55,"enemies":"2 Orb Walkers","floor":38,"turns":4},{"damage":19,"enemies":"Transient","floor":39,"turns":5},{"damage":55,"enemies":"Reptomancer","floor":41,"turns":4}],"seed_played":"-3325750766498477699","potions_obtained":[{"floor":1,"key":"SteroidPotion"},{"floor":5,"key":"DistilledChaos"},{"floor":12,"key":"Regen Potion"},{"floor":13,"key":"PowerPotion"},{"floor":18,"key":"PowerPotion"},{"floor":28,"key":"LiquidMemories"},{"floor":36,"key":"Swift Potion"},{"floor":37,"key":"Weak Potion"}],"is_trial":false,"path_per_floor":["M","?","?","?","M","E","R","M","T","E","?","M","M","T","R","B",null,"M","?","$","M","M","R","M","R","T","?","M","R","$","$","R","B",null,"M","M","?","?","M","R","E"],"character_chosen":"IRONCLAD","items_purchased":["Inflame","ClockworkSouvenir","Regal Pillow","Metallicize"],"campfire_rested":7,"item_purchase_floors":[20,20,30,31],"current_hp_per_floor":[62,48,37,37,42,26,47,53,53,38,38,38,31,31,52,20,59,47,47,47,46,34,55,32,53,53,41,35,56,56,56,72,27,61,61,24,30,23,10,46,0,0],"gold":306,"neow_bonus":"RANDOM_COLORLESS_2","is_daily":false,"chose_seed":false,"campfire_upgraded":0,"win_rate":0.0,"timestamp":1610328125,"path_taken":["M","?","?","?","?","E","R","M","T","E","?","M","M","?","R","BOSS","M","?","$","M","M","R","M","R","T","?","?","R","?","$","R","BOSS","M","?","?","?","M","R","E"],"items_purchased_type":["Card","Relic","Relic","Card"],"build_version":"2020-12-22","purchased_purges":2,"victory":false,"max_hp_per_floor":[72,72,72,72,72,72,72,72,72,72,72,72,72,72,72,72,72,72,72,72,72,72,72,72,72,72,72,72,72,72,72,72,72,72,72,72,72,72,72,72,72,72],"card_choices":[{"not_picked":["Violence","Transmutation"],"picked":"Apotheosis","floor":0},{"not_picked":["Anger","Clash"],"picked":"Shrug It Off","floor":1},{"not_picked":["Whirlwind","Dropkick"],"picked":"Iron Wave","floor":5},{"not_picked":["Rupture","Seeing Red","Reckless Charge"],"picked":"SKIP","floor":6},{"not_picked":["Sword Boomerang","Headbutt"],"picked":"Perfected Strike","floor":8},{"not_picked":["Exhume","Clothesline","Havoc"],"picked":"SKIP","floor":10},{"not_picked":["Havoc","Headbutt","Warcry"],"picked":"SKIP","floor":12},{"not_picked":["Reaper","Shockwave","Seeing Red"],"picked":"SKIP","floor":13},{"not_picked":["Double Tap","Brutality"],"picked":"Berserk","floor":16},{"not_picked":["Pummel","Flex+1","True Grit"],"picked":"SKIP","floor":18},{"not_picked":["Clothesline+1","Second Wind+1"],"picked":"Heavy Blade","floor":21},{"not_picked":["Heavy Blade","Flex+1","Blood for Blood"],"picked":"SKIP","floor":22},{"not_picked":["Heavy Blade","Burning Pact","Havoc"],"picked":"SKIP","floor":24},{"not_picked":["Searing Blow","Clothesline","Warcry"],"picked":"SKIP","floor":28},{"not_picked":["Impervious","Juggernaut"],"picked":"Barricade","floor":33},{"not_picked":[],"picked":"Twin Strike","floor":35},{"not_picked":["Thunderclap"],"picked":"SKIP","floor":36},{"not_picked":[],"picked":"Shrug It Off+1","floor":39}],"player_experience":342061,"relics_obtained":[{"floor":6,"key":"Omamori"},{"floor":9,"key":"Potion Belt"},{"floor":10,"key":"Gremlin Horn"},{"floor":14,"key":"Self Forming Clay"},{"floor":26,"key":"Bag of Marbles"},{"floor":37,"key":"Lizard Tail"},{"floor":38,"key":"Unceasing Top"}],"event_choices":[{"damage_healed":0,"gold_gain":0,"player_choice":"Entered Light","damage_taken":14,"max_hp_gain":0,"max_hp_loss":0,"event_name":"Shining Light","floor":2,"gold_loss":0,"cards_upgraded":["Strike_R","Strike_R"]},{"damage_healed":0,"gold_gain":75,"player_choice":"Gather Gold","damage_taken":11,"max_hp_gain":0,"max_hp_loss":0,"event_name":"World of Goop","floor":3,"gold_loss":0},{"damage_healed":0,"gold_gain":0,"player_choice":"Grow","damage_taken":0,"max_hp_gain":0,"max_hp_loss":0,"event_name":"Living Wall","floor":4,"gold_loss":0,"cards_upgraded":["Apotheosis"]},{"damage_healed":0,"gold_gain":0,"player_choice":"Ignored","damage_taken":0,"max_hp_gain":0,"max_hp_loss":0,"event_name":"Liars Game","floor":11,"gold_loss":0},{"damage_healed":0,"gold_gain":0,"player_choice":"Ignored","damage_taken":0,"max_hp_gain":0,"max_hp_loss":0,"event_name":"Ghosts","floor":19,"gold_loss":0},{"damage_healed":0,"gold_gain":90,"player_choice":"GOLD ","damage_taken":12,"max_hp_gain":0,"max_hp_loss":0,"event_name":"Knowing Skull","floor":27,"potions_obtained":[],"gold_loss":0,"cards_obtained":[]},{"damage_healed":0,"gold_gain":0,"player_choice":"Fight","damage_taken":0,"max_hp_gain":0,"max_hp_loss":0,"event_name":"MindBloom","floor":37,"gold_loss":0},{"damage_healed":0,"gold_gain":0,"player_choice":"Fight","damage_taken":0,"max_hp_gain":0,"max_hp_loss":0,"event_name":"Mysterious Sphere","floor":38,"gold_loss":0}],"is_beta":false,"boss_relics":[{"not_picked":["SlaversCollar","Tiny House"],"picked":"Astrolabe"},{"not_picked":["Empty Cage","Pandora\u0027s Box"],"picked":"Busted Crown"}],"items_purged_floors":[20,30],"is_endless":false,"potions_floor_spawned":[1,5,12,13,18,28,36,37],"killed_by":"Reptomancer","ascension_level":5}}