{"host":"4328iixd8pca51w5","time":1610336191,"event":{"mods":["2.2 Compatiblity","AchievementEnabler","BaseMod","CapriCore","Colored Map","KOR Keyword Fix","Minty Spire (QoL Compilation)","StSLib","The Immortal"],"gold_per_floor":[117,117,136,34,52,52,70,90,90,90,90,90,123,147,147,273,273,291,491,512,56,69,69,92,192,271,296,296,321,321,25,25,155,155,171,104,120,120,134,134,169,169,169,169,44,60,60,73,73,73],"floor_reached":51,"playtime":2843,"items_purged":["MokouMod:Defend","MokouMod:Defend","MokouMod:Strike"],"score":931,"play_id":"01959b47-7a9a-4c38-8037-650a5d6c71ab","local_time":"20210111123631","is_ascension_mode":true,"campfire_choices":[{"data":"MokouMod:InfernalWave","floor":6.0,"key":"SMITH"},{"data":"MokouMod:SearingShot","floor":12.0,"key":"SMITH"},{"data":"MokouMod:ResonanceReactor","floor":15.0,"key":"SMITH"},{"data":"MokouMod:RisingSunBarrier","floor":23.0,"key":"SMITH"},{"data":"MokouMod:BurningDraft","floor":28.0,"key":"SMITH"},{"data":"MokouMod:SacredFire","floor":30.0,"key":"SMITH"},{"data":"MokouMod:FlickeringFlame","floor":32.0,"key":"SMITH"},{"data":"MokouMod:RisingSunBarrier","floor":40,"key":"SMITH"},{"data":"Sadistic Nature","floor":42,"key":"SMITH"},{"data":"MokouMod:PhoenixForm","floor":44,"key":"SMITH"},{"data":"MokouMod:HeartofFire","floor":49,"key":"SMITH"}],"circlet_count":0,"master_deck":["MokouMod:Strike","MokouMod:Strike","MokouMod:Strike","MokouMod:Strike","MokouMod:Defend+1","MokouMod:Defend+1","MokouMod:HeatSpark","MokouMod:FlickeringFlame+1","MokouMod:AdaptivePyromancy","MokouMod:Ember","MokouMod:InfernalWave+1","MokouMod:SearingShot+1","MokouMod:ResonanceReactor+1","MokouMod:IndiscriminateIgnition","MokouMod:TemporalFireSeal","MokouMod:SacredFire+1","CurseOfTheBell","MokouMod:BurningDraft+1","MokouMod:FlickeringFlame+1","MokouMod:RisingSunBarrier+1","MokouMod:IndiscriminateIgnition+1","MokouMod:ResoluteFlare+1","MokouMod:AdaptivePyromancy+1","MokouMod:HeartofFire+1","Sadistic Nature+1","MokouMod:PhoenixForm+1","MokouMod:ResoluteFlare+1","MokouMod:RisingSunBarrier+1","MokouMod:FlareStarter+1","MokouMod:Refresh+1","MokouMod:FlamingFireTalons+1"],"relics":["MokouMod:PhoenixFeather","Letter Opener","Golden Idol","White Beast Statue","Calling Bell","Vajra","Blue Candle","Calipers","Bronze Scales","Anchor","Meat on the Bone","Velvet Choker","Boot","Sundial"],"acts_visited":["Exordium","TheCity","TheBeyond"],"potions_floor_usage":[33,33,33,39,41,46,50,50],"damage_taken":[{"damage":10.0,"enemies":"2 Louse","floor":1.0,"turns":3.0},{"damage":1.0,"enemies":"Cultist","floor":3.0,"turns":3.0},{"damage":0.0,"enemies":"Small Slimes","floor":5.0,"turns":3.0},{"damage":15.0,"enemies":"2 Fungi Beasts","floor":7.0,"turns":3.0},{"damage":17.0,"enemies":"Lots of Slimes","floor":8.0,"turns":4.0},{"damage":12.0,"enemies":"Gremlin Nob","floor":13.0,"turns":4.0},{"damage":23.0,"enemies":"Exordium Thugs","floor":14.0,"turns":4.0},{"damage":13.0,"enemies":"Hexaghost","floor":16.0,"turns":9.0},{"damage":25.0,"enemies":"Shell Parasite","floor":18.0,"turns":5.0},{"damage":12.0,"enemies":"Chosen","floor":20.0,"turns":4.0},{"damage":0.0,"enemies":"Snake Plant","floor":22.0,"turns":4.0},{"damage":7.0,"enemies":"Centurion and Healer","floor":24.0,"turns":4.0},{"damage":8.0,"enemies":"Chosen and Byrds","floor":27.0,"turns":4.0},{"damage":2.0,"enemies":"Cultist and Chosen","floor":29.0,"turns":4.0},{"damage":29,"enemies":"Collector","floor":33,"turns":6},{"damage":22,"enemies":"3 Darklings","floor":35,"turns":3},{"damage":8,"enemies":"3 Shapes","floor":37,"turns":2},{"damage":29,"enemies":"Sphere and 2 Shapes","floor":39,"turns":4},{"damage":22,"enemies":"Giant Head","floor":41,"turns":8},{"damage":12,"enemies":"Jaw Worm Horde","floor":46,"turns":3},{"damage":21,"enemies":"Writhing Mass","floor":48,"turns":4},{"damage":59,"enemies":"Awakened One","floor":50,"turns":9}],"seed_played":"7980658583092509724","potions_obtained":[{"floor":0.0,"key":"BlessingOfTheForge"},{"floor":0.0,"key":"Strength Potion"},{"floor":0.0,"key":"ColorlessPotion"},{"floor":3.0,"key":"DuplicationPotion"},{"floor":14.0,"key":"Swift Potion"},{"floor":16.0,"key":"Fire Potion"},{"floor":18.0,"key":"BlessingOfTheForge"},{"floor":20.0,"key":"CultistPotion"},{"floor":22.0,"key":"Strength Potion"},{"floor":24.0,"key":"LiquidBronze"},{"floor":27.0,"key":"Strength Potion"},{"floor":29.0,"key":"Fire Potion"},{"floor":33,"key":"SpeedPotion"},{"floor":35,"key":"DistilledChaos"},{"floor":37,"key":"SteroidPotion"},{"floor":38,"key":"FairyPotion"},{"floor":38,"key":"Regen Potion"},{"floor":39,"key":"Fire Potion"},{"floor":41,"key":"Explosive Potion"},{"floor":46,"key":"Explosive Potion"},{"floor":48,"key":"AttackPotion"}],"is_trial":false,"path_per_floor":["M","?","M","$","M","R","M","M","T","?","?","R","E","M","R","B",null,"M","?","M","$","M","R","M","?","T","M","R","M","R","$","R","B",null,"M","$","M","?","M","R","E","R","T","R","$","M","?","M","R","B",null],"character_chosen":"MKU","items_purchased":["FairyPotion","Bronze Scales","MokouMod:RisingSunBarrier","Anchor","Sadistic Nature","MokouMod:RisingSunBarrier"],"campfire_rested":0,"item_purchase_floors":[4,21,21,21,31,36],"current_hp_per_floor":[58,58,57,57,57,57,42,25,25,10,10,10,20,17,17,4,53,28,28,16,16,16,16,9,9,9,13,13,23,23,23,23,29,59,37,37,41,41,24,24,29,29,29,29,29,29,60,39,39,18],"gold":73,"neow_bonus":"THREE_SMALL_POTIONS","is_daily":false,"chose_seed":false,"campfire_upgraded":11,"win_rate":0.0,"timestamp":1610336191,"path_taken":["M","?","?","$","M","R","M","M","T","?","?","R","E","M","R","BOSS","M","?","M","$","?","R","M","?","T","?","R","M","R","$","R","BOSS","M","$","M","?","?","R","E","R","T","R","$","M","?","M","R","BOSS"],"items_purchased_type":["Potion","Relic","Card","Relic","Card","Card"],"build_version":"2020-12-22","purchased_purges":3,"victory":true,"max_hp_per_floor":[75,75,75,75,75,75,75,75,75,75,69,69,69,69,69,69,69,69,69,69,69,69,69,69,69,69,69,69,69,69,69,69,69,69,69,69,69,69,69,69,69,69,69,69,69,69,60,60,60,60],"card_choices":[{"not_picked":["MokouMod:TemporalFireSeal","MokouMod:Singe"],"picked":"MokouMod:FlickeringFlame","floor":1.0},{"not_picked":["MokouMod:FlickeringFlame","MokouMod:FusionFlare"],"picked":"MokouMod:Ember","floor":3.0},{"not_picked":["MokouMod:SubterraneanCore","MokouMod:InfernalWave","MokouMod:BurningHiddenBullet"],"picked":"SKIP","floor":5.0},{"not_picked":["MokouMod:SubterraneanCore","MokouMod:BurningHiddenBullet"],"picked":"MokouMod:InfernalWave","floor":5.0},{"not_picked":["MokouMod:RoaringFlare","MokouMod:ScorchingColumn"],"picked":"MokouMod:SearingShot","floor":7.0},{"not_picked":["MokouMod:IndiscriminateIgnition","MokouMod:ScorchingColumn"],"picked":"MokouMod:ResonanceReactor","floor":8.0},{"not_picked":["MokouMod:SearingShot","MokouMod:ExplosiveFlame"],"picked":"MokouMod:IndiscriminateIgnition","floor":13.0},{"not_picked":["MokouMod:EternalBurstReactor","MokouMod:BlazingComet","MokouMod:TemporalFireSeal"],"picked":"SKIP","floor":14.0},{"not_picked":["MokouMod:EternalBurstReactor","MokouMod:BlazingComet"],"picked":"MokouMod:TemporalFireSeal","floor":14.0},{"not_picked":["MokouMod:Extinguish","MokouMod:RadiantBlade"],"picked":"MokouMod:SacredFire","floor":16.0},{"not_picked":["MokouMod:Burn","MokouMod:FlareStarter+1"],"picked":"MokouMod:BurningDraft","floor":18.0},{"not_picked":["MokouMod:TemporalFireSeal","MokouMod:IgnitionBlast"],"picked":"MokouMod:FlickeringFlame+1","floor":20.0},{"not_picked":["MokouMod:BurningDraft","MokouMod:ImperishableFlame"],"picked":"MokouMod:IndiscriminateIgnition+1","floor":22.0},{"not_picked":["MokouMod:HeatTransfer","MokouMod:RoaringFlare+1"],"picked":"MokouMod:ResoluteFlare+1","floor":24.0},{"not_picked":["MokouMod:FlickeringFlame","MokouMod:EnchantingBambooForest"],"picked":"MokouMod:AdaptivePyromancy+1","floor":27.0},{"not_picked":["MokouMod:ScorchingColumn","MokouMod:Ember"],"picked":"MokouMod:HeartofFire","floor":29.0},{"not_picked":["MokouMod:Extinguish","MokouMod:SacredFire"],"picked":"MokouMod:PhoenixForm","floor":33},{"not_picked":["MokouMod:InfernalWave+1","MokouMod:Singe+1"],"picked":"MokouMod:ResoluteFlare+1","floor":35},{"not_picked":["MokouMod:RoaringFlare","MokouMod:SpontaneousHumanCombustion"],"picked":"MokouMod:FlareStarter+1","floor":37},{"not_picked":["MokouMod:AdaptivePyromancy+1","MokouMod:HeatFactory+1","MokouMod:RetainTemperature"],"picked":"SKIP","floor":39},{"not_picked":["MokouMod:EternalBurstReactor","MokouMod:Burn"],"picked":"MokouMod:Refresh+1","floor":41},{"not_picked":["MokouMod:FusionFlare","MokouMod:Stoke+1"],"picked":"MokouMod:FlamingFireTalons+1","floor":46},{"not_picked":["MokouMod:IgnitionBlast","MokouMod:EternalBurstReactor","MokouMod:Stoke"],"picked":"SKIP","floor":48}],"player_experience":207994,"relics_obtained":[{"floor":9.0,"key":"Letter Opener"},{"floor":13.0,"key":"White Beast Statue"},{"floor":17.0,"key":"Vajra"},{"floor":17.0,"key":"Blue Candle"},{"floor":17.0,"key":"Calipers"},{"floor":26.0,"key":"Meat on the Bone"},{"floor":41,"key":"Boot"},{"floor":43,"key":"Sundial"}],"event_choices":[{"damage_healed":0.0,"max_hp_gain":0.0,"max_hp_loss":0.0,"gold_gain":0.0,"event_name":"Match and Keep!","player_choice":"1 cards matched","floor":2.0,"gold_loss":0.0,"damage_taken":0.0,"cards_obtained":["MokouMod:AdaptivePyromancy"]},{"damage_healed":0.0,"max_hp_gain":0.0,"max_hp_loss":0.0,"gold_gain":0.0,"event_name":"Shining Light","player_choice":"Entered Light","floor":10.0,"gold_loss":0.0,"damage_taken":15.0,"cards_upgraded":["MokouMod:Defend","MokouMod:Defend"]},{"damage_healed":0.0,"max_hp_gain":0.0,"max_hp_loss":6.0,"gold_gain":0.0,"event_name":"Golden Idol","player_choice":"Lose Max HP","floor":11.0,"gold_loss":0.0,"damage_taken":0.0,"relics_obtained":["Golden Idol"]},{"damage_healed":0.0,"max_hp_gain":0.0,"max_hp_loss":0.0,"gold_gain":250.0,"event_name":"The Joust","player_choice":"Bet on Owner","floor":19.0,"gold_loss":50.0,"damage_taken":0.0},{"damage_healed":0.0,"max_hp_gain":0.0,"max_hp_loss":0.0,"gold_gain":100.0,"event_name":"Golden Shrine","player_choice":"Pray","floor":25.0,"gold_loss":0.0,"damage_taken":0.0},{"damage_healed":0,"gold_gain":0,"player_choice":"Got Potions","damage_taken":0,"max_hp_gain":0,"max_hp_loss":0,"event_name":"Lab","floor":38,"gold_loss":0},{"damage_healed":60,"gold_gain":0,"player_choice":"Heal","damage_taken":0,"max_hp_gain":0,"max_hp_loss":9,"event_name":"The Moai Head","floor":47,"gold_loss":0}],"is_beta":false,"boss_relics":[{"not_picked":["Philosopher\u0027s Stone","Black Star"],"picked":"Calling Bell"},{"not_picked":["SacredBark","Runic Dome"],"picked":"Velvet Choker"}],"items_purged_floors":[21,31,45],"is_endless":false,"potions_floor_spawned":[3,7,14,16,18,20,22,24,27,29,33,35,37,39,41,46,48],"ascension_level":8}}