{"host":"25beq07qjecnigqh","time":1610370767,"event":{"mods":["BaseMod","Minty Spire (QoL Compilation)"],"gold_per_floor":[119,19,19,19,19,19,44,80,80,104,117,65,88,101,101,225,225,200,200,200],"floor_reached":19,"playtime":1408,"items_purged":["Strike_R"],"score":169,"play_id":"8ba00e47-4fea-4c6b-923e-35d263648471","local_time":"20210111211247","is_ascension_mode":false,"campfire_choices":[{"floor":6,"key":"REST"},{"floor":15,"key":"REST"}],"circlet_count":0,"master_deck":["Strike_R","Strike_R","Strike_R","Defend_R","Defend_R","Defend_R","Defend_R","Bash","Ghostly Armor","Twin Strike","Flex","Metallicize","Sever Soul","Berserk"],"relics":["Cursed Key","Darkstone Periapt","Golden Idol","Bag of Preparation","Kunai","Empty Cage"],"acts_visited":["TheCity"],"potions_floor_usage":[11,11,14,19],"damage_taken":[{"damage":0,"enemies":"Small Slimes","floor":1,"turns":3},{"damage":3,"enemies":"2 Louse","floor":7,"turns":2},{"damage":16,"enemies":"Lagavulin","floor":8,"turns":6},{"damage":3,"enemies":"Cultist","floor":10,"turns":2},{"damage":14,"enemies":"Blue Slaver","floor":11,"turns":5},{"damage":23,"enemies":"Gremlin Gang","floor":13,"turns":7},{"damage":7,"enemies":"Red Slaver","floor":14,"turns":3},{"damage":47,"enemies":"Slime Boss","floor":16,"turns":13},{"damage":20,"enemies":"2 Thieves","floor":18,"turns":5},{"damage":66,"enemies":"Masked Bandits","floor":19,"turns":3}],"seed_played":"4729405595110219507","potions_obtained":[{"floor":7,"key":"Swift Potion"},{"floor":8,"key":"Energy Potion"},{"floor":11,"key":"DuplicationPotion"},{"floor":14,"key":"BloodPotion"},{"floor":18,"key":"SpeedPotion"}],"is_trial":false,"path_per_floor":["M","$","?","?","?","R","M","E","T","M","M","$","M","M","R","B",null,"M","?"],"character_chosen":"IRONCLAD","items_purchased":["Clash","Flex"],"campfire_rested":2,"item_purchase_floors":[2,12],"current_hp_per_floor":[80,80,73,53,53,77,74,58,64,61,47,47,24,34,59,12,86,66,0,0],"gold":200,"neow_bonus":"BOSS_RELIC","is_daily":false,"chose_seed":false,"campfire_upgraded":0,"win_rate":0.0,"timestamp":1610370767,"path_taken":["M","$","?","?","?","R","M","E","T","M","?","$","M","M","R","BOSS","M","?"],"items_purchased_type":["Card","Card"],"build_version":"2020-12-22","purchased_purges":1,"victory":false,"max_hp_per_floor":[80,80,80,80,80,80,80,80,86,86,86,86,86,86,86,86,86,86,86,86],"card_choices":[{"not_picked":["True Grit","Pommel Strike","Thunderclap"],"picked":"SKIP","floor":1},{"not_picked":["Searing Blow","Rage"],"picked":"Ghostly Armor","floor":7},{"not_picked":["Blood for Blood","Dropkick","Intimidate"],"picked":"SKIP","floor":8},{"not_picked":["Headbutt","Inflame","Double Tap"],"picked":"SKIP","floor":10},{"not_picked":["Hemokinesis","Body Slam"],"picked":"Twin Strike","floor":11},{"not_picked":["Shockwave","Second Wind"],"picked":"Metallicize","floor":13},{"not_picked":["Body Slam","Fire Breathing"],"picked":"Sever Soul","floor":14},{"not_picked":["Feed","Brutality"],"picked":"Berserk","floor":16},{"not_picked":["Anger","Combust+1","Clothesline"],"picked":"SKIP","floor":18}],"player_experience":1375,"relics_obtained":[{"floor":8,"key":"Bag of Preparation"},{"floor":9,"key":"Kunai"}],"event_choices":[{"damage_healed":0,"gold_gain":0,"player_choice":"Success","damage_taken":7,"relics_obtained":["Darkstone Periapt"],"max_hp_gain":0,"max_hp_loss":0,"event_name":"Scrap Ooze","floor":3,"gold_loss":0},{"damage_healed":0,"gold_gain":0,"player_choice":"Take Damage","damage_taken":20,"relics_obtained":["Golden Idol"],"max_hp_gain":0,"max_hp_loss":0,"event_name":"Golden Idol","floor":4,"gold_loss":0},{"cards_removed":["Strike_R"],"damage_healed":0,"gold_gain":0,"player_choice":"Purged","damage_taken":0,"max_hp_gain":0,"max_hp_loss":0,"event_name":"Purifier","floor":5,"gold_loss":0},{"damage_healed":0,"gold_gain":0,"player_choice":"Fought Bandits","damage_taken":0,"max_hp_gain":0,"max_hp_loss":0,"event_name":"Masked Bandits","floor":19,"gold_loss":0}],"is_beta":false,"boss_relics":[{"not_picked":["Mark of Pain","Coffee Dripper"],"picked":"Empty Cage"}],"items_purged_floors":[2],"is_endless":false,"potions_floor_spawned":[7,8,11,14,18],"killed_by":"Masked Bandits","ascension_level":0}}