{"host":"dsfeuj43qk7687cq","time":1610404965,"event":{"mods":["AchievementEnabler","BaseMod","Downfall","Minty Spire (QoL Compilation)","Replay The Spire","StSLib","The Construct","The Disciple","The Hierophant","The Jungle","The Runesmith"],"gold_per_floor":[116,116,41,41,116,116,127,147,147,174,174,174,192,212,212,311,311,328,345,355,355,355,355,368,368,395,395,414,66,66,86,86,181,181,196,208,208,221,239,239,257,257,257,267,267,286,302,302,302,302,302],"floor_reached":50,"playtime":3473,"items_purged":["Strike_R"],"score":648,"play_id":"9c1be2b7-b1b8-43f1-9f26-ad68c3a3dc65","local_time":"20210111234245","is_ascension_mode":false,"campfire_choices":[{"floor":6,"key":"REST"},{"data":"Pommel Strike","floor":11,"key":"SMITH"},{"data":"Combust","floor":15,"key":"SMITH"},{"floor":23,"key":"REST"},{"floor":30,"key":"REST"},{"floor":32,"key":"REST"},{"floor":40,"key":"REST"},{"floor":42,"key":"REST"},{"floor":45,"key":"REST"},{"floor":49,"key":"REST"}],"circlet_count":0,"master_deck":["Defend_R+1","Defend_R","Defend_R","Defend_R+1","Bash+1","Dropkick","Pommel Strike+1","Combust+1","Shrug It Off","Feed","Life Link","Bite","Bite","Bite","Bite","Bite","Rampage","Sword Boomerang","Rupture","Berserk","Seeing Red+1","Combust+1","Armaments+1","Parasite"],"relics":["Burning Blood","Iron Hammer","Pet Ghost","SlaversCollar","War Paint","Ice Cream","Velvet Choker","Gremlin Horn"],"acts_visited":["Exordium","TheCity","TheBeyond"],"potions_floor_usage":[16,16,28,33,33,38,41,46,47],"damage_taken":[{"damage":6,"enemies":"Cultist","floor":1,"turns":3},{"damage":7,"enemies":"2 Louse","floor":7,"turns":2},{"damage":2,"enemies":"Small Slimes","floor":8,"turns":3},{"damage":16,"enemies":"Gremlin Nob","floor":10,"turns":3},{"damage":13,"enemies":"Red Slaver","floor":13,"turns":3},{"damage":9,"enemies":"3 Louse","floor":14,"turns":2},{"damage":56,"enemies":"Slime Boss","floor":16,"turns":10},{"damage":25,"enemies":"Shell Parasite","floor":18,"turns":7},{"damage":34,"enemies":"3 Byrds","floor":19,"turns":5},{"damage":11,"enemies":"Snecko","floor":20,"turns":4},{"damage":29,"enemies":"Chosen and Byrds","floor":24,"turns":7},{"damage":47,"enemies":"Shelled Parasite and Fungi","floor":28,"turns":5},{"damage":37,"enemies":"Snake Plant","floor":31,"turns":4},{"damage":71,"enemies":"Pondfish","floor":33,"turns":8},{"damage":20,"enemies":"Orb Walker","floor":35,"turns":4},{"damage":30,"enemies":"3 Darklings","floor":36,"turns":5},{"damage":46,"enemies":"Jaw Worm Horde","floor":38,"turns":4},{"damage":59,"enemies":"Spire Growth","floor":39,"turns":5},{"damage":26,"enemies":"Sphere and 2 Shapes","floor":41,"turns":5},{"damage":43,"enemies":"4 Shapes","floor":44,"turns":4},{"damage":54,"enemies":"Spire Growth","floor":46,"turns":5},{"damage":18,"enemies":"Writhing Mass","floor":47,"turns":7},{"damage":62,"enemies":"Replay:Hell Engine","floor":50,"turns":5}],"seed_played":"-2062957386582854786","potions_obtained":[{"floor":7,"key":"sneckomod:MuddlingPotion"},{"floor":8,"key":"Reflective Coating"},{"floor":13,"key":"Dexterity Potion"},{"floor":18,"key":"Venom Potion"},{"floor":19,"key":"Swift Potion"},{"floor":24,"key":"Adrenaline Potion"},{"floor":33,"key":"BlessingOfTheForge"},{"floor":36,"key":"Regen Potion"},{"floor":38,"key":"Swift Potion"},{"floor":44,"key":"ColorlessPotion"},{"floor":46,"key":"Flashbang"}],"is_trial":false,"path_per_floor":["M","?","$","?","?","R","M","M","T","E","R","?","M","M","R","B",null,"M","M","M","?","?","R","M","?","T","?","M","$","R","M","R","B",null,"M","M","?","M","M","R","M","R","T","M","R","M","M","?","R","B"],"character_chosen":"IRONCLAD","items_purchased":["Rupture","Ice Cream"],"campfire_rested":8,"item_purchase_floors":[29,29],"current_hp_per_floor":[80,77,77,77,69,80,79,80,80,70,70,70,65,64,64,16,80,61,39,36,36,36,61,58,58,58,58,28,28,54,36,62,26,87,79,76,76,60,18,45,35,62,62,36,63,23,26,17,44,0,0],"gold":302,"neow_bonus":"UPGRADE_CARD","is_daily":false,"chose_seed":false,"campfire_upgraded":2,"win_rate":0.0,"timestamp":1610404965,"path_taken":["M","?","$","?","?","R","?","M","T","E","R","?","?","M","R","BOSS","M","M","M","?","?","R","M","?","T","?","M","$","R","?","R","BOSS","M","M","?","M","?","R","M","R","T","M","R","?","M","?","R","BOSS"],"items_purchased_type":["Card","Relic"],"build_version":"2020-12-22","purchased_purges":1,"victory":false,"max_hp_per_floor":[80,80,80,80,80,80,80,80,80,80,80,80,80,80,80,80,80,80,84,84,84,84,84,84,84,84,84,87,87,87,87,87,87,87,87,87,87,90,90,90,90,90,90,93,93,93,93,93,93,93,93],"card_choices":[{"not_picked":["Clash","ReplayTheSpireMod:Strike From Hell"],"picked":"Dropkick","floor":1},{"not_picked":["Reckless Charge","Bloodletting"],"picked":"Pommel Strike","floor":7},{"not_picked":["Cleave","Metallicize"],"picked":"Combust","floor":8},{"not_picked":["Defy Death","Clothesline","Reaper"],"picked":"SKIP","floor":10},{"not_picked":["Run Through","Shockwave","Sword Boomerang"],"picked":"SKIP","floor":13},{"not_picked":["Headbutt","ReplayTheSpireMod:Corrosion Curse"],"picked":"Shrug It Off","floor":14},{"not_picked":["Fiend Fire","Bludgeon"],"picked":"Feed","floor":16},{"not_picked":["Sword Boomerang","Replay:Undeath\u0027s Touch","Fire Breathing+1"],"picked":"SKIP","floor":18},{"not_picked":["Twin Strike","Cleave+1"],"picked":"Life Link","floor":19},{"not_picked":["Cleave","ReplayTheSpireMod:Strike From Hell","Sever Soul"],"picked":"SKIP","floor":20},{"not_picked":["Dropkick","Replay:Undeath\u0027s Touch","ReplayTheSpireMod:Strike From Hell"],"picked":"SKIP","floor":24},{"not_picked":["Disarm","Carnage","Burning Pact+1"],"picked":"SKIP","floor":28},{"not_picked":["Perfected Strike","ReplayTheSpireMod:LeadingStrike","Pommel Strike"],"picked":"SKIP","floor":31},{"not_picked":["Juggernaut","Reaper"],"picked":"Berserk","floor":33},{"not_picked":["Body Slam","Pommel Strike+1"],"picked":"Seeing Red+1","floor":35},{"not_picked":["ReplayReversal","True Grit","Iron Wave"],"picked":"SKIP","floor":36},{"not_picked":["Pummel","Body Slam+1","Clash+1"],"picked":"SKIP","floor":38},{"not_picked":["Fire Breathing+1","Clash+1"],"picked":"Armaments+1","floor":39},{"not_picked":["Disarm","Cleave+1","Warcry+1"],"picked":"SKIP","floor":41},{"not_picked":["Run Through","Warcry","Thunderclap+1"],"picked":"SKIP","floor":44},{"not_picked":["Reckless Charge","ReplayTheSpireMod:LeadingStrike+1","Sever Soul"],"picked":"SKIP","floor":46},{"not_picked":["Spot Weakness","Bludgeon","Replay:Undeath\u0027s Touch+1"],"picked":"SKIP","floor":47}],"player_experience":46234,"relics_obtained":[{"floor":9,"key":"Iron Hammer"},{"floor":10,"key":"Pet Ghost"},{"floor":26,"key":"War Paint"},{"floor":43,"key":"Gremlin Horn"}],"event_choices":[{"damage_healed":0,"gold_gain":0,"player_choice":"Success","damage_taken":3,"relics_obtained":["Blood Vial"],"max_hp_gain":0,"max_hp_loss":0,"event_name":"Scrap Ooze","floor":2,"gold_loss":0},{"damage_healed":0,"gold_gain":0,"player_choice":"Leave","damage_taken":0,"max_hp_gain":0,"max_hp_loss":0,"event_name":"The Cleric","floor":4,"gold_loss":0},{"damage_healed":0,"gold_gain":75,"player_choice":"Touch","damage_taken":8,"max_hp_gain":0,"max_hp_loss":0,"event_name":"FaceTrader","floor":5,"gold_loss":0},{"damage_healed":0,"gold_gain":0,"player_choice":"1 cards matched","damage_taken":0,"max_hp_gain":0,"max_hp_loss":0,"event_name":"Match and Keep!","floor":12,"gold_loss":0,"cards_obtained":["Replay:Many Hands"]},{"damage_healed":0,"gold_gain":0,"player_choice":"Became a vampire (Vial)","damage_taken":0,"max_hp_gain":0,"max_hp_loss":0,"event_name":"Vampires","floor":21,"relics_lost":["Blood Vial"],"gold_loss":0,"cards_obtained":["Bite","Bite","Bite","Bite","Bite"]},{"damage_healed":0,"gold_gain":0,"player_choice":"Read","damage_taken":0,"max_hp_gain":0,"max_hp_loss":0,"event_name":"The Library","floor":25,"gold_loss":0,"cards_obtained":["Rampage"]},{"damage_healed":0,"gold_gain":0,"cards_transformed":["Replay:Many Hands"],"player_choice":"Transformed","damage_taken":0,"max_hp_gain":0,"max_hp_loss":0,"event_name":"Transmorgrifier","floor":27,"gold_loss":0,"cards_obtained":["Sword Boomerang"]},{"damage_healed":0,"gold_gain":0,"player_choice":"Copied","damage_taken":0,"max_hp_gain":0,"max_hp_loss":0,"event_name":"Duplicator","floor":37,"gold_loss":0,"cards_obtained":["Combust"]},{"damage_healed":0,"gold_gain":0,"player_choice":"Damaged","damage_taken":9,"max_hp_gain":0,"max_hp_loss":0,"event_name":"Wheel of Change","floor":48,"gold_loss":0}],"is_beta":false,"boss_relics":[{"not_picked":["Cursed Key","Runic Cube"],"picked":"SlaversCollar"},{"not_picked":["Philosopher\u0027s Stone","Coffee Dripper"],"picked":"Velvet Choker"}],"items_purged_floors":[3],"is_endless":false,"potions_floor_spawned":[7,8,13,18,19,24,33,36,38,44,46],"killed_by":"Replay:Hell Engine","ascension_level":0}}