{"host":"1a3cjta80tad0aqj","time":1610350008,"event":{"mods":["2.2 Compatiblity","AchievementEnabler","BaseMod","Colored Map","DeckTracker","KOR Keyword Fix","Keyboard Shortcuts","Minty Spire (QoL Compilation)","Permanent Neow","Quick Restart","Random Character Button","StSLib","SuperFastMode","everything is the same but u backflip on backflip"],"gold_per_floor":[112,112,133,148,171,209,209,224,224,224,260,279,57,82,82,208,208,208],"floor_reached":17,"playtime":857,"items_purged":["Defend_G"],"score":177,"play_id":"c7a70d54-805d-4090-a470-777f62a5e90a","local_time":"20210111162648","is_ascension_mode":true,"campfire_choices":[{"data":"Leg Sweep","floor":7.0,"key":"SMITH"},{"floor":15.0,"key":"REST"}],"circlet_count":0,"master_deck":["Strike_G","Strike_G","Strike_G","Strike_G","Strike_G","Defend_G","Defend_G","Defend_G","Defend_G","Survivor","Neutralize","Dagger Spray","Injury","Dagger Throw","Leg Sweep+1","Backstab","Heel Hook","Cloak And Dagger","Calculated Gamble","Die Die Die"],"relics":["Ring of the Snake","NeowsBlessing","Golden Idol","Regal Pillow","Meat on the Bone","StrikeDummy","White Beast Statue","Toy Ornithopter","Snecko Eye"],"acts_visited":["Exordium","TheCity"],"potions_floor_usage":[16,16],"damage_taken":[{"damage":0.0,"enemies":"2 Louse","floor":1.0,"turns":1.0},{"damage":0.0,"enemies":"Jaw Worm","floor":3.0,"turns":1.0},{"damage":0.0,"enemies":"Cultist","floor":4.0,"turns":1.0},{"damage":0.0,"enemies":"Exordium Wildlife","floor":5.0,"turns":3.0},{"damage":15.0,"enemies":"Lagavulin","floor":6.0,"turns":10.0},{"damage":2.0,"enemies":"Looter","floor":8.0,"turns":3.0},{"damage":14.0,"enemies":"Gremlin Nob","floor":11.0,"turns":4.0},{"damage":0.0,"enemies":"Large Slime","floor":12.0,"turns":7.0},{"damage":0.0,"enemies":"2 Fungi Beasts","floor":14.0,"turns":3.0},{"damage":61,"enemies":"Hexaghost","floor":16,"turns":16}],"seed_played":"4351168705604818796","potions_obtained":[{"floor":3.0,"key":"SteroidPotion"},{"floor":6.0,"key":"LiquidMemories"},{"floor":8.0,"key":"Dexterity Potion"},{"floor":12.0,"key":"GhostInAJar"},{"floor":14.0,"key":"LiquidMemories"},{"floor":16,"key":"DuplicationPotion"}],"is_trial":false,"path_per_floor":["M","?","M","M","M","E","R","M","T","T","E","M","$","M","R","B",null],"character_chosen":"THE_SILENT","items_purchased":["Toy Ornithopter"],"campfire_rested":1,"item_purchase_floors":[13],"current_hp_per_floor":[70,70,70,70,70,55,55,53,53,53,39,39,39,39,70,31,70,70],"gold":208,"neow_bonus":"THREE_ENEMY_KILL","is_daily":false,"chose_seed":true,"campfire_upgraded":1,"win_rate":0.0,"timestamp":1610350008,"path_taken":["M","?","M","M","M","E","R","M","T","?","E","M","$","?","R","BOSS"],"items_purchased_type":["Relic"],"build_version":"2020-12-22","purchased_purges":1,"victory":false,"max_hp_per_floor":[70,70,70,70,70,70,70,70,70,70,70,70,70,70,70,70,70,70],"card_choices":[{"not_picked":["Slice","Distraction"],"picked":"Dagger Spray","floor":1.0},{"not_picked":["Eviscerate","Acrobatics"],"picked":"Dagger Throw","floor":3.0},{"not_picked":["Outmaneuver","Acrobatics"],"picked":"Leg Sweep","floor":4.0},{"not_picked":["Bane","All Out Attack"],"picked":"Backstab","floor":5.0},{"not_picked":["Dagger Throw","Blade Dance"],"picked":"Heel Hook","floor":6.0},{"not_picked":["Masterful Stab","Outmaneuver","Dodge and Roll"],"picked":"SKIP","floor":8.0},{"not_picked":["Unload","Accuracy"],"picked":"Cloak And Dagger","floor":11.0},{"not_picked":["Underhanded Strike","Prepared","Outmaneuver"],"picked":"SKIP","floor":12.0},{"not_picked":["Dagger Throw","Dodge and Roll"],"picked":"Calculated Gamble","floor":14.0},{"not_picked":["Tools of the Trade","Wraith Form v2"],"picked":"Die Die Die","floor":16}],"player_experience":290576,"relics_obtained":[{"floor":6.0,"key":"Regal Pillow"},{"floor":9.0,"key":"Meat on the Bone"},{"floor":10.0,"key":"StrikeDummy"},{"floor":11.0,"key":"White Beast Statue"}],"event_choices":[{"damage_healed":0.0,"max_hp_gain":0.0,"max_hp_loss":0.0,"gold_gain":0.0,"event_name":"Golden Idol","player_choice":"Take Wound","floor":2.0,"gold_loss":0.0,"damage_taken":0.0,"relics_obtained":["Golden Idol"],"cards_obtained":["Injury"]}],"is_beta":false,"boss_relics":[{"not_picked":["Runic Dome","Sozu"],"picked":"Snecko Eye"}],"items_purged_floors":[13],"is_endless":false,"potions_floor_spawned":[3,6,8,12,14,16],"ascension_level":1}}