{"host":"mydft8i2zzydgggw","time":1610324093,"event":{"mods":["AchievementEnabler","BaseMod","BetterRewards","Colored Map","Colored Powertips","DeckTracker","Keyboard Shortcuts","Minty Spire (QoL Compilation)","Rare Cards Sparkle","StSLib","SuperFastMode","everything is the same but u backflip on backflip"],"gold_per_floor":[111,286,286,286,310,310,344,60,83,96,135,135,176,189,189,309,309,327,72,95,95,43,43,59,59,59,59,158,178,201,76,76,76,76],"floor_reached":33,"playtime":726,"items_purged":["Strike_R","Doubt","Armaments"],"score":360,"play_id":"0cbd68cd-4c8b-496c-8d98-e9d83bbdb8ad","local_time":"20210111091453","is_ascension_mode":true,"campfire_choices":[{"data":"Bash","floor":6,"key":"SMITH"},{"data":"Shockwave","floor":12,"key":"SMITH"},{"floor":15,"key":"REST"},{"data":"Limit Break","floor":23,"key":"SMITH"},{"data":"Heavy Blade","floor":25,"key":"SMITH"},{"data":"Inflame","floor":27,"key":"SMITH"},{"floor":32,"key":"REST"}],"circlet_count":0,"master_deck":["Strike_R","Strike_R","Defend_R","Defend_R","Defend_R","Defend_R","Bash+1","Shockwave+1","Inflame+1","Shockwave","Sword Boomerang","Hemokinesis","Heavy Blade+1","Shrug It Off+1","Limit Break+1","Heavy Blade"],"relics":["Burning Blood","NeowsBlessing","Golden Idol","Pear","Matryoshka","Unceasing Top","Runic Pyramid","Orrery","Blood Vial","Blue Candle"],"acts_visited":["Exordium","TheCity"],"potions_floor_usage":[11,11,20,20,22,22,33,33,33],"damage_taken":[{"damage":0,"enemies":"Small Slimes","floor":1,"turns":1},{"damage":0,"enemies":"Jaw Worm","floor":5,"turns":1},{"damage":0,"enemies":"Gremlin Nob","floor":7,"turns":1},{"damage":4,"enemies":"Cultist","floor":10,"turns":3},{"damage":47,"enemies":"3 Sentries","floor":11,"turns":13},{"damage":32,"enemies":"Lagavulin","floor":13,"turns":10},{"damage":6,"enemies":"Looter","floor":14,"turns":4},{"damage":32,"enemies":"Slime Boss","floor":16,"turns":7},{"damage":28,"enemies":"2 Thieves","floor":18,"turns":4},{"damage":16,"enemies":"3 Byrds","floor":20,"turns":5},{"damage":20,"enemies":"Cultist and Chosen","floor":24,"turns":6},{"damage":11,"enemies":"Snecko","floor":29,"turns":4},{"damage":29,"enemies":"3 Cultists","floor":30,"turns":5},{"damage":78,"enemies":"Automaton","floor":33,"turns":6}],"seed_played":"-1290059837323553084","potions_obtained":[{"floor":10,"key":"Strength Potion"},{"floor":11,"key":"Dexterity Potion"},{"floor":13,"key":"SneckoOil"},{"floor":16,"key":"Fire Potion"},{"floor":18,"key":"Explosive Potion"},{"floor":20,"key":"ElixirPotion"},{"floor":24,"key":"SpeedPotion"},{"floor":29,"key":"SteroidPotion"}],"is_trial":false,"path_per_floor":["M","?","?","?","M","R","E","$","T","M","E","R","E","M","R","B",null,"M","$","M","?","$","R","M","R","T","R","?","M","M","$","R","B"],"character_chosen":"IRONCLAD","items_purchased":["Shockwave","Inflame","BloodPotion","BloodPotion","Orrery","BloodPotion"],"campfire_rested":2,"item_purchase_floors":[8,8,8,8,19,22],"current_hp_per_floor":[80,80,74,74,74,74,84,84,84,84,59,59,33,33,58,32,71,49,49,39,39,71,71,57,57,57,57,57,54,33,33,58,0,0],"gold":76,"neow_bonus":"THREE_ENEMY_KILL","is_daily":false,"chose_seed":false,"campfire_upgraded":5,"win_rate":0.0,"timestamp":1610324093,"path_taken":["M","?","?","?","?","R","E","$","T","M","E","R","E","M","R","BOSS","M","$","M","?","$","R","?","R","T","R","?","M","M","$","R","BOSS"],"items_purchased_type":["Card","Card","Potion","Potion","Relic","Potion"],"build_version":"2020-12-22","purchased_purges":3,"victory":false,"max_hp_per_floor":[80,80,74,74,74,74,84,84,84,84,84,84,84,84,84,84,84,84,84,84,84,84,84,84,84,84,84,84,84,84,84,84,84,84],"card_choices":[{"not_picked":["Warcry","Pommel Strike","Evolve"],"picked":"SKIP","floor":1},{"not_picked":["Clothesline","Evolve","Anger"],"picked":"SKIP","floor":5},{"not_picked":["Bloodletting","Demon Form"],"picked":"Armaments","floor":7},{"not_picked":["Anger","Blood for Blood","Whirlwind"],"picked":"SKIP","floor":10},{"not_picked":["Intimidate","Clothesline"],"picked":"Shockwave","floor":11},{"not_picked":["Ghostly Armor","Exhume"],"picked":"Sword Boomerang","floor":13},{"not_picked":["Shockwave","Fire Breathing","Hemokinesis"],"picked":"SKIP","floor":14},{"not_picked":["Shockwave","Fire Breathing"],"picked":"Hemokinesis","floor":14},{"not_picked":["Body Slam","Pommel Strike+1","Cleave"],"picked":"SKIP","floor":18},{"not_picked":["Feel No Pain","Searing Blow+1"],"picked":"Heavy Blade","floor":19},{"not_picked":["Dual Wield+1","Sentinel"],"picked":"Shrug It Off+1","floor":19},{"not_picked":["Headbutt","Warcry"],"picked":"Limit Break","floor":20},{"not_picked":["Bloodletting","Shockwave","Sever Soul"],"picked":"SKIP","floor":24},{"not_picked":["Perfected Strike+1","Havoc","Blood for Blood"],"picked":"SKIP","floor":29},{"not_picked":["Warcry","Battle Trance"],"picked":"Heavy Blade","floor":30}],"player_experience":158907,"relics_obtained":[{"floor":7,"key":"Pear"},{"floor":11,"key":"Matryoshka"},{"floor":13,"key":"Unceasing Top"},{"floor":26,"key":"Blood Vial"},{"floor":26,"key":"Blue Candle"}],"event_choices":[{"damage_healed":0,"gold_gain":175,"player_choice":"AGREE","damage_taken":0,"max_hp_gain":0,"max_hp_loss":0,"event_name":"Liars Game","floor":2,"gold_loss":0,"cards_obtained":["Doubt"]},{"damage_healed":0,"gold_gain":0,"player_choice":"Lose Max HP","damage_taken":0,"relics_obtained":["Golden Idol"],"max_hp_gain":0,"max_hp_loss":6,"event_name":"Golden Idol","floor":3,"gold_loss":0},{"cards_removed":["Strike_R"],"damage_healed":0,"gold_gain":0,"player_choice":"Purged","damage_taken":0,"max_hp_gain":0,"max_hp_loss":0,"event_name":"Purifier","floor":4,"gold_loss":0},{"cards_removed":["Strike_R"],"damage_healed":0,"gold_gain":0,"player_choice":"Offered Basic","damage_taken":0,"max_hp_gain":0,"max_hp_loss":0,"event_name":"Bonfire Elementals","floor":21,"gold_loss":0},{"damage_healed":0,"gold_gain":99,"player_choice":"Stole From Cult","damage_taken":0,"max_hp_gain":0,"max_hp_loss":0,"event_name":"Nest","floor":28,"gold_loss":0}],"is_beta":false,"boss_relics":[{"not_picked":["Mark of Pain","Runic Cube"],"picked":"Runic Pyramid"}],"items_purged_floors":[8,19,31],"is_endless":false,"potions_floor_spawned":[10,11,13,16,18,20,24,29],"killed_by":"Automaton","ascension_level":5}}