{"host":"hcmbbnq9kugrt4gl","time":1610362538,"event":{"mods":["AchievementEnabler","BaseMod","Minty Spire (QoL Compilation)","Permanent Neow","Quick Restart","Relic Stats","Synergy Search","slay the spire mod where everything is the same but ironclad has a cowboy hat"],"gold_per_floor":[366,244,194,208,268,268,283,283,283,283,296,329,342,361,361,465,465,482,496,321,321,321,354,364,364,389,211,227,239,266,276,276,276,276],"floor_reached":33,"playtime":1411,"items_purged":[],"score":289,"play_id":"ed300d9c-688a-4152-99bd-d08fa8674f0a","local_time":"20210111115538","is_ascension_mode":false,"campfire_choices":[{"data":"Inflame","floor":6,"key":"SMITH"},{"data":"Whirlwind","floor":8,"key":"SMITH"},{"floor":15,"key":"REST"},{"data":"Berserk","floor":32,"key":"SMITH"}],"circlet_count":0,"master_deck":["Strike_R","Strike_R","Strike_R","Strike_R","Defend_R","Defend_R","Defend_R","Bash","Sentinel","Inflame+1","Bandage Up","Heavy Blade+1","Whirlwind+1","Disarm+1","Dual Wield+1","Flex+1","Flex+1","Berserk+1","Armaments+1","Rage+1","Flame Barrier+1","Writhe","Metallicize","Intimidate+1","Flex+1","Offering+1","Ghostly Armor+1"],"relics":["Burning Blood","Toxic Egg 2","Orichalcum","Philosopher\u0027s Stone","Akabeko","Red Skull","Anchor","Blood Vial","Blue Candle"],"acts_visited":["Exordium","TheCity"],"potions_floor_usage":[12,23,28,33,33,33],"damage_taken":[{"damage":11,"enemies":"Jaw Worm","floor":1,"turns":2},{"damage":4,"enemies":"2 Louse","floor":4,"turns":4},{"damage":5,"enemies":"Small Slimes","floor":7,"turns":3},{"damage":34,"enemies":"Gremlin Gang","floor":11,"turns":3},{"damage":37,"enemies":"Gremlin Nob","floor":12,"turns":5},{"damage":7,"enemies":"Blue Slaver","floor":13,"turns":3},{"damage":9,"enemies":"Large Slime","floor":14,"turns":5},{"damage":22,"enemies":"The Guardian","floor":16,"turns":8},{"damage":13,"enemies":"2 Thieves","floor":18,"turns":2},{"damage":0,"enemies":"3 Byrds","floor":19,"turns":3},{"damage":37,"enemies":"Slavers","floor":23,"turns":4},{"damage":48,"enemies":"Sentry and Sphere","floor":24,"turns":6},{"damage":13,"enemies":"Shelled Parasite and Fungi","floor":28,"turns":4},{"damage":0,"enemies":"Centurion and Healer","floor":29,"turns":2},{"damage":20,"enemies":"Gremlin Leader","floor":30,"turns":5},{"damage":13,"enemies":"Snake Plant","floor":31,"turns":4},{"damage":76,"enemies":"Champ","floor":33,"turns":9}],"seed_played":"-8601622166494921978","potions_obtained":[{"floor":11,"key":"BloodPotion"},{"floor":12,"key":"Explosive Potion"},{"floor":18,"key":"DistilledChaos"},{"floor":28,"key":"BloodPotion"},{"floor":29,"key":"ColorlessPotion"},{"floor":31,"key":"BloodPotion"}],"is_trial":false,"path_per_floor":["M","$","?","M","?","R","M","R","T","?","M","E","M","M","R","B",null,"M","M","$","?","?","E","M","?","T","$","M","M","E","M","R","B"],"character_chosen":"IRONCLAD","items_purchased":["Inflame","Bandage Up","FairyPotion","Flame Barrier+1","Blood Vial","Intimidate+1"],"campfire_rested":1,"item_purchase_floors":[2,2,20,20,27,27],"current_hp_per_floor":[67,67,67,72,72,72,72,72,72,72,48,35,38,39,60,48,72,65,71,71,62,62,37,27,27,27,27,36,44,36,35,35,0,0],"gold":276,"neow_bonus":"TWO_FIFTY_GOLD","is_daily":false,"chose_seed":false,"campfire_upgraded":3,"win_rate":0.0,"timestamp":1610362538,"path_taken":["M","$","?","M","?","R","M","R","T","?","?","E","M","M","R","BOSS","M","?","$","?","?","E","M","?","T","$","?","M","E","M","R","BOSS"],"items_purchased_type":["Card","Card","Potion","Card","Relic","Card"],"build_version":"2020-12-22","purchased_purges":0,"victory":false,"max_hp_per_floor":[72,72,72,72,72,72,72,72,72,72,72,72,72,72,72,72,72,72,72,72,72,72,72,72,72,72,72,72,72,72,72,72,72,72],"relic_stats":{"Blood Vial":10,"counters":[17,72],"Blue Candle":[2],"Orichalcum":[120],"obtain_stats":[{"Blood Vial":27,"Anchor":26,"Blue Candle":30,"Philosopher\u0027s Stone":17,"Toxic Egg 2":9,"Orichalcum":12,"Burning Blood":0,"Akabeko":22,"Red Skull":23},{"Blood Vial":12,"Anchor":12,"Blue Candle":15,"Philosopher\u0027s Stone":8,"Toxic Egg 2":3,"Orichalcum":5,"Burning Blood":0,"Akabeko":10,"Red Skull":11},{"Blood Vial":48,"Anchor":48,"Blue Candle":59,"Philosopher\u0027s Stone":33,"Toxic Egg 2":9,"Orichalcum":17,"Burning Blood":0,"Akabeko":38,"Red Skull":42}],"Burning Blood":94},"card_choices":[{"not_picked":["Perfected Strike","True Grit"],"picked":"Sentinel","floor":1},{"not_picked":["Battle Trance","Perfected Strike"],"picked":"Heavy Blade","floor":4},{"not_picked":["Pommel Strike","Perfected Strike"],"picked":"Whirlwind","floor":7},{"not_picked":["Dark Embrace","Flame Barrier+1"],"picked":"Disarm+1","floor":11},{"not_picked":["Headbutt","True Grit+1"],"picked":"Dual Wield+1","floor":12},{"not_picked":["Twin Strike","Evolve"],"picked":"Flex+1","floor":13},{"not_picked":["True Grit+1","Double Tap+1"],"picked":"Flex+1","floor":14},{"not_picked":["Juggernaut","Fiend Fire"],"picked":"Berserk","floor":16},{"not_picked":["Whirlwind","Disarm+1"],"picked":"Armaments+1","floor":18},{"not_picked":["Pommel Strike","Heavy Blade"],"picked":"Rage+1","floor":19},{"not_picked":["Shrug It Off+1","Dropkick","Headbutt"],"picked":"SKIP","floor":23},{"not_picked":["Havoc+1","Heavy Blade"],"picked":"Metallicize","floor":24},{"not_picked":["Clash+1","Reckless Charge"],"picked":"Flex+1","floor":28},{"not_picked":["Wild Strike","Corruption","Cleave"],"picked":"SKIP","floor":29},{"not_picked":["Armaments+1","Hemokinesis"],"picked":"Offering+1","floor":30},{"not_picked":["Power Through+1","Heavy Blade"],"picked":"Ghostly Armor+1","floor":31}],"player_experience":186494,"relics_obtained":[{"floor":9,"key":"Toxic Egg 2"},{"floor":12,"key":"Orichalcum"},{"floor":23,"key":"Red Skull"},{"floor":26,"key":"Anchor"},{"floor":30,"key":"Blue Candle"}],"event_choices":[{"cards_removed":["Strike_R"],"damage_healed":0,"gold_gain":0,"player_choice":"Card Removal","damage_taken":0,"max_hp_gain":0,"max_hp_loss":0,"event_name":"The Cleric","floor":3,"gold_loss":50},{"damage_healed":0,"gold_gain":60,"player_choice":"Gained Gold","damage_taken":0,"max_hp_gain":0,"max_hp_loss":0,"event_name":"Golden Wing","floor":5,"gold_loss":0},{"damage_healed":0,"gold_gain":0,"player_choice":"Upgraded","damage_taken":0,"max_hp_gain":0,"max_hp_loss":0,"event_name":"Upgrade Shrine","floor":10,"gold_loss":0,"cards_upgraded":["Heavy Blade"]},{"damage_healed":0,"gold_gain":0,"player_choice":"Stopped","damage_taken":9,"max_hp_gain":0,"max_hp_loss":0,"event_name":"Cursed Tome","floor":21,"gold_loss":0},{"damage_healed":0,"gold_gain":0,"player_choice":"Opened","damage_taken":0,"relics_obtained":["Akabeko"],"max_hp_gain":0,"max_hp_loss":0,"event_name":"The Mausoleum","floor":22,"gold_loss":0,"cards_obtained":["Writhe"]},{"cards_removed":["Defend_R"],"damage_healed":0,"gold_gain":0,"player_choice":"Elegance","damage_taken":0,"max_hp_gain":0,"max_hp_loss":0,"event_name":"Back to Basics","floor":25,"gold_loss":0}],"is_beta":false,"boss_relics":[{"not_picked":["SlaversCollar","Empty Cage"],"picked":"Philosopher\u0027s Stone"}],"items_purged_floors":[],"is_endless":false,"potions_floor_spawned":[11,12,18,28,29,31],"killed_by":"Champ","ascension_level":0}}