{"host":"ifhtq4ixo5m3h13u","time":1610335399,"event":{"mods":["BaseMod","Downfall","Minty Spire (QoL Compilation)","StSLib","Waifu the Spire","noobMod","vexMod","¡¾ÒÅÎï¿¨ÅÆ¡¿REMEMod"],"gold_per_floor":[99,114,126,126,226,76,76,96,123,48,64,64,49,67,78,182,182,182,200,200,8,8,0,23,38,52,70,70,105,129,129,146,253,253,253,280,299,149,364,402,402,402,151,170,60,60,60,60,78,78,78,112,33,33,33],"floor_reached":56,"playtime":3126,"items_purged":[],"score":1324,"play_id":"1b5a5c5e-b376-49ee-b307-dcb74595e257","local_time":"20210111112319","is_ascension_mode":false,"campfire_choices":[{"floor":1,"key":"RECALL"},{"data":"hexamod:TimeWarp","floor":6,"key":"SMITH"},{"floor":10,"key":"REST"},{"floor":18,"key":"REST"},{"floor":28,"key":"REST"},{"floor":35,"key":"REST"},{"floor":42,"key":"REST"},{"floor":47,"key":"REST"},{"floor":54,"key":"REST"}],"circlet_count":0,"master_deck":["hexamod:Sear+1","hexamod:Float+1","expansioncontent:Collect+1","hexamod:HeatShield+1","hexamod:GhostflameBarrier+1","hexamod:TimeWarp+1","hexamod:NightmareStrike+1","hexamod:ParanormalForm+1","hexamod:SpectersWail+1","hexamod:PowerFromBeyond+1","hexamod:HexaLevel+1","hexamod:CatchUp+1","hexamod:CouncilsJustice+1","hexamod:CouncilsJustice+1","hexamod:CouncilsJustice+1","Ghostly+1","Ghostly+1","Ghostly+1","hexamod:GhostOfSpirePresent+1","REME_BodyOfCthun+1","hexamod:CrushingStance+1","hexamod:RadiantFlame+1","hexamod:SecondSeal","hexamod:SearingWound+1","hexamod:EmpoweredFlame+1","Injury","hexamod:SearingWound+1","hexamod:FlamesFromBeyond+1","hexamod:FourthSeal","expansioncontent:Corrupt+1","hexamod:ThirdSeal","REME_Flogging+1","hexamod:UnleashSpirits+1","hexamod:EmpoweringStance+1","hexamod:FirstSeal","hexamod:GhostOfSpireFuture+1"],"relics":["hexamod:SpiritBrand","ice","REME_ComplimentaryCards","Ancient Tea Set","Frozen Egg 2","Mummified Hand","Dream Catcher","Fusion Hammer","REME_PuzzleBoxRelic","InkBottle","REME_DemonsWealth","Happy Flower","Bird Faced Urn","vexMod:PlasmaPancake","Pantograph"],"acts_visited":["Exordium","TheCity","TheBeyond","TheEnding"],"potions_floor_usage":[5,16,16,33,33,50,55,55,55],"damage_taken":[{"damage":0,"enemies":"Cultist","floor":2,"turns":3},{"damage":4,"enemies":"Small Slimes","floor":3,"turns":3},{"damage":20,"enemies":"downfall:Heads","floor":5,"turns":7},{"damage":0,"enemies":"Jaw Worm","floor":8,"turns":3},{"damage":36,"enemies":"3 Sentries","floor":9,"turns":8},{"damage":6,"enemies":"Blue Slaver","floor":11,"turns":4},{"damage":0,"enemies":"downfall:FleeingMerchant","floor":13,"turns":4},{"damage":0,"enemies":"Exordium Thugs","floor":14,"turns":4},{"damage":0,"enemies":"Exordium Wildlife","floor":15,"turns":3},{"damage":8,"enemies":"downfall:Ironclad","floor":16,"turns":8},{"damage":0,"enemies":"Spheric Guardian","floor":19,"turns":3},{"damage":0,"enemies":"downfall:FleeingMerchant","floor":21,"turns":4},{"damage":0,"enemies":"downfall:FleeingMerchant","floor":23,"turns":4},{"damage":5,"enemies":"3 Byrds","floor":25,"turns":3},{"damage":18,"enemies":"3 Cultists","floor":26,"turns":4},{"damage":0,"enemies":"Snecko","floor":27,"turns":4},{"damage":0,"enemies":"Slavers","floor":29,"turns":5},{"damage":4,"enemies":"Cultist and Chosen","floor":30,"turns":4},{"damage":0,"enemies":"Chosen and Byrds","floor":32,"turns":6},{"damage":13,"enemies":"downfall:Defect","floor":33,"turns":7},{"damage":29,"enemies":"3 Darklings","floor":36,"turns":6},{"damage":1,"enemies":"3 Shapes","floor":37,"turns":4},{"damage":7,"enemies":"Spire Growth","floor":39,"turns":3},{"damage":0,"enemies":"Giant Head","floor":40,"turns":7},{"damage":0,"enemies":"downfall:FleeingMerchant","floor":43,"turns":4},{"damage":10,"enemies":"Jaw Worm Horde","floor":44,"turns":3},{"damage":0,"enemies":"downfall:FleeingMerchant","floor":45,"turns":1},{"damage":4,"enemies":"3 Darklings","floor":49,"turns":3},{"damage":6,"enemies":"downfall:Watcher","floor":50,"turns":6},{"damage":4,"enemies":"downfall:CharBossMerchant","floor":52,"turns":5},{"damage":28,"enemies":"downfall:NeowBoss","floor":55,"turns":22}],"seed_played":"7214582349867995721","potions_obtained":[{"floor":2,"key":"Fire Potion"},{"floor":9,"key":"Weak Potion"},{"floor":14,"key":"Fire Potion"},{"floor":16,"key":"SteroidPotion"},{"floor":25,"key":"EssenceOfSteel"},{"floor":27,"key":"SkillPotion"},{"floor":33,"key":"Fire Potion"},{"floor":39,"key":"Dexterity Potion"},{"floor":52,"key":"EssenceOfSteel"}],"is_trial":false,"path_per_floor":["R","M","M","T","?","R","T","M","E","R","M","T","$","M","M","B",null,"R","M","?","$","?","$","T","M","M","M","R","E","M","?","M","B",null,"R","M","M","?","M","E","T","R","$","M","?","$","R","?","M","B",null,"E","$","R","B",null],"character_chosen":"THE_SPIRIT","items_purchased":["REME_BodyOfCthun","expansioncontent:Corrupt","hexamod:ThirdSeal","REME_Flogging+1","vexMod:PlasmaPancake","hexamod:FirstSeal"],"campfire_rested":7,"item_purchase_floors":[21,43,43,45,45,53],"current_hp_per_floor":[70,70,66,66,46,56,56,56,20,44,38,38,38,38,38,30,80,80,80,40,40,40,40,40,35,17,17,29,29,25,25,25,12,40,40,11,39,51,44,44,44,56,61,62,68,68,70,70,75,81,81,84,84,90,104],"gold":33,"neow_bonus":"RANDOM_COMMON_RELIC","is_daily":false,"chose_seed":false,"campfire_upgraded":1,"win_rate":0.0,"timestamp":1610335399,"path_taken":["R","M","M","?","?","R","T","M","E","R","M","?","?","?","M","BOSS","R","M","?","$","?","$","T","M","M","M","R","E","M","?","M","BOSS","R","M","M","?","?","E","T","R","$","M","?","$","R","?","M","BOSS","E","$","R","BOSS"],"items_purchased_type":["Card","Card","Card","Card","Relic","Card"],"build_version":"2020-12-22","purchased_purges":0,"victory":true,"max_hp_per_floor":[70,70,70,70,70,80,80,80,80,80,80,80,80,80,80,80,80,80,80,40,40,40,40,40,40,40,40,40,40,40,40,40,40,40,40,40,41,51,53,56,56,56,61,64,70,70,70,70,75,81,81,90,90,90,109],"card_choices":[{"not_picked":["hexamod:SwordOfDarkness","hexamod:RetreatToShadows","hexamod:ShieldOfDarkness"],"picked":"SKIP","floor":2},{"not_picked":["hexamod:ShieldOfDarkness","hexamod:SwordOfDarkness"],"picked":"hexamod:HeatShield","floor":3},{"not_picked":["hexamod:SwordOfDarkness","hexamod:HauntingEcho"],"picked":"hexamod:GhostflameBarrier","floor":5},{"not_picked":["hexamod:GhostflameBarrier","hexamod:RainOfEmbers"],"picked":"hexamod:NightmareStrike","floor":8},{"not_picked":["hexamod:HeatShield","hexamod:HauntingEcho"],"picked":"hexamod:ParanormalForm+1","floor":9},{"not_picked":["hexamod:PhantomFireball","hexamod:Firestarter"],"picked":"hexamod:SpectersWail","floor":11},{"not_picked":["hexamod:NightmareGuise","hexamod:GhostLash"],"picked":"hexamod:Haunt","floor":13},{"not_picked":["hexamod:FastForward","hexamod:NecessarySacrifice"],"picked":"hexamod:PowerFromBeyond","floor":14},{"not_picked":["hexamod:BurningTouch","hexamod:Firestarter","hexamod:HauntingEcho"],"picked":"SKIP","floor":15},{"not_picked":["hexamod:WildfireWeapon+1","hexamod:FifthSeal"],"picked":"hexamod:HexaLevel+1","floor":16},{"not_picked":["hexamod:ThermalTransfer","hexamod:ShieldOfDarkness+1"],"picked":"hexamod:CatchUp+1","floor":18},{"not_picked":["hexamod:Hexaguard","hexamod:StepThrough+1","hexamod:SpectralAdrenaline+1"],"picked":"SKIP","floor":19},{"not_picked":["hexamod:NightmareStrike","hexamod:PhantomCloak+1"],"picked":"hexamod:GhostOfSpirePresent+1","floor":21},{"not_picked":["hexamod:InspiringFlames+1","hexamod:GhostLash","hexamod:Hexaguard"],"picked":"SKIP","floor":23},{"not_picked":["hexamod:RainOfEmbers","hexamod:Firestarter+1","hexamod:SpectersWail"],"picked":"SKIP","floor":25},{"not_picked":["hexamod:GhostShield","hexamod:HauntingEcho","hexamod:FastForward"],"picked":"SKIP","floor":26},{"not_picked":["hexamod:BurningTouch","hexamod:Haunt+1"],"picked":"hexamod:CrushingStance","floor":27},{"not_picked":["hexamod:PhantomCloak+1","hexamod:Haunt+1"],"picked":"hexamod:RadiantFlame+1","floor":28},{"not_picked":["hexamod:DynamicBlow","hexamod:BurningTouch"],"picked":"hexamod:SecondSeal","floor":29},{"not_picked":["hexamod:ThermalTransfer+1","hexamod:NightmareStrike+1","hexamod:Hexaguard"],"picked":"SKIP","floor":30},{"not_picked":["hexamod:BurningTouch","hexamod:BacktrackSmack","hexamod:Hexaguard+1"],"picked":"SKIP","floor":32},{"not_picked":["hexamod:SixthSeal","hexamod:HexaLevel+1"],"picked":"hexamod:SearingWound","floor":33},{"not_picked":["hexamod:HauntingEcho","hexamod:SkipABeat","sneckomod:Bewildered"],"picked":"hexamod:EmpoweredFlame+1","floor":36},{"not_picked":["hexamod:BurningTouch+1","hexamod:Hexaguard","hexamod:ShieldOfDarkness+1","hexamod:Haunted"],"picked":"SKIP","floor":37},{"not_picked":["hexamod:RainOfEmbers","hexamod:EmpoweredFlame+1","hexamod:PowerFromBeyond"],"picked":"Injury","floor":39},{"not_picked":["hexamod:ExtraCrispy+1","hexamod:RainOfEmbers","Pain"],"picked":"hexamod:SearingWound","floor":40},{"not_picked":["hexamod:NightmareStrike","hexamod:BacktrackSmack","Regret"],"picked":"hexamod:FlamesFromBeyond","floor":42},{"not_picked":["hexamod:GhostLash","hexamod:Rewind","Decay"],"picked":"hexamod:FourthSeal","floor":43},{"not_picked":["hexamod:Rewind","hexamod:BacktrackSmack+1","hexamod:ChargedBarrage","Writhe"],"picked":"SKIP","floor":44},{"not_picked":["hexamod:GhostLash","hexamod:CatchUp+1","hexamod:Firestarter","Doubt"],"picked":"SKIP","floor":45},{"not_picked":["hexamod:RecurringNightmare+1","hexamod:FastForward","Slimebound:Icky"],"picked":"hexamod:UnleashSpirits","floor":47},{"not_picked":["hexamod:Firestarter+1","hexamod:GhostOfSpirePresent+1","hexamod:BacktrackSmack","Decay"],"picked":"SKIP","floor":49},{"not_picked":["hexamod:SwordOfDarkness","hexamod:GhostflameBarrier+1","hexamod:ThirdSeal","Slimebound:Icky"],"picked":"SKIP","floor":49},{"not_picked":["hexamod:ThermalTransfer+1","hexamod:NightmareGuise","Writhe"],"picked":"hexamod:EmpoweringStance+1","floor":52},{"not_picked":["hexamod:GhostOfSpirePresent+1","hexamod:RainOfEmbers","hexamod:ShieldOfDarkness+1","Decay"],"picked":"SKIP","floor":52},{"not_picked":["hexamod:ShieldOfDarkness+1","hexamod:Hexaguard+1","Clumsy"],"picked":"hexamod:GhostOfSpireFuture+1","floor":54}],"player_experience":66931,"relics_obtained":[{"floor":7,"key":"Frozen Egg 2"},{"floor":9,"key":"Mummified Hand"},{"floor":12,"key":"Dream Catcher"},{"floor":24,"key":"REME_PuzzleBoxRelic"},{"floor":29,"key":"InkBottle"},{"floor":40,"key":"Happy Flower"},{"floor":41,"key":"Bird Faced Urn"},{"floor":52,"key":"Pantograph"}],"event_choices":[{"cards_removed":["hexamod:Haunt"],"damage_healed":0,"gold_gain":0,"player_choice":"Elegance","damage_taken":0,"max_hp_gain":0,"max_hp_loss":0,"event_name":"Back to Basics","floor":31,"gold_loss":0}],"is_beta":false,"boss_relics":[{"not_picked":["vexMod:NewClearReactor","hexamod:IceCube"],"picked":"Fusion Hammer"},{"not_picked":["Empty Cage","Runic Pyramid"],"picked":"REME_DemonsWealth"}],"items_purged_floors":[],"is_endless":false,"potions_floor_spawned":[2,9,14,16,25,27,29,33,39,44,49,52],"ascension_level":0}}