{"host":"xzk9bt2l7avnb6n5","time":1610324657,"event":{"mods":["Aspiration","BaseMod","BetterRewards","Conspire","Downfall","Highlight Path","Infinite Spire","Jorbs\u0027s Wanderer Trilogy","Minty Spire (QoL Compilation)","READ ME - Guardian Mod","Replay The Spire","Shop Mod","StSLib","The Bug Knight","The Disciple","The Jungle","The Servant 0.9.4","The Wild Card"],"gold_per_floor":[99,99,99,99,99,119,119,138,175,175,14,40,40,490,512,512,512,512],"floor_reached":16,"playtime":803,"items_purged":[],"score":98,"play_id":"8e11cb15-7074-4248-bc2f-d250c4f36ea1","local_time":"20210110172417","is_ascension_mode":false,"campfire_choices":[{"floor":13,"key":"REST"}],"circlet_count":0,"master_deck":["hexamod:Strike","hexamod:Strike","hexamod:Strike","hexamod:Strike","hexamod:Defend","hexamod:Defend","hexamod:Defend","hexamod:Defend","hexamod:Sear","hexamod:Float","hexamod:ThermalTransfer","hexamod:FirstSeal","hexamod:SecondSeal","hexamod:TimeOfNeed","hexamod:SpectersWail+1","hexamod:ChargedBarrage+1","hexamod:Incineration+1","hexamod:GhostflameBarrier+1","hexamod:BurningTouch","Slimebound:Icky","Slimebound:Icky","Slimebound:Icky","hexamod:SpectersWail"],"relics":["hexamod:SpiritBrand","downfall:HeartsMalice","infinitespire:Broken Mirror","HollowMod:StagPassRelic"],"acts_visited":["Exordium"],"potions_floor_usage":[9,16,16],"damage_taken":[{"damage":0,"enemies":"Cultist","floor":2,"turns":1},{"damage":0,"enemies":"2 Louse","floor":4,"turns":1},{"damage":0,"enemies":"Small Slimes","floor":5,"turns":1},{"damage":1,"enemies":"conspire:2 RoseBushes","floor":6,"turns":6},{"damage":17,"enemies":"3 Louse","floor":8,"turns":4},{"damage":43,"enemies":"Gremlin Nob","floor":9,"turns":6},{"damage":0,"enemies":"downfall:FleeingMerchant","floor":11,"turns":4},{"damage":5,"enemies":"conspire:2 RoseBushes","floor":12,"turns":5},{"damage":8,"enemies":"Red Slaver","floor":15,"turns":4},{"damage":54,"enemies":"downfall:Defect","floor":16,"turns":5}],"seed_played":"-7501875565902343397","potions_obtained":[{"floor":6,"key":"LifebloodPotion"},{"floor":8,"key":"Energy Potion"},{"floor":15,"key":"Languid Potion"}],"is_trial":false,"path_per_floor":["R","M","?","M","M","M","T","M","E","?","$","M","R","?","M","B"],"character_chosen":"THE_SPIRIT","items_purchased":["hexamod:Incineration","hexamod:GhostflameBarrier"],"campfire_rested":1,"item_purchase_floors":[11,11],"current_hp_per_floor":[70,70,70,70,70,70,70,60,24,24,31,33,54,54,53,0,0,0],"gold":512,"neow_bonus":"THREE_ENEMY_KILL","is_daily":false,"chose_seed":false,"campfire_upgraded":0,"win_rate":0.0,"timestamp":1610324657,"path_taken":["R","M","?","M","M","?","T","M","E","?","$","?","R","?","M","BOSS"],"items_purchased_type":["Card","Card"],"build_version":"2020-12-22","purchased_purges":0,"victory":false,"max_hp_per_floor":[70,70,70,70,70,70,70,70,70,70,70,70,70,70,70,70,70,70],"card_choices":[{"not_picked":["hexamod:NightmareStrike","hexamod:Firestarter"],"picked":"hexamod:ThirdSeal","floor":2},{"not_picked":["hexamod:StepThrough","hexamod:SwordOfDarkness"],"picked":"hexamod:ThermalTransfer","floor":4},{"not_picked":["hexamod:RecurringNightmare","hexamod:GhostShield"],"picked":"hexamod:FirstSeal","floor":5},{"not_picked":["hexamod:InspiringFlames","hexamod:Firestarter"],"picked":"hexamod:SecondSeal","floor":6},{"not_picked":["hexamod:HeatCrush","hexamod:GhostShield"],"picked":"hexamod:TimeOfNeed","floor":8},{"not_picked":["hexamod:NightmareGuise","hexamod:BacktrackSmack"],"picked":"hexamod:SpectersWail","floor":9},{"not_picked":["hexamod:ThermalTransfer","hexamod:Again"],"picked":"hexamod:ChargedBarrage","floor":11},{"not_picked":["hexamod:SecondSeal","hexamod:NecessarySacrifice"],"picked":"hexamod:BurningTouch","floor":12},{"not_picked":["hexamod:GhostLash","hexamod:RainOfEmbers"],"picked":"hexamod:SpectersWail","floor":15}],"player_experience":476756,"relics_obtained":[{"floor":7,"key":"infinitespire:Broken Mirror"},{"floor":9,"key":"HollowMod:StagPassRelic"}],"event_choices":[{"cards_removed":["Second Wind"],"damage_healed":0,"gold_gain":0,"player_choice":"Took Card","damage_taken":0,"max_hp_gain":0,"max_hp_loss":0,"event_name":"NoteForYourself","floor":1,"gold_loss":0,"cards_obtained":["Second Wind"]},{"cards_removed":["hexamod:ThirdSeal"],"damage_healed":0,"gold_gain":0,"player_choice":"Offered Uncommon","damage_taken":0,"max_hp_gain":0,"max_hp_loss":0,"event_name":"Bonfire Elementals","floor":3,"gold_loss":0},{"damage_healed":0,"gold_gain":0,"player_choice":"Upgraded","damage_taken":0,"max_hp_gain":0,"max_hp_loss":0,"event_name":"Upgrade Shrine","floor":10,"gold_loss":0,"cards_upgraded":["hexamod:SpectersWail"]}],"is_beta":false,"boss_relics":[],"items_purged_floors":[],"is_endless":false,"potions_floor_spawned":[6,8,9,15],"killed_by":"downfall:Defect","ascension_level":0}}