{"host":"hbwa3kjetxrogfq8","time":1610407455,"event":{"mods":["AchievementEnabler","BaseMod","Block Reminder","Colored Map","Colored Powertips","Highlight Path","Minty Spire (QoL Compilation)","Rare Cards Sparkle","Relic Stats","StSLib"],"gold_per_floor":[118,134,149,159,177,177,52,52,52,52,69,88,88,50,50,149,149,161,161,179,6,6,6,6],"floor_reached":23,"playtime":980,"items_purged":["Strike_B","Rainbow"],"score":220,"play_id":"3de811b8-75a9-45ac-b938-062c69cbaac0","local_time":"20210112002415","is_ascension_mode":true,"campfire_choices":[{"data":"Thunder Strike","floor":6.0,"key":"SMITH"},{"data":"Tempest","floor":8.0,"key":"SMITH"},{"data":"Zap","floor":10.0,"key":"SMITH"},{"data":"Dualcast","floor":13.0,"key":"SMITH"},{"data":"Redo","floor":15.0,"key":"SMITH"}],"circlet_count":0,"master_deck":["Zap+1","Dualcast+1","Thunder Strike+1","Genetic Algorithm","Leap","Redo+1","Tempest+1","Barrage","Self Repair","Core Surge","Storm","Self Repair","Creative AI","Go for the Eyes","Core Surge","Ball Lightning","Chill"],"relics":["Cracked Core","Gremlin Horn","Pandora\u0027s Box"],"acts_visited":["Exordium","TheCity"],"potions_floor_usage":[23],"damage_taken":[{"damage":0.0,"enemies":"2 Louse","floor":1.0,"turns":2.0},{"damage":13.0,"enemies":"Small Slimes","floor":2.0,"turns":3.0},{"damage":1.0,"enemies":"Jaw Worm","floor":3.0,"turns":5.0},{"damage":10.0,"enemies":"Large Slime","floor":4.0,"turns":5.0},{"damage":6.0,"enemies":"3 Louse","floor":5.0,"turns":2.0},{"damage":10.0,"enemies":"Exordium Wildlife","floor":11.0,"turns":4.0},{"damage":2.0,"enemies":"Looter","floor":12.0,"turns":3.0},{"damage":3.0,"enemies":"The Guardian","floor":16.0,"turns":8.0},{"damage":19.0,"enemies":"3 Byrds","floor":18.0,"turns":3.0},{"damage":30.0,"enemies":"2 Thieves","floor":20.0,"turns":3.0},{"damage":49,"enemies":"Book of Stabbing","floor":23,"turns":4}],"seed_played":"-638813143889004972","potions_obtained":[{"floor":1.0,"key":"SteroidPotion"},{"floor":3.0,"key":"BlessingOfTheForge"},{"floor":4.0,"key":"DuplicationPotion"},{"floor":5.0,"key":"Explosive Potion"},{"floor":12.0,"key":"Weak Potion"},{"floor":18.0,"key":"SmokeBomb"},{"floor":20.0,"key":"PotionOfCapacity"}],"is_trial":false,"path_per_floor":["M","M","M","M","M","R","$","R","T","R","M","M","R","?","R","B",null,"M","?","M","$","?","E"],"character_chosen":"DEFECT","items_purchased":["Barrage","Chill"],"campfire_rested":0,"item_purchase_floors":[7,21],"current_hp_per_floor":[75,62,61,51,45,45,45,45,45,45,35,33,33,33,33,37,75,63,63,47,47,33,0,0],"gold":6,"neow_bonus":"ONE_RANDOM_RARE_CARD","is_daily":false,"chose_seed":false,"campfire_upgraded":5,"win_rate":0.0,"timestamp":1610407455,"path_taken":["M","M","M","M","M","R","$","R","T","R","M","M","R","?","R","BOSS","M","?","M","$","?","E"],"items_purchased_type":["Card","Card"],"build_version":"2020-12-22","purchased_purges":2,"victory":false,"max_hp_per_floor":[75,75,75,75,75,75,75,75,75,75,75,75,75,75,75,75,75,75,75,75,75,80,80,80],"relic_stats":{"Gremlin Horn":[4,4],"counters":[11,42],"Pandora\u0027s Box":["Storm","Rainbow","Self Repair","Creative AI","Go for the Eyes","Core Surge","Ball Lightning"],"obtain_stats":[{"Gremlin Horn":9,"Pandora\u0027s Box":17,"Cracked Core":0},{"Gremlin Horn":5,"Pandora\u0027s Box":8,"Cracked Core":0},{"Gremlin Horn":17,"Pandora\u0027s Box":32,"Cracked Core":0}]},"card_choices":[{"not_picked":["Doom and Gloom","Darkness"],"picked":"Genetic Algorithm","floor":1.0},{"not_picked":["Heatsinks","Conserve Battery"],"picked":"Leap","floor":2.0},{"not_picked":["Scrape","Double Energy"],"picked":"Redo","floor":3.0},{"not_picked":["Blizzard","Cold Snap","Leap"],"picked":"SKIP","floor":4.0},{"not_picked":["Compile Driver","Cold Snap"],"picked":"Tempest","floor":5.0},{"not_picked":["Barrage","Beam Cell","Genetic Algorithm"],"picked":"SKIP","floor":11.0},{"not_picked":["Doom and Gloom","Compile Driver"],"picked":"Self Repair","floor":12.0},{"not_picked":["Biased Cognition","Buffer"],"picked":"Core Surge","floor":16.0},{"not_picked":["Gash","Force Field+1","Sunder+1"],"picked":"SKIP","floor":18.0},{"not_picked":["Steam","Conserve Battery","Streamline"],"picked":"SKIP","floor":20.0}],"player_experience":626427,"relics_obtained":[{"floor":9.0,"key":"Gremlin Horn"}],"event_choices":[{"damage_healed":0.0,"max_hp_gain":0.0,"max_hp_loss":0.0,"gold_gain":0.0,"event_name":"World of Goop","player_choice":"Left Gold","floor":14.0,"gold_loss":38.0,"damage_taken":0.0},{"damage_healed":0.0,"max_hp_gain":0.0,"max_hp_loss":0.0,"gold_gain":0.0,"event_name":"Vampires","player_choice":"Ignored","floor":19.0,"gold_loss":0.0,"damage_taken":0.0},{"damage_healed":0.0,"max_hp_gain":5.0,"max_hp_loss":0.0,"gold_gain":0.0,"event_name":"Forgotten Altar","player_choice":"Shed Blood","floor":22.0,"gold_loss":0.0,"damage_taken":19.0}],"is_beta":false,"boss_relics":[{"not_picked":["Runic Pyramid","Snecko Eye"],"picked":"Pandora\u0027s Box"}],"items_purged_floors":[7,21],"is_endless":false,"potions_floor_spawned":[1,3,4,5,12,18,20],"killed_by":"Book of Stabbing","ascension_level":4}}