{"host":"hdafziggwnbzqpcb","time":1610338143,"event":{"mods":["BaseMod","Bestiary","Better Altar","Better Match","Better Note","Better Third Choice","Better Vampires","Colored Map","Colored Powertips","Curses Come First","Duelist Mod","GifTheSpireLib","Hero for Fun","Melee Mod","Minty Spire (QoL Compilation)","Quick Restart","Rare Cards Sparkle","Relic Stats","Spicy Shops","StSLib","Td1madao Mod","The Bug Knight","The Construct","The Cursed","The Kombatant","The Marked","The Runesmith","The Saiyan","The Senshi","The Servant 0.9.4","The Wild Card","TheHero"],"gold_per_floor":[88,101,26,26,0,0,14,89,140,158,189,204,104,104,104,209,209,226,101,101,117,162,162,189,205,205,205,222,275,275,289,289,289,289],"floor_reached":33,"playtime":2260,"items_purged":["Saiyan:SAIYA_Defend","Saiyan:SAIYA_Defend","Saiyan:SAIYA_Strike"],"score":315,"play_id":"b90ca7fb-bfb0-4b2d-90ae-bb8609245ee5","local_time":"20210110200903","is_ascension_mode":false,"campfire_choices":[{"data":"Enlightenment","floor":6,"key":"SMITH"},{"floor":15,"key":"REST"},{"floor":23,"key":"REST"},{"floor":27,"key":"REST"},{"floor":32,"key":"REST"}],"circlet_count":0,"master_deck":["Saiyan:SAIYA_Defend","Saiyan:EnergyBlast+1","Saiyan:KaioKen","Saiyan:RuthlessBlow","Saiyan:FingerParry","Saiyan:DrainingStrike","Enlightenment+1","Saiyan:BigBangAttack","Saiyan:KameHameHa","Saiyan:MeteorDash+1","Saiyan:DragonRadar","Saiyan:Rekindle","Saiyan:Flurry","Saiyan:SaiyanHubris","Saiyan:Teleport+1","Saiyan:UltraInstinct+1","Saiyan:Flurry","Saiyan:DragonFist+1"],"relics":["SaiyanSoul","SaiyanHeart","NeowsBlessing","Ancient Tea Set","Dream Catcher","Empty Cage","Whetstone","Toxic Egg 2","MealTicket"],"acts_visited":["Exordium","TheCity"],"potions_floor_usage":[16,16,33,33],"damage_taken":[{"damage":0,"enemies":"Small Slimes","floor":1,"turns":1},{"damage":0,"enemies":"2 Louse","floor":2,"turns":1},{"damage":0,"enemies":"Jaw Worm","floor":7,"turns":1},{"damage":3,"enemies":"Blue Slaver","floor":10,"turns":3},{"damage":19,"enemies":"3 Sentries","floor":11,"turns":6},{"damage":3,"enemies":"Looter","floor":12,"turns":3},{"damage":48,"enemies":"The Guardian","floor":16,"turns":9},{"damage":10,"enemies":"Chosen","floor":18,"turns":4},{"damage":34,"enemies":"Shell Parasite","floor":21,"turns":6},{"damage":49,"enemies":"theDuelist:KaibaA2","floor":24,"turns":6},{"damage":8,"enemies":"Snake Plant","floor":25,"turns":6},{"damage":0,"enemies":"Snecko","floor":28,"turns":6},{"damage":13,"enemies":"3 Cultists","floor":31,"turns":5},{"damage":77,"enemies":"Automaton","floor":33,"turns":6}],"seed_played":"-3782845531879431757","potions_obtained":[{"floor":7,"key":"Regen Potion"},{"floor":10,"key":"LiquidMemories"},{"floor":12,"key":"LiquidBronze"},{"floor":16,"key":"FearPotion"},{"floor":18,"key":"Weak Potion"}],"is_trial":false,"path_per_floor":["M","M","$","?","?","R","M","?","T","M","E","M","$","?","R","B",null,"M","$","?","M","T","R","E","M","T","R","M","T","?","M","R","B"],"character_chosen":"SAIYAJIN","items_purchased":[],"campfire_rested":4,"item_purchase_floors":[],"current_hp_per_floor":[60,61,61,61,67,67,67,56,56,55,37,36,36,29,50,9,74,66,66,66,34,34,57,11,5,5,29,29,29,29,18,43,0,0],"gold":289,"neow_bonus":"THREE_ENEMY_KILL","is_daily":false,"chose_seed":false,"campfire_upgraded":1,"win_rate":0.0,"timestamp":1610338143,"path_taken":["M","M","$","?","?","R","M","?","T","M","E","?","$","?","R","BOSS","M","$","?","?","?","R","E","M","T","R","M","?","?","M","R","BOSS"],"items_purchased_type":[],"build_version":"2020-12-22","purchased_purges":3,"victory":false,"max_hp_per_floor":[60,61,61,61,67,67,67,67,67,69,70,72,72,72,72,74,74,76,76,76,78,78,78,81,83,83,83,83,83,83,85,85,87,87],"relic_stats":{"Dream Catcher":4,"counters":[14,63],"MealTicket":0,"Whetstone":["Saiyan:MeteorDash","Saiyan:EnergyBlast"],"obtain_stats":[{"Dream Catcher":11,"NeowsBlessing":0,"SaiyanSoul":0,"MealTicket":29,"SaiyanHeart":0,"Whetstone":22,"Toxic Egg 2":24,"Ancient Tea Set":9,"Empty Cage":17},{"Dream Catcher":5,"NeowsBlessing":0,"SaiyanSoul":0,"MealTicket":12,"SaiyanHeart":0,"Whetstone":9,"Toxic Egg 2":10,"Ancient Tea Set":3,"Empty Cage":7},{"Dream Catcher":12,"NeowsBlessing":0,"SaiyanSoul":0,"MealTicket":52,"SaiyanHeart":0,"Whetstone":34,"Toxic Egg 2":40,"Ancient Tea Set":3,"Empty Cage":24}]},"card_choices":[{"not_picked":["Saiyan:KameHameHa","Saiyan:ThirstForFight"],"picked":"Saiyan:FingerParry","floor":1},{"not_picked":["Saiyan:PowerUp","Saiyan:Kienzan"],"picked":"Saiyan:DrainingStrike","floor":2},{"not_picked":["Saiyan:PowerUp","Saiyan:ExtremeSpeed"],"picked":"Saiyan:BigBangAttack","floor":7},{"not_picked":["Saiyan:Expend","Saiyan:RemoveWeights"],"picked":"Saiyan:KameHameHa","floor":10},{"not_picked":["Saiyan:Pacing","Saiyan:Flurry"],"picked":"Saiyan:MeteorDash","floor":11},{"not_picked":["Saiyan:ReverberatingForce","Saiyan:Quickening","Saiyan:KiExplosion"],"picked":"SKIP","floor":12},{"not_picked":["Saiyan:DrainingStrike","Saiyan:BurningSoul"],"picked":"Saiyan:DragonRadar","floor":15},{"not_picked":["Saiyan:MindBoom","Saiyan:TransfigurationBeam"],"picked":"Saiyan:Rekindle","floor":16},{"not_picked":["Saiyan:WarmUp","Saiyan:Kienzan+1"],"picked":"Saiyan:Flurry","floor":18},{"not_picked":["Saiyan:Scouter","Saiyan:KiExplosion"],"picked":"Saiyan:SaiyanHubris","floor":21},{"not_picked":["Saiyan:SuperSaiyanForm","Saiyan:MeteorDash"],"picked":"Saiyan:Teleport+1","floor":23},{"not_picked":["Saiyan:KiExplosion+1","Saiyan:Momentum"],"picked":"Saiyan:UltraInstinct+1","floor":24},{"not_picked":["Saiyan:KiStrike","Saiyan:DoubleMasenko","Saiyan:Kienzan"],"picked":"SKIP","floor":25},{"not_picked":["Saiyan:AugmentedBlast","Saiyan:KiExplosion+1","Saiyan:BigBangAttack+1"],"picked":"SKIP","floor":28},{"not_picked":["Saiyan:FingerParry+1","Saiyan:KameHameHa","Saiyan:BackAttack"],"picked":"SKIP","floor":31},{"not_picked":["Saiyan:TransfigurationBeam","Saiyan:SaiyanHubris+1"],"picked":"Saiyan:DragonFist+1","floor":32}],"player_experience":713018,"relics_obtained":[{"floor":9,"key":"Ancient Tea Set"},{"floor":11,"key":"Dream Catcher"},{"floor":22,"key":"Whetstone"},{"floor":24,"key":"Toxic Egg 2"},{"floor":29,"key":"MealTicket"}],"event_choices":[{"cards_removed":["Saiyan:SAIYA_Strike"],"damage_healed":0,"gold_gain":0,"player_choice":"Forget","damage_taken":0,"max_hp_gain":0,"max_hp_loss":0,"event_name":"Living Wall","floor":4,"gold_loss":0},{"damage_healed":0,"gold_gain":0,"player_choice":"RENOUNCE","damage_taken":26,"max_hp_gain":0,"max_hp_loss":0,"event_name":"betterThird:BetterSerpent","floor":5,"gold_loss":26,"cards_obtained":["Enlightenment"]},{"damage_healed":0,"gold_gain":75,"player_choice":"Gold","damage_taken":11,"max_hp_gain":0,"max_hp_loss":0,"event_name":"betterThird:BetterGoop","floor":8,"gold_loss":0},{"cards_removed":["Saiyan:SAIYA_Strike"],"damage_healed":0,"gold_gain":0,"player_choice":"Card Removal","damage_taken":7,"max_hp_gain":0,"max_hp_loss":0,"event_name":"Golden Wing","floor":14,"gold_loss":0},{"damage_healed":0,"gold_gain":0,"player_choice":"Bought 0 Potions","damage_taken":0,"max_hp_gain":0,"max_hp_loss":0,"event_name":"The Woman in Blue","floor":20,"gold_loss":0},{"damage_healed":0,"gold_gain":0,"player_choice":"Copied","damage_taken":0,"max_hp_gain":0,"max_hp_loss":0,"event_name":"Duplicator","floor":30,"gold_loss":0,"cards_obtained":["Saiyan:Flurry"]}],"is_beta":false,"boss_relics":[{"not_picked":["theSenshi:MoonKaleidoScopeRelic","Runesmith:UraniumAnvil"],"picked":"Empty Cage"}],"items_purged_floors":[3,13,19],"is_endless":false,"potions_floor_spawned":[7,10,12,16,18],"killed_by":"Automaton","ascension_level":0}}