{"host":"vmjjgffn5jm19cfo","time":1610367201,"event":{"mods":["BaseMod","Minty Spire (QoL Compilation)","Shop Mod"],"gold_per_floor":[112,37,37,47,65,94,94,94,117,117,117,127,104,122,122,225,225,237,250,268,26,26,56,71,71,71,71,114,114,134,161,161,161,161],"floor_reached":33,"playtime":1390,"items_purged":["Strike_R"],"score":287,"play_id":"ad996594-6540-4834-b6f8-29027248d4e0","local_time":"20210111201321","is_ascension_mode":false,"campfire_choices":[{"data":"Perfected Strike","floor":8.0,"key":"SMITH"},{"floor":10.0,"key":"REST"},{"data":"Double Tap","floor":15.0,"key":"SMITH"},{"floor":25.0,"key":"REST"},{"data":"Clash","floor":27.0,"key":"SMITH"},{"data":"Perfected Strike","floor":29,"key":"SMITH"},{"data":"Disarm","floor":32,"key":"SMITH"}],"circlet_count":0,"master_deck":["Strike_R","Strike_R","Strike_R","Strike_R","Defend_R+1","Defend_R+1","Bash","Perfected Strike+1","Double Tap+1","Clash+1","Disarm+1","Perfected Strike+1","Exhume","Anger+1","Flex","Second Wind+1","Warcry+1"],"relics":["Burning Blood","War Paint","Busted Crown","Gremlin Horn","Nloth\u0027s Gift","Ice Cream","CeramicFish"],"acts_visited":["Exordium","TheCity"],"potions_floor_usage":[28],"damage_taken":[{"damage":6.0,"enemies":"Cultist","floor":1.0,"turns":3.0},{"damage":0.0,"enemies":"Small Slimes","floor":4.0,"turns":3.0},{"damage":11.0,"enemies":"Jaw Worm","floor":5.0,"turns":2.0},{"damage":27.0,"enemies":"Gremlin Nob","floor":6.0,"turns":4.0},{"damage":8.0,"enemies":"Gremlin Gang","floor":12.0,"turns":4.0},{"damage":16.0,"enemies":"Large Slime","floor":14.0,"turns":2.0},{"damage":27.0,"enemies":"Slime Boss","floor":16.0,"turns":8.0},{"damage":3.0,"enemies":"3 Byrds","floor":18.0,"turns":4.0},{"damage":26.0,"enemies":"2 Thieves","floor":19.0,"turns":3.0},{"damage":22.0,"enemies":"Sentry and Sphere","floor":20.0,"turns":4.0},{"damage":4.0,"enemies":"Gremlin Leader","floor":23.0,"turns":7.0},{"damage":26.0,"enemies":"Centurion and Healer","floor":24.0,"turns":4.0},{"damage":10,"enemies":"Slavers","floor":28,"turns":4},{"damage":10,"enemies":"3 Cultists","floor":30,"turns":4},{"damage":2,"enemies":"Cultist and Chosen","floor":31,"turns":3},{"damage":78,"enemies":"Champ","floor":33,"turns":9}],"seed_played":"-7862984920557676075","potions_obtained":[{"floor":4.0,"key":"AttackPotion"},{"floor":5.0,"key":"EntropicBrew"},{"floor":14.0,"key":"Strength Potion"},{"floor":18.0,"key":"ElixirPotion"},{"floor":19.0,"key":"PowerPotion"}],"is_trial":false,"path_per_floor":["M","$","?","M","M","E","?","R","T","R","?","M","$","M","R","B",null,"M","M","M","$","?","E","M","R","T","R","E","R","M","M","R","B"],"character_chosen":"IRONCLAD","items_purchased":["Perfected Strike","Gremlin Horn"],"campfire_rested":2,"item_purchase_floors":[13,21],"current_hp_per_floor":[88,88,88,88,83,62,55,55,55,81,81,79,79,69,69,48,88,88,68,52,52,52,54,34,60,60,60,56,56,52,56,56,0,0],"gold":161,"neow_bonus":"TEN_PERCENT_HP_BONUS","is_daily":false,"chose_seed":false,"campfire_upgraded":5,"win_rate":0.0,"timestamp":1610367201,"path_taken":["M","$","?","M","M","E","?","R","T","R","?","M","$","M","R","BOSS","M","?","M","$","?","E","?","R","T","R","E","R","?","M","R","BOSS"],"items_purchased_type":["Card","Relic"],"build_version":"2020-12-22","purchased_purges":1,"victory":false,"max_hp_per_floor":[88,88,88,88,88,88,88,88,88,88,88,88,88,88,88,88,88,88,88,88,88,88,88,88,88,88,88,88,88,88,88,88,88,88],"card_choices":[{"not_picked":["Pommel Strike","Armaments","Dark Embrace"],"picked":"SKIP","floor":1.0},{"not_picked":["Warcry","Clothesline","Anger"],"picked":"SKIP","floor":4.0},{"not_picked":["Iron Wave","Cleave"],"picked":"Perfected Strike","floor":5.0},{"not_picked":["Ghostly Armor","Twin Strike"],"picked":"Double Tap","floor":6.0},{"not_picked":["Shockwave","Body Slam"],"picked":"Clash","floor":10.0},{"not_picked":["Searing Blow","Heavy Blade","Armaments"],"picked":"SKIP","floor":12.0},{"not_picked":["Thunderclap","Shrug It Off","Twin Strike"],"picked":"SKIP","floor":14.0},{"not_picked":["Bludgeon","Brutality"],"picked":"Exhume","floor":16.0},{"not_picked":["Clothesline+1"],"picked":"SKIP","floor":18.0},{"not_picked":["Shrug It Off"],"picked":"SKIP","floor":19.0},{"not_picked":["Reckless Charge"],"picked":"SKIP","floor":20.0},{"not_picked":[],"picked":"Anger+1","floor":23.0},{"not_picked":[],"picked":"Flex","floor":24.0},{"not_picked":[],"picked":"Second Wind+1","floor":28},{"not_picked":["Dropkick"],"picked":"SKIP","floor":30},{"not_picked":[],"picked":"Warcry+1","floor":31}],"player_experience":323660,"relics_obtained":[{"floor":6.0,"key":"War Paint"},{"floor":9.0,"key":"Dream Catcher"},{"floor":23.0,"key":"Ice Cream"},{"floor":28,"key":"CeramicFish"}],"event_choices":[{"damage_healed":0.0,"max_hp_gain":0.0,"max_hp_loss":0.0,"gold_gain":0.0,"event_name":"The Cleric","player_choice":"Leave","floor":3.0,"gold_loss":0.0,"damage_taken":0.0},{"cards_removed":["Defend_R"],"damage_healed":0.0,"max_hp_gain":0.0,"max_hp_loss":0.0,"gold_gain":0.0,"event_name":"Golden Wing","player_choice":"Card Removal","floor":7.0,"gold_loss":0.0,"damage_taken":7.0},{"damage_healed":0.0,"max_hp_gain":0.0,"max_hp_loss":0.0,"gold_gain":0.0,"cards_transformed":["Defend_R"],"event_name":"Transmorgrifier","player_choice":"Transformed","floor":11.0,"gold_loss":0.0,"damage_taken":0.0,"cards_obtained":["Disarm"]},{"damage_healed":0.0,"max_hp_gain":0.0,"max_hp_loss":0.0,"gold_gain":0.0,"event_name":"N\u0027loth","player_choice":"Traded Relic","floor":22.0,"relics_lost":["Dream Catcher"],"gold_loss":0.0,"damage_taken":0.0,"relics_obtained":["Nloth\u0027s Gift"]}],"is_beta":false,"boss_relics":[{"not_picked":["Sozu","Mark of Pain"],"picked":"Busted Crown"}],"items_purged_floors":[2],"is_endless":false,"potions_floor_spawned":[4,5,14,18,19],"killed_by":"Champ","ascension_level":0}}