{"host":"obplhmlw33xb91v8","time":1610365606,"event":{"mods":["BaseMod","Block Reminder","Curses Come First","Evolution","Minty Spire (QoL Compilation)","Quick Restart","Relic Stats","Spicy Shops","StSLib","Uncapped","Waifu the Spire","slay the spire mod where everything is the same but ironclad has a cowboy hat"],"gold_per_floor":[119,44,44,61,78,109,129,129,129,156,156,175,175,175,175,276,276,241,22,22,36,54,54,54,74,74,74,74],"floor_reached":27,"playtime":1004,"items_purged":["Pain"],"score":256,"play_id":"5e49a767-5f1d-4be8-94a5-ff5f1bfbe531","local_time":"20210111064646","is_ascension_mode":true,"campfire_choices":[{"floor":8,"key":"REST"},{"data":"Zap","floor":13,"key":"SMITH"},{"data":"Core Surge","floor":15,"key":"SMITH"},{"floor":23,"key":"REST"}],"circlet_count":0,"master_deck":["Ball Lightning","Strike_B","Strike_B","Strike_B","Defend_B","Defend_B","Defend_B","Defend_B","Zap+1","Dualcast","Conserve Battery","Cold Snap","Fusion+1","Genetic Algorithm+1","Core Surge+1","Machine Learning","Cold Snap+1","Injury","Leap+1","Capacitor+1"],"relics":["EVO:Axolotl","Sozu","Ancient Tea Set","Toxic Egg 2","InkBottle","Meat on the Bone","Torii","WarpedTongs","Inserter","Bottled Tornado","The Courier","Mummified Hand"],"acts_visited":["Exordium","TheCity"],"potions_floor_usage":[],"damage_taken":[{"damage":2,"enemies":"Jaw Worm","floor":1,"turns":3},{"damage":1,"enemies":"Cultist","floor":4,"turns":3},{"damage":0,"enemies":"Small Slimes","floor":5,"turns":3},{"damage":39,"enemies":"Lagavulin","floor":6,"turns":6},{"damage":14,"enemies":"Exordium Wildlife","floor":7,"turns":5},{"damage":12,"enemies":"3 Sentries","floor":10,"turns":8},{"damage":0,"enemies":"Red Slaver","floor":12,"turns":4},{"damage":36,"enemies":"Slime Boss","floor":16,"turns":12},{"damage":19,"enemies":"2 Thieves","floor":18,"turns":5},{"damage":12,"enemies":"Shell Parasite","floor":21,"turns":6},{"damage":36,"enemies":"Cultist and Chosen","floor":22,"turns":7},{"damage":22,"enemies":"Snake Plant","floor":25,"turns":5},{"damage":43,"enemies":"3 Cultists","floor":27,"turns":5}],"seed_played":"-3008600304980140949","potions_obtained":[],"is_trial":false,"path_per_floor":["M","$","?","M","M","E","M","R","T","E","T","M","R","?","R","B",null,"M","$","?","M","M","R","?","M","T","M"],"character_chosen":"DEFECT","items_purchased":["Ancient Tea Set","Bottled Tornado","Leap+1"],"campfire_rested":2,"item_purchase_floors":[2,19,19],"current_hp_per_floor":[73,73,75,74,74,35,21,43,43,31,31,43,43,43,43,19,75,56,56,56,44,20,42,42,32,32,0,0],"gold":74,"neow_bonus":"BOSS_RELIC","is_daily":false,"chose_seed":false,"campfire_upgraded":2,"win_rate":0.0,"timestamp":1610365606,"path_taken":["M","$","?","M","M","E","?","R","T","E","?","M","R","?","R","BOSS","M","?","?","M","?","R","?","M","T","M"],"items_purchased_type":["Relic","Relic","Card"],"build_version":"2020-12-22","purchased_purges":1,"victory":false,"max_hp_per_floor":[75,75,75,75,75,75,75,75,75,75,75,75,75,75,75,75,75,75,75,75,75,75,75,75,75,75,75,75],"relic_stats":{"Sozu":5,"Inserter":[14],"Torii":3,"counters":[13,72],"Mummified Hand":[2],"obtain_stats":[{"Inserter":17,"Torii":11,"The Courier":20,"EVO:Axolotl":0,"Bottled Tornado":19,"Ancient Tea Set":2,"WarpedTongs":14,"Sozu":0,"Mummified Hand":26,"Toxic Egg 2":6,"Cracked Core":0,"InkBottle":9,"Meat on the Bone":10},{"Inserter":8,"Torii":6,"The Courier":9,"EVO:Axolotl":0,"Bottled Tornado":9,"Ancient Tea Set":1,"WarpedTongs":7,"Sozu":0,"Mummified Hand":12,"Toxic Egg 2":4,"Cracked Core":0,"InkBottle":5,"Meat on the Bone":6},{"Inserter":44,"Torii":28,"The Courier":49,"EVO:Axolotl":0,"Bottled Tornado":49,"Ancient Tea Set":3,"WarpedTongs":32,"Sozu":0,"Mummified Hand":67,"Toxic Egg 2":15,"Cracked Core":0,"InkBottle":20,"Meat on the Bone":28}],"InkBottle":[21],"Meat on the Bone":48,"WarpedTongs":[37]},"card_choices":[{"not_picked":["Hologram","Ball Lightning"],"picked":"Self Repair","floor":1},{"not_picked":["Streamline","Rebound"],"picked":"Conserve Battery","floor":4},{"not_picked":["Aggregate","Heatsinks"],"picked":"Cold Snap","floor":5},{"not_picked":["Sweeping Beam","Coolheaded+1"],"picked":"Fusion+1","floor":6},{"not_picked":["Sweeping Beam","Turbo+1"],"picked":"Genetic Algorithm+1","floor":7},{"not_picked":["BootSequence+1","Sweeping Beam"],"picked":"Core Surge","floor":10},{"not_picked":["Redo+1","Rip and Tear","Gash"],"picked":"SKIP","floor":12},{"not_picked":["Hyperbeam","Rainbow+1"],"picked":"Machine Learning","floor":16},{"not_picked":["Heatsinks","Streamline"],"picked":"Cold Snap+1","floor":18},{"not_picked":["Turbo+1","Static Discharge","Sweeping Beam"],"picked":"SKIP","floor":21},{"not_picked":["Redo+1","Double Energy+1"],"picked":"Capacitor+1","floor":22},{"not_picked":["Sweeping Beam+1","Coolheaded+1","Genetic Algorithm+1"],"picked":"SKIP","floor":25}],"player_experience":163882,"relics_obtained":[{"floor":6,"key":"Toxic Egg 2"},{"floor":9,"key":"InkBottle"},{"floor":10,"key":"Meat on the Bone"},{"floor":11,"key":"Torii"},{"floor":20,"key":"The Courier"},{"floor":26,"key":"Mummified Hand"}],"event_choices":[{"cards_removed":["Self Repair"],"damage_healed":2,"gold_gain":0,"player_choice":"Offered Uncommon","damage_taken":0,"max_hp_gain":0,"max_hp_loss":0,"event_name":"Bonfire Elementals","floor":3,"gold_loss":0},{"damage_healed":0,"gold_gain":0,"player_choice":"Rummage","damage_taken":0,"relics_obtained":["WarpedTongs"],"max_hp_gain":0,"max_hp_loss":0,"event_name":"Accursed Blacksmith","floor":14,"gold_loss":0,"cards_obtained":["Pain"]},{"damage_healed":0,"gold_gain":0,"player_choice":"Relic","damage_taken":0,"max_hp_gain":0,"max_hp_loss":0,"event_name":"Wheel of Change","floor":20,"gold_loss":0},{"damage_healed":0,"gold_gain":0,"player_choice":"Ignored","damage_taken":0,"max_hp_gain":0,"max_hp_loss":0,"event_name":"Cursed Tome","floor":24,"gold_loss":0}],"is_beta":false,"boss_relics":[{"not_picked":["Black Star","Empty Cage"],"picked":"Inserter"}],"items_purged_floors":[19],"is_endless":false,"potions_floor_spawned":[7,12,16,22,25],"killed_by":"3 Cultists","ascension_level":3}}