{"host":"sav7uxregyirlf69","time":1610371435,"event":{"mods":["AchievementEnabler","BaseMod","Colored Map","DeckTracker","Keyboard Shortcuts","Minty Spire (QoL Compilation)","READ ME - Guardian Mod","StSLib","SuperFastMode"],"gold_per_floor":[119,119,129,179,189,189,201,201,201,228,67,67,81,97,97,176,176,196,196,196,196,196,196,211,211,284,284,284,296,324,149,149,228,228,247,247,266,266,291,318,318,105,175,175,175,175,175],"floor_reached":46,"playtime":703,"items_purged":["Strike_G","Slice+1","Blade Dance"],"score":999,"play_id":"e1dc697e-56ff-43bd-92ec-41778cf34163","local_time":"20210111222355","is_ascension_mode":true,"campfire_choices":[{"data":"Bouncing Flask","floor":6,"key":"SMITH"},{"data":"Masterful Stab","floor":8,"key":"SMITH"},{"data":"Neutralize","floor":15,"key":"SMITH"},{"data":"Noxious Fumes","floor":23,"key":"SMITH"},{"floor":25,"key":"REST"},{"floor":27,"key":"REST"},{"floor":32,"key":"REST"},{"floor":41,"key":"REST"}],"circlet_count":0,"master_deck":["AscendersBane","Defend_G","Defend_G","Defend_G","Defend_G","Survivor","Neutralize+1","Masterful Stab+1","Bouncing Flask+1","PiercingWail+1","Calculated Gamble+1","Prepared+1","Corpse Explosion+1","Backflip+1","Noxious Fumes+1","After Image+1","Catalyst+1","Escape Plan+1","Footwork+1","Venomology+1","Acrobatics+1","Deadly Poison+1","Reflex+1","Prepared+1","Acrobatics+1","Doubt"],"relics":["Ring of the Snake","NeowsBlessing","Potion Belt","Toxic Egg 2","StoneCalendar","Astrolabe","Frozen Egg 2","Art of War","Cursed Key","Peace Pipe","Tough Bandages","Ninja Scroll"],"acts_visited":["Exordium","TheCity","TheBeyond"],"potions_floor_usage":[10,16,30,37,40,40],"damage_taken":[{"damage":0.0,"enemies":"Jaw Worm","floor":1.0,"turns":1.0},{"damage":0.0,"enemies":"Small Slimes","floor":3.0,"turns":1.0},{"damage":0,"enemies":"Cultist","floor":5,"turns":1},{"damage":2,"enemies":"Red Slaver","floor":7,"turns":3},{"damage":11,"enemies":"Gremlin Nob","floor":10,"turns":3},{"damage":7,"enemies":"Exordium Wildlife","floor":13,"turns":5},{"damage":1,"enemies":"3 Louse","floor":14,"turns":3},{"damage":10,"enemies":"The Guardian","floor":16,"turns":7},{"damage":0,"enemies":"Spheric Guardian","floor":18,"turns":2},{"damage":18,"enemies":"Shell Parasite","floor":24,"turns":4},{"damage":3,"enemies":"Centurion and Healer","floor":29,"turns":4},{"damage":26,"enemies":"Slavers","floor":30,"turns":4},{"damage":4,"enemies":"Automaton","floor":33,"turns":8},{"damage":6,"enemies":"3 Darklings","floor":35,"turns":3},{"damage":3,"enemies":"Orb Walker","floor":37,"turns":4},{"damage":0,"enemies":"Mind Bloom Boss Battle","floor":39,"turns":5},{"damage":41,"enemies":"Nemesis","floor":40,"turns":7},{"damage":0,"enemies":"Maw","floor":46,"turns":2}],"seed_played":"-2067092897481050370","potions_obtained":[{"floor":7,"key":"Explosive Potion"},{"floor":10,"key":"Weak Potion"},{"floor":16,"key":"Swift Potion"},{"floor":18,"key":"FearPotion"},{"floor":33,"key":"LiquidBronze"},{"floor":40,"key":"Strength Potion"}],"is_trial":false,"path_per_floor":["M","?","M","?","M","R","M","R","T","E","$","T","M","M","R","B",null,"M","?","?","?","?","R","M","R","T","R","?","M","E","$","R","B",null,"M","?","M","?","?","E","R","$","T","?","?","M"],"character_chosen":"THE_SILENT","items_purchased":["DuplicationPotion","Footwork+1","Prepared+1","Acrobatics+1"],"campfire_rested":4,"item_purchase_floors":[11,31,42,42],"current_hp_per_floor":[59,52,52,46,46,46,44,44,44,33,33,33,26,25,25,15,53,53,35,35,35,35,35,17,38,38,59,59,56,30,30,51,47,65,59,59,56,56,56,15,36,36,36,36,36,36,36],"gold":175,"neow_bonus":"THREE_ENEMY_KILL","is_daily":false,"chose_seed":false,"campfire_upgraded":4,"win_rate":0.0,"timestamp":1610371435,"path_taken":["M","?","M","?","M","R","?","R","T","E","$","?","M","M","R","BOSS","M","?","?","?","?","R","M","R","T","R","?","?","E","$","R","BOSS","M","?","M","?","?","E","R","$","T","?","?","M"],"items_purchased_type":["Potion","Card","Card","Card"],"build_version":"2020-12-22","purchased_purges":3,"victory":false,"max_hp_per_floor":[66,66,66,66,66,66,66,66,66,66,66,66,66,66,66,66,66,66,71,71,71,71,71,71,71,71,71,71,71,71,71,71,71,71,71,71,71,71,71,71,71,71,71,67,67,67,67],"card_choices":[{"not_picked":["Sucker Punch","Concentrate"],"picked":"Blade Dance","floor":1.0},{"not_picked":["Flying Knee","Backflip"],"picked":"Masterful Stab","floor":3.0},{"not_picked":["Endless Agony","Accuracy"],"picked":"Bouncing Flask","floor":5},{"not_picked":["Poisoned Stab","Underhanded Strike","Flechettes"],"picked":"SKIP","floor":7},{"not_picked":["Deflect+1","Flying Knee"],"picked":"PiercingWail+1","floor":10},{"not_picked":["Riddle With Holes","Slice"],"picked":"Calculated Gamble+1","floor":13},{"not_picked":["Backstab","Storm of Steel+1"],"picked":"Prepared+1","floor":14},{"not_picked":["Envenom","Unload"],"picked":"Corpse Explosion+1","floor":16},{"not_picked":["PiercingWail+1","Blade Dance+1"],"picked":"Noxious Fumes","floor":18},{"not_picked":["Underhanded Strike","Bane+1"],"picked":"Backflip+1","floor":24},{"not_picked":["Cloak And Dagger+1","Finisher"],"picked":"Catalyst+1","floor":29},{"not_picked":["Underhanded Strike","Outmaneuver+1"],"picked":"Escape Plan+1","floor":30},{"not_picked":["A Thousand Cuts+1","Phantasmal Killer+1"],"picked":"Venomology+1","floor":33},{"not_picked":["Blade Dance+1","Calculated Gamble+1"],"picked":"Acrobatics+1","floor":35},{"not_picked":["Deflect+1","Underhanded Strike"],"picked":"Deadly Poison+1","floor":37},{"not_picked":["Choke","Prepared+1"],"picked":"Reflex+1","floor":40}],"player_experience":1251036,"relics_obtained":[{"floor":9,"key":"Potion Belt"},{"floor":10,"key":"Toxic Egg 2"},{"floor":12,"key":"StoneCalendar"},{"floor":26,"key":"Frozen Egg 2"},{"floor":30,"key":"Art of War"},{"floor":39,"key":"Peace Pipe"},{"floor":40,"key":"Tough Bandages"},{"floor":43,"key":"Ninja Scroll"}],"event_choices":[{"cards_removed":["Strike_G"],"damage_healed":0.0,"max_hp_gain":0.0,"max_hp_loss":0.0,"gold_gain":0.0,"event_name":"Golden Wing","player_choice":"Card Removal","floor":2.0,"gold_loss":0.0,"damage_taken":7.0},{"damage_healed":0,"gold_gain":50,"player_choice":"Touch","damage_taken":6,"max_hp_gain":0,"max_hp_loss":0,"event_name":"FaceTrader","floor":4,"gold_loss":0},{"damage_healed":0,"gold_gain":0,"player_choice":"Shed Blood","damage_taken":23,"max_hp_gain":5,"max_hp_loss":0,"event_name":"Forgotten Altar","floor":19,"gold_loss":0},{"cards_removed":["Strike_G"],"damage_healed":0,"gold_gain":0,"player_choice":"Elegance","damage_taken":0,"max_hp_gain":0,"max_hp_loss":0,"event_name":"Back to Basics","floor":20,"gold_loss":0},{"damage_healed":0,"gold_gain":0,"player_choice":"Ignored","damage_taken":0,"max_hp_gain":0,"max_hp_loss":0,"event_name":"Cursed Tome","floor":21,"gold_loss":0},{"damage_healed":0,"gold_gain":0,"player_choice":"Ignored","damage_taken":0,"max_hp_gain":0,"max_hp_loss":0,"event_name":"Vampires","floor":22,"gold_loss":0},{"damage_healed":0,"gold_gain":0,"cards_transformed":["Endless Agony","All Out Attack"],"player_choice":"Became Test Subject","damage_taken":0,"max_hp_gain":0,"max_hp_loss":0,"event_name":"Drug Dealer","floor":28,"gold_loss":0,"cards_obtained":["Noxious Fumes","After Image"]},{"cards_removed":["Noxious Fumes"],"damage_healed":0,"gold_gain":0,"player_choice":"Removed Power","damage_taken":0,"max_hp_gain":0,"max_hp_loss":0,"event_name":"Falling","floor":36,"gold_loss":0},{"damage_healed":0,"gold_gain":0,"player_choice":"Ignored","damage_taken":0,"max_hp_gain":0,"max_hp_loss":0,"event_name":"Tomb of Lord Red Mask","floor":38,"gold_loss":0},{"damage_healed":0,"gold_gain":0,"player_choice":"Fight","damage_taken":0,"max_hp_gain":0,"max_hp_loss":0,"event_name":"MindBloom","floor":39,"gold_loss":0},{"damage_healed":0,"gold_gain":0,"player_choice":"Max HP","damage_taken":0,"max_hp_gain":0,"max_hp_loss":4,"event_name":"Winding Halls","floor":44,"gold_loss":0},{"damage_healed":0,"gold_gain":0,"player_choice":"Ignored","damage_taken":0,"max_hp_gain":0,"max_hp_loss":0,"event_name":"Mysterious Sphere","floor":45,"gold_loss":0}],"is_beta":false,"boss_relics":[{"not_picked":["Sozu","Coffee Dripper"],"picked":"Astrolabe"},{"not_picked":["Black Star","Tiny House"],"picked":"Cursed Key"}],"items_purged_floors":[11,31,42],"is_endless":false,"potions_floor_spawned":[7,10,16,18,33,39,40],"killed_by":"Maw","ascension_level":20}}