{"host":"15dd7v8o90xso62x","time":1610379218,"event":{"mods":["BaseMod","Minty Spire (QoL Compilation)","Quick Restart","StSLib","SuperFastMode"],"gold_per_floor":[115,127,52,65,79,79,111,111,111,139,139,155,230,259,259,336,336,352,83,133,133,147,175,175,185,267,294,294,311,328,355,355,427,427,437,437,71,87,0,0,26,26,52,87,102,102,115,128,128,128,128,128,128,3,30,30,30],"floor_reached":56,"playtime":3117,"items_purged":["Strike_G","Strike_G","Defend_G"],"score":2280,"play_id":"2d292097-5f71-4e80-8439-189f9b6cd003","local_time":"20210112003338","is_ascension_mode":true,"campfire_choices":[{"data":"Blade Dance","floor":6.0,"key":"SMITH"},{"floor":15.0,"key":"REST"},{"data":"Apotheosis","floor":24.0,"key":"SMITH"},{"floor":28.0,"key":"REST"},{"data":"Venomology","floor":32.0,"key":"SMITH"},{"data":"Madness","floor":40.0,"key":"SMITH"},{"floor":42.0,"key":"RECALL"},{"data":"Madness","floor":46,"key":"SMITH"},{"floor":49,"key":"REST"},{"floor":53,"key":"REST"}],"circlet_count":0,"master_deck":["AscendersBane","Strike_G+1","Strike_G+1","Defend_G","Defend_G","Defend_G","Survivor","Neutralize","Well Laid Plans","Blade Dance+1","Crippling Poison","Dagger Spray","Venomology+1","Cloak And Dagger","Blur","Burst","PiercingWail","Apotheosis+1","Accuracy","Glass Knife+1","Terror+1","Footwork","Madness+1","Madness+1","Purity","Footwork"],"relics":["Ring of the Snake","Incense Burner","Anchor","InkBottle","Thread and Needle","Dead Branch","WristBlade","Molten Egg 2","Mummified Hand","Whetstone","Toy Ornithopter","SlaversCollar","Bag of Preparation","Red Mask","Vajra","FossilizedHelix","Nunchaku"],"acts_visited":["Exordium","TheCity","TheBeyond","TheEnding"],"potions_floor_usage":[44,45,47,48,50,50,51,56,56,56],"damage_taken":[{"damage":4.0,"enemies":"Jaw Worm","floor":1.0,"turns":5.0},{"damage":1.0,"enemies":"Small Slimes","floor":2.0,"turns":5.0},{"damage":0.0,"enemies":"2 Louse","floor":4.0,"turns":3.0},{"damage":8.0,"enemies":"Looter","floor":5.0,"turns":4.0},{"damage":12.0,"enemies":"Lagavulin","floor":7.0,"turns":6.0},{"damage":16.0,"enemies":"3 Sentries","floor":10.0,"turns":10.0},{"damage":0.0,"enemies":"Blue Slaver","floor":12.0,"turns":3.0},{"damage":2.0,"enemies":"Gremlin Nob","floor":14.0,"turns":4.0},{"damage":9.0,"enemies":"Slime Boss","floor":16.0,"turns":8.0},{"damage":0.0,"enemies":"3 Byrds","floor":18.0,"turns":2.0},{"damage":0.0,"enemies":"Chosen","floor":22.0,"turns":6.0},{"damage":0.0,"enemies":"Book of Stabbing","floor":23.0,"turns":5.0},{"damage":0.0,"enemies":"Sentry and Sphere","floor":25.0,"turns":2.0},{"damage":5.0,"enemies":"Gremlin Leader","floor":27.0,"turns":5.0},{"damage":0.0,"enemies":"Centurion and Healer","floor":29.0,"turns":4.0},{"damage":10.0,"enemies":"Snake Plant","floor":30.0,"turns":2.0},{"damage":0.0,"enemies":"Automaton","floor":33.0,"turns":9.0},{"damage":0.0,"enemies":"3 Shapes","floor":35.0,"turns":2.0},{"damage":0.0,"enemies":"Orb Walker","floor":38.0,"turns":2.0},{"damage":4.0,"enemies":"Reptomancer","floor":41.0,"turns":5.0},{"damage":0,"enemies":"Giant Head","floor":44,"turns":3},{"damage":0,"enemies":"3 Darklings","floor":45,"turns":2},{"damage":29,"enemies":"Jaw Worm Horde","floor":47,"turns":4},{"damage":0,"enemies":"Maw","floor":48,"turns":4},{"damage":0,"enemies":"Time Eater","floor":50,"turns":8},{"damage":39,"enemies":"Awakened One","floor":51,"turns":10},{"damage":0,"enemies":"Shield and Spear","floor":55,"turns":7},{"damage":87,"enemies":"The Heart","floor":56,"turns":9}],"seed_played":"-3997214107993404383","potions_obtained":[{"floor":1.0,"key":"DistilledChaos"},{"floor":2.0,"key":"Fire Potion"},{"floor":12.0,"key":"ColorlessPotion"},{"floor":14.0,"key":"CunningPotion"},{"floor":25.0,"key":"DistilledChaos"},{"floor":27.0,"key":"Dexterity Potion"},{"floor":29.0,"key":"ColorlessPotion"},{"floor":30.0,"key":"Strength Potion"},{"floor":44,"key":"Fruit Juice"},{"floor":45,"key":"SteroidPotion"}],"is_trial":false,"path_per_floor":["M","M","?","M","M","R","E","?","T","E","?","M","?","E","R","B",null,"M","$","?","?","M","E","R","M","T","E","R","M","M","T","R","B",null,"M","?","$","M","?","R","E","R","T","E","M","R","M","M","R","B","B",null,"R","$","E","B"],"character_chosen":"THE_SILENT","items_purchased":["Apotheosis","Bag of Preparation","Purity"],"campfire_rested":4,"item_purchase_floors":[19,37,37],"current_hp_per_floor":[40,39,39,39,31,31,19,41,41,25,18,18,7,5,24,15,53,53,53,53,53,53,53,53,53,53,48,66,66,56,56,56,61,65,66,54,54,59,59,59,62,62,62,71,71,71,42,47,68,71,32,61,71,71,71,0,0],"gold":30,"neow_bonus":"ONE_RARE_RELIC","is_daily":false,"chose_seed":false,"campfire_upgraded":5,"win_rate":0.0,"timestamp":1610379218,"path_taken":["M","M","?","M","M","R","E","?","T","E","?","M","?","E","R","BOSS","M","$","?","?","M","E","R","M","T","E","R","M","M","?","R","BOSS","M","?","$","M","?","R","E","R","T","E","M","R","M","M","R","BOSS","BOSS","R","$","E","BOSS"],"items_purchased_type":["Card","Relic","Card"],"build_version":"2020-12-22","purchased_purges":3,"victory":false,"max_hp_per_floor":[66,66,66,66,66,66,66,66,66,66,66,66,66,66,66,66,66,66,66,66,66,66,66,66,66,66,66,66,66,66,66,66,66,66,66,66,66,66,66,66,66,66,66,71,71,71,71,71,71,71,71,71,71,71,71,71,71],"card_choices":[{"not_picked":["Escape Plan","Flying Knee"],"picked":"Well Laid Plans","floor":1.0},{"not_picked":["Caltrops","Acrobatics"],"picked":"Blade Dance","floor":2.0},{"not_picked":["Quick Slash","Catalyst"],"picked":"Crippling Poison","floor":4.0},{"not_picked":["PiercingWail","Acrobatics"],"picked":"Dagger Spray","floor":5.0},{"not_picked":["Underhanded Strike","Terror"],"picked":"Venomology","floor":7.0},{"not_picked":["Flechettes","Poisoned Stab"],"picked":"Cloak And Dagger","floor":10.0},{"not_picked":["Leg Sweep","Riddle With Holes","Distraction"],"picked":"SKIP","floor":12.0},{"not_picked":["Venomology","Blade Dance"],"picked":"Blur","floor":14.0},{"not_picked":["Storm of Steel","After Image"],"picked":"Burst","floor":16.0},{"not_picked":["Sucker Punch","Prepared"],"picked":"PiercingWail","floor":18.0},{"not_picked":["Bane+1","Backflip"],"picked":"Accuracy","floor":22.0},{"not_picked":["Slice+1","Dodge and Roll"],"picked":"Glass Knife+1","floor":23.0},{"not_picked":["Terror+1","Dash+1","Dagger Throw+1"],"picked":"SKIP","floor":25.0},{"not_picked":["Dash+1","Dagger Throw+1"],"picked":"Terror+1","floor":25.0},{"not_picked":["Flechettes+1","Blade Dance"],"picked":"Footwork","floor":27.0},{"not_picked":["PiercingWail","Prepared","Catalyst+1"],"picked":"SKIP","floor":29.0},{"not_picked":["Heel Hook+1","Dodge and Roll+1","Choke+1"],"picked":"SKIP","floor":30.0},{"not_picked":["Bane+1","Blade Dance","Dagger Spray+1"],"picked":"SKIP","floor":35.0},{"not_picked":["Skewer+1","Setup","Sucker Punch+1"],"picked":"SKIP","floor":38.0},{"not_picked":["Deflect","Backflip","Prepared"],"picked":"SKIP","floor":41.0},{"not_picked":["Dagger Throw+1","Masterful Stab+1","Sucker Punch+1"],"picked":"SKIP","floor":44},{"not_picked":["Reflex","Deflect+1","Dagger Throw+1"],"picked":"SKIP","floor":45},{"not_picked":["Acrobatics","Flechettes+1","Cloak And Dagger+1"],"picked":"SKIP","floor":47},{"not_picked":["Acrobatics","Prepared"],"picked":"Footwork","floor":48},{"not_picked":["Endless Agony+1","Outmaneuver+1","Storm of Steel"],"picked":"SKIP","floor":55}],"player_experience":1024391,"relics_obtained":[{"floor":7.0,"key":"Anchor"},{"floor":9.0,"key":"InkBottle"},{"floor":10.0,"key":"Thread and Needle"},{"floor":14.0,"key":"Dead Branch"},{"floor":23.0,"key":"Molten Egg 2"},{"floor":26.0,"key":"Mummified Hand"},{"floor":27.0,"key":"Whetstone"},{"floor":31.0,"key":"Toy Ornithopter"},{"floor":41.0,"key":"Vajra"},{"floor":44,"key":"FossilizedHelix"},{"floor":55,"key":"Nunchaku"}],"event_choices":[{"cards_removed":["Defend_G"],"damage_healed":0.0,"max_hp_gain":0.0,"max_hp_loss":0.0,"gold_gain":0.0,"event_name":"The Cleric","player_choice":"Card Removal","floor":3.0,"gold_loss":75.0,"damage_taken":0.0},{"damage_healed":22.0,"max_hp_gain":0.0,"max_hp_loss":0.0,"gold_gain":0.0,"event_name":"Big Fish","player_choice":"Banana","floor":8.0,"gold_loss":0.0,"damage_taken":0.0},{"cards_removed":["Strike_G"],"damage_healed":0.0,"max_hp_gain":0.0,"max_hp_loss":0.0,"gold_gain":0.0,"event_name":"Golden Wing","player_choice":"Card Removal","floor":11.0,"gold_loss":0.0,"damage_taken":7.0},{"damage_healed":0.0,"max_hp_gain":0.0,"max_hp_loss":0.0,"gold_gain":75.0,"event_name":"World of Goop","player_choice":"Gather Gold","floor":13.0,"gold_loss":0.0,"damage_taken":11.0},{"damage_healed":0.0,"max_hp_gain":0.0,"max_hp_loss":0.0,"gold_gain":50.0,"event_name":"Nest","player_choice":"Stole From Cult","floor":20.0,"gold_loss":0.0,"damage_taken":0.0},{"damage_healed":0.0,"max_hp_gain":0.0,"max_hp_loss":0.0,"gold_gain":0.0,"event_name":"Cursed Tome","player_choice":"Ignored","floor":21.0,"gold_loss":0.0,"damage_taken":0.0},{"damage_healed":0.0,"max_hp_gain":0.0,"max_hp_loss":0.0,"gold_gain":0.0,"event_name":"Winding Halls","player_choice":"Embrace Madness","floor":36.0,"gold_loss":0.0,"damage_taken":12.0,"cards_obtained":["Madness","Madness"]},{"damage_healed":0.0,"max_hp_gain":0.0,"max_hp_loss":0.0,"gold_gain":0.0,"event_name":"Tomb of Lord Red Mask","player_choice":"Paid","floor":39.0,"gold_loss":87.0,"damage_taken":0.0,"relics_obtained":["Red Mask"]}],"is_beta":false,"boss_relics":[{"not_picked":["Ectoplasm","Runic Dome"],"picked":"WristBlade"},{"not_picked":["Sozu","Runic Pyramid"],"picked":"SlaversCollar"}],"items_purged_floors":[19,37,54],"is_endless":false,"potions_floor_spawned":[1,2,12,14,25,27,29,30,44,45],"killed_by":"The Heart","ascension_level":20}}