{"host":"qq27suot6m8koe0b","time":1610357388,"event":{"mods":["Act Like it!","BaseMod","CapriCore","GifTheSpireLib","Lobotomy","Minty Spire (QoL Compilation)","StSLib"],"gold_per_floor":[114,114,84,9,24,50,61,61,61,61,77,77,89,103,103,201,201,212,212,69,86,96,96,111,122,147,147,159,259,259,68,68,172,172,172,172],"floor_reached":35,"playtime":2081,"items_purged":["Regret"],"score":484,"play_id":"08270f42-b928-4408-9555-c7ed9d0c3f3e","local_time":"20210111172948","is_ascension_mode":false,"campfire_choices":[],"circlet_count":0,"master_deck":["SpecialBullet","SpecialBullet","SpecialBullet","SpecialBullet","SpecialBullet","SpecialBullet","SpecialBullet","SpecialBullet","InformationCode","SecurityCode","OSAHOGD","GreenStem","Wingbeat","ControlCode","Horn","RedEyes","OldLady","BearPaw","Wellcheers","GoldRush","BlackSwan_ego","TT2Protocol","DreamingCurrent","BlueStar","Diffraction","UniverseFragment","Logging","QueenOfHatred","Horn","DisciplinaryCode","Lamp+3","WristCuter","ParadiseLost"],"relics":["CogitoBucket","NeowsBlessing","Bird Faced Urn","Shovel","HellTrain","Black Star","HandDrill","AspirationHeart","Art of War","Ancient Tea Set","Incense Burner","Toxic Egg 2","Membership Card","SlaversCollar"],"acts_visited":["Exordium","TheCity","TheBeyond"],"potions_floor_usage":[16,16,22,22,29,33],"damage_taken":[{"damage":0,"enemies":"Jaw Worm","floor":1,"turns":1},{"damage":0,"enemies":"Small Slimes","floor":5,"turns":1},{"damage":0,"enemies":"3 Sentries","floor":6,"turns":1},{"damage":6,"enemies":"Cultist","floor":7,"turns":3},{"damage":7,"enemies":"Blue Slaver","floor":11,"turns":3},{"damage":29,"enemies":"Gremlin Gang","floor":13,"turns":3},{"damage":14,"enemies":"Exordium Thugs","floor":14,"turns":5},{"damage":50,"enemies":"Slime Boss","floor":16,"turns":5},{"damage":16,"enemies":"3 Byrds","floor":18,"turns":5},{"damage":12,"enemies":"Chosen","floor":21,"turns":4},{"damage":71,"enemies":"Sentry and Sphere","floor":22,"turns":5},{"damage":50,"enemies":"Chosen and Byrds","floor":24,"turns":7},{"damage":68,"enemies":"Centurion and Healer","floor":25,"turns":5},{"damage":20,"enemies":"Cultist and Chosen","floor":28,"turns":5},{"damage":38,"enemies":"Colosseum Slavers","floor":29,"turns":4},{"damage":32,"enemies":"Colosseum Nobs","floor":29,"turns":3},{"damage":57,"enemies":"Collector","floor":33,"turns":9},{"damage":336,"enemies":"Orb Walker","floor":35,"turns":24}],"seed_played":"9196984559161496812","potions_obtained":[{"floor":3,"key":"FearPotion"},{"floor":3,"key":"DuplicationPotion"},{"floor":5,"key":"AttackPotion"},{"floor":18,"key":"LiquidMemories"},{"floor":21,"key":"SkillPotion"},{"floor":29,"key":"Weak Potion"}],"is_trial":false,"path_per_floor":["M","?","?","$","M","E","M","R","T","R","M","R","M","M","R","B",null,"M","?","$","M","M","R","M","M","T","?","M","?","R","$","R","B",null,"M"],"character_chosen":"Angela","items_purchased":["HandDrill","Membership Card","Lamp","WristCuter"],"campfire_rested":0,"item_purchase_floors":[20,31,31,31],"current_hp_per_floor":[70,70,70,70,70,70,70,70,70,70,70,70,53,52,52,17,78,73,73,73,72,28,28,45,32,32,32,64,69,69,69,69,104,104,0,0],"gold":172,"neow_bonus":"THREE_ENEMY_KILL","is_daily":false,"chose_seed":false,"campfire_upgraded":0,"win_rate":0.0,"timestamp":1610357388,"path_taken":["M","?","?","$","M","E","M","R","T","R","?","R","M","?","R","BOSS","M","?","?","?","M","R","?","M","T","?","M","?","R","?","R","BOSS","M"],"items_purchased_type":["Relic","Relic","Card","Card"],"build_version":"2020-12-22","purchased_purges":1,"victory":false,"max_hp_per_floor":[70,70,70,70,70,70,70,70,70,70,70,70,74,74,74,78,78,78,78,78,78,92,92,96,100,100,100,104,104,104,104,104,104,104,104,104],"card_choices":[{"not_picked":["LittleHelper","CrumblingArmor"],"picked":"OSAHOGD","floor":1},{"not_picked":["Heaven"],"picked":"GreenStem","floor":1},{"not_picked":["Harvest"],"picked":"Wingbeat","floor":5},{"not_picked":["SwordSharpenedByTears","Beak"],"picked":"SKIP","floor":6},{"not_picked":["LifeForTheDareDevil"],"picked":"Horn","floor":7},{"not_picked":["CUTE"],"picked":"RedEyes","floor":11},{"not_picked":["BlackSwan","NakedNest"],"picked":"OldLady","floor":13},{"not_picked":["Pleasure"],"picked":"BearPaw","floor":13},{"not_picked":["SoundOfStar","Discord"],"picked":"SKIP","floor":14},{"not_picked":["PunishingBird","FairyFestival"],"picked":"Wellcheers","floor":16},{"not_picked":["TheSmile"],"picked":"GoldRush","floor":16},{"not_picked":["CherryBlossom+1"],"picked":"BlackSwan_ego","floor":18},{"not_picked":["Loneliness","CherryBlossom"],"picked":"SKIP","floor":21},{"not_picked":["SpiderBud","SnowQueen"],"picked":"DreamingCurrent","floor":22},{"not_picked":["SomewhereSpear","Tough"],"picked":"SKIP","floor":22},{"not_picked":["BigBird","Woodsman"],"picked":"BlueStar","floor":24},{"not_picked":["DaCapo"],"picked":"Diffraction","floor":24},{"not_picked":["MeatLantern","Bloodbath"],"picked":"UniverseFragment","floor":25},{"not_picked":["Amita"],"picked":"Logging","floor":25},{"not_picked":["CrumblingArmor","QueenBee"],"picked":"QueenOfHatred","floor":28},{"not_picked":["RedEyes+1"],"picked":"Horn","floor":28},{"not_picked":["SoundOfStar+1"],"picked":"ParadiseLost","floor":33}],"player_experience":275653,"relics_obtained":[{"floor":6,"key":"Shovel"},{"floor":26,"key":"Art of War"},{"floor":29,"key":"Incense Burner"},{"floor":29,"key":"Toxic Egg 2"}],"event_choices":[{"damage_healed":0,"gold_gain":0,"player_choice":"Box","damage_taken":0,"relics_obtained":["Bird Faced Urn"],"max_hp_gain":0,"max_hp_loss":0,"event_name":"Big Fish","floor":2,"gold_loss":0,"cards_obtained":["Regret"]},{"damage_healed":0,"gold_gain":0,"player_choice":"Bought 2 Potions","damage_taken":0,"max_hp_gain":0,"max_hp_loss":0,"event_name":"The Woman in Blue","floor":3,"gold_loss":0},{"cards_removed":["CentralCode"],"damage_healed":0,"gold_gain":0,"player_choice":"Elegance","damage_taken":0,"max_hp_gain":0,"max_hp_loss":0,"event_name":"Back to Basics","floor":19,"gold_loss":0},{"damage_healed":0,"gold_gain":0,"player_choice":"Stole Relic","damage_taken":0,"relics_obtained":["Ancient Tea Set"],"max_hp_gain":0,"max_hp_loss":0,"event_name":"Addict","floor":27,"gold_loss":0,"cards_obtained":["Shame"]},{"damage_healed":0,"gold_gain":0,"player_choice":"Fight","damage_taken":0,"max_hp_gain":0,"max_hp_loss":0,"event_name":"Colosseum","floor":29,"gold_loss":0},{"damage_healed":0,"gold_gain":0,"player_choice":"Fought Nobs","damage_taken":0,"max_hp_gain":0,"max_hp_loss":0,"event_name":"Colosseum","floor":29,"gold_loss":0}],"is_beta":false,"boss_relics":[{"not_picked":["Snecko Eye","Velvet Choker"],"picked":"Black Star"},{"not_picked":["SacredBark","Fusion Hammer"],"picked":"SlaversCollar"}],"items_purged_floors":[4],"is_endless":false,"potions_floor_spawned":[5,6,14,18,21,29,29],"killed_by":"Orb Walker","ascension_level":0}}