{"host":"344lv32hnei0mdhu","time":1610325265,"event":{"mods":["Act Like it!","BaseMod","Better Match","Better Sensory Stone","Better Skull","Better Third Choice","Better Vampires","Colored Powertips","Highlight Path","Minty Spire (QoL Compilation)","Quick Restart","Random Character Button","Rare Cards Sparkle","StSLib"],"gold_per_floor":[112,112,72,72,72,100,100,134,158,169,199,218,66,80,80,182,182,198,218,143,143,10,10,45,45,92,132,144,156,128,140,152,264,276,307,335,347,210,227,262,274,33,57,57,0,0,0,26,26,26],"floor_reached":51,"playtime":2711,"items_purged":["Writhe"],"score":1233,"play_id":"98c52bf1-bdc5-409e-bec6-c1a56dbe85be","local_time":"20210110183425","is_ascension_mode":true,"campfire_choices":[{"data":"Genetic Algorithm","floor":7.0,"key":"SMITH"},{"floor":15.0,"key":"REST"},{"data":"Echo Form","floor":23.0,"key":"SMITH"},{"data":"Zap","floor":25.0,"key":"SMITH"},{"floor":28.0,"key":"REST"},{"floor":32.0,"key":"RECALL"},{"floor":47.0,"key":"REST"},{"floor":49.0,"key":"REST"}],"circlet_count":0,"master_deck":["AscendersBane","Zap+1","Dualcast+1","Genetic Algorithm+1","Chill+1","Glacier+1","White Noise+1","Echo Form+1","Leap+1","Biased Cognition+1","Rip and Tear+1","Melter+1","Glacier+1","Go for the Eyes+1","Scrape+1","Reboot+1","FTL+1","Hologram+1","Ball Lightning+1","Consume+1","Conserve Battery+1","Ball Lightning+1","Core Surge+1","Core Surge+1","Loop+1","Defragment+1"],"relics":["Cracked Core","NeowsBlessing","Dead Branch","Toxic Egg 2","Centennial Puzzle","StrikeDummy","Strawberry","Pandora\u0027s Box","Toy Ornithopter","MawBank","Letter Opener","SacredBark","Eternal Feather","Ornamental Fan","Bag of Preparation","Mark of the Bloom","Red Mask","Pen Nib"],"acts_visited":["Exordium","TheCity","TheBeyond"],"potions_floor_usage":[],"damage_taken":[{"damage":0.0,"enemies":"2 Louse","floor":1.0,"turns":1.0},{"damage":0.0,"enemies":"Lagavulin","floor":6.0,"turns":1.0},{"damage":0.0,"enemies":"Gremlin Nob","floor":8.0,"turns":1.0},{"damage":0.0,"enemies":"Small Slimes","floor":10.0,"turns":3.0},{"damage":12.0,"enemies":"3 Sentries","floor":11.0,"turns":7.0},{"damage":12.0,"enemies":"Jaw Worm","floor":12.0,"turns":3.0},{"damage":0.0,"enemies":"2 Fungi Beasts","floor":14.0,"turns":4.0},{"damage":45.0,"enemies":"Hexaghost","floor":16.0,"turns":13.0},{"damage":8.0,"enemies":"Shell Parasite","floor":18.0,"turns":7.0},{"damage":0.0,"enemies":"Spheric Guardian","floor":19.0,"turns":2.0},{"damage":0.0,"enemies":"Gremlin Leader","floor":24.0,"turns":8.0},{"damage":25.0,"enemies":"Book of Stabbing","floor":27.0,"turns":7.0},{"damage":6.0,"enemies":"Automaton","floor":33.0,"turns":13.0},{"damage":11.0,"enemies":"Orb Walker","floor":35.0,"turns":3.0},{"damage":8.0,"enemies":"3 Darklings","floor":36.0,"turns":5.0},{"damage":5.0,"enemies":"Maw","floor":39.0,"turns":4.0},{"damage":5.0,"enemies":"Nemesis","floor":40.0,"turns":7.0},{"damage":0.0,"enemies":"Sphere and 2 Shapes","floor":41.0,"turns":3.0},{"damage":0.0,"enemies":"Giant Head","floor":48.0,"turns":10.0},{"damage":48,"enemies":"Awakened One","floor":50,"turns":11}],"seed_played":"-5307839239216674043","potions_obtained":[{"floor":10.0,"key":"Strength Potion"},{"floor":11.0,"key":"DistilledChaos"},{"floor":14.0,"key":"SpeedPotion"},{"floor":16.0,"key":"PowerPotion"},{"floor":27.0,"key":"DistilledChaos"},{"floor":36.0,"key":"FairyPotion"}],"is_trial":false,"path_per_floor":["M","?","$","?","$","E","R","E","T","M","E","M","$","M","R","B",null,"M","M","?","?","$","R","E","R","T","E","R","$","?","$","R","B",null,"M","M","?","$","M","E","M","$","T","?","?","?","R","E","R","B",null],"character_chosen":"DEFECT","items_purchased":["Chill","Strawberry","Consume+1","Conserve Battery+1","Loop","Ornamental Fan"],"campfire_rested":4,"item_purchase_floors":[3,13,22,22,38,42],"current_hp_per_floor":[68,68,68,68,68,68,68,68,68,68,56,44,51,51,75,30,69,61,61,61,82,82,82,82,82,82,57,81,81,81,81,81,75,80,69,61,82,82,82,77,77,77,77,77,77,77,77,77,77,29],"gold":26,"neow_bonus":"THREE_ENEMY_KILL","is_daily":false,"chose_seed":false,"campfire_upgraded":3,"win_rate":0.0,"timestamp":1610325265,"path_taken":["M","?","$","?","$","E","R","E","T","M","E","M","?","M","R","BOSS","M","M","?","?","$","R","E","R","T","E","R","$","?","$","R","BOSS","M","?","?","$","M","E","M","$","T","?","?","?","R","E","R","BOSS"],"items_purchased_type":["Card","Relic","Card","Card","Card","Relic"],"build_version":"2020-12-22","purchased_purges":1,"victory":true,"max_hp_per_floor":[75,75,75,75,75,75,75,75,75,75,75,75,82,82,82,82,82,82,82,82,82,82,82,82,82,82,82,82,82,82,82,82,82,82,82,82,82,82,82,82,82,82,82,82,82,82,82,82,82,82],"card_choices":[{"not_picked":["Beam Cell","Force Field"],"picked":"Genetic Algorithm","floor":1.0},{"not_picked":["Streamline","Storm"],"picked":"Glacier","floor":6.0},{"not_picked":["Steam Power+1","BootSequence+1"],"picked":"White Noise+1","floor":8.0},{"not_picked":["Streamline","Echo Form","Go for the Eyes"],"picked":"SKIP","floor":10.0},{"not_picked":["Streamline","Go for the Eyes"],"picked":"Echo Form","floor":10.0},{"not_picked":["Amplify+1","Compile Driver","Streamline"],"picked":"SKIP","floor":11.0},{"not_picked":["Rebound","Skim+1"],"picked":"Leap+1","floor":12.0},{"not_picked":["Aggregate+1","Scrape","Tempest+1"],"picked":"SKIP","floor":14.0},{"not_picked":["Fission+1","Reboot+1"],"picked":"Biased Cognition","floor":16.0},{"not_picked":["Gash+1","Rebound","Double Energy+1"],"picked":"SKIP","floor":18.0},{"not_picked":["Reprogram+1","Gash"],"picked":"Ball Lightning+1","floor":19.0},{"not_picked":["FTL","Hologram+1"],"picked":"Ball Lightning+1","floor":24.0},{"not_picked":["Redo+1","Go for the Eyes+1"],"picked":"Core Surge","floor":27.0},{"not_picked":["Reboot+1","Rainbow+1"],"picked":"Core Surge","floor":33.0},{"not_picked":["Skim+1","Compile Driver","Turbo+1"],"picked":"SKIP","floor":35.0},{"not_picked":["Chill+1","Ball Lightning","Steam+1"],"picked":"SKIP","floor":36.0},{"not_picked":["Sweeping Beam+1","Reinforced Body+1"],"picked":"Defragment","floor":39.0},{"not_picked":["Blizzard","Barrage","Cold Snap+1"],"picked":"SKIP","floor":40.0},{"not_picked":["Beam Cell+1","Ball Lightning","Leap+1"],"picked":"SKIP","floor":41.0},{"not_picked":["Sunder+1","Doom and Gloom+1","Fission+1"],"picked":"SKIP","floor":48.0}],"player_experience":323930,"relics_obtained":[{"floor":6.0,"key":"Dead Branch"},{"floor":8.0,"key":"Toxic Egg 2"},{"floor":9.0,"key":"Centennial Puzzle"},{"floor":11.0,"key":"StrikeDummy"},{"floor":24.0,"key":"Toy Ornithopter"},{"floor":26.0,"key":"MawBank"},{"floor":27.0,"key":"Letter Opener"},{"floor":40.0,"key":"Eternal Feather"},{"floor":43.0,"key":"Bag of Preparation"},{"floor":48.0,"key":"Pen Nib"}],"event_choices":[{"damage_healed":0.0,"max_hp_gain":0.0,"max_hp_loss":0.0,"gold_gain":0.0,"event_name":"Golden Wing","player_choice":"Ignored","floor":2.0,"gold_loss":0.0,"damage_taken":0.0},{"damage_healed":0.0,"max_hp_gain":0.0,"max_hp_loss":0.0,"gold_gain":0.0,"event_name":"The Cleric","player_choice":"Leave","floor":4.0,"gold_loss":0.0,"damage_taken":0.0},{"damage_healed":0.0,"max_hp_gain":0.0,"max_hp_loss":0.0,"gold_gain":0.0,"event_name":"betterMatch:BetterMatch","player_choice":"3","floor":20.0,"gold_loss":0.0,"damage_taken":0.0,"cards_obtained":[]},{"damage_healed":27.0,"max_hp_gain":0.0,"max_hp_loss":0.0,"gold_gain":0.0,"event_name":"The Library","player_choice":"Heal","floor":21.0,"gold_loss":0.0,"damage_taken":0.0},{"damage_healed":0.0,"max_hp_gain":0.0,"max_hp_loss":0.0,"gold_gain":0.0,"event_name":"Designer","player_choice":"Upgrade","floor":30.0,"gold_loss":40.0,"damage_taken":0.0,"cards_upgraded":["Biased Cognition"]},{"damage_healed":21.0,"max_hp_gain":0.0,"max_hp_loss":0.0,"gold_gain":0.0,"event_name":"Winding Halls","player_choice":"Writhe","floor":37.0,"gold_loss":0.0,"damage_taken":0.0,"cards_obtained":["Writhe"]},{"damage_healed":0.0,"max_hp_gain":0.0,"max_hp_loss":0.0,"gold_gain":0.0,"event_name":"MindBloom","player_choice":"Upgrade","floor":44.0,"gold_loss":0.0,"damage_taken":0.0,"cards_upgraded":["Dualcast","Chill","Glacier","Rip and Tear","Melter","Go for the Eyes","Scrape","FTL","Core Surge","Core Surge","Loop","Defragment"],"relics_obtained":["Mark of the Bloom"]},{"damage_healed":0.0,"max_hp_gain":0.0,"max_hp_loss":0.0,"gold_gain":0.0,"event_name":"Tomb of Lord Red Mask","player_choice":"Paid","floor":45.0,"gold_loss":57.0,"damage_taken":0.0,"relics_obtained":["Red Mask"]},{"damage_healed":0.0,"max_hp_gain":0.0,"max_hp_loss":0.0,"gold_gain":3.0,"event_name":"betterStone:BetterStone","player_choice":"1","floor":46.0,"gold_loss":0.0,"damage_taken":0.0}],"is_beta":false,"boss_relics":[{"not_picked":["SlaversCollar","Runic Dome"],"picked":"Pandora\u0027s Box"},{"not_picked":["Philosopher\u0027s Stone","Cursed Key"],"picked":"SacredBark"}],"items_purged_floors":[38],"is_endless":false,"potions_floor_spawned":[10,11,14,16,18,27,33,35,36],"ascension_level":10}}