{"host":"vzygucmp2u9s1xuv","time":1610381177,"event":{"mods":["BaseMod","Colored Map","DeckTracker","Keyboard Shortcuts","Minty Spire (QoL Compilation)","Quick Restart","StSLib","SuperFastMode"],"gold_per_floor":[116,130,130,280,355,388,388,388,388],"floor_reached":8,"playtime":95,"items_purged":[],"score":142,"play_id":"414cb6ab-90a1-4697-a802-89310307ca7b","local_time":"20210112010617","is_ascension_mode":true,"campfire_choices":[{"floor":7,"key":"REST"}],"circlet_count":0,"master_deck":["AscendersBane","Strike_G","Strike_G","Strike_G","Strike_G","Strike_G","Defend_G","Defend_G","Defend_G","Defend_G","Defend_G","Survivor","Neutralize","Catalyst","Acrobatics","Doubt","Poisoned Stab"],"relics":["Ring of the Snake","NeowsBlessing","Akabeko","Frozen Egg 2"],"acts_visited":["Exordium"],"potions_floor_usage":[],"damage_taken":[{"damage":0.0,"enemies":"Jaw Worm","floor":1.0,"turns":1.0},{"damage":0.0,"enemies":"2 Louse","floor":2.0,"turns":1.0},{"damage":0,"enemies":"3 Sentries","floor":6,"turns":2},{"damage":46,"enemies":"Gremlin Nob","floor":8,"turns":4}],"seed_played":"5544089629095903685","potions_obtained":[{"floor":1.0,"key":"Dexterity Potion"},{"floor":2.0,"key":"BlessingOfTheForge"}],"is_trial":false,"path_per_floor":["M","M","?","?","?","E","R","E"],"character_chosen":"THE_SILENT","items_purchased":[],"campfire_rested":1,"item_purchase_floors":[],"current_hp_per_floor":[59,59,33,33,22,22,41,0,0],"gold":388,"neow_bonus":"THREE_ENEMY_KILL","is_daily":false,"chose_seed":false,"campfire_upgraded":0,"win_rate":0.0,"timestamp":1610381177,"path_taken":["M","M","?","?","?","E","R","E"],"items_purchased_type":[],"build_version":"2020-12-22","purchased_purges":0,"victory":false,"max_hp_per_floor":[66,66,66,66,66,66,66,66,66],"card_choices":[{"not_picked":["Flechettes","Sucker Punch"],"picked":"Catalyst","floor":1.0},{"not_picked":["Sucker Punch","Prepared"],"picked":"Acrobatics","floor":2.0},{"not_picked":["Sucker Punch","PiercingWail"],"picked":"Poisoned Stab","floor":6}],"player_experience":661896,"relics_obtained":[{"floor":6,"key":"Frozen Egg 2"}],"event_choices":[{"damage_healed":0.0,"max_hp_gain":0.0,"max_hp_loss":0.0,"gold_gain":0.0,"event_name":"Scrap Ooze","player_choice":"Success","floor":3.0,"gold_loss":0.0,"damage_taken":26.0,"relics_obtained":["Akabeko"]},{"damage_healed":0.0,"max_hp_gain":0.0,"max_hp_loss":0.0,"gold_gain":150.0,"event_name":"Liars Game","player_choice":"AGREE","floor":4.0,"gold_loss":0.0,"damage_taken":0.0,"cards_obtained":["Doubt"]},{"damage_healed":0.0,"max_hp_gain":0.0,"max_hp_loss":0.0,"gold_gain":75.0,"event_name":"World of Goop","player_choice":"Gather Gold","floor":5.0,"gold_loss":0.0,"damage_taken":11.0}],"is_beta":false,"boss_relics":[],"items_purged_floors":[],"is_endless":false,"potions_floor_spawned":[1,2],"killed_by":"Gremlin Nob","ascension_level":16}}