{"host":"61xbmbtf5zrn7rzc","time":1610405778,"event":{"mods":["BaseMod","Challenge The Spire","Hubris","Minty Spire (QoL Compilation)","Replay The Spire","StSLib","SuperFastMode","The Bug Knight"],"gold_per_floor":[110,125,50,200,214,214,243,49,49,49,49,81,97,109,109,185,185,202,202,237,253,253,253,282,49,49,83,99,112,32,32,32,107,107,118,118,137,150,50,50,80,93,93,93,93,122,122,134,134,134,134],"floor_reached":52,"playtime":2837,"items_purged":["ReplayTheSpireMod:Reroute Power","Parasite"],"score":2441,"play_id":"69e5e23b-ed20-490b-af47-4d63d8b5279d","local_time":"20210111175618","daily_mods":["SealedDeck","Heirloom"],"is_ascension_mode":true,"campfire_choices":[{"data":"Auto Shields","floor":6,"key":"SMITH"},{"data":"Sunder","floor":11,"key":"SMITH"},{"data":"Defragment","floor":15,"key":"SMITH"},{"data":"Leap","floor":23,"key":"SMITH"},{"data":"Go for the Eyes","floor":32,"key":"SMITH"},{"data":"ReplayTheSpireMod:Omega Cannon","floor":40,"key":"SMITH"},{"data":"Conserve Battery","floor":44,"key":"SMITH"},{"data":"Defragment","floor":49,"key":"SMITH"}],"circlet_count":0,"master_deck":["AscendersBane","Darkness","Leap+1","Auto Shields+1","Go for the Eyes+1","Gash","Cold Snap","Coolheaded","Coolheaded","Cold Snap","Coolheaded","Gash","Sweeping Beam+1","Sunder+1","Defragment+1","Machine Learning","hubris:PowerSurge","Loop+1","ReplayTheSpireMod:Omega Cannon+1","Conserve Battery+1","Melter","Defragment+1"],"relics":["Cracked Core","Ring of Chaos","hubris:Spice","Meat on the Bone","Medical Kit","Happy Flower","Ice Cream","Ring of Chaos","Red Mask","Nunchaku","Blue Doll","Bag of Marbles","Iron Hammer","hubris:BottledHeart","hubris:CrystalStatue","ReplayFunnel","hubris:Towel"],"acts_visited":["Exordium","TheCity","TheBeyond"],"potions_floor_usage":[14,16,20,21,33,33,38,43,50,50],"damage_taken":[{"damage":0,"enemies":"Jaw Worm","floor":1,"turns":3},{"damage":2,"enemies":"Small Slimes","floor":2,"turns":3},{"damage":0,"enemies":"2 Louse","floor":5,"turns":3},{"damage":0,"enemies":"HollowMod:MossKnight","floor":7,"turns":7},{"damage":0,"enemies":"Lagavulin","floor":12,"turns":6},{"damage":2,"enemies":"Red Slaver","floor":13,"turns":3},{"damage":2,"enemies":"Blue Slaver","floor":14,"turns":3},{"damage":1,"enemies":"The Guardian","floor":16,"turns":9},{"damage":14,"enemies":"3 Byrds","floor":18,"turns":6},{"damage":8,"enemies":"Masked Bandits","floor":20,"turns":5},{"damage":11,"enemies":"Shell Parasite","floor":21,"turns":4},{"damage":13,"enemies":"Book of Stabbing","floor":24,"turns":7},{"damage":9,"enemies":"Slavers","floor":27,"turns":8},{"damage":0,"enemies":"Sentry and Sphere","floor":28,"turns":5},{"damage":6,"enemies":"Centurion and Healer","floor":29,"turns":7},{"damage":0,"enemies":"hubris:MusketHawk","floor":33,"turns":8},{"damage":0,"enemies":"Orb Walker","floor":35,"turns":1},{"damage":0,"enemies":"3 Darklings","floor":37,"turns":1},{"damage":0,"enemies":"Writhing Mass","floor":38,"turns":5},{"damage":0,"enemies":"Giant Head","floor":41,"turns":8},{"damage":0,"enemies":"Sphere and 2 Shapes","floor":42,"turns":3},{"damage":0,"enemies":"HollowMod:StalkingDevout","floor":46,"turns":4},{"damage":0,"enemies":"4 Shapes","floor":48,"turns":3},{"damage":0,"enemies":"hubris:GrandSnecko","floor":50,"turns":13},{"damage":0,"enemies":"Awakened One","floor":51,"turns":15}],"seed_played":"8494370392996500279","potions_obtained":[{"floor":7,"key":"Fire Potion"},{"floor":13,"key":"Block Potion"},{"floor":14,"key":"Fruit Juice"},{"floor":16,"key":"GamblersBrew"},{"floor":20,"key":"SkillPotion"},{"floor":24,"key":"BlessingOfTheForge"},{"floor":27,"key":"LiquidBronze"},{"floor":37,"key":"EssenceOfSteel"},{"floor":41,"key":"SkillPotion"},{"floor":42,"key":"Fruit Juice"},{"floor":46,"key":"DistilledChaos"}],"is_trial":true,"path_per_floor":["M","M","?","?","M","R","E","$","T","$","R","E","M","M","R","B",null,"M","?","?","M","?","R","E","$","T","E","M","M","?","?","R","B",null,"M","?","M","M","$","R","E","M","T","R","$","E","?","M","R","B","B",null],"character_chosen":"DEFECT","items_purchased":["Medical Kit","Defragment","Blue Doll"],"campfire_rested":0,"item_purchase_floors":[8,8,25],"current_hp_per_floor":[72,70,70,70,70,70,70,70,70,70,70,70,68,71,71,70,81,67,67,59,48,48,48,47,47,47,50,50,44,44,1,1,1,1,1,1,1,1,1,1,1,1,1,1,1,1,1,1,1,1,1],"gold":134,"neow_bonus":"","is_daily":false,"chose_seed":false,"campfire_upgraded":8,"win_rate":0.0,"timestamp":1610405778,"path_taken":["M","M","?","?","M","R","E","$","T","?","R","E","?","M","R","BOSS","M","?","?","M","?","R","E","$","T","E","?","M","?","?","R","BOSS","M","?","?","M","$","R","E","M","T","R","?","E","?","M","R","BOSS","BOSS"],"items_purchased_type":["Relic","Card","Relic"],"build_version":"2020-12-22","purchased_purges":2,"victory":true,"max_hp_per_floor":[79,79,79,79,79,79,79,79,79,79,79,79,79,84,84,84,84,84,84,84,84,84,84,84,84,84,84,84,84,84,1,1,1,1,1,1,1,1,1,1,1,1,1,1,1,1,1,1,1,1,1],"card_choices":[{"not_picked":["Capacitor","Compile Driver"],"picked":"Gash","floor":1},{"not_picked":["BootSequence","Conserve Battery"],"picked":"Sweeping Beam","floor":2},{"not_picked":["Compile Driver","Sweeping Beam","Turbo"],"picked":"SKIP","floor":5},{"not_picked":["Auto Shields","ReplayTheSpireMod:Fabricate Wheel"],"picked":"Sunder","floor":7},{"not_picked":["ReplayTheSpireMod:System Scan","Go for the Eyes","Heatsinks"],"picked":"SKIP","floor":12},{"not_picked":["Go for the Eyes","Chaos","Redo"],"picked":"SKIP","floor":13},{"not_picked":["Turbo","Steam","Coolheaded"],"picked":"SKIP","floor":14},{"not_picked":["Biased Cognition","Creative AI"],"picked":"Machine Learning","floor":16},{"not_picked":["Doom and Gloom","Chill"],"picked":"Streamline","floor":18},{"not_picked":["Recycle","Gash"],"picked":"hubris:PowerSurge","floor":20},{"not_picked":["Compile Driver+1","Leap","Stack+1"],"picked":"SKIP","floor":21},{"not_picked":["Reboot","ReplayTheSpireMod:Repulse+1","Storm"],"picked":"SKIP","floor":24},{"not_picked":["Aggregate","Chaos","Go for the Eyes"],"picked":"SKIP","floor":27},{"not_picked":["Rebound+1","hubris:PowerSurge"],"picked":"Loop+1","floor":28},{"not_picked":["Lockon","Steam","BasicCrystalCard"],"picked":"SKIP","floor":29},{"not_picked":["Echo Form","Meteor Strike"],"picked":"ReplayTheSpireMod:Omega Cannon","floor":33},{"not_picked":["Streamline+1","Stack"],"picked":"Conserve Battery","floor":35},{"not_picked":["Sunder","Compile Driver"],"picked":"Melter","floor":37},{"not_picked":["Ball Lightning","Double Energy+1","Coolheaded"],"picked":"SKIP","floor":38},{"not_picked":["Coolheaded+1","Buffer","Stack+1"],"picked":"SKIP","floor":41},{"not_picked":["Streamline","BasicCrystalCard","ReplayTheSpireMod:Repulse"],"picked":"SKIP","floor":42},{"not_picked":["Stack","Chaos"],"picked":"Defragment","floor":46},{"not_picked":["Hello World","Streamline","hubris:SpiceAddiction"],"picked":"SKIP","floor":48}],"player_experience":101406,"relics_obtained":[{"floor":7,"key":"Meat on the Bone"},{"floor":9,"key":"Happy Flower"},{"floor":12,"key":"Ice Cream"},{"floor":20,"key":"Red Mask"},{"floor":24,"key":"Nunchaku"},{"floor":26,"key":"Bag of Marbles"},{"floor":27,"key":"Iron Hammer"},{"floor":43,"key":"hubris:CrystalStatue"},{"floor":46,"key":"ReplayFunnel"}],"event_choices":[{"cards_removed":["HollowMod:CycloneSlash"],"damage_healed":0,"gold_gain":0,"player_choice":"Card Removal","damage_taken":0,"max_hp_gain":0,"max_hp_loss":0,"event_name":"The Cleric","floor":3,"gold_loss":75},{"damage_healed":0,"gold_gain":150,"player_choice":"AGREE","damage_taken":0,"max_hp_gain":0,"max_hp_loss":0,"event_name":"Liars Game","floor":4,"gold_loss":0,"cards_obtained":["Doubt"]},{"damage_healed":0,"gold_gain":0,"player_choice":"Fought Bandits","damage_taken":0,"max_hp_gain":0,"max_hp_loss":0,"event_name":"Masked Bandits","floor":20,"gold_loss":0},{"damage_healed":0,"gold_gain":0,"cards_transformed":["Streamline"],"player_choice":"Transformed","damage_taken":0,"max_hp_gain":0,"max_hp_loss":0,"event_name":"Transmorgrifier","floor":22,"gold_loss":0,"cards_obtained":["ReplayTheSpireMod:Reroute Power"]},{"cards_removed":["Doubt"],"damage_healed":0,"gold_gain":0,"player_choice":"Card Removal","damage_taken":0,"max_hp_gain":0,"max_hp_loss":0,"event_name":"Wheel of Change","floor":36,"gold_loss":0}],"is_beta":false,"boss_relics":[{"not_picked":["hubris:Spice","Runic Pyramid"],"picked":"Ring of Chaos"},{"not_picked":["Replay:Ancient Bell","Replay:Wanted Poster"],"picked":"hubris:Spice"}],"items_purged_floors":[25,39],"is_endless":false,"potions_floor_spawned":[7,13,14,16,20,24,27,37,41,42,46],"ascension_level":20}}