{"host":"qplg6lv14326wdmo","time":1610352135,"event":{"mods":["Act Like it!","Arknights The Spire","Aspiration","BaseMod","Dota2Spire","Downfall","Friendly Minions","Gensokyo","GungeonMod","Hunter 猎人","KinomotoSakuraMod(木之本樱)","Kiyohime（清姬）","KomeijiMod","LagranYue(拉格朗・月)","Marisa（F雨　魔理沙）","Minty Spire (QoL Compilation)","MostiFishMod","READ ME - Guardian Mod","Reimu（博丽灵梦）","Remilia（蕾米莉亚）","Shop Mod","StSLib","TestMod","The Administrix","The Bladedancer","The Gatherer","The Poker Player","WarShipGirlsR/战舰少女R mod","Yakumo Yukari mod","Youmu（魂魄妖梦）","Yuri Mod","Yuyuko","[IsaacMod]以撒尖塔","[地精首领爬塔]The Maniac","【遗物卡牌】REMEMod","篝火指南"],"gold_per_floor":[112,112,129,147,17,17,17,117,165,180,205,220,245,2,2,98,98,114,114,19,30,30,30,49,72,72,102,28,47,73,85,35,133,133,145,163,41,57,57,91,91,125,125,139,152,175,194,48,48,48,48,48,48,82,82],"floor_reached":56,"playtime":4063,"items_purged":["maniac:Strike","maniac:Strike"],"score":1457,"play_id":"07ff5c8e-4331-49ce-96f5-809abde5d9e7","local_time":"20210111160215","is_ascension_mode":false,"campfire_choices":[{"floor":6,"key":"RECALL"},{"data":"maniac:BladesInCloak","floor":15,"key":"SMITH"},{"data":"maniac:BladesInCloak","floor":23,"key":"SMITH"},{"data":"DoctorFetus","floor":41,"key":"SMITH"},{"data":"maniac:ShelteringEdge","floor":49,"key":"SMITH"},{"data":"maniac:SpectralKnives","floor":52,"key":"SMITH"}],"circlet_count":0,"master_deck":["maniac:Strike","maniac:Strike+1","maniac:Strike","maniac:Defend","maniac:Defend","maniac:Defend+1","maniac:Defend","DoctorFetus+1","maniac:Quickdraw","maniac:BladeShoot","maniac:SpectralKnives+1","maniac:ColdHeart+1","maniac:ShelteringEdge+1","maniac:BladesInCloak+1","maniac:ArmToTheTeeth+1","maniac:DashForward","maniac:BladesInCloak+1","maniac:RallyToMe","maniac:Refine+1","maniac:ArmToTheTeeth+1","maniac:Confront+1","maniac:BladesInCloak+1","maniac:SpectralKnives+1","maniac:ShelteringEdge+1","maniac:ShadowContact","maniac:BladesInCloak+1","maniac:PanickyParry+1","maniac:PanickyParry+1","maniac:UntravelledPath","maniac:SeekerKnife+1","maniac:SeeingDetails","maniac:Reforge+1","maniac:Assassinate+1","maniac:PerceiveDanger+1"],"relics":["maniac:DamagedAnvil","maniac:BrokenHorn","HushsDoor","REME_ComplimentaryCards","DaveBox","testmod-TestBox","LagranYue:RandomDrawCardRelic","testmod-Fanaticism","BirthdayGift-Tetrahedron","SteamSale","NeowsBlessing","SynthV:TestCard","DemoMod:WhiteGuonStone","DemoMod:GnawedKey","Mercury Hourglass","testmod-Charity","Gremlin Horn","testmod-NegativeEmotionEnhancer","BloodBag","Dota2Spire:OrchidMalevolence","Dota2Spire:PhaseBoots","Bag of Preparation","ScarletDevilRocket","DollysMirror","Nunchaku","testmod-Nine","REME_LimitBreaker","Regal Pillow","TuHaoJin","Bottled Lightning","Juzu Bracelet","Guardian:PocketSentry","Technique","Shuriken"],"acts_visited":["Exordium","TheCity","TheBeyond","TheEnding"],"potions_floor_usage":[11,11,11,24,29,30,33,33,33,36,55,55,55],"damage_taken":[{"damage":0,"enemies":"Jaw Worm","floor":1,"turns":1},{"damage":0,"enemies":"Small Slimes","floor":3,"turns":1},{"damage":0,"enemies":"2 Louse","floor":4,"turns":1},{"damage":0,"enemies":"Gremlin Gang","floor":10,"turns":2},{"damage":0,"enemies":"3 Sentries","floor":11,"turns":2},{"damage":1,"enemies":"Blue Slaver","floor":12,"turns":2},{"damage":0,"enemies":"Gremlin Nob","floor":13,"turns":3},{"damage":8,"enemies":"The Guardian","floor":16,"turns":3},{"damage":20,"enemies":"Shell Parasite","floor":18,"turns":2},{"damage":4,"enemies":"Spheric Guardian","floor":21,"turns":3},{"damage":2,"enemies":"Snake Plant","floor":24,"turns":2},{"damage":59,"enemies":"REME_1_Revenger","floor":27,"turns":3},{"damage":15,"enemies":"Shelled Parasite and Fungi","floor":29,"turns":2},{"damage":2,"enemies":"Gremlin Leader","floor":30,"turns":2},{"damage":2,"enemies":"Centurion and Healer","floor":31,"turns":2},{"damage":4,"enemies":"Automaton","floor":33,"turns":3},{"damage":1,"enemies":"3 Shapes","floor":35,"turns":1},{"damage":13,"enemies":"Orb Walker","floor":36,"turns":2},{"damage":4,"enemies":"Sphere and 2 Shapes","floor":38,"turns":3},{"damage":4,"enemies":"Giant Head","floor":40,"turns":3},{"damage":22,"enemies":"Nemesis","floor":42,"turns":3},{"damage":18,"enemies":"Maw","floor":44,"turns":4},{"damage":25,"enemies":"Writhing Mass","floor":45,"turns":3},{"damage":15,"enemies":"Spire Growth","floor":47,"turns":3},{"damage":33,"enemies":"Awakened One","floor":50,"turns":4},{"damage":69,"enemies":"Shield and Spear","floor":54,"turns":3},{"damage":38,"enemies":"The Heart","floor":55,"turns":5}],"seed_played":"8206781238377568709","potions_obtained":[{"floor":1,"key":"LiquidMemories"},{"floor":3,"key":"DistilledChaos"},{"floor":12,"key":"Energy Potion"},{"floor":13,"key":"FearPotion"},{"floor":27,"key":"PowerPotion"},{"floor":29,"key":"SneckoOil"},{"floor":30,"key":"CultistPotion"},{"floor":33,"key":"AttackPotion"},{"floor":36,"key":"testmod-SpacePotion"},{"floor":38,"key":"Swift Potion"},{"floor":44,"key":"LiquidBronze"},{"floor":47,"key":"Guardian:BlockOnCardUsePotion"}],"is_trial":false,"path_per_floor":["M","?","M","M","$","R","?","?","T","M","E","M","E","$","R","B",null,"M","?","$","M","$","R","M","T","T","E","R","M","E","M","R","B",null,"M","M","$","M","?","E","R","E","T","M","M","T","M","$","R","B",null,"R","$","E","B",null],"character_chosen":"THE_MANIAC","items_purchased":["DemoMod:WhiteGuonStone","DemoMod:GnawedKey","testmod-Charity","Gremlin Horn","Dota2Spire:OrchidMalevolence","DollysMirror","REME_LimitBreaker","Guardian:PocketSentry","Technique"],"campfire_rested":0,"item_purchase_floors":[5,5,14,14,20,28,37,48,48],"current_hp_per_floor":[80,64,64,64,64,64,64,64,64,64,64,63,64,64,64,68,81,65,93,100,99,99,99,101,102,102,49,49,42,45,47,47,56,122,124,122,122,124,124,130,130,132,132,134,133,134,137,137,137,140,140,140,140,131,143],"gold":82,"neow_bonus":"THREE_ENEMY_KILL","is_daily":false,"chose_seed":false,"campfire_upgraded":5,"win_rate":0.0,"timestamp":1610352135,"path_taken":["M","?","M","M","$","R","?","?","T","?","E","?","E","?","R","BOSS","M","?","$","M","?","R","M","?","T","E","R","M","E","M","R","BOSS","M","M","$","M","?","E","R","E","T","M","M","?","M","$","R","BOSS","R","$","E","BOSS"],"items_purchased_type":["Relic","Relic","Relic","Relic","Relic","Relic","Relic","Relic","Relic"],"build_version":"2020-12-22","purchased_purges":2,"victory":true,"max_hp_per_floor":[80,80,80,80,80,80,80,80,80,80,80,80,80,80,80,81,81,83,93,107,109,109,109,111,112,112,114,114,116,118,120,120,122,122,124,126,126,128,128,130,130,132,132,134,136,137,139,139,139,140,140,140,140,142,143],"card_choices":[{"not_picked":[],"picked":"DoctorFetus","floor":0},{"not_picked":["maniac:PerceiveDanger","maniac:Intimidate"],"picked":"maniac:Quickdraw","floor":1},{"not_picked":["maniac:DashForward","maniac:PanickyParry","maniac:Assassinate","maniac:ListenToNone"],"picked":"maniac:BladeShoot","floor":3},{"not_picked":["maniac:WardAndDefend","maniac:AlleviatingSorcery","maniac:Reforge","maniac:Confront"],"picked":"maniac:SpectralKnives","floor":4},{"not_picked":["maniac:UndyingDesire","maniac:Assassinate","maniac:SorceryHour","maniac:PanickyParry"],"picked":"maniac:ShelteringEdge","floor":8},{"not_picked":["maniac:UntravelledPath","maniac:MeleeStrike","maniac:DashForward","maniac:Simulacrum"],"picked":"maniac:BladesInCloak","floor":10},{"not_picked":["maniac:FindAShortcut","maniac:UndyingDesire","maniac:MeleeStrike","maniac:SpectralFlash"],"picked":"maniac:ArmToTheTeeth","floor":11},{"not_picked":["maniac:Refine","maniac:UndyingDesire","maniac:MeleeStrike","maniac:ListenToNone"],"picked":"maniac:DashForward","floor":12},{"not_picked":["maniac:Precision","maniac:Confront","maniac:DashForward","maniac:UntravelledPath"],"picked":"maniac:BladesInCloak","floor":13},{"not_picked":["maniac:UnseenTerror","maniac:FanTheHammer","maniac:Simulacrum","maniac:Collecting"],"picked":"maniac:RallyToMe","floor":16},{"not_picked":["maniac:ListenToNone","maniac:Traceback+1","maniac:SpectralKnives","maniac:Intimidate"],"picked":"maniac:Refine+1","floor":18},{"not_picked":["maniac:Trap","maniac:ShelteringEdge","maniac:Blastwave","maniac:ShiftingShadows"],"picked":"maniac:ArmToTheTeeth+1","floor":21},{"not_picked":["maniac:PanickyParry","maniac:Intimidate","maniac:WardAndDefend","maniac:Exterminator"],"picked":"maniac:Confront+1","floor":24},{"not_picked":["maniac:WardAndDefend","maniac:DashForward+1","maniac:ColdHeart","maniac:Simulacrum","maniac:Refine"],"picked":"SKIP","floor":27},{"not_picked":["maniac:DashForward+1","maniac:MeleeStrike","maniac:BladesInCloak","maniac:UntravelledPath+1"],"picked":"maniac:SpectralKnives+1","floor":29},{"not_picked":["maniac:UndyingDesire","maniac:Reforge","maniac:UnseenTerror","maniac:PerceiveDanger+1","maniac:ListenToNone+1"],"picked":"SKIP","floor":30},{"not_picked":["maniac:DashForward","maniac:PanickyParry","maniac:Infuriate","maniac:BladeShoot"],"picked":"maniac:ShelteringEdge+1","floor":31},{"not_picked":["maniac:Trap","maniac:ExceedEnchantment","maniac:TwistedEddies","maniac:RallyToMe"],"picked":"maniac:ShadowContact","floor":33},{"not_picked":["maniac:ShelteringEdge","maniac:PanickyParry+1","maniac:WardAndDefend+1","maniac:UntravelledPath"],"picked":"maniac:BladesInCloak+1","floor":35},{"not_picked":["maniac:ManipulatedFaith+1","maniac:AlleviatingSorcery+1","maniac:FindAShortcut","maniac:DashForward+1"],"picked":"maniac:PanickyParry+1","floor":36},{"not_picked":["maniac:ReconstructWounds","maniac:UndyingDesire","maniac:FindAShortcut","maniac:ShiftingShadows+1"],"picked":"maniac:PanickyParry+1","floor":38},{"not_picked":["maniac:SpectralKnives+1","maniac:Traceback","maniac:MeleeStrike","maniac:PanickyParry+1"],"picked":"maniac:SeekerKnife+1","floor":40},{"not_picked":["maniac:UnseenTerror","maniac:ListenToNone+1","maniac:PanickyParry+1","maniac:Recollect+1"],"picked":"maniac:SeeingDetails","floor":42},{"not_picked":["maniac:TimeForm","maniac:SpectralKnives","maniac:TorturousScreams+1","maniac:SeekerKnife"],"picked":"maniac:Reforge+1","floor":44},{"not_picked":["maniac:WardAndDefend","maniac:Whirlscythe","maniac:Exterminator","maniac:PanickyParry"],"picked":"maniac:Assassinate+1","floor":45},{"not_picked":["maniac:Intimidate","maniac:FindAShortcut+1","maniac:UntravelledPath+1","maniac:ShelteringEdge+1"],"picked":"maniac:PerceiveDanger+1","floor":47},{"not_picked":["maniac:Intimidate+1","maniac:ExpectedMoves","maniac:Refine+1","maniac:PanickyParry","maniac:SpectralFlash"],"picked":"SKIP","floor":54}],"player_experience":453075,"relics_obtained":[{"floor":1,"key":"SynthV:TestCard"},{"floor":11,"key":"Mercury Hourglass"},{"floor":13,"key":"BloodDonationMachine"},{"floor":25,"key":"Dota2Spire:PhaseBoots"},{"floor":26,"key":"Bag of Preparation"},{"floor":27,"key":"ScarletDevilRocket"},{"floor":30,"key":"Nunchaku"},{"floor":40,"key":"Regal Pillow"},{"floor":42,"key":"TuHaoJin"},{"floor":43,"key":"Bottled Lightning"},{"floor":46,"key":"Juzu Bracelet"},{"floor":54,"key":"Shuriken"}],"event_choices":[{"damage_healed":0,"gold_gain":0,"player_choice":"Entered Light","damage_taken":16,"max_hp_gain":0,"max_hp_loss":0,"event_name":"Shining Light","floor":2,"gold_loss":0,"cards_upgraded":["maniac:Defend","maniac:Strike"]},{"damage_healed":0,"gold_gain":0,"cards_transformed":["maniac:BurnBlood"],"player_choice":"Change","damage_taken":0,"max_hp_gain":0,"max_hp_loss":0,"event_name":"Living Wall","floor":7,"gold_loss":0,"cards_obtained":["maniac:ColdHeart"]},{"cards_removed":["Gatherer:BomberForm"],"damage_healed":18,"gold_gain":0,"player_choice":"Offered Rare","damage_taken":0,"max_hp_gain":10,"max_hp_loss":0,"event_name":"Bonfire Elementals","floor":19,"gold_loss":0},{"damage_healed":0,"gold_gain":0,"cards_transformed":["maniac:AbyssShackle"],"player_choice":"Transformed","damage_taken":0,"max_hp_gain":0,"max_hp_loss":0,"event_name":"Transmorgrifier","floor":39,"gold_loss":0,"cards_obtained":["maniac:UntravelledPath"]}],"is_beta":false,"boss_relics":[{"not_picked":["testmod-EnergyCheck","REME_LowDesire"],"picked":"testmod-NegativeEmotionEnhancer"},{"not_picked":[]},{"not_picked":["Runic Pyramid","testmod-Recursion"],"picked":"testmod-Nine"},{"not_picked":[]}],"items_purged_floors":[14,32],"is_endless":false,"potions_floor_spawned":[1,3,12,13,27,29,30,33,36,38,44,47],"ascension_level":0}}