{"host":"gc9rk8b4vlc0bstx","time":1610334800,"event":{"mods":["Ascension Unlocker","BaseMod","Minty Spire (QoL Compilation)","Permanent Neow","Relic Stats","StSLib"],"gold_per_floor":[117,117,129,147,167,167,199,199,244,10,10,41,56,72,72,146,146,156,166,184,22,22,49,49,76,76,76,101,101,118,128,128,199,199,212,225,31,0,17,17,47,47,47,80,96,96,131,149,149,149,149],"floor_reached":52,"playtime":4404,"items_purged":["Strike_R"],"score":1974,"play_id":"7dae25d8-cdb7-4c6c-ae93-4d7156d39a4b","local_time":"20210110191320","is_ascension_mode":true,"campfire_choices":[{"data":"Twin Strike","floor":6.0,"key":"SMITH"},{"floor":8.0,"key":"REST"},{"data":"Spot Weakness","floor":11.0,"key":"SMITH"},{"data":"Shockwave","floor":15.0,"key":"SMITH"},{"data":"Feed","floor":27.0,"key":"SMITH"},{"data":"True Grit","floor":29.0,"key":"SMITH"},{"data":"True Grit","floor":32.0,"key":"SMITH"},{"data":"Armaments","floor":40,"key":"SMITH"},{"floor":42,"key":"REST"},{"floor":46,"key":"REST"},{"data":"Berserk","floor":49,"key":"SMITH"}],"circlet_count":0,"master_deck":["AscendersBane","Defend_R","Defend_R","Bash","Twin Strike+1","Shrug It Off","Spot Weakness+1","Shockwave+1","Flash of Steel","Immolate","Anger","Shrug It Off","Feed+1","True Grit+1","Flex+1","True Grit+1","Bite","Bite","Bite","Bite","Bite","Double Tap","Flame Barrier","Berserk+1","Armaments+1"],"relics":["Burning Blood","Toy Ornithopter","Pear","Ancient Tea Set","Bag of Preparation","Runic Pyramid","Sling","Sundial","Matryoshka","Potion Belt","Mercury Hourglass","Dead Branch","Busted Crown","PreservedInsect","Red Mask","The Courier","Vajra","Self Forming Clay","Eternal Feather","Gremlin Horn"],"acts_visited":["Exordium","TheCity","TheBeyond"],"potions_floor_usage":[41,45,51,51,51,51],"damage_taken":[{"damage":2.0,"enemies":"Cultist","floor":1.0,"turns":4.0},{"damage":10.0,"enemies":"Small Slimes","floor":3.0,"turns":4.0},{"damage":4.0,"enemies":"Jaw Worm","floor":4.0,"turns":3.0},{"damage":25.0,"enemies":"Large Slime","floor":5.0,"turns":6.0},{"damage":37.0,"enemies":"3 Sentries","floor":7.0,"turns":7.0},{"damage":17.0,"enemies":"Lagavulin","floor":12.0,"turns":5.0},{"damage":0.0,"enemies":"2 Fungi Beasts","floor":13.0,"turns":2.0},{"damage":6.0,"enemies":"Looter","floor":14.0,"turns":2.0},{"damage":36.0,"enemies":"Slime Boss","floor":16.0,"turns":7.0},{"damage":0.0,"enemies":"3 Byrds","floor":18.0,"turns":3.0},{"damage":8.0,"enemies":"Spheric Guardian","floor":19.0,"turns":4.0},{"damage":27.0,"enemies":"Snake Plant","floor":20.0,"turns":4.0},{"damage":30.0,"enemies":"Book of Stabbing","floor":23.0,"turns":4.0},{"damage":10.0,"enemies":"Gremlin Leader","floor":25.0,"turns":4.0},{"damage":14.0,"enemies":"Slavers","floor":28.0,"turns":3.0},{"damage":0.0,"enemies":"3 Cultists","floor":30.0,"turns":4.0},{"damage":6.0,"enemies":"Cultist and Chosen","floor":31.0,"turns":3.0},{"damage":72.0,"enemies":"Collector","floor":33.0,"turns":9.0},{"damage":1.0,"enemies":"3 Darklings","floor":35.0,"turns":2.0},{"damage":2.0,"enemies":"Orb Walker","floor":36.0,"turns":3.0},{"damage":39,"enemies":"Writhing Mass","floor":39,"turns":6},{"damage":51,"enemies":"Reptomancer","floor":41,"turns":5},{"damage":39,"enemies":"Nemesis","floor":44,"turns":5},{"damage":29,"enemies":"Spire Growth","floor":45,"turns":4},{"damage":24,"enemies":"Reptomancer","floor":47,"turns":4},{"damage":5,"enemies":"4 Shapes","floor":48,"turns":3},{"damage":21,"enemies":"Time Eater","floor":50,"turns":5},{"damage":114,"enemies":"Awakened One","floor":51,"turns":11}],"seed_played":"4058642469317296169","potions_obtained":[{"floor":4.0,"key":"LiquidBronze"},{"floor":5.0,"key":"SpeedPotion"},{"floor":12.0,"key":"LiquidMemories"},{"floor":16.0,"key":"AttackPotion"},{"floor":23.0,"key":"PowerPotion"},{"floor":28.0,"key":"Explosive Potion"},{"floor":31.0,"key":"SneckoOil"},{"floor":36.0,"key":"ElixirPotion"},{"floor":39,"key":"Strength Potion"},{"floor":44,"key":"SpeedPotion"},{"floor":45,"key":"SneckoOil"},{"floor":48,"key":"BloodPotion"}],"is_trial":false,"path_per_floor":["M","?","M","M","M","R","E","R","T","$","R","E","M","M","R","B",null,"M","M","M","$","?","E","?","E","T","R","E","R","M","M","R","B",null,"M","M","$","?","M","R","E","R","T","E","M","R","E","M","R","B","B",null],"character_chosen":"IRONCLAD","items_purchased":["Flash of Steel","Explosive Potion","Sling","PreservedInsect","Armaments"],"campfire_rested":3,"item_purchase_floors":[10,10,21,37,37],"current_hp_per_floor":[72,65,61,63,44,44,28,53,53,53,53,42,48,48,48,23,70,79,77,59,59,59,51,51,58,58,58,58,58,66,73,73,21,63,68,80,80,80,61,61,37,63,63,32,22,64,62,69,84,79,36],"gold":149,"neow_bonus":"RANDOM_COMMON_RELIC","is_daily":false,"chose_seed":false,"campfire_upgraded":8,"win_rate":0.0,"timestamp":1610334800,"path_taken":["M","?","M","M","M","R","E","R","T","$","R","E","M","M","R","BOSS","M","M","M","$","?","E","?","E","T","R","E","R","M","?","R","BOSS","M","M","$","?","M","R","E","R","T","E","M","R","E","M","R","BOSS","BOSS"],"items_purchased_type":["Card","Potion","Relic","Relic","Card"],"build_version":"2020-12-22","purchased_purges":1,"victory":true,"max_hp_per_floor":[75,75,75,75,75,75,85,85,85,85,85,85,85,85,85,85,85,88,88,91,91,63,66,66,69,69,69,69,69,69,73,73,77,77,77,81,81,81,85,85,89,89,89,89,93,93,97,101,101,105,105],"relic_stats":{"Gremlin Horn":[6,6],"counters":[28,125],"Self Forming Clay":[78],"Dead Branch":[67],"Eternal Feather":30,"PreservedInsect":173,"Bag of Preparation":[44],"Burning Blood":162,"Mercury Hourglass":[309],"Busted Crown":16,"Sundial":[4],"obtain_stats":[{"Potion Belt":26,"Pear":7,"Gremlin Horn":47,"Self Forming Clay":43,"Dead Branch":28,"Vajra":43,"Eternal Feather":44,"PreservedInsect":37,"The Courier":41,"Bag of Preparation":12,"Ancient Tea Set":9,"Sling":21,"Burning Blood":0,"Mercury Hourglass":26,"Matryoshka":25,"Busted Crown":34,"Sundial":23,"Red Mask":38,"Toy Ornithopter":0,"Runic Pyramid":17},{"Potion Belt":14,"Pear":5,"Gremlin Horn":25,"Self Forming Clay":22,"Dead Branch":15,"Vajra":22,"Eternal Feather":23,"PreservedInsect":20,"The Courier":22,"Bag of Preparation":6,"Ancient Tea Set":5,"Sling":12,"Burning Blood":0,"Mercury Hourglass":14,"Matryoshka":14,"Busted Crown":18,"Sundial":13,"Red Mask":20,"Toy Ornithopter":0,"Runic Pyramid":9},{"Potion Belt":59,"Pear":24,"Gremlin Horn":106,"Self Forming Clay":93,"Dead Branch":62,"Vajra":93,"Eternal Feather":98,"PreservedInsect":82,"The Courier":93,"Bag of Preparation":29,"Ancient Tea Set":24,"Sling":51,"Burning Blood":0,"Mercury Hourglass":59,"Matryoshka":59,"Busted Crown":77,"Sundial":55,"Red Mask":82,"Toy Ornithopter":0,"Runic Pyramid":40}],"Toy Ornithopter":51},"card_choices":[{"not_picked":["Rampage","Pommel Strike"],"picked":"Twin Strike","floor":1.0},{"not_picked":["Havoc","Anger"],"picked":"Shrug It Off","floor":3.0},{"not_picked":["Headbutt","Power Through"],"picked":"Spot Weakness","floor":4.0},{"not_picked":["Clash","Intimidate","Armaments"],"picked":"SKIP","floor":5.0},{"not_picked":["Rage","Entrench"],"picked":"Shockwave","floor":7.0},{"not_picked":["Spot Weakness","Fiend Fire"],"picked":"Immolate","floor":12.0},{"not_picked":["Searing Blow","Hemokinesis"],"picked":"Anger","floor":13.0},{"not_picked":["Cleave","Anger"],"picked":"Shrug It Off","floor":14.0},{"not_picked":["Reaper","Immolate"],"picked":"Feed","floor":16.0},{"not_picked":["Pommel Strike","Dual Wield"],"picked":"True Grit","floor":18.0},{"not_picked":["Headbutt","Warcry"],"picked":"Flex+1","floor":19.0},{"not_picked":["Warcry","Sword Boomerang"],"picked":"True Grit","floor":20.0},{"not_picked":["Metallicize","Rage"],"picked":"Double Tap","floor":23.0},{"not_picked":["Iron Wave","Metallicize"],"picked":"Flame Barrier","floor":25.0},{"not_picked":["Pummel","Hemokinesis","Entrench"],"picked":"SKIP","floor":28.0},{"not_picked":["Flame Barrier+1","Infernal Blade","Havoc"],"picked":"SKIP","floor":30.0},{"not_picked":["True Grit","Combust","Wild Strike"],"picked":"SKIP","floor":31.0},{"not_picked":["Double Tap","Feed"],"picked":"Berserk","floor":33.0},{"not_picked":["Flex"],"picked":"SKIP","floor":35.0},{"not_picked":["Havoc"],"picked":"SKIP","floor":36.0},{"not_picked":["Heavy Blade"],"picked":"SKIP","floor":39},{"not_picked":["Havoc+1"],"picked":"SKIP","floor":41},{"not_picked":["Thunderclap"],"picked":"SKIP","floor":44},{"not_picked":["Wild Strike"],"picked":"SKIP","floor":45},{"not_picked":["Clash"],"picked":"SKIP","floor":47},{"not_picked":["Wild Strike"],"picked":"SKIP","floor":48}],"player_experience":949095,"relics_obtained":[{"floor":7.0,"key":"Pear"},{"floor":9.0,"key":"Ancient Tea Set"},{"floor":12.0,"key":"Bag of Preparation"},{"floor":23.0,"key":"Sundial"},{"floor":25.0,"key":"Matryoshka"},{"floor":26.0,"key":"Potion Belt"},{"floor":26.0,"key":"Mercury Hourglass"},{"floor":28.0,"key":"Dead Branch"},{"floor":41,"key":"The Courier"},{"floor":43,"key":"Vajra"},{"floor":43,"key":"Self Forming Clay"},{"floor":44,"key":"Eternal Feather"},{"floor":47,"key":"Gremlin Horn"}],"event_choices":[{"cards_removed":["Defend_R"],"damage_healed":0.0,"max_hp_gain":0.0,"max_hp_loss":0.0,"gold_gain":0.0,"event_name":"Golden Wing","player_choice":"Card Removal","floor":2.0,"gold_loss":0.0,"damage_taken":7.0},{"damage_healed":0.0,"max_hp_gain":0.0,"max_hp_loss":28.0,"gold_gain":0.0,"event_name":"Vampires","player_choice":"Became a vampire","floor":22.0,"gold_loss":0.0,"damage_taken":0.0,"cards_obtained":["Bite","Bite","Bite","Bite","Bite"]},{"cards_removed":["Defend_R"],"damage_healed":0.0,"max_hp_gain":0.0,"max_hp_loss":0.0,"gold_gain":0.0,"event_name":"Back to Basics","player_choice":"Elegance","floor":24.0,"gold_loss":0.0,"damage_taken":0.0},{"damage_healed":0,"gold_gain":0,"player_choice":"Paid","damage_taken":0,"relics_obtained":["Red Mask"],"max_hp_gain":0,"max_hp_loss":0,"event_name":"Tomb of Lord Red Mask","floor":38,"gold_loss":31}],"is_beta":false,"boss_relics":[{"not_picked":["Pandora\u0027s Box","Ectoplasm"],"picked":"Runic Pyramid"},{"not_picked":["Black Star","Sozu"],"picked":"Busted Crown"}],"items_purged_floors":[10],"is_endless":false,"potions_floor_spawned":[4,5,12,14,16,18,23,28,31,36,39,44,45,48],"ascension_level":20}}