{"host":"uv231blk40vjdojr","time":1610393349,"event":{"mods":["AchievementEnabler","BaseMod","Bestiary","Minty Spire (QoL Compilation)","Relic Stats"],"gold_per_floor":[110,110,110,110,120,151,151,101,155,155,196,212,236,15,15,134,134,153,153,177,177,198,233,233,266,316,316,316],"floor_reached":27,"playtime":905,"items_purged":["Strike_P"],"score":259,"play_id":"aae43a01-95be-40b2-8ced-ef2e527bd1ec","local_time":"20210111202909","is_ascension_mode":false,"campfire_choices":[{"data":"CrushJoints","floor":7,"key":"SMITH"},{"data":"LikeWater","floor":15,"key":"SMITH"},{"floor":24,"key":"REST"}],"circlet_count":0,"master_deck":["Eruption+1","Vigilance+1","CurseOfTheBell","CrushJoints+1","FlyingSleeves","LikeWater+1","FearNoEvil","Adaptation","FlyingSleeves","WindmillStrike","FlyingSleeves","Scrawl+1","EmptyBody+1","Tantrum+1","FlurryOfBlows"],"relics":["Calling Bell","Juzu Bracelet","Matryoshka","StoneCalendar","Omamori","Kunai","Nunchaku","Golden Idol","Shuriken","Pandora\u0027s Box","CaptainsWheel","Frozen Egg 2","Toxic Egg 2","War Paint","Bag of Marbles"],"acts_visited":["Exordium","TheCity"],"potions_floor_usage":[6,20],"damage_taken":[{"damage":4,"enemies":"Jaw Worm","floor":1,"turns":6},{"damage":0,"enemies":"Small Slimes","floor":5,"turns":4},{"damage":27,"enemies":"3 Sentries","floor":6,"turns":5},{"damage":12,"enemies":"Lagavulin","floor":11,"turns":7},{"damage":0,"enemies":"Cultist","floor":12,"turns":3},{"damage":0,"enemies":"Blue Slaver","floor":13,"turns":2},{"damage":21,"enemies":"The Guardian","floor":16,"turns":10},{"damage":3,"enemies":"Shell Parasite","floor":18,"turns":4},{"damage":10,"enemies":"2 Thieves","floor":20,"turns":3},{"damage":1,"enemies":"Snecko","floor":22,"turns":3},{"damage":45,"enemies":"Gremlin Leader","floor":23,"turns":4},{"damage":23,"enemies":"Book of Stabbing","floor":25,"turns":4},{"damage":12,"enemies":"Centurion and Healer","floor":27,"turns":1}],"seed_played":"-2168409903560144152","potions_obtained":[{"floor":5,"key":"DistilledChaos"},{"floor":13,"key":"Energy Potion"},{"floor":22,"key":"Swift Potion"},{"floor":25,"key":"BlessingOfTheForge"}],"is_trial":false,"path_per_floor":["M","?","?","?","M","E","R","?","T","?","E","M","M","$","R","B",null,"M","?","M","?","M","E","R","E","T","M"],"character_chosen":"WATCHER","items_purchased":["FearNoEvil","Adaptation"],"campfire_rested":1,"item_purchase_floors":[14,14],"current_hp_per_floor":[68,68,68,68,68,41,41,41,41,41,29,29,29,29,29,8,67,64,64,54,54,53,8,28,5,5,0,0],"gold":316,"neow_bonus":"BOSS_RELIC","is_daily":false,"chose_seed":false,"campfire_upgraded":2,"win_rate":0.0,"timestamp":1610393349,"path_taken":["M","?","?","?","M","E","R","?","T","?","E","M","M","$","R","BOSS","M","?","M","?","M","E","R","E","T","M"],"items_purchased_type":["Card","Card"],"build_version":"2020-12-22","purchased_purges":1,"victory":false,"max_hp_per_floor":[72,72,72,72,72,72,72,72,72,67,67,67,67,67,67,67,67,67,67,67,67,67,67,67,67,67,67,67],"relic_stats":{"Nunchaku":[7],"counters":[13,56],"Golden Idol":67,"Shuriken":[11],"StoneCalendar":[70],"Pandora\u0027s Box":["FlyingSleeves","WindmillStrike","Alpha","FlyingSleeves","Scrawl","EmptyBody"],"Juzu Bracelet":1,"Kunai":[12],"War Paint":["Scrawl","EmptyBody"],"obtain_stats":[{"Golden Idol":10,"StoneCalendar":0,"Juzu Bracelet":0,"Omamori":6,"Frozen Egg 2":23,"War Paint":26,"Calling Bell":0,"Nunchaku":9,"CaptainsWheel":21,"Matryoshka":0,"Shuriken":11,"Pandora\u0027s Box":17,"Bag of Marbles":26,"Kunai":9,"PureWater":0,"Toxic Egg 2":25},{"Golden Idol":3,"StoneCalendar":0,"Juzu Bracelet":0,"Omamori":3,"Frozen Egg 2":11,"War Paint":12,"Calling Bell":0,"Nunchaku":3,"CaptainsWheel":9,"Matryoshka":0,"Shuriken":4,"Pandora\u0027s Box":7,"Bag of Marbles":12,"Kunai":3,"PureWater":0,"Toxic Egg 2":12},{"Golden Idol":15,"StoneCalendar":0,"Juzu Bracelet":0,"Omamori":15,"Frozen Egg 2":51,"War Paint":55,"Calling Bell":0,"Nunchaku":15,"CaptainsWheel":44,"Matryoshka":0,"Shuriken":22,"Pandora\u0027s Box":37,"Bag of Marbles":55,"Kunai":15,"PureWater":0,"Toxic Egg 2":55}]},"card_choices":[{"not_picked":["EmptyBody","SignatureMove","Evaluate"],"picked":"SKIP","floor":1},{"not_picked":["Evaluate","WaveOfTheHand"],"picked":"CrushJoints","floor":5},{"not_picked":["ReachHeaven","MasterReality","Weave"],"picked":"SKIP","floor":6},{"not_picked":["JustLucky","PathToVictory","DeusExMachina"],"picked":"SKIP","floor":11},{"not_picked":["SashWhip","Consecrate"],"picked":"FlyingSleeves","floor":12},{"not_picked":["JustLucky","ForeignInfluence"],"picked":"LikeWater","floor":13},{"not_picked":["Fasting2","Protect"],"picked":"Tantrum+1","floor":18},{"not_picked":["WaveOfTheHand","CutThroughFate","Prostrate"],"picked":"SKIP","floor":20},{"not_picked":["Worship","Evaluate+1","SignatureMove"],"picked":"SKIP","floor":22},{"not_picked":["Vengeance","EmptyFist"],"picked":"FlurryOfBlows","floor":23},{"not_picked":["EmptyFist","CrushJoints","WreathOfFlame+1"],"picked":"SKIP","floor":25}],"player_experience":664813,"relics_obtained":[{"floor":0,"key":"Juzu Bracelet"},{"floor":0,"key":"Matryoshka"},{"floor":0,"key":"StoneCalendar"},{"floor":6,"key":"Omamori"},{"floor":9,"key":"Kunai"},{"floor":9,"key":"Nunchaku"},{"floor":11,"key":"Shuriken"},{"floor":23,"key":"Frozen Egg 2"},{"floor":25,"key":"Toxic Egg 2"},{"floor":26,"key":"War Paint"},{"floor":26,"key":"Bag of Marbles"}],"event_choices":[{"damage_healed":0,"gold_gain":0,"player_choice":"Ignored","damage_taken":0,"max_hp_gain":0,"max_hp_loss":0,"event_name":"Liars Game","floor":2,"gold_loss":0},{"damage_healed":0,"gold_gain":0,"player_choice":"Grow","damage_taken":0,"max_hp_gain":0,"max_hp_loss":0,"event_name":"Living Wall","floor":3,"gold_loss":0,"cards_upgraded":["Eruption"]},{"damage_healed":0,"gold_gain":0,"player_choice":"Upgraded","damage_taken":0,"max_hp_gain":0,"max_hp_loss":0,"event_name":"Upgrade Shrine","floor":4,"gold_loss":0,"cards_upgraded":["Vigilance"]},{"cards_removed":["Defend_P"],"damage_healed":0,"gold_gain":0,"player_choice":"Card Removal","damage_taken":0,"max_hp_gain":0,"max_hp_loss":0,"event_name":"The Cleric","floor":8,"gold_loss":50},{"damage_healed":0,"gold_gain":0,"player_choice":"Lose Max HP","damage_taken":0,"relics_obtained":["Golden Idol"],"max_hp_gain":0,"max_hp_loss":5,"event_name":"Golden Idol","floor":10,"gold_loss":0},{"cards_removed":["Alpha"],"damage_healed":0,"gold_gain":0,"player_choice":"Elegance","damage_taken":0,"max_hp_gain":0,"max_hp_loss":0,"event_name":"Back to Basics","floor":19,"gold_loss":0},{"damage_healed":0,"gold_gain":0,"player_choice":"Opened","damage_taken":0,"relics_obtained":["CaptainsWheel"],"max_hp_gain":0,"max_hp_loss":0,"event_name":"The Mausoleum","floor":21,"gold_loss":0}],"is_beta":false,"boss_relics":[{"not_picked":["SacredBark","Astrolabe"],"picked":"Pandora\u0027s Box"}],"items_purged_floors":[14],"is_endless":false,"potions_floor_spawned":[5,13,22,25],"killed_by":"Centurion and Healer","ascension_level":0}}