{"host":"94qggqh0xz0sp6ai","time":1610340009,"event":{"mods":["Abigail Mod","Act Like it!","BaseMod","CapriCore","Downfall","Friendly Minions","Gensokyo","Hermit","Jorbs\u0027s Wanderer Trilogy","Koishi","Marisa（霧雨　魔理沙）","Minty Spire (QoL Compilation)","Permanent Neow","Reimu（博??梦）","StSLib","The Alterego","The Construct","The Cursed","The Hierophant","The Immortal","The Marked","The Servant 0.9.4","TheBandit","Waifu the Spire"],"gold_per_floor":[111,123,53,74,88,88,122,122,192,192,192,217,243,243,243,233,233],"floor_reached":16,"playtime":684,"items_purged":[],"score":121,"play_id":"d35c4da5-f490-4922-beaa-9693b2f0d896","local_time":"20210110224009","is_ascension_mode":true,"campfire_choices":[{"data":"hierophant:Doomsaying","floor":6,"key":"SMITH"},{"floor":8,"key":"DIG"},{"floor":10,"key":"DIG"},{"floor":15,"key":"REST"}],"circlet_count":0,"master_deck":["hierophant:Strike_Hierophant","hierophant:Strike_Hierophant","hierophant:Strike_Hierophant","hierophant:Strike_Hierophant","hierophant:Punish","hierophant:Defend_Hierophant","hierophant:Defend_Hierophant","hierophant:Defend_Hierophant","hierophant:Defend_Hierophant","hierophant:ChurchCoffers","hierophant:RepressedViolence","hierophant:OrnateJavelin","hierophant:SealAway","hierophant:PristineSoul","hierophant:Doomsaying+1","hierophant:OrnateBuckler","hierophant:OrnateBuckler","hierophant:OrnateJavelin","hierophant:MorningPrayer"],"relics":["hierophant:PropheticMaskRelic","Shovel","Nunchaku","Question Card","Eternal Feather","CeramicFish","Golden Idol"],"acts_visited":["Exordium"],"potions_floor_usage":[12,13],"damage_taken":[{"damage":1,"enemies":"Cultist","floor":1,"turns":3},{"damage":9,"enemies":"Jaw Worm","floor":2,"turns":3},{"damage":0,"enemies":"2 Louse","floor":4,"turns":2},{"damage":5,"enemies":"Red Slaver","floor":5,"turns":4},{"damage":24,"enemies":"3 Sentries","floor":7,"turns":14},{"damage":6,"enemies":"Gremlin Nob","floor":12,"turns":3},{"damage":7,"enemies":"Gremlin Gang","floor":13,"turns":4},{"damage":37,"enemies":"Hexaghost","floor":16,"turns":15}],"seed_played":"-1138429337010784181","potions_obtained":[{"floor":4,"key":"Swift Potion"},{"floor":7,"key":"LiquidBronze"}],"is_trial":false,"path_per_floor":["M","M","$","M","M","R","E","R","T","R","?","E","M","?","R","B"],"character_chosen":"HIEROPHANT","items_purchased":["hierophant:PristineSoul"],"campfire_rested":1,"item_purchase_floors":[3],"current_hp_per_floor":[74,65,65,65,60,60,36,36,36,36,36,30,23,5,36,0,0],"gold":233,"neow_bonus":"THREE_CARDS","is_daily":false,"chose_seed":false,"campfire_upgraded":1,"win_rate":0.0,"timestamp":1610340009,"path_taken":["M","M","?","M","M","R","E","R","T","R","?","E","?","?","R","BOSS"],"items_purchased_type":["Card"],"build_version":"2020-12-22","purchased_purges":0,"victory":false,"max_hp_per_floor":[75,75,75,75,75,75,75,75,75,75,75,75,75,75,75,75,75],"card_choices":[{"not_picked":["hierophant:Glossolalia","hierophant:Alms"],"picked":"hierophant:RepressedViolence","floor":0},{"not_picked":["hierophant:Doubloon","hierophant:RustyCrate"],"picked":"hierophant:OrnateJavelin","floor":1},{"not_picked":["hierophant:RepressedViolence","hierophant:Exaltation"],"picked":"hierophant:SealAway","floor":2},{"not_picked":["hierophant:Charity","hierophant:MirrorShield"],"picked":"hierophant:Doomsaying","floor":4},{"not_picked":["hierophant:Sermon","hierophant:Encroach"],"picked":"hierophant:OrnateBuckler","floor":5},{"not_picked":["hierophant:LocustPlague","hierophant:HammerAndAnvil"],"picked":"hierophant:OrnateBuckler","floor":7},{"not_picked":["hierophant:Anathema","hierophant:OrnateBuckler","hierophant:FlamingChariot"],"picked":"hierophant:OrnateJavelin","floor":12},{"not_picked":["hierophant:ThreeLashes","hierophant:RepressedViolence","hierophant:LocustPlague"],"picked":"hierophant:MorningPrayer","floor":13}],"player_experience":1370633,"relics_obtained":[{"floor":7,"key":"Shovel"},{"floor":8,"key":"Nunchaku"},{"floor":9,"key":"Question Card"},{"floor":10,"key":"Eternal Feather"},{"floor":12,"key":"CeramicFish"}],"event_choices":[{"damage_healed":0,"gold_gain":0,"player_choice":"0 cards matched","damage_taken":0,"max_hp_gain":0,"max_hp_loss":0,"event_name":"Match and Keep!","floor":11,"gold_loss":0,"cards_obtained":[]},{"damage_healed":0,"gold_gain":0,"player_choice":"Take Damage","damage_taken":18,"relics_obtained":["Golden Idol"],"max_hp_gain":0,"max_hp_loss":0,"event_name":"Golden Idol","floor":14,"gold_loss":0}],"is_beta":false,"boss_relics":[],"items_purged_floors":[],"is_endless":false,"potions_floor_spawned":[4,7],"killed_by":"Hexaghost","ascension_level":2}}