{"host":"hw13b7hbn5su36xt","time":1610377843,"event":{"mods":["2.2 Compatiblity","BaseMod","Bestiary","Colored Map","Colored Powertips","Curses Come First","Dark Map","Downfall","Minty Spire (QoL Compilation)","RNG Fix","Relic Filter","Relic Sorter","Relic Stats","StSLib"],"gold_per_floor":[99,99,99,249,11,11,11,41,53,53,153,165,181,210,225,329,329,254,272,64,79,79,105,186,186,218,143,143,143,169,169,181,276,276,201,216,230,230,246,2,2,29,29,46,46,46,61,3,20,20],"floor_reached":51,"playtime":2977,"items_purged":["champ:Devastate"],"score":1087,"play_id":"13eda909-3d57-4fae-a51b-95bf378c0500","local_time":"20210111151043","is_ascension_mode":true,"campfire_choices":[{"data":"champ:Execute","floor":1.0,"key":"SMITH"},{"data":"champ:SkillfulDodge","floor":18,"key":"SMITH"},{"floor":27,"key":"RECALL"},{"data":"expansioncontent:DashGenerateEvil","floor":35,"key":"SMITH"},{"floor":43,"key":"REST"}],"circlet_count":0,"master_deck":["champ:Strike","champ:Strike","champ:Defend","champ:Defend","champ:Defend","champ:Execute+1","champ:Taunt","champ:TornadoPunch+1","champ:DefensiveStyle","champ:SkillfulDodge+1","champ:ShieldSigil","champ:DefensiveStyle","champ:RageSigil","champ:ShieldSlam","champ:Improvising+1","champ:TornadoPunch","champ:RecklessLeap","champ:ShieldSigil","champ:DefensiveShout","champ:CheapShot","expansioncontent:DashGenerateEvil+1","champ:Circumvent","champ:ViciousMockery","champ:RapidStrikes","champ:RisingSlash","champ:DefensiveStyle","champ:ShieldThrow","champ:EnGarde","champ:ShieldWall+1","champ:FalseCounter","expansioncontent:ChargeUp","expansioncontent:DefensiveStance","expansioncontent:TimeRipple","Blind"],"relics":["champ:ChampionCrown","downfall:HeartsMalice","Matryoshka","CaptainsWheel","Bottled Tornado","Bottled Flame","Prayer Wheel","Bird Faced Urn","Philosopher\u0027s Stone","downfall:HeartBlessingGreen","Juzu Bracelet","downfall:HeartBlessingBlue","MealTicket","downfall:RedIOU","SlaversCollar","downfall:HeartBlessingRed","champ:DefensiveTrainingManual","White Beast Statue","Ancient Tea Set","Lizard Tail"],"acts_visited":["Exordium","TheCity","TheBeyond","TheEnding"],"potions_floor_usage":[20,42,47,48,50],"damage_taken":[{"damage":0.0,"enemies":"Jaw Worm","floor":2.0,"turns":1.0},{"damage":0.0,"enemies":"2 Louse","floor":3.0,"turns":1.0},{"damage":0.0,"enemies":"downfall:FleeingMerchant","floor":5.0,"turns":1.0},{"damage":30.0,"enemies":"3 Sentries","floor":8.0,"turns":7.0},{"damage":0.0,"enemies":"Small Slimes","floor":9.0,"turns":2.0},{"damage":43.0,"enemies":"downfall:Heads","floor":11.0,"turns":7.0},{"damage":1.0,"enemies":"2 Fungi Beasts","floor":12.0,"turns":2.0},{"damage":2.0,"enemies":"Red Slaver","floor":13.0,"turns":3.0},{"damage":13.0,"enemies":"Lagavulin","floor":14.0,"turns":8.0},{"damage":0.0,"enemies":"3 Louse","floor":15.0,"turns":1.0},{"damage":15.0,"enemies":"downfall:Ironclad","floor":16.0,"turns":6.0},{"damage":24,"enemies":"Chosen","floor":19,"turns":4},{"damage":20,"enemies":"downfall:FleeingMerchant","floor":20,"turns":4},{"damage":0,"enemies":"Snecko","floor":21,"turns":4},{"damage":3,"enemies":"Gremlin Leader","floor":26,"turns":5},{"damage":0,"enemies":"Cultist and Chosen","floor":32,"turns":4},{"damage":35,"enemies":"downfall:Silent","floor":33,"turns":8},{"damage":2,"enemies":"Orb Walker","floor":36,"turns":2},{"damage":31,"enemies":"3 Darklings","floor":37,"turns":5},{"damage":9,"enemies":"Writhing Mass","floor":39,"turns":5},{"damage":15,"enemies":"downfall:FleeingMerchant","floor":40,"turns":5},{"damage":49,"enemies":"Nemesis","floor":42,"turns":7},{"damage":0,"enemies":"Sphere and 2 Shapes","floor":44,"turns":4},{"damage":0,"enemies":"Spire Growth","floor":47,"turns":5},{"damage":24,"enemies":"downfall:FleeingMerchant","floor":48,"turns":3},{"damage":12,"enemies":"Jaw Worm Horde","floor":49,"turns":4},{"damage":39,"enemies":"downfall:Defect","floor":50,"turns":6}],"seed_played":"-4311750602544440281","potions_obtained":[{"floor":9.0,"key":"Block Potion"},{"floor":12.0,"key":"Dexterity Potion"},{"floor":13.0,"key":"Fire Potion"},{"floor":14.0,"key":"Explosive Potion"},{"floor":16.0,"key":"Fire Potion"},{"floor":19,"key":"SteroidPotion"},{"floor":37,"key":"SpeedPotion"},{"floor":42,"key":"LiquidMemories"},{"floor":44,"key":"sneckomod:MuddlingPotion"},{"floor":47,"key":"DuplicationPotion"},{"floor":48,"key":"CultistPotion"}],"is_trial":false,"path_per_floor":["R","M","M","?","$","T","T","E","M","?","?","M","M","E","M","B",null,"R","M","$","M","?","T","T","?","E","R","?","?","T","?","M","B",null,"R","M","M","?","M","$","T","E","R","M","?","?","M","$","M","B",null],"character_chosen":"THE_CHAMP","items_purchased":["Matryoshka","expansioncontent:DashGenerateEvil","champ:DefensiveTrainingManual","Lizard Tail","Blind"],"campfire_rested":1,"item_purchase_floors":[5,20,40,48,48],"current_hp_per_floor":[90,90,90,90,90,90,90,65,65,75,32,31,29,21,23,29,100,100,100,100,100,100,100,100,80,83,93,93,93,93,93,97,80,115,115,113,101,101,104,115,115,89,115,115,105,105,115,91,97,79],"gold":20,"neow_bonus":"THREE_ENEMY_KILL","is_daily":false,"chose_seed":false,"campfire_upgraded":3,"win_rate":0.0,"timestamp":1610377843,"path_taken":["R","M","M","?","$","?","T","E","M","?","?","M","M","E","M","BOSS","R","M","$","M","?","?","T","?","E","R","?","?","?","?","M","BOSS","R","M","M","?","M","$","T","E","R","M","?","?","M","$","M","BOSS"],"items_purchased_type":["Relic","Card","Relic","Relic","Card"],"build_version":"2020-12-22","purchased_purges":1,"victory":true,"max_hp_per_floor":[90,90,90,90,90,90,90,90,90,100,100,100,100,100,100,100,100,100,100,100,100,100,100,100,105,105,115,115,115,115,115,115,115,115,115,115,115,115,115,115,115,115,115,115,115,115,115,115,115,115],"relic_stats":{"Lizard Tail":0,"counters":[27,111],"Bird Faced Urn":[80],"Prayer Wheel":13,"MealTicket":11,"Juzu Bracelet":2,"obtain_stats":[{"downfall:HeartBlessingRed":35,"champ:ChampionCrown":0,"downfall:HeartsMalice":0,"downfall:HeartBlessingGreen":18,"Juzu Bracelet":23,"Bottled Tornado":7,"Ancient Tea Set":42,"White Beast Statue":41,"SlaversCollar":34,"CaptainsWheel":6,"Bottled Flame":7,"Lizard Tail":48,"Matryoshka":5,"Ornamental Fan":26,"downfall:HeartBlessingBlue":27,"champ:DefensiveTrainingManual":40,"Bird Faced Urn":14,"Tiny Chest":6,"Prayer Wheel":8,"Philosopher\u0027s Stone":17,"MealTicket":30,"downfall:RedIOU":31},{"downfall:HeartBlessingRed":17,"champ:ChampionCrown":0,"downfall:HeartsMalice":0,"downfall:HeartBlessingGreen":11,"Juzu Bracelet":14,"Bottled Tornado":3,"Ancient Tea Set":22,"White Beast Statue":21,"SlaversCollar":17,"CaptainsWheel":3,"Bottled Flame":3,"Lizard Tail":25,"Matryoshka":3,"Ornamental Fan":15,"downfall:HeartBlessingBlue":15,"champ:DefensiveTrainingManual":21,"Bird Faced Urn":9,"Tiny Chest":3,"Prayer Wheel":4,"Philosopher\u0027s Stone":11,"MealTicket":15,"downfall:RedIOU":15},{"downfall:HeartBlessingRed":65,"champ:ChampionCrown":0,"downfall:HeartsMalice":0,"downfall:HeartBlessingGreen":36,"Juzu Bracelet":48,"Bottled Tornado":0,"Ancient Tea Set":89,"White Beast Statue":82,"SlaversCollar":65,"CaptainsWheel":0,"Bottled Flame":0,"Lizard Tail":101,"Matryoshka":0,"Ornamental Fan":53,"downfall:HeartBlessingBlue":53,"champ:DefensiveTrainingManual":82,"Bird Faced Urn":29,"Tiny Chest":0,"Prayer Wheel":7,"Philosopher\u0027s Stone":36,"MealTicket":53,"downfall:RedIOU":53}]},"card_choices":[{"not_picked":["champ:StanceDance","champ:Backstep"],"picked":"champ:TornadoPunch","floor":2.0},{"not_picked":["champ:FocusedGladiator","champ:ViciousMockery"],"picked":"champ:DefensiveStyle","floor":3.0},{"not_picked":["champ:DeathBlow","champ:Control"],"picked":"champ:SkillfulDodge","floor":5.0},{"not_picked":["champ:FlashCut","champ:Encircle"],"picked":"champ:ShieldSigil","floor":8.0},{"not_picked":["champ:FlashCut","champ:EndlessRage"],"picked":"champ:DefensiveStyle","floor":9.0},{"not_picked":["champ:Backstep","champ:BerserkerStyle"],"picked":"champ:RageSigil","floor":9.0},{"not_picked":["champ:StanceDance","champ:DefensiveStyle"],"picked":"champ:Improvising","floor":11.0},{"not_picked":["champ:AdrenalArmor","champ:GladiatorsShout","champ:BladeFlurry"],"picked":"SKIP","floor":12.0},{"not_picked":["champ:EndlessRage","champ:BladeFlurry","champ:GutPunch"],"picked":"SKIP","floor":12.0},{"not_picked":["champ:Backstep","champ:AdrenalArmor"],"picked":"champ:TornadoPunch","floor":13.0},{"not_picked":["champ:Backstep","champ:FocusedDefense","champ:LastStand"],"picked":"SKIP","floor":13.0},{"not_picked":["champ:Shatter","champ:DefensiveShout"],"picked":"champ:RecklessLeap","floor":14.0},{"not_picked":["champ:BringItOn","champ:EndlessRage"],"picked":"champ:ShieldSigil","floor":15.0},{"not_picked":["champ:BringItOn","champ:PerfectedStrike","champ:Backstep"],"picked":"SKIP","floor":15.0},{"not_picked":["champ:StanceDance","champ:HeartStrike"],"picked":"champ:DefensiveShout","floor":19},{"not_picked":["champ:BringItOn","champ:DefensiveShout","champ:FanOfKnives+1"],"picked":"SKIP","floor":19},{"not_picked":["champ:StrikeOfGenius","champ:AdrenalArmor"],"picked":"champ:CheapShot","floor":20},{"not_picked":["champ:GutPunch+1","champ:DefensiveShout"],"picked":"champ:Circumvent","floor":21},{"not_picked":["champ:GladiatorsShout","champ:BladeFlurry","champ:RisingSlash"],"picked":"SKIP","floor":21},{"not_picked":["champ:Backstep","champ:FanOfKnives","champ:DancingMaster"],"picked":"SKIP","floor":26},{"not_picked":["champ:FlashCut","champ:FightOn"],"picked":"champ:RisingSlash","floor":32},{"not_picked":["champ:TornadoPunch","champ:Backstep"],"picked":"champ:DefensiveStyle","floor":32},{"not_picked":["champ:Devastate","champ:LastStand"],"picked":"champ:ShieldThrow","floor":33},{"not_picked":["champ:GladiatorStyle","champ:ViciousMockery+1"],"picked":"champ:EnGarde","floor":36},{"not_picked":["champ:DefensiveShout","champ:BringItOn+1","champ:Circumvent+1"],"picked":"SKIP","floor":36},{"not_picked":["champ:CalledShot","champ:FlashCut"],"picked":"champ:ShieldWall+1","floor":37},{"not_picked":["champ:RageSigil+1","champ:TornadoPunch","champ:Devastate"],"picked":"SKIP","floor":37},{"not_picked":["champ:PreciseThrust+1","champ:GladiatorsShout+1"],"picked":"champ:FalseCounter","floor":39},{"not_picked":["champ:FanOfKnives","champ:Duel+1","champ:BringItOn+1"],"picked":"SKIP","floor":39},{"not_picked":["champ:DefensiveShout+1","champ:BringItOn","champ:Haymaker+1"],"picked":"SKIP","floor":40},{"not_picked":["champ:GutPunch","champ:BladeFlurry","champ:TornadoPunch"],"picked":"SKIP","floor":42},{"not_picked":["champ:SkillfulDodge+1","champ:Haymaker+1","champ:RageSigil"],"picked":"SKIP","floor":44},{"not_picked":["champ:PerfectedStrike","champ:DeathBlow+1","champ:CrookedStrike"],"picked":"SKIP","floor":44},{"not_picked":["expansioncontent:PrepareCrush","expansioncontent:GuardianWhirl"],"picked":"expansioncontent:ChargeUp","floor":45},{"not_picked":["expansioncontent:LastStand","expansioncontent:Flail"],"picked":"expansioncontent:DefensiveStance","floor":45},{"not_picked":["expansioncontent:SlimeTackle","expansioncontent:Torchfire"],"picked":"expansioncontent:TimeRipple","floor":45},{"not_picked":["champ:CrookedStrike","champ:FocusedBerserking+1","champ:BerserkersShout+1"],"picked":"SKIP","floor":47},{"not_picked":["champ:TornadoPunch","champ:RapidStrikes","champ:DeathBlow"],"picked":"SKIP","floor":47},{"not_picked":["champ:GutPunch+1","champ:AdrenalArmor+1","champ:StanceDance"],"picked":"SKIP","floor":48},{"not_picked":["champ:GladiatorsShout+1","champ:PerfectForm","champ:BladeFlurry"],"picked":"SKIP","floor":49},{"not_picked":["champ:RageSigil","champ:BerserkerStyle+1","champ:Backstep"],"picked":"SKIP","floor":49}],"player_experience":360465,"relics_obtained":[{"floor":6.0,"key":"Tiny Chest"},{"floor":6.0,"key":"CaptainsWheel"},{"floor":7.0,"key":"Bottled Tornado"},{"floor":7.0,"key":"Bottled Flame"},{"floor":8.0,"key":"Prayer Wheel"},{"floor":14.0,"key":"Bird Faced Urn"},{"floor":23,"key":"Juzu Bracelet"},{"floor":26,"key":"Ornamental Fan"},{"floor":30,"key":"MealTicket"},{"floor":41,"key":"White Beast Statue"},{"floor":42,"key":"Ancient Tea Set"}],"event_choices":[{"damage_healed":0,"gold_gain":0,"cards_transformed":["champ:Defend","champ:Strike"],"player_choice":"Became Test Subject","damage_taken":0,"max_hp_gain":0,"max_hp_loss":0,"event_name":"Drug Dealer","floor":22,"gold_loss":0,"cards_obtained":["champ:ViciousMockery","champ:RapidStrikes"]},{"damage_healed":0,"gold_gain":0,"player_choice":"Upgraded","damage_taken":0,"max_hp_gain":0,"max_hp_loss":0,"event_name":"Upgrade Shrine","floor":38,"gold_loss":0,"cards_upgraded":["champ:Improvising"]}],"is_beta":false,"boss_relics":[{"not_picked":["Calling Bell","downfall:Hecktoplasm"],"picked":"Philosopher\u0027s Stone"},{"not_picked":["Empty Cage","SacredBark"],"picked":"SlaversCollar"}],"items_purged_floors":[40],"is_endless":false,"potions_floor_spawned":[9,12,13,14,16,19,37,42,44,47,48,49],"ascension_level":1}}