{"host":"mfnyjbfkyfsz33u9","time":1610368614,"event":{"mods":["2.2 Compatiblity","BaseMod","Colored Powertips","Downfall","Marisa£¨Ùöéë¡¡Øª×âÞÞ£©","Minty Spire (QoL Compilation)","Rare Cards Sparkle","Replay The Spire","StSLib","SuperFastMode","The Cursed"],"gold_per_floor":[116,116,291,63,63,63,96,106,183,196,211,244,257,272,272,375,375,392,392,280,280,295,295,323,335,374,386,398,423,465,496,508,520,520],"floor_reached":33,"playtime":821,"items_purged":["Pain","Regret"],"score":336,"play_id":"eedaa9f0-e645-489b-b8ae-babd2f9ca967","local_time":"20210111213654","is_ascension_mode":true,"campfire_choices":[{"data":"Strike_R+1","floor":6,"key":"SMITH"},{"data":"Strike_R+2","floor":15,"key":"SMITH"},{"data":"Armaments","floor":23,"key":"SMITH"},{"data":"Strike_R+3","floor":27,"key":"SMITH"},{"data":"Strike_R+4","floor":32,"key":"SMITH"}],"circlet_count":0,"master_deck":["Strike_R","Strike_R","Strike_R","Strike_R+5","Defend_R","Defend_R+2","Defend_R","Defend_R+1","Bash","Sever Soul","Doubt","Dark Embrace","Reckless Charge","Limit Break","Feel No Pain","Dual Wield","Armaments+1","Offering","ReplayTheSpireMod:Limb From Limb","Evolve","RitualDagger","Rage+1","ReplayTheSpireMod:LeadingStrike+1"],"relics":["Black Blood","NeowsBlessing","Ring of Searing","Ring of Fury","Simple Rune","War Paint","Bag of Marbles","ReplayTheSpireMod:CursedCoin","Replay:Wax Seal","MawBank","MutagenicStrength","ReplayTheSpireMod:Lightbulb","Molten Egg 2","Happy Flower"],"acts_visited":["Exordium","TheCity"],"potions_floor_usage":[12,14,16,24,33],"damage_taken":[{"damage":0,"enemies":"2 Louse","floor":1,"turns":1},{"damage":0,"enemies":"Lagavulin","floor":7,"turns":1},{"damage":0,"enemies":"Small Slimes","floor":8,"turns":1},{"damage":5,"enemies":"Cultist","floor":10,"turns":2},{"damage":6,"enemies":"Blue Slaver","floor":11,"turns":2},{"damage":21,"enemies":"3 Sentries","floor":12,"turns":5},{"damage":5,"enemies":"Large Slime","floor":13,"turns":4},{"damage":8,"enemies":"Looter","floor":14,"turns":3},{"damage":36,"enemies":"Hexaghost","floor":16,"turns":8},{"damage":26,"enemies":"2 Thieves","floor":18,"turns":4},{"damage":6,"enemies":"Chosen","floor":22,"turns":3},{"damage":31,"enemies":"Book of Stabbing","floor":24,"turns":5},{"damage":14,"enemies":"Centurion and Healer","floor":29,"turns":4},{"damage":25,"enemies":"Gremlin Leader","floor":30,"turns":5},{"damage":0,"enemies":"Snake Plant","floor":31,"turns":1},{"damage":56,"enemies":"Automaton","floor":33,"turns":6}],"seed_played":"4057563416876219344","potions_obtained":[{"floor":7,"key":"Regen Potion"},{"floor":10,"key":"Guardian:BlockOnCardUsePotion"},{"floor":11,"key":"Guardian:BlockOnCardUsePotion"},{"floor":13,"key":"Block Potion"},{"floor":18,"key":"Adrenaline Potion"},{"floor":22,"key":"LiquidBronze"},{"floor":30,"key":"AttackPotion"}],"is_trial":false,"path_per_floor":["M","?","?","$","?","R","E","M","T","M","M","E","M","M","R","B",null,"M","?","$","?","M","R","E","?","T","R","T","M","E","M","R","B"],"character_chosen":"IRONCLAD","items_purchased":["Simple Rune","Evolve","ReplayTheSpireMod:CursedCoin","Replay:Wax Seal"],"campfire_rested":0,"item_purchase_floors":[4,20,20,20],"current_hp_per_floor":[80,80,80,80,80,80,80,80,80,80,80,65,66,64,64,34,80,66,66,66,60,66,66,47,47,47,47,47,45,32,44,44,0,0],"gold":520,"neow_bonus":"THREE_ENEMY_KILL","is_daily":false,"chose_seed":false,"campfire_upgraded":5,"win_rate":0.0,"timestamp":1610368614,"path_taken":["M","?","?","$","?","R","E","M","T","M","M","E","M","?","R","BOSS","M","?","$","?","M","R","E","?","T","R","?","M","E","M","R","BOSS"],"items_purchased_type":["Relic","Card","Relic","Relic"],"build_version":"2020-12-22","purchased_purges":2,"victory":false,"max_hp_per_floor":[80,80,80,80,80,80,80,80,80,80,80,80,80,80,80,80,80,80,80,80,80,80,80,80,80,80,80,80,80,80,80,80,80,80],"card_choices":[{"not_picked":["Pommel Strike","Flame Barrier"],"picked":"Sever Soul","floor":1},{"not_picked":["ReplayTheSpireMod:Corrosion Curse","Twin Strike"],"picked":"Reckless Charge","floor":7},{"not_picked":["Perfected Strike","Heavy Blade"],"picked":"Limit Break","floor":8},{"not_picked":["Pommel Strike","Hemokinesis"],"picked":"Feel No Pain","floor":10},{"not_picked":["Second Wind","Sword Boomerang","Clothesline"],"picked":"SKIP","floor":11},{"not_picked":["Power Through","Whirlwind"],"picked":"Dual Wield","floor":12},{"not_picked":["Metallicize","Iron Wave","Replay:Undeath\u0027s Touch"],"picked":"SKIP","floor":13},{"not_picked":["Replay:Undeath\u0027s Touch","Headbutt"],"picked":"Armaments","floor":14},{"not_picked":["Juggernaut","Limit Break"],"picked":"Offering","floor":16},{"not_picked":["Anger","True Grit","Feel No Pain"],"picked":"SKIP","floor":18},{"not_picked":["Wild Strike","Iron Wave","Feel No Pain"],"picked":"SKIP","floor":22},{"not_picked":["Perfected Strike","Dropkick","Flex"],"picked":"SKIP","floor":24},{"not_picked":["Shockwave","Flex"],"picked":"Rage+1","floor":29},{"not_picked":["Heavy Blade+1","Sword Boomerang+1","Dual Wield"],"picked":"SKIP","floor":30},{"not_picked":["Dark Embrace+1","Intimidate"],"picked":"ReplayTheSpireMod:LeadingStrike+1","floor":31}],"player_experience":34192,"relics_obtained":[{"floor":2,"key":"Ring of Searing"},{"floor":2,"key":"Ring of Fury"},{"floor":7,"key":"War Paint"},{"floor":12,"key":"Bag of Marbles"},{"floor":24,"key":"MawBank"},{"floor":26,"key":"ReplayTheSpireMod:Lightbulb"},{"floor":28,"key":"Molten Egg 2"},{"floor":30,"key":"Happy Flower"}],"event_choices":[{"damage_healed":0,"gold_gain":175,"player_choice":"AGREE","damage_taken":0,"max_hp_gain":0,"max_hp_loss":0,"event_name":"Liars Game","floor":3,"gold_loss":0,"cards_obtained":["Doubt"]},{"damage_healed":0,"gold_gain":0,"cards_transformed":["Strike_R"],"player_choice":"Transformed","damage_taken":0,"max_hp_gain":0,"max_hp_loss":0,"event_name":"Transmorgrifier","floor":5,"gold_loss":0,"cards_obtained":["Dark Embrace"]},{"damage_healed":0,"gold_gain":0,"player_choice":"Read","damage_taken":0,"max_hp_gain":0,"max_hp_loss":0,"event_name":"The Library","floor":19,"gold_loss":0,"cards_obtained":["ReplayTheSpireMod:Limb From Limb"]},{"damage_healed":0,"gold_gain":0,"player_choice":"Joined the Cult","damage_taken":6,"max_hp_gain":0,"max_hp_loss":0,"event_name":"Nest","floor":21,"gold_loss":0,"cards_obtained":["RitualDagger"]},{"damage_healed":0,"gold_gain":0,"player_choice":"Inject Mutagens","damage_taken":0,"relics_obtained":["MutagenicStrength"],"max_hp_gain":0,"max_hp_loss":0,"event_name":"Drug Dealer","floor":25,"gold_loss":0}],"is_beta":false,"boss_relics":[{"not_picked":["Painkiller Herb","Runic Pyramid"],"picked":"Black Blood"}],"items_purged_floors":[4,20],"is_endless":false,"potions_floor_spawned":[7,10,11,13,18,22,30],"killed_by":"Automaton","ascension_level":1}}