{"host":"llhd11jd6h92zheo","time":1610372857,"event":{"mods":["Act Like it!","BaseMod","Chen","Friendly Minions","Mari Mod (Legacy)","Mari\u0027s V1 Patch","Marisa£®ÏF”Í°°ƒß¿Ì…≥£©","Minty Spire (QoL Compilation)","Quick Restart","Reimu£®≤©¿ˆ¡È√Œ£©","Relic Stats","Replay The Spire","StSLib","The Alterego","The Bug Knight","The Marked","The Servant 0.9.4","UnlockEverythingMod","Yohane!","Yuri Mod","vexMod","°æ“≈ŒÔø®≈∆°øREMEMod"],"gold_per_floor":[116,116,8337,7586,7600,7633,7633,7593,7593,7593,7593,7151,7151,6707,6707,6805,6805,6846,6761,6809,6271,6301,6346,6346,6393,6393,5776,5829,5863,5863,5276,5276,5403,5403,5426,4760,4136,4136,4140,4140],"floor_reached":39,"playtime":2716,"items_purged":["Yohane:Dark_Shield","Yohane:Little_Demon_Recruit+1"],"score":802,"play_id":"edda042f-cf36-4129-bb5a-9314d91cc74c","local_time":"20210111214737","daily_mods":["SealedDeck","Heirloom","Flight"],"is_ascension_mode":false,"campfire_choices":[{"data":"Yohane:Little_Demon_Hanamaru","floor":10.0,"key":"SMITH"},{"data":"alterego_mod:IndependentAction","floor":11.0,"key":"SMITH"},{"data":"Yohane:Perfection","floor":15.0,"key":"SMITH"},{"data":"ReplayUltimateDefense","floor":32,"key":"SMITH"}],"circlet_count":0,"master_deck":["Yohane:Inspiration","alterego_mod:ChallengeComplete","alterego_mod:Rip","alterego_mod:BiFurious","alterego_mod:MaintainEyeContact","Yohane:Hakodate","alterego_mod:IndependentAction+1","alterego_mod:Birthday","alterego_mod:Rip","Skim","Yohane:Little_Demon_Hanamaru+1","Yohane:Perfection+1","alterego_mod:Venus","Yohane:Mijuku_Dreamer","Apotheosis+1","alterego_mod:Cooking+1","ReplayUltimateDefense+1","Yohane:Excitement","Yohane:Livestream_Donation+1","Yohane:City_Of_Sin","alterego_mod:Nekomimi"],"relics":["Yohane:AngelWings","REME_ComplimentaryCards","FossilizedHelix","MealTicket","Mercury Hourglass","REME_CardOfGreed","yuri:PortableGlitches","StoneCalendar","BargainBundle","Happy Flower","PaintedHorse:ReiMu","Torii","Anchor","PreservedInsect","TheAbacus","ReplayTheSpireMod:Lightbulb","Question Card","REME_LowDesire","Vajra","Replay:Bandana","InkBottle","Red Mask","Blood Vial","Toxic Egg 2","ClockworkSouvenir","vexMod:BarristanHead","Pen Nib","vexMod:ConsolationPrize","Oddly Smooth Stone","Ginger","ReplayTheSpireMod:ShopPack","White Beast Statue","Orichalcum","Letter Opener","ReplayTheSpireMod:Ninjato","Onion Ring","Medical Kit","vexMod:TimeEaterHat","ReplayFunnel","Eternal Feather"],"acts_visited":["Exordium","TheCity","TheBeyond"],"potions_floor_usage":[23],"damage_taken":[{"damage":0.0,"enemies":"Small Slimes","floor":1.0,"turns":3.0},{"damage":0.0,"enemies":"Jaw Worm","floor":5.0,"turns":2.0},{"damage":4.0,"enemies":"Lagavulin","floor":6.0,"turns":4.0},{"damage":0.0,"enemies":"The Guardian","floor":16.0,"turns":6.0},{"damage":0,"enemies":"3 Byrds","floor":18,"turns":3},{"damage":0,"enemies":"Masked Bandits","floor":20,"turns":3},{"damage":0,"enemies":"2 Thieves","floor":22,"turns":3},{"damage":0,"enemies":"REME_1_Revenger","floor":23,"turns":2},{"damage":0,"enemies":"Book of Stabbing","floor":25,"turns":2},{"damage":0,"enemies":"HollowMod:Nosk","floor":28,"turns":3},{"damage":0,"enemies":"Snake Plant","floor":29,"turns":2},{"damage":0,"enemies":"Champ","floor":33,"turns":5},{"damage":0,"enemies":"3 Darklings","floor":35,"turns":3},{"damage":0,"enemies":"3 Shapes","floor":39,"turns":3}],"seed_played":"-8500373638898638644","potions_obtained":[{"floor":6.0,"key":"SkillPotion"},{"floor":18,"key":"Adrenaline Potion"},{"floor":25,"key":"Venom Potion"},{"floor":29,"key":"EssenceOfSteel"},{"floor":33,"key":"Reflective Coating"}],"is_trial":true,"path_per_floor":["M","?","$","$","M","E","?","?","T","R","R","$","?","$","R","B",null,"M","?","?","$","M","E","?","E","T","$","E","M","?","$","R","B",null,"M","$","$","?","M"],"character_chosen":"FallenAngel","items_purchased":["MealTicket","Mercury Hourglass","REME_CardOfGreed","yuri:PortableGlitches","StoneCalendar","BargainBundle","Anchor","PreservedInsect","TheAbacus","ReplayTheSpireMod:Lightbulb","Question Card","Blood Vial","Toxic Egg 2","ClockworkSouvenir","alterego_mod:Cooking+1","Oddly Smooth Stone","Ginger","ReplayTheSpireMod:ShopPack","Orichalcum","Letter Opener","Yohane:Excitement","Yohane:Livestream_Donation+1","ReplayTheSpireMod:Ninjato","Onion Ring","Medical Kit","alterego_mod:Nekomimi","vexMod:TimeEaterHat","ReplayFunnel","Eternal Feather"],"campfire_rested":0,"item_purchase_floors":[3,3,3,4,4,4,12,12,12,14,14,21,21,21,27,27,27,27,31,31,31,31,36,36,36,37,37,37,37],"current_hp_per_floor":[60,60,60,60,60,58,58,58,58,58,58,60,60,60,60,60,60,60,60,60,60,60,60,60,60,60,60,60,60,60,60,60,60,60,60,60,60,60,60,60],"gold":4140,"neow_bonus":"","is_daily":false,"chose_seed":false,"campfire_upgraded":4,"win_rate":0.0,"timestamp":1610372857,"path_taken":["M","?","$","$","M","E","?","?","T","R","R","?","?","$","R","BOSS","M","?","?","$","M","E","?","E","T","$","E","?","?","$","R","BOSS","M","$","$","?","?"],"items_purchased_type":["Relic","Relic","Relic","Relic","Relic","Relic","Relic","Relic","Relic","Relic","Relic","Relic","Relic","Relic","Card","Relic","Relic","Relic","Relic","Relic","Card","Card","Relic","Relic","Relic","Card","Relic","Relic","Relic"],"build_version":"2020-12-22","purchased_purges":2,"victory":false,"max_hp_per_floor":[60,60,60,60,60,60,60,60,60,60,60,60,60,60,60,60,60,60,60,60,60,60,60,60,60,60,60,60,60,60,60,60,60,60,60,60,60,60,60,60],"relic_stats":{"Happy Flower":[11],"Torii":0,"counters":[14,42],"StoneCalendar":[0],"Eternal Feather":0,"PreservedInsect":92,"Pen Nib":[2],"Ginger":[0],"Letter Opener":[78],"Orichalcum":[6],"Question Card":15,"Medical Kit":[3],"Mercury Hourglass":[165],"Blood Vial":0,"TheAbacus":[114],"MealTicket":2,"obtain_stats":[{"ReplayFunnel":37,"Torii":9,"Vajra":17,"StoneCalendar":4,"Yohane:AngelWings":0,"Ginger":27,"ClockworkSouvenir":21,"Blood Vial":21,"Replay:Bandana":17,"TheAbacus":12,"MealTicket":3,"Red Mask":20,"REME_LowDesire":17,"Toxic Egg 2":21,"InkBottle":19,"BargainBundle":4,"ReplayTheSpireMod:Ninjato":36,"Happy Flower":6,"vexMod:ConsolationPrize":26,"Oddly Smooth Stone":27,"vexMod:TimeEaterHat":37,"Eternal Feather":37,"PreservedInsect":12,"Pen Nib":25,"Letter Opener":31,"Orichalcum":31,"Question Card":14,"Medical Kit":36,"White Beast Statue":28,"Mercury Hourglass":3,"Anchor":12,"vexMod:BarristanHead":23,"PaintedHorse:ReiMu":8,"Onion Ring":36,"REME_CardOfGreed":3,"yuri:PortableGlitches":4,"ReplayTheSpireMod:Lightbulb":14,"FossilizedHelix":0,"REME_ComplimentaryCards":0,"ReplayTheSpireMod:ShopPack":27},{"ReplayFunnel":13,"Torii":3,"Vajra":4,"StoneCalendar":1,"Yohane:AngelWings":0,"Ginger":9,"ClockworkSouvenir":6,"Blood Vial":6,"Replay:Bandana":4,"TheAbacus":3,"MealTicket":1,"Red Mask":6,"REME_LowDesire":4,"Toxic Egg 2":6,"InkBottle":5,"BargainBundle":1,"ReplayTheSpireMod:Ninjato":13,"Happy Flower":3,"vexMod:ConsolationPrize":9,"Oddly Smooth Stone":9,"vexMod:TimeEaterHat":13,"Eternal Feather":13,"PreservedInsect":3,"Pen Nib":9,"Letter Opener":11,"Orichalcum":11,"Question Card":3,"Medical Kit":13,"White Beast Statue":10,"Mercury Hourglass":1,"Anchor":3,"vexMod:BarristanHead":8,"PaintedHorse:ReiMu":3,"Onion Ring":13,"REME_CardOfGreed":1,"yuri:PortableGlitches":1,"ReplayTheSpireMod:Lightbulb":3,"FossilizedHelix":0,"REME_ComplimentaryCards":0,"ReplayTheSpireMod:ShopPack":9},{"ReplayFunnel":40,"Torii":9,"Vajra":15,"StoneCalendar":3,"Yohane:AngelWings":0,"Ginger":28,"ClockworkSouvenir":21,"Blood Vial":21,"Replay:Bandana":15,"TheAbacus":9,"MealTicket":3,"Red Mask":21,"REME_LowDesire":15,"Toxic Egg 2":21,"InkBottle":18,"BargainBundle":3,"ReplayTheSpireMod:Ninjato":40,"Happy Flower":9,"vexMod:ConsolationPrize":28,"Oddly Smooth Stone":28,"vexMod:TimeEaterHat":40,"Eternal Feather":40,"PreservedInsect":9,"Pen Nib":28,"Letter Opener":33,"Orichalcum":33,"Question Card":9,"Medical Kit":40,"White Beast Statue":31,"Mercury Hourglass":3,"Anchor":9,"vexMod:BarristanHead":26,"PaintedHorse:ReiMu":9,"Onion Ring":40,"REME_CardOfGreed":3,"yuri:PortableGlitches":3,"ReplayTheSpireMod:Lightbulb":9,"FossilizedHelix":0,"REME_ComplimentaryCards":0,"ReplayTheSpireMod:ShopPack":28}],"InkBottle":[14]},"card_choices":[{"not_picked":["alterego_mod:BiFurious","alterego_mod:MagicResistance","Yohane:Miracle_Wave"],"picked":"SKIP","floor":1.0},{"not_picked":["Yohane:Lailapse","Yohane:Lust"],"picked":"Yohane:Little_Demon_Hanamaru","floor":5.0},{"not_picked":["alterego_mod:Collar","Yohane:Impressive_Display"],"picked":"Yohane:Perfection","floor":6.0},{"not_picked":["Yohane:Curse_The_Heavens","alterego_mod:Palingenesis","alterego_mod:TrickOrTreatment"],"picked":"alterego_mod:Venus","floor":16.0},{"not_picked":["Yohane:Hakodate","Yohane:Inspiration","alterego_mod:Bunnysuit","alterego_mod:Complex","Replay:Sssssssssshield"],"picked":"SKIP","floor":18},{"not_picked":["Yohane:Dark_Rest","alterego_mod:BiFurious+1","Yohane:Little_Demon_Hanamaru","Metamorphosis"],"picked":"Yohane:Mijuku_Dreamer","floor":20},{"not_picked":["alterego_mod:RidiculouslyBig+1","alterego_mod:Cushion+1","Yohane:Perfection","alterego_mod:SuperDuperMasochism+1"],"picked":"Apotheosis+1","floor":22},{"not_picked":["alterego_mod:Clap+1","alterego_mod:Schoolgirl+1","Yohane:Gluttony+1","Yohane:Angel_Tears","REME_ShortnessOfBreath+1"],"picked":"SKIP","floor":23},{"not_picked":["Yohane:Little_Demon_Support+1","alterego_mod:DestructionOfProperty+1","Yohane:Energy_Change+1","Trip+1"],"picked":"Yohane:Little_Demon_Recruit+1","floor":25},{"not_picked":["Mayhem","Chrysalis","Panache","REME_ProfessionalPlagiarism"],"picked":"ReplayUltimateDefense","floor":27},{"not_picked":["alterego_mod:PerceptionDisorder+1","Yohane:Retaliation","alterego_mod:Santa+1","Yohane:Mijuku_Dreamer+1","REME_WheelOfFate+1"],"picked":"SKIP","floor":28},{"not_picked":["alterego_mod:PerceptionDisorder","Yohane:Ice_Cream_Assault","Yohane:Perfection","Yohane:Little_Demon_Recruit+1","Midas Touch+1"],"picked":"SKIP","floor":29},{"not_picked":["Yohane:Stealth_Mode+1","Yohane:Curse_The_Heavens","alterego_mod:Tantrum+1","vexMod:StairwayStrike"],"picked":"Yohane:City_Of_Sin","floor":33},{"not_picked":["Yohane:Fallen_Dragon_Phoenix_Hold+1","Yohane:Culinary_Genius","alterego_mod:PerceptionDisorder+1","alterego_mod:GoddessCore+1","Panacea+1"],"picked":"SKIP","floor":35}],"player_experience":305672,"relics_obtained":[{"floor":6.0,"key":"Happy Flower"},{"floor":9.0,"key":"Torii"},{"floor":17.0,"key":"Vajra"},{"floor":17.0,"key":"Replay:Bandana"},{"floor":20,"key":"Red Mask"},{"floor":23,"key":"vexMod:BarristanHead"},{"floor":25,"key":"Pen Nib"},{"floor":26,"key":"vexMod:ConsolationPrize"},{"floor":28,"key":"White Beast Statue"}],"event_choices":[{"damage_healed":0.0,"max_hp_gain":0.0,"max_hp_loss":0.0,"gold_gain":0.0,"event_name":"yidonshenshe","player_choice":"»˚«Æ","floor":8.0,"gold_loss":40.0,"damage_taken":0.0,"relics_obtained":["PaintedHorse:ReiMu"]},{"damage_healed":0.0,"max_hp_gain":0.0,"max_hp_loss":0.0,"gold_gain":0.0,"event_name":"The Cleric","player_choice":"Leave","floor":13.0,"gold_loss":0.0,"damage_taken":0.0},{"damage_healed":0,"gold_gain":0,"player_choice":"Obtained Relic","damage_taken":0,"relics_obtained":["InkBottle"],"max_hp_gain":0,"max_hp_loss":0,"event_name":"Addict","floor":19,"gold_loss":85},{"damage_healed":0,"gold_gain":0,"player_choice":"Fought Bandits","damage_taken":0,"max_hp_gain":0,"max_hp_loss":0,"event_name":"Masked Bandits","floor":20,"gold_loss":0},{"damage_healed":0,"gold_gain":0,"player_choice":"Ignored","damage_taken":0,"max_hp_gain":0,"max_hp_loss":0,"event_name":"Purifier","floor":24,"gold_loss":0},{"damage_healed":0,"gold_gain":0,"player_choice":"Ignored","damage_taken":0,"max_hp_gain":0,"max_hp_loss":0,"event_name":"Cursed Tome","floor":30,"gold_loss":0},{"damage_healed":0,"gold_gain":0,"player_choice":"Ignored","damage_taken":0,"max_hp_gain":0,"max_hp_loss":0,"event_name":"SecretPortal","floor":38,"gold_loss":0}],"is_beta":false,"boss_relics":[{"not_picked":["Snecko Eye","Replay:Grab Bag"],"picked":"REME_LowDesire"},{"not_picked":["Empty Cage","vexMod:MysteryBossChallenge","Busted Crown"]}],"items_purged_floors":[3,31],"is_endless":true,"potions_floor_spawned":[6,18,25,29,33,35],"killed_by":"3 Shapes","ascension_level":0}}