{"host":"2p2urjtdoqk7wfo5","time":1610327345,"event":{"mods":["AchievementEnabler","BaseMod","Colored Powertips","Minty Spire (QoL Compilation)"],"gold_per_floor":[99,99,99,84,84,84,84,49,49,49,49,49,49,49,49,49,49,49,49,49,49,0,0,0,0,0,0,0],"floor_reached":27,"playtime":3283,"items_purged":[],"score":227,"play_id":"856a2cc8-8772-4e9f-9ff8-d0375782e8be","local_time":"20210110170905","is_ascension_mode":false,"campfire_choices":[{"data":"Eruption","floor":6,"key":"SMITH"},{"floor":15,"key":"REST"},{"floor":24,"key":"REST"}],"circlet_count":0,"master_deck":["Strike_P","Strike_P","Strike_P","Strike_P","Defend_P","Defend_P+1","Defend_P","Defend_P+1","Eruption+1","Vigilance","FlyingSleeves","Indignation","InnerPeace","ReachHeaven","SignatureMove","Devotion+1","Evaluate+1","Adaptation+1","Omniscience+1","EmptyBody+1","JustLucky+1","DevaForm+1","Sanctity+1","SandsOfTime+1"],"relics":["Ectoplasm","Frozen Egg 2","War Paint","PreservedInsect","Toxic Egg 2","Black Star","Nloth\u0027s Gift","Orichalcum"],"acts_visited":["Exordium","TheCity"],"potions_floor_usage":[23,27,27],"damage_taken":[{"damage":0,"enemies":"Cultist","floor":1,"turns":3},{"damage":1,"enemies":"Jaw Worm","floor":2,"turns":2},{"damage":0,"enemies":"2 Louse","floor":3,"turns":2},{"damage":5,"enemies":"Looter","floor":4,"turns":2},{"damage":8,"enemies":"3 Louse","floor":7,"turns":4},{"damage":2,"enemies":"Gremlin Nob","floor":10,"turns":3},{"damage":5,"enemies":"Lots of Slimes","floor":11,"turns":2},{"damage":10,"enemies":"3 Sentries","floor":12,"turns":5},{"damage":18,"enemies":"Gremlin Gang","floor":14,"turns":5},{"damage":26,"enemies":"The Guardian","floor":16,"turns":6},{"damage":0,"enemies":"Chosen","floor":18,"turns":3},{"damage":38,"enemies":"Masked Bandits","floor":19,"turns":4},{"damage":18,"enemies":"2 Thieves","floor":22,"turns":4},{"damage":5,"enemies":"Shelled Parasite and Fungi","floor":23,"turns":5},{"damage":26,"enemies":"Snake Plant","floor":25,"turns":5},{"damage":7,"enemies":"Slavers","floor":27,"turns":1}],"seed_played":"-6360238748510891802","potions_obtained":[{"floor":4,"key":"Explosive Potion"},{"floor":7,"key":"EntropicBrew"},{"floor":12,"key":"DistilledChaos"},{"floor":14,"key":"LiquidMemories"},{"floor":16,"key":"Weak Potion"}],"is_trial":false,"path_per_floor":["M","M","M","M","?","R","M","?","T","E","M","E","?","M","R","B",null,"M","?","$","?","M","M","R","M","T","E"],"character_chosen":"WATCHER","items_purchased":[],"campfire_rested":2,"item_purchase_floors":[],"current_hp_per_floor":[72,71,71,66,59,59,51,69,69,67,62,52,52,34,55,29,72,72,34,34,34,16,11,32,6,6,0,0],"gold":0,"neow_bonus":"BOSS_RELIC","is_daily":false,"chose_seed":false,"campfire_upgraded":1,"win_rate":0.0,"timestamp":1610327345,"path_taken":["M","M","M","?","?","R","M","?","T","E","M","E","?","M","R","BOSS","M","?","$","?","M","M","R","M","T","E"],"items_purchased_type":[],"build_version":"2020-12-22","purchased_purges":0,"victory":false,"max_hp_per_floor":[72,72,72,72,72,72,72,72,72,72,72,72,72,72,72,72,72,72,72,72,72,72,72,72,72,72,72,72],"card_choices":[{"not_picked":["ThirdEye","Prostrate"],"picked":"FlyingSleeves","floor":1},{"not_picked":["PathToVictory","FlyingSleeves"],"picked":"Indignation","floor":2},{"not_picked":["CutThroughFate","Evaluate"],"picked":"InnerPeace","floor":3},{"not_picked":["Devotion","PathToVictory"],"picked":"ReachHeaven","floor":4},{"not_picked":["FlyingSleeves","CrushJoints","ClearTheMind"],"picked":"SKIP","floor":7},{"not_picked":["FollowUp","PathToVictory"],"picked":"SignatureMove","floor":10},{"not_picked":["SashWhip","JustLucky"],"picked":"Devotion+1","floor":11},{"not_picked":["WheelKick","PathToVictory+1"],"picked":"Evaluate+1","floor":12},{"not_picked":["SandsOfTime","Evaluate+1"],"picked":"Adaptation+1","floor":14},{"not_picked":["Blasphemy+1","Ragnarok"],"picked":"Omniscience+1","floor":16},{"not_picked":["Tantrum","PathToVictory+1"],"picked":"EmptyBody+1","floor":18},{"not_picked":["BowlingBash","Adaptation+1"],"picked":"JustLucky+1","floor":19},{"not_picked":["Crescendo+1","FlurryOfBlows"],"picked":"DevaForm+1","floor":22},{"not_picked":["Nirvana+1","SandsOfTime"],"picked":"Sanctity+1","floor":23},{"not_picked":["Weave","Prostrate+1"],"picked":"SandsOfTime+1","floor":25}],"player_experience":101865,"relics_obtained":[{"floor":9,"key":"War Paint"},{"floor":10,"key":"PreservedInsect"},{"floor":12,"key":"Toxic Egg 2"},{"floor":19,"key":"Red Mask"},{"floor":26,"key":"Orichalcum"}],"event_choices":[{"damage_healed":0,"gold_gain":0,"player_choice":"Success","damage_taken":7,"relics_obtained":["Frozen Egg 2"],"max_hp_gain":0,"max_hp_loss":0,"event_name":"Scrap Ooze","floor":5,"gold_loss":0},{"damage_healed":18,"gold_gain":0,"player_choice":"Healed","damage_taken":0,"max_hp_gain":0,"max_hp_loss":0,"event_name":"The Cleric","floor":8,"gold_loss":35},{"damage_healed":0,"gold_gain":0,"player_choice":"Ignored","damage_taken":0,"max_hp_gain":0,"max_hp_loss":0,"event_name":"Liars Game","floor":13,"gold_loss":0},{"damage_healed":0,"gold_gain":0,"player_choice":"Fought Bandits","damage_taken":0,"max_hp_gain":0,"max_hp_loss":0,"event_name":"Masked Bandits","floor":19,"gold_loss":0},{"damage_healed":0,"gold_gain":0,"player_choice":"Traded Relic","damage_taken":0,"relics_obtained":["Nloth\u0027s Gift"],"max_hp_gain":0,"max_hp_loss":0,"event_name":"N\u0027loth","floor":21,"relics_lost":["Red Mask"],"gold_loss":0}],"is_beta":false,"boss_relics":[{"not_picked":["Tiny House","Snecko Eye"],"picked":"Black Star"}],"items_purged_floors":[],"is_endless":false,"potions_floor_spawned":[4,7,12,14,16,18,22],"killed_by":"Slavers","ascension_level":0}}