{"host":"dk10vuzdqf3wivcv","time":1610401297,"event":{"mods":["Aspiration","Astrologer","BaseMod","Colored Map","Conspire","Downfall","Friendly Minions","Hermit","Hubris","Infinite Spire","Minty Spire (QoL Compilation)","Replay The Spire","StSLib","SuperFastMode","Td1madao Mod","The Animator","The Gatherer","The Jungle","The Marked","The Servant 0.9.4"],"gold_per_floor":[112,124,137,137,154,187,199,224,247,270,270,270],"floor_reached":11,"playtime":686,"items_purged":[],"score":83,"play_id":"abb9f280-bb42-4861-8127-12d00ebfa63c","local_time":"20210111224137","is_ascension_mode":true,"campfire_choices":[],"circlet_count":0,"master_deck":["animator:Strike_GoblinSlayer","animator:Defend_GoblinSlayer","animator:Strike","animator:Strike","animator:Strike","animator:Defend","animator:Defend","animator:Defend","animator:LizardPriest","animator:DwarfShaman","animator:Benimaru","animator:MetalKnight","animator:Shuna","animator:Millim","animator:LeleiLaLalena","animator:Vesta","animator:YunYun","animator:RoyMustang"],"relics":["animator:LivingPicture","animator:TheMissingPiece","animator:PurgingStone","Paper Frog","Smiling Mask"],"acts_visited":["Exordium"],"potions_floor_usage":[7,10],"damage_taken":[{"damage":2,"enemies":"2 Louse","floor":1,"turns":3},{"damage":6,"enemies":"Small Slimes","floor":2,"turns":4},{"damage":1,"enemies":"Jaw Worm","floor":3,"turns":4},{"damage":3,"enemies":"Blue Slaver","floor":5,"turns":5},{"damage":16,"enemies":"Lagavulin","floor":6,"turns":7},{"damage":12,"enemies":"Exordium Thugs","floor":7,"turns":4},{"damage":2,"enemies":"2 Fungi Beasts","floor":8,"turns":5},{"damage":18,"enemies":"Gremlin Gang","floor":10,"turns":5},{"damage":9,"enemies":"3 Sentries","floor":11,"turns":1}],"seed_played":"-3433461593816999280","potions_obtained":[{"floor":3,"key":"champ:CounterPotion"},{"floor":6,"key":"Fire Potion"},{"floor":8,"key":"ColorlessPotion"}],"is_trial":false,"path_per_floor":["M","M","M","?","M","E","M","M","T","M","E"],"character_chosen":"THE_ANIMATOR","items_purchased":[],"campfire_rested":0,"item_purchase_floors":[],"current_hp_per_floor":[70,64,63,60,57,41,29,27,27,9,0,0],"gold":270,"neow_bonus":"TEN_PERCENT_HP_BONUS","is_daily":false,"chose_seed":false,"campfire_upgraded":0,"win_rate":0.0,"timestamp":1610401297,"path_taken":["M","M","M","?","M","E","M","M","T","M","E"],"items_purchased_type":[],"build_version":"2020-12-22","purchased_purges":0,"victory":false,"max_hp_per_floor":[72,72,72,72,72,72,72,72,72,72,72,72],"card_choices":[{"not_picked":["animator:Bozes","animator:Spearman"],"picked":"animator:Benimaru","floor":1},{"not_picked":["animator:Tet","animator:AcuraAkari"],"picked":"animator:MetalKnight","floor":2},{"not_picked":["animator:Mitsuba","animator:Spearman"],"picked":"animator:Shuna","floor":3},{"not_picked":["animator:Souei","animator:Kaijin"],"picked":"animator:Millim","floor":5},{"not_picked":["animator:Kaijin","animator:GoblinSlayer"],"picked":"animator:LeleiLaLalena","floor":6},{"not_picked":["animator:DwarfShaman","animator:Millim"],"picked":"animator:Vesta","floor":7},{"not_picked":["animator:ElricEdward","animator:Jibril"],"picked":"animator:YunYun","floor":8},{"not_picked":["animator:Scar","animator:Sloth"],"picked":"animator:RoyMustang","floor":10}],"player_experience":168946,"relics_obtained":[{"floor":6,"key":"Smiling Mask"}],"event_choices":[{"damage_healed":0,"gold_gain":0,"player_choice":"Success","damage_taken":3,"relics_obtained":["Paper Frog"],"max_hp_gain":0,"max_hp_loss":0,"event_name":"Scrap Ooze","floor":4,"gold_loss":0}],"is_beta":false,"boss_relics":[],"items_purged_floors":[],"is_endless":false,"potions_floor_spawned":[3,6,8],"killed_by":"3 Sentries","ascension_level":1}}