{"host":"8fuipfsvjht9cgcs","time":1610364828,"event":{"mods":["AchievementEnabler","BaseMod","Colored Map","Colored Powertips","DeckTracker","Minty Spire (QoL Compilation)","Replay The Spire","StSLib","SuperFastMode","The Gatherer"],"gold_per_floor":[111,125,143,143,160,160,179,205,231,231,241,241,241,241],"floor_reached":13,"playtime":433,"items_purged":[],"score":135,"play_id":"74157b1e-e2b7-46a0-922b-7773e30ffccc","local_time":"20210112003348","is_ascension_mode":true,"campfire_choices":[{"data":"Fiend Fire","floor":6,"key":"SMITH"},{"data":"True Grit","floor":10,"key":"SMITH"},{"data":"Dual Wield","floor":12,"key":"SMITH"}],"circlet_count":0,"master_deck":["AscendersBane","Strike_R","Strike_R","Strike_R","Strike_R","Strike_R","Defend_R","Defend_R","Defend_R","Bash","Seeing Red","Thunderclap","Evolve","Fiend Fire+1","True Grit+1","Juggernaut","Dual Wield+1"],"relics":["Burning Blood","King of Hearts","Orichalcum"],"acts_visited":["Exordium"],"potions_floor_usage":[13],"damage_taken":[{"damage":1,"enemies":"Cultist","floor":1,"turns":3},{"damage":7,"enemies":"Jaw Worm","floor":2,"turns":3},{"damage":2,"enemies":"2 Louse","floor":3,"turns":2},{"damage":6,"enemies":"Lots of Slimes","floor":5,"turns":4},{"damage":33,"enemies":"Exordium Thugs","floor":7,"turns":6},{"damage":44,"enemies":"Replay:BlueRogue","floor":8,"turns":7},{"damage":7,"enemies":"Large Slime","floor":11,"turns":5},{"damage":2,"enemies":"Gremlin Nob","floor":13,"turns":3}],"seed_played":"-1930060255404326141","potions_obtained":[{"floor":2,"key":"SmokeBomb"},{"floor":8,"key":"Milkshake"},{"floor":11,"key":"AttackPotion"}],"is_trial":false,"path_per_floor":["M","M","M","?","M","R","M","E","T","R","M","R","E"],"character_chosen":"IRONCLAD","items_purchased":[],"campfire_rested":0,"item_purchase_floors":[],"current_hp_per_floor":[82,81,85,85,85,85,58,20,20,20,19,19,17,17],"gold":241,"neow_bonus":"RANDOM_EVENT","is_daily":false,"chose_seed":false,"campfire_upgraded":3,"win_rate":0.0,"timestamp":1610364828,"path_taken":["M","M","M","?","M","R","M","E","T","R","M","R","E"],"items_purchased_type":[],"build_version":"2020-12-22","purchased_purges":0,"victory":false,"max_hp_per_floor":[85,85,85,85,85,85,85,85,85,85,85,85,85,85],"card_choices":[{"not_picked":["Sword Boomerang","Shrug It Off"],"picked":"Seeing Red","floor":1},{"not_picked":["Iron Wave","Replay:Undeath\u0027s Touch"],"picked":"Thunderclap","floor":2},{"not_picked":["True Grit","Replay:Undeath\u0027s Touch"],"picked":"Evolve","floor":3},{"not_picked":["Run Through","Clash"],"picked":"Fiend Fire","floor":5},{"not_picked":["Rupture","Massacre"],"picked":"True Grit","floor":7},{"not_picked":["Clothesline","Thunderclap"],"picked":"Juggernaut","floor":8},{"not_picked":["Run Through","Clash"],"picked":"Dual Wield","floor":11}],"player_experience":368174,"relics_obtained":[{"floor":8,"key":"King of Hearts"},{"floor":9,"key":"Orichalcum"}],"event_choices":[{"damage_healed":0,"gold_gain":0,"player_choice":"Donut","damage_taken":0,"max_hp_gain":5,"max_hp_loss":0,"event_name":"Big Fish","floor":0,"gold_loss":0}],"is_beta":false,"boss_relics":[],"items_purged_floors":[],"is_endless":false,"potions_floor_spawned":[2,8,11],"killed_by":"Gremlin Nob","ascension_level":11}}