{"host":"dz7m90j62wguk81x","time":1610378620,"event":{"mods":["BaseMod","Colored Powertips","Downfall","Hermit","Marisa£®ÏF”Í°°ƒß¿Ì…≥£©","Minty Spire (QoL Compilation)","Reimu£®≤©¿ˆ¡È√Œ£©","Remilia£®¿Ÿ√◊¿Ú—«£©","Replay The Spire","StSLib","The Bug Knight","The Cursed","The Runesmith","The Servant 0.9.4","Youmu£®ªÍ∆«—˝√Œ£©","vexMod"],"gold_per_floor":[115,132,142,152,152,152,162,182,182,194,210,210,108,127,127,223,223,236,247,254,270,270,270,317,317,317,335,335,335,335,351,326,423,423,442,460,510,254,274,303,311,328,401,451,451,476,476,488,488,485,485,485,23,51,51],"floor_reached":56,"playtime":9379,"items_purged":["Poor:ReiMu","Strike_Lin:ReiMu","Strike_Lin:ReiMu"],"score":1252,"play_id":"7c2b6825-ff33-452a-960e-9b91321653ac","local_time":"20210111232340","is_ascension_mode":false,"campfire_choices":[{"data":"NineCharacters:ReiMu","floor":6.0,"key":"SMITH"},{"data":"MikOfLucky:ReiMu","floor":15.0,"key":"SMITH"},{"data":"KamiRite:ReiMu","floor":23.0,"key":"SMITH"},{"data":"Free:ReiMu","floor":25.0,"key":"SMITH"},{"data":"TakeOff:ReiMu","floor":29.0,"key":"SMITH"},{"floor":45.0,"key":"REST"},{"data":"UniversalSpiritual:ReiMu","floor":47.0,"key":"SMITH"},{"floor":49.0,"key":"RECALL"},{"data":"YinYang:ReiMu","floor":52.0,"key":"SMITH"}],"circlet_count":0,"master_deck":["Strike_Lin:ReiMu","Strike_Lin:ReiMu","Defend_Lin:ReiMu","Defend_Lin:ReiMu","Defend_Lin:ReiMu","Defend_Lin:ReiMu","NB:ReiMu","Stagnation:ReiMu","NineCharacters:ReiMu+1","ForcedLanding:ReiMu","Conquer:ReiMu","ShadowOfCrow2:ReiMu","Gathering:ReiMu","UniversalSpiritual:ReiMu+1","TakeOff:ReiMu+1","SubAcupoint:ReiMu","MikOfLucky:ReiMu+1","KamiRite:ReiMu+1","SpreadBorder2:ReiMu+1","OrbThrow:ReiMu+1","RainPray2:ReiMu+1","SubcavityInstant:ReiMu","Free:ReiMu+1","ManaGlint:ReiMu+1","SpiritualOutbreak2:ReiMu+1","Revelation:ReiMu","KamiRite:ReiMu","SpreadBorder2:ReiMu+1","OctopathBindingBorder2:ReiMu","FantasyBorder:ReiMu+1","FineLineFantasy:ReiMu+1","YinYang:ReiMu+1","Crusade:ReiMu+1","NineCharacters:ReiMu","Poisoned Strike","SubAcupoint:ReiMu","RainPray2:ReiMu","RainPray2:ReiMu","MikOfLucky:ReiMu+1"],"relics":["FlyPower:ReiMu","TungstenRod","Art of War","YidongShenshe:ReiMu","RedLine:ReiMu","HornCleat","Replay:Accelerometer","Vajra","ReplayFunnel","Velvet Choker","CatCart","Mastiff:ReiMu","PreservedInsect","Calipers","Pen Nib","ReplayTheSpireMod:TigerMarble"],"acts_visited":["Exordium","TheCity","TheBeyond","TheEnding"],"potions_floor_usage":[55,55,55],"damage_taken":[{"damage":0.0,"enemies":"Small Slimes","floor":1.0,"turns":5.0},{"damage":0.0,"enemies":"2 Louse","floor":2.0,"turns":5.0},{"damage":6.0,"enemies":"Jaw Worm","floor":3.0,"turns":9.0},{"damage":4.0,"enemies":"3 Louse","floor":4.0,"turns":6.0},{"damage":4.0,"enemies":"Blue Slaver","floor":7.0,"turns":6.0},{"damage":4.0,"enemies":"Looter","floor":8.0,"turns":4.0},{"damage":0.0,"enemies":"2 Fungi Beasts","floor":10.0,"turns":3.0},{"damage":0.0,"enemies":"Large Slime","floor":11.0,"turns":7.0},{"damage":0.0,"enemies":"Blue Slaver","floor":14.0,"turns":6.0},{"damage":0.0,"enemies":"The Guardian","floor":16.0,"turns":13.0},{"damage":0.0,"enemies":"Shell Parasite","floor":18.0,"turns":5.0},{"damage":0.0,"enemies":"3 Byrds","floor":19.0,"turns":3.0},{"damage":0.0,"enemies":"Snake Plant","floor":20.0,"turns":7.0},{"damage":0.0,"enemies":"Centurion and Healer","floor":21.0,"turns":7.0},{"damage":0.0,"enemies":"3 Cultists","floor":27.0,"turns":2.0},{"damage":0.0,"enemies":"Chosen and Byrds","floor":31.0,"turns":5.0},{"damage":4.0,"enemies":"Collector","floor":33.0,"turns":8.0},{"damage":0.0,"enemies":"3 Darklings","floor":35.0,"turns":3.0},{"damage":2.0,"enemies":"3 Shapes","floor":36.0,"turns":5.0},{"damage":16.0,"enemies":"Orin","floor":37.0,"turns":10.0},{"damage":0.0,"enemies":"Sphere and 2 Shapes","floor":39.0,"turns":4.0},{"damage":12.0,"enemies":"Reptomancer","floor":40.0,"turns":7.0},{"damage":6.0,"enemies":"Spire Growth","floor":41.0,"turns":5.0},{"damage":0.0,"enemies":"Maw","floor":42.0,"turns":8.0},{"damage":0.0,"enemies":"Mind Bloom Boss Battle","floor":44.0,"turns":4.0},{"damage":0.0,"enemies":"Transient","floor":48.0,"turns":5.0},{"damage":51.0,"enemies":"Awakened One","floor":50.0,"turns":11.0},{"damage":23,"enemies":"Shield and Spear","floor":54,"turns":6},{"damage":0,"enemies":"The Heart","floor":55,"turns":10}],"seed_played":"-3140551286656852896","potions_obtained":[{"floor":2.0,"key":"Swift Potion"},{"floor":4.0,"key":"ZuzhouPotion:ReiMu"},{"floor":16.0,"key":"LiquidFlight:ReiMu"},{"floor":21.0,"key":"champ:CounterPotion"},{"floor":31.0,"key":"Dexterity Potion"},{"floor":39.0,"key":"LifebloodPotion"},{"floor":41.0,"key":"DistilledChaos"},{"floor":42.0,"key":"Ancient Potion"},{"floor":44.0,"key":"SpeedPotion"},{"floor":48.0,"key":"BottledKami:ReiMu"}],"is_trial":false,"path_per_floor":["M","M","M","M","?","R","M","M","T","M","M","?","$","M","R","B",null,"M","M","M","M","?","R","?","R","T","M","T","R","?","M","R","B",null,"M","M","?","$","M","E","M","M","T","?","R","T","R","M","R","B",null,"R","$","E","B",null],"character_chosen":"REIMU","items_purchased":["SubAcupoint:ReiMu","Mastiff:ReiMu","NineCharacters:ReiMu","Poisoned Strike","SubAcupoint:ReiMu","RainPray2:ReiMu"],"campfire_rested":1,"item_purchase_floors":[13,38,53,53,53,53],"current_hp_per_floor":[71,71,65,61,58,58,54,50,50,50,50,50,50,50,50,50,71,71,71,71,71,71,71,71,71,71,71,71,71,71,71,71,67,71,71,69,53,53,53,41,35,35,35,35,56,56,56,56,56,5,71,71,71,48,48],"gold":51,"neow_bonus":"TEN_PERCENT_HP_BONUS","is_daily":false,"chose_seed":false,"campfire_upgraded":7,"win_rate":0.0,"timestamp":1610378620,"path_taken":["M","M","M","M","?","R","M","M","T","M","M","?","$","M","R","BOSS","M","M","M","M","?","R","?","R","T","M","?","R","?","M","R","BOSS","M","M","?","$","M","E","M","M","T","?","R","?","R","M","R","BOSS","R","$","E","BOSS"],"items_purchased_type":["Card","Relic","Card","Card","Card","Card"],"build_version":"2020-12-22","purchased_purges":3,"victory":true,"max_hp_per_floor":[71,71,71,71,71,71,71,71,71,71,71,71,71,71,71,71,71,71,71,71,71,71,71,71,71,71,71,71,71,71,71,71,71,71,71,71,71,71,71,71,71,71,71,71,71,71,71,71,71,71,71,71,71,71,71],"card_choices":[{"not_picked":["Amulet:ReiMu","EmergencyTakeOff:ReiMu"],"picked":"NineCharacters:ReiMu","floor":1.0},{"not_picked":["PassingAway:ReiMu","RainPray2:ReiMu","EmergencyTakeOff:ReiMu"],"picked":"SKIP","floor":2.0},{"not_picked":["LearningPray:ReiMu","BarrageOfMoneybags:ReiMu"],"picked":"ForcedLanding:ReiMu","floor":3.0},{"not_picked":["WonderfulDomain:ReiMu","PassingAway:ReiMu"],"picked":"Conquer:ReiMu","floor":4.0},{"not_picked":["CareerPray:ReiMu","AirStrike:ReiMu"],"picked":"ShadowOfCrow2:ReiMu","floor":7.0},{"not_picked":["FineLineFantasy:ReiMu","LearningPray:ReiMu"],"picked":"Gathering:ReiMu","floor":8.0},{"not_picked":["RainPray2:ReiMu","NineCharacters:ReiMu"],"picked":"UniversalSpiritual:ReiMu","floor":10.0},{"not_picked":["CareerPray:ReiMu","TightArray:ReiMu"],"picked":"TakeOff:ReiMu","floor":11.0},{"not_picked":["TightArray:ReiMu","Amulet:ReiMu"],"picked":"MikOfLucky:ReiMu","floor":14.0},{"not_picked":["CardOfSanctity:ReiMu","HakureiPhantom:ReiMu"],"picked":"KamiRite:ReiMu","floor":16.0},{"not_picked":["FineLineFantasy:ReiMu","Amulet:ReiMu"],"picked":"SpreadBorder2:ReiMu+1","floor":18.0},{"not_picked":["AirManeuver:ReiMu","PrepareRite:ReiMu"],"picked":"OrbThrow:ReiMu+1","floor":19.0},{"not_picked":["EmergencyTakeOff:ReiMu","Enchanting:ReiMu"],"picked":"RainPray2:ReiMu+1","floor":20.0},{"not_picked":["Enchanting:ReiMu","RainPray2:ReiMu"],"picked":"SubcavityInstant:ReiMu","floor":21.0},{"not_picked":["TightArray:ReiMu+1","CareerPray:ReiMu"],"picked":"Free:ReiMu","floor":24.0},{"not_picked":["CareerPray:ReiMu","RainPray2:ReiMu"],"picked":"ManaGlint:ReiMu+1","floor":24.0},{"not_picked":["AlertArray:ReiMu","SpreadBorder2:ReiMu+1"],"picked":"SpiritualOutbreak2:ReiMu+1","floor":27.0},{"not_picked":["SubcavityInstant:ReiMu+1","Conquer:ReiMu"],"picked":"Revelation:ReiMu","floor":31.0},{"not_picked":["HakureiPhantom:ReiMu","OctopathSalyBorderN:ReiMu"],"picked":"KamiRite:ReiMu","floor":33.0},{"not_picked":["Enchanting:ReiMu+1","AirManeuver:ReiMu"],"picked":"SpreadBorder2:ReiMu+1","floor":35.0},{"not_picked":["EmergencyTakeOff:ReiMu+1","AirStrike:ReiMu+1","Amulet:ReiMu"],"picked":"SKIP","floor":36.0},{"not_picked":["SpringWay:ReiMu+1","Amulet:ReiMu"],"picked":"OctopathBindingBorder2:ReiMu","floor":37.0},{"not_picked":["RainPray2:ReiMu+1","Enchanting:ReiMu+1"],"picked":"FantasyBorder:ReiMu+1","floor":39.0},{"not_picked":["Crusade:ReiMu","AirManeuver:ReiMu"],"picked":"FineLineFantasy:ReiMu+1","floor":40.0},{"not_picked":["YinYangSign:ReiMu","Meditation:ReiMu"],"picked":"YinYang:ReiMu","floor":41.0},{"not_picked":["Mountainwind:ReiMu","OrbThrow:ReiMu+1","ShadowOfCrow2:ReiMu"],"picked":"SKIP","floor":42.0},{"not_picked":["Mountainwind:ReiMu+1","CareerPray:ReiMu+1"],"picked":"Crusade:ReiMu+1","floor":44.0},{"not_picked":["DoubleButterfly:ReiMu","AirStrike:ReiMu","FantasyMoon:ReiMu"],"picked":"SKIP","floor":48.0},{"not_picked":["SealNeedle:ReiMu","CareerPray:ReiMu+1"],"picked":"MikOfLucky:ReiMu+1","floor":54}],"player_experience":369905,"relics_obtained":[{"floor":9.0,"key":"Art of War"},{"floor":24.0,"key":"HornCleat"},{"floor":26.0,"key":"Replay:Accelerometer"},{"floor":28.0,"key":"Vajra"},{"floor":37.0,"key":"CatCart"},{"floor":40.0,"key":"PreservedInsect"},{"floor":44.0,"key":"Calipers"},{"floor":46.0,"key":"Pen Nib"},{"floor":54,"key":"ReplayTheSpireMod:TigerMarble"}],"event_choices":[{"damage_healed":0.0,"max_hp_gain":0.0,"max_hp_loss":0.0,"gold_gain":0.0,"event_name":"Scrap Ooze","player_choice":"Success","floor":5.0,"gold_loss":0.0,"damage_taken":3.0,"relics_obtained":["TungstenRod"]},{"damage_healed":0.0,"max_hp_gain":0.0,"max_hp_loss":0.0,"gold_gain":0.0,"event_name":"yidonshenshe","player_choice":"¥¯◊ﬂ…Ò…Á","floor":12.0,"gold_loss":0.0,"damage_taken":0.0,"relics_obtained":["YidongShenshe:ReiMu"],"cards_obtained":["Poor:ReiMu"]},{"cards_removed":["Normality"],"damage_healed":0.0,"max_hp_gain":0.0,"max_hp_loss":0.0,"gold_gain":0.0,"event_name":"Back to Basics","player_choice":"Elegance","floor":30.0,"gold_loss":0.0,"damage_taken":0.0},{"damage_healed":0.0,"max_hp_gain":0.0,"max_hp_loss":0.0,"gold_gain":0.0,"event_name":"OrinTheCat","player_choice":"Fight","floor":37.0,"gold_loss":0.0,"damage_taken":0.0},{"damage_healed":0.0,"max_hp_gain":0.0,"max_hp_loss":0.0,"gold_gain":0.0,"event_name":"MindBloom","player_choice":"Fight","floor":44.0,"gold_loss":0.0,"damage_taken":0.0}],"is_beta":false,"boss_relics":[{"not_picked":["Replay:Drink Me","Astrolabe"],"picked":"RedLine:ReiMu"},{"not_picked":["Kintsugi","Snecko Eye"],"picked":"Velvet Choker"}],"items_purged_floors":[13,38,53],"is_endless":false,"potions_floor_spawned":[2,4,16,18,21,31,39,41,42,44,48,54],"ascension_level":0}}