{"host":"wonp23fsqqcu31ie","time":1610326959,"event":{"mods":["2.2 Compatiblity","AchievementEnabler","Aspiration","BaseMod","Bestiary","Better Altar","Better Match","Better Sensory Stone","Better Skull","Better Third Choice","BetterRewards","Block Reminder","Colored Map","Colored Powertips","Conspire","Curses Come First","DeckTracker","Displayed Cursed Tome","Downfall","Evolution","Hermit","Highlight Path","Hubris","Marisa????????","Minty Spire (QoL Compilation)","Permanent Neow","Prisma Mod","Quick Restart","Rare Cards Sparkle","Relic Stats","Replay The Spire","Robot Space Explorer","Shade Mod","Shop Mod","StSLib","SuperFastMode","The Animator","The Bug Knight","The Construct","The Cursed","The Dragon Tamer","The Gatherer","The Marked","The Necromancer","The Runesmith","The Servant 0.9.4"],"gold_per_floor":[122,133,164,64,92,135,135,151,151,151,203,11,50,50,50,152,202,251,265,265,265,265,265,270,270],"floor_reached":24,"playtime":657,"items_purged":["Replay:Hysterical Blindness"],"score":334,"play_id":"88decec9-fb19-4f59-bdbe-39196e24328c","local_time":"20210111120239","is_ascension_mode":true,"campfire_choices":[{"floor":7.0,"key":"REST"},{"floor":15.0,"key":"REST"},{"data":"1","floor":23,"key":"LIFT"}],"circlet_count":0,"master_deck":["animator:Strike_Fate","animator:Defend_Fate","animator:Alexander","animator:Rider","animator:Berserker","animator:Emonzaemon","animator:Strike_AngelBeats","animator:Strike_FullmetalAlchemist","animator:Strike_Kancolle","animator:Defend_Overlord","animator:Defend_Kancolle","animator:Defend_OwariNoSeraph","animator:Saber","animator:Assassin","animator:Alexander","TheCursedMod:Dregs","animator:Caster+1","animator:Hans","animator:Assassin","animator:SakuraMatou","animator:Illya"],"relics":["animator:LivingPicture","animator:TheMissingPiece","EVO:Axolotl","Girya","aspiration:HatOfInfinitePower","Iron Hammer","MerchantsRug","Chemical X","Bronze Scales","Singing Bowl","ReplayTheSpireMod:CursedCoin","animator:SoulGem","Replay:Wax Seal","hubris:Icosahedron","Tiny House","hubris:BottledHeart","Bottled Tornado"],"acts_visited":["Exordium","TheCity"],"potions_floor_usage":[24,24],"damage_taken":[{"damage":1.0,"enemies":"Cultist","floor":1.0,"turns":4.0},{"damage":3.0,"enemies":"2 Louse","floor":2.0,"turns":3.0},{"damage":0.0,"enemies":"conspire:RoseBush","floor":3.0,"turns":3.0},{"damage":5.0,"enemies":"Large Slime","floor":5.0,"turns":6.0},{"damage":9.0,"enemies":"Replay:BlueRogue","floor":6.0,"turns":5.0},{"damage":2.0,"enemies":"2 Fungi Beasts","floor":8.0,"turns":3.0},{"damage":19.0,"enemies":"HollowMod:MossKnight","floor":13.0,"turns":6.0},{"damage":37.0,"enemies":"The Guardian","floor":16.0,"turns":8.0},{"damage":38.0,"enemies":"Chosen","floor":18.0,"turns":6.0},{"damage":0,"enemies":"3 Byrds","floor":19,"turns":3},{"damage":5,"enemies":"Book of Stabbing","floor":24,"turns":5}],"seed_played":"-7068860163697494030","potions_obtained":[{"floor":1.0,"key":"champ:CounterPotion"},{"floor":13.0,"key":"ColorlessPotion"},{"floor":17.0,"key":"EssenceOfSteel"}],"is_trial":false,"path_per_floor":["M","M","M","?","M","E","R","M","T","?","T","$","E","?","R","B",null,"M","M","?","T","?","R","E"],"character_chosen":"THE_ANIMATOR","items_purchased":["Iron Hammer","MerchantsRug","Chemical X","ReplayTheSpireMod:CursedCoin","animator:SoulGem"],"campfire_rested":2,"item_purchase_floors":[0,0,0,12,12],"current_hp_per_floor":[27,24,24,24,20,11,31,29,29,29,29,29,11,11,31,31,73,35,75,1,1,1,1,0,0],"gold":270,"neow_bonus":"","is_daily":false,"chose_seed":false,"campfire_upgraded":0,"win_rate":0.0,"timestamp":1610326959,"path_taken":["M","?","?","?","M","E","R","M","T","?","?","?","E","?","R","BOSS","M","M","?","?","?","R","E"],"items_purchased_type":["Relic","Relic","Relic","Relic","Relic"],"build_version":"2020-12-22","purchased_purges":1,"victory":false,"max_hp_per_floor":[66,66,66,66,67,67,67,67,67,67,67,67,68,68,68,68,73,73,75,1,1,1,1,1,1],"relic_stats":{"Singing Bowl":0,"counters":[76,402],"Bronze Scales":[292],"Chemical X":[1],"obtain_stats":[{"Golden Egg":3,"Tiny House":17,"Gremlin Horn":25,"Vajra":43,"aspiration:PoetsPen_weak":34,"EVO:Axolotl":12,"Ginger":23,"Bottled Tornado":21,"Sling":0,"Replay:Ringing Soul":9,"Strawberry":8,"conspire:DecoderRing":26,"MealTicket":23,"Iron Hammer":27,"Replay:Wax Seal":9,"MerchantsRug":20,"Girya":0,"Pear":54,"ReplayTheSpireMod:CursedCoin":13,"aspiration:Nostalgia":46,"aspiration:HiddenCompartment":42,"Replay:Baseball":42,"hubris:BottledHeart":20,"Bronze Scales":47,"aspiration:ServantSkillbook":17,"Simple Rune":6,"Mark of Pain":17,"Black Star":17,"CatCart":41,"Mirror":40,"aspiration:HatOfInfinitePower":0,"hubris:Reverence":54,"ReplayFunnel":4,"Lantern":39,"Singing Bowl":9,"animator:TheMissingPiece":0,"Mango":0,"Blue Doll":28,"hubris:SlimyHat":13,"PrismaticShard":10,"Replay:Rubber Ducky":7,"hubris:Icosahedron":19,"Mummified Hand":9,"Ring of Peace":10,"Tiny Chest":12,"Chemical X":20,"animator:VividPicture":34,"hubris:GlazedTorus":28,"Potion Belt":27,"Lee\u0027s Waffle":39,"PreservedInsect":21,"hubris:MedicalManual":46,"Omamori":0,"hubris:Towel":38,"White Beast Statue":40,"animator:SoulGem":12,"Bloody Idol":29,"Ring of Misfortune":10,"animator:LivingPicture":0,"Bag of Marbles":10,"Garlic":14,"Champion Belt":0,"Toy Ornithopter":42,"m_RuneBlood":46},{"Golden Egg":17,"Tiny House":73,"Gremlin Horn":53,"Vajra":36,"aspiration:PoetsPen_weak":56,"EVO:Axolotl":45,"Ginger":51,"Bottled Tornado":75,"Sling":41,"Replay:Ringing Soul":4,"Strawberry":45,"conspire:DecoderRing":53,"MealTicket":51,"Iron Hammer":53,"Replay:Wax Seal":45,"MerchantsRug":11,"Girya":65,"Pear":64,"ReplayTheSpireMod:CursedCoin":45,"aspiration:Nostalgia":61,"aspiration:HiddenCompartment":36,"Replay:Baseball":60,"hubris:BottledHeart":75,"Bronze Scales":61,"aspiration:ServantSkillbook":25,"Simple Rune":44,"Mark of Pain":9,"Black Star":47,"CatCart":35,"Mirror":59,"aspiration:HatOfInfinitePower":65,"hubris:Reverence":64,"ReplayFunnel":17,"Lantern":34,"Singing Bowl":71,"animator:TheMissingPiece":0,"Mango":41,"Blue Doll":53,"hubris:SlimyHat":23,"PrismaticShard":71,"Replay:Rubber Ducky":4,"hubris:Icosahedron":26,"Mummified Hand":20,"Ring of Peace":45,"Tiny Chest":45,"Chemical X":26,"animator:VividPicture":31,"hubris:GlazedTorus":53,"Potion Belt":28,"Lee\u0027s Waffle":34,"PreservedInsect":11,"hubris:MedicalManual":61,"Omamori":15,"hubris:Towel":58,"White Beast Statue":59,"animator:SoulGem":71,"Bloody Idol":13,"Ring of Misfortune":45,"animator:LivingPicture":0,"Bag of Marbles":5,"Garlic":46,"Champion Belt":41,"Toy Ornithopter":60,"m_RuneBlood":61},{"Golden Egg":85,"Tiny House":388,"Gremlin Horn":278,"Vajra":176,"aspiration:PoetsPen_weak":296,"EVO:Axolotl":226,"Ginger":269,"Bottled Tornado":397,"Sling":200,"Replay:Ringing Soul":20,"Strawberry":226,"conspire:DecoderRing":278,"MealTicket":269,"Iron Hammer":278,"Replay:Wax Seal":226,"MerchantsRug":53,"Girya":350,"Pear":342,"ReplayTheSpireMod:CursedCoin":226,"aspiration:Nostalgia":323,"aspiration:HiddenCompartment":176,"Replay:Baseball":318,"hubris:BottledHeart":397,"Bronze Scales":323,"aspiration:ServantSkillbook":123,"Simple Rune":221,"Mark of Pain":45,"Black Star":240,"CatCart":168,"Mirror":310,"aspiration:HatOfInfinitePower":350,"hubris:Reverence":342,"ReplayFunnel":85,"Lantern":159,"Singing Bowl":374,"animator:TheMissingPiece":0,"Mango":200,"Blue Doll":278,"hubris:SlimyHat":111,"PrismaticShard":374,"Replay:Rubber Ducky":20,"hubris:Icosahedron":127,"Mummified Hand":96,"Ring of Peace":226,"Tiny Chest":226,"Chemical X":127,"animator:VividPicture":145,"hubris:GlazedTorus":278,"Potion Belt":134,"Lee\u0027s Waffle":159,"PreservedInsect":53,"hubris:MedicalManual":323,"Omamori":73,"hubris:Towel":304,"White Beast Statue":310,"animator:SoulGem":374,"Bloody Idol":61,"Ring of Misfortune":226,"animator:LivingPicture":0,"Bag of Marbles":25,"Garlic":232,"Champion Belt":200,"Toy Ornithopter":318,"m_RuneBlood":323}]},"card_choices":[{"not_picked":["animator:Souei","animator:MumenRider"],"picked":"animator:Berserker","floor":1.0},{"not_picked":["animator:Vanir","animator:Vesta","animator:Azekura"],"picked":"SKIP","floor":2.0},{"not_picked":["animator:Verdia","animator:Kaijin"],"picked":"animator:Emonzaemon","floor":3.0},{"not_picked":["animator:EmiyaShirou","animator:Rider"],"picked":"animator:Saber","floor":5.0},{"not_picked":["animator:Biyorigo","animator:Verdia"],"picked":"animator:Assassin","floor":6.0},{"not_picked":["animator:MaesHughes","animator:Sloth"],"picked":"animator:Alexander","floor":8.0},{"not_picked":["animator:Albedo","animator:Cocytus"],"picked":"animator:Caster","floor":13.0},{"not_picked":["animator:Wiz","animator:Father"],"picked":"animator:Hans","floor":16.0},{"not_picked":["animator:SilverFang","animator:MaesHughes"],"picked":"animator:Assassin","floor":17.0},{"not_picked":["animator:Berserker","animator:ShinjiMatou"],"picked":"animator:SakuraMatou","floor":18.0},{"not_picked":["animator:Assassin+1","animator:Sloth"],"picked":"animator:Illya","floor":19}],"player_experience":494259,"relics_obtained":[{"floor":6.0,"key":"Bronze Scales"},{"floor":9.0,"key":"Singing Bowl"},{"floor":13.0,"key":"Replay:Wax Seal"},{"floor":21,"key":"Bottled Tornado"}],"event_choices":[{"damage_healed":0,"gold_gain":0,"player_choice":"Leave","damage_taken":0,"max_hp_gain":0,"max_hp_loss":0,"event_name":"conspire:Investor","floor":22,"gold_loss":0}],"is_beta":false,"boss_relics":[{"not_picked":["Philosopher\u0027s Stone","Fusion Hammer"],"picked":"Tiny House"}],"items_purged_floors":[12],"is_endless":false,"potions_floor_spawned":[1,13],"killed_by":"Book of Stabbing","ascension_level":2}}