{"host":"4328iixd8pca51w5","time":1610355619,"event":{"mods":["2.2 Compatiblity","AchievementEnabler","BaseMod","CapriCore","Colored Map","KOR Keyword Fix","Minty Spire (QoL Compilation)","StSLib","The Immortal"],"gold_per_floor":[118,193,193,193,213,213,238,238,316,316,316,330,330,30,30,127,127,144,154,154,79,94,125,125,125,180,180,196,207,207,220,220,321,321,334,351,368,368,174,174,174,174,174,187,187,187,187,12,12,12],"floor_reached":51,"playtime":2058,"items_purged":["MokouMod:Defend","MokouMod:Strike","Pain"],"score":992,"play_id":"a6606d30-d653-4c7d-8a15-c5b71cceedf4","local_time":"20210111180019","is_ascension_mode":true,"campfire_choices":[{"data":"MokouMod:FujiyamaVolcano","floor":6.0,"key":"SMITH"},{"data":"MokouMod:Sear","floor":8.0,"key":"SMITH"},{"data":"MokouMod:SacredFire","floor":10.0,"key":"SMITH"},{"data":"MokouMod:Overheat","floor":13.0,"key":"SMITH"},{"floor":15.0,"key":"REST"},{"data":"MokouMod:RadiantBlade","floor":27.0,"key":"SMITH"},{"data":"MokouMod:ResoluteFlare","floor":32.0,"key":"SMITH"},{"data":"MokouMod:BurningDraft","floor":40.0,"key":"SMITH"},{"data":"MokouMod:ScorchedEarth","floor":42.0,"key":"SMITH"},{"data":"MokouMod:Geothermal","floor":45.0,"key":"SMITH"},{"data":"Flash of Steel","floor":47,"key":"SMITH"},{"data":"MokouMod:HeatSpark","floor":49,"key":"SMITH"}],"circlet_count":0,"master_deck":["AscendersBane","MokouMod:Strike","MokouMod:Strike+1","MokouMod:Defend","MokouMod:Defend+1","MokouMod:HeatSpark+1","MokouMod:FujiyamaVolcano+1","MokouMod:SacredFire+1","MokouMod:Sear+1","MokouMod:Overheat+1","MokouMod:RadiantBlade+1","MokouMod:FujiyamaVolcano+1","MokouMod:FlareStarter+1","MokouMod:FlickeringFlame+1","MokouMod:ThermalPressure+1","MokouMod:ResoluteFlare+1","MokouMod:Geothermal+1","MokouMod:BurningDraft+1","MokouMod:ScorchedEarth+1","MokouMod:ResoluteFlare+1","Flash of Steel+1"],"relics":["MokouMod:PhoenixFeather","Bottled Lightning","Gremlin Horn","Mercury Hourglass","WingedGreaves","Empty Cage","MutagenicStrength","White Beast Statue","PreservedInsect","Potion Belt","Boot","Cursed Key","Strawberry"],"acts_visited":["Exordium","TheCity","TheBeyond"],"potions_floor_usage":[50,50,50,50,50],"damage_taken":[{"damage":0.0,"enemies":"Small Slimes","floor":1.0,"turns":3.0},{"damage":8.0,"enemies":"2 Louse","floor":5.0,"turns":2.0},{"damage":16.0,"enemies":"Gremlin Nob","floor":7.0,"turns":3.0},{"damage":7.0,"enemies":"Jaw Worm","floor":12.0,"turns":2.0},{"damage":20.0,"enemies":"Hexaghost","floor":16.0,"turns":6.0},{"damage":0.0,"enemies":"Chosen","floor":18.0,"turns":4.0},{"damage":0.0,"enemies":"Shell Parasite","floor":19.0,"turns":1.0},{"damage":0.0,"enemies":"3 Cultists","floor":22.0,"turns":1.0},{"damage":17.0,"enemies":"Book of Stabbing","floor":23.0,"turns":5.0},{"damage":0.0,"enemies":"Sentry and Sphere","floor":28.0,"turns":2.0},{"damage":4.0,"enemies":"Cultist and Chosen","floor":29.0,"turns":2.0},{"damage":0.0,"enemies":"3 Cultists","floor":31.0,"turns":3.0},{"damage":13.0,"enemies":"Collector","floor":33.0,"turns":4.0},{"damage":2.0,"enemies":"3 Darklings","floor":35.0,"turns":2.0},{"damage":0.0,"enemies":"Orb Walker","floor":36.0,"turns":1.0},{"damage":0.0,"enemies":"Spire Growth","floor":37.0,"turns":2.0},{"damage":17.0,"enemies":"Maw","floor":44.0,"turns":5.0},{"damage":53,"enemies":"Awakened One","floor":50,"turns":5}],"seed_played":"8058344807097726811","potions_obtained":[{"floor":5.0,"key":"SpeedPotion"},{"floor":16.0,"key":"FearPotion"},{"floor":18.0,"key":"Ancient Potion"},{"floor":19.0,"key":"Block Potion"},{"floor":22.0,"key":"EssenceOfSteel"},{"floor":25.0,"key":"Weak Potion"},{"floor":28.0,"key":"Explosive Potion"},{"floor":29.0,"key":"Block Potion"},{"floor":33.0,"key":"PowerPotion"},{"floor":36.0,"key":"Fire Potion"},{"floor":37.0,"key":"SteroidPotion"},{"floor":44.0,"key":"PowerPotion"}],"is_trial":false,"path_per_floor":["M","?","?","?","M","R","E","R","T","R","T","M","R","$","R","B",null,"M","M","?","$","M","E","T","?","T","R","M","M","?","M","R","B",null,"M","M","M","?","$","R","?","R","T","M","R","?","R","$","R","B",null],"character_chosen":"MKU","items_purchased":["WingedGreaves","MokouMod:ScorchedEarth","MokouMod:ResoluteFlare","Fire Potion"],"campfire_rested":1,"item_purchase_floors":[14,39,39,48],"current_hp_per_floor":[64,53,35,35,27,27,11,11,11,11,11,4,4,4,30,10,69,69,69,69,69,69,52,52,52,52,52,52,48,48,48,48,35,76,74,74,74,74,74,74,74,74,81,64,64,64,64,64,64,11],"gold":12,"neow_bonus":"TWENTY_PERCENT_HP_BONUS","is_daily":false,"chose_seed":false,"campfire_upgraded":11,"win_rate":0.0,"timestamp":1610355619,"path_taken":["M","?","?","?","M","R","E","R","T","R","?","M","R","$","R","BOSS","M","?","?","$","M","E","?","?","T","R","M","?","?","M","R","BOSS","M","M","?","?","$","R","?","R","T","M","R","?","R","$","R","BOSS"],"items_purchased_type":["Relic","Card","Card","Potion"],"build_version":"2020-12-22","purchased_purges":3,"victory":true,"max_hp_per_floor":[89,89,89,89,89,89,89,89,89,89,89,89,89,89,89,89,89,89,89,89,89,89,89,89,89,89,89,89,89,89,89,89,89,89,89,89,89,85,85,85,85,85,92,92,92,92,92,92,92,92],"card_choices":[{"not_picked":["MokouMod:ControlledCombustion","MokouMod:IgneousBlow"],"picked":"MokouMod:FujiyamaVolcano","floor":1.0},{"not_picked":["MokouMod:EternalBurstReactor","MokouMod:IllusoryBattlefield"],"picked":"MokouMod:Sear","floor":5.0},{"not_picked":["MokouMod:EternalBurstReactor","MokouMod:HouraiForge","MokouMod:SubterraneanCore"],"picked":"SKIP","floor":7.0},{"not_picked":["MokouMod:EternalBurstReactor","MokouMod:BlazingComet"],"picked":"MokouMod:Overheat","floor":12.0},{"not_picked":["MokouMod:Rebirth","MokouMod:SpontaneousHumanCombustion"],"picked":"MokouMod:RadiantBlade","floor":16.0},{"not_picked":["MokouMod:FlickeringFlame","MokouMod:TemporalFireSeal+1"],"picked":"MokouMod:FujiyamaVolcano+1","floor":18.0},{"not_picked":["MokouMod:ResoluteFlare","MokouMod:TemporalFireSeal"],"picked":"MokouMod:FlareStarter+1","floor":19.0},{"not_picked":["MokouMod:CrimsonArmoury","MokouMod:ScorchingColumn+1"],"picked":"MokouMod:FlickeringFlame+1","floor":22.0},{"not_picked":["MokouMod:Afterburner","MokouMod:ScorchingColumn+1"],"picked":"MokouMod:ThermalPressure+1","floor":23.0},{"not_picked":["MokouMod:TemporalFireSeal+1","MokouMod:Fireball"],"picked":"MokouMod:ResoluteFlare","floor":28.0},{"not_picked":["MokouMod:Trailblazer+1","MokouMod:RoaringFlare","MokouMod:HeatFactory+1"],"picked":"SKIP","floor":29.0},{"not_picked":["MokouMod:SearingBlow","MokouMod:Sear","MokouMod:InfernalWave"],"picked":"SKIP","floor":31.0},{"not_picked":["MokouMod:EnchantingBambooForest","MokouMod:ProfanedFlare"],"picked":"MokouMod:Geothermal","floor":33.0},{"not_picked":["MokouMod:RoaringFlare","MokouMod:WarmUp+1"],"picked":"MokouMod:BurningDraft","floor":35.0},{"not_picked":["MokouMod:Wildfire","MokouMod:FlareStarter","MokouMod:HeatTransfer+1"],"picked":"SKIP","floor":36.0},{"not_picked":["MokouMod:Overheat","MokouMod:SearingShot","MokouMod:ScorchingColumn"],"picked":"SKIP","floor":37.0},{"not_picked":["MokouMod:EternalBurstReactor","MokouMod:HeatTransfer"],"picked":"MokouMod:ResoluteFlare+1","floor":44.0}],"player_experience":219297,"relics_obtained":[{"floor":7.0,"key":"Bottled Lightning"},{"floor":9.0,"key":"Gremlin Horn"},{"floor":11.0,"key":"Mercury Hourglass"},{"floor":23.0,"key":"White Beast Statue"},{"floor":24.0,"key":"PreservedInsect"},{"floor":26.0,"key":"Potion Belt"},{"floor":30.0,"key":"Boot"},{"floor":43.0,"key":"Strawberry"}],"event_choices":[{"damage_healed":0.0,"max_hp_gain":0.0,"max_hp_loss":0.0,"gold_gain":75.0,"event_name":"World of Goop","player_choice":"Gather Gold","floor":2.0,"gold_loss":0.0,"damage_taken":11.0},{"damage_healed":0.0,"max_hp_gain":0.0,"max_hp_loss":0.0,"gold_gain":0.0,"event_name":"Shining Light","player_choice":"Entered Light","floor":3.0,"gold_loss":0.0,"damage_taken":18.0,"cards_upgraded":["MokouMod:Strike","MokouMod:Defend"]},{"damage_healed":0.0,"max_hp_gain":0.0,"max_hp_loss":0.0,"gold_gain":0.0,"cards_transformed":["MokouMod:Defend"],"event_name":"Living Wall","player_choice":"Change","floor":4.0,"gold_loss":0.0,"damage_taken":0.0,"cards_obtained":["MokouMod:SacredFire"]},{"damage_healed":0.0,"max_hp_gain":0.0,"max_hp_loss":0.0,"gold_gain":0.0,"event_name":"Drug Dealer","player_choice":"Inject Mutagens","floor":20.0,"gold_loss":0.0,"damage_taken":0.0,"relics_obtained":["MutagenicStrength"]},{"damage_healed":0.0,"max_hp_gain":0.0,"max_hp_loss":0.0,"gold_gain":0.0,"event_name":"Lab","player_choice":"Got Potions","floor":25.0,"gold_loss":0.0,"damage_taken":0.0},{"damage_healed":0.0,"max_hp_gain":0.0,"max_hp_loss":0.0,"gold_gain":0.0,"event_name":"Wheel of Change","player_choice":"Relic","floor":30.0,"gold_loss":0.0,"damage_taken":0.0},{"damage_healed":0.0,"max_hp_gain":0.0,"max_hp_loss":4.0,"gold_gain":0.0,"event_name":"Winding Halls","player_choice":"Max HP","floor":38.0,"gold_loss":0.0,"damage_taken":0.0},{"cards_removed":["MokouMod:ResoluteFlare"],"damage_healed":0.0,"max_hp_gain":0.0,"max_hp_loss":0.0,"gold_gain":0.0,"event_name":"Falling","player_choice":"Removed Attack","floor":41.0,"gold_loss":0.0,"damage_taken":0.0},{"damage_healed":0,"gold_gain":0,"player_choice":"1 cards matched","damage_taken":0,"max_hp_gain":0,"max_hp_loss":0,"event_name":"Match and Keep!","floor":46,"gold_loss":0,"cards_obtained":["Flash of Steel"]}],"is_beta":false,"boss_relics":[{"not_picked":["SacredBark","Runic Pyramid"],"picked":"Empty Cage"},{"not_picked":["Sozu","Philosopher\u0027s Stone"],"picked":"Cursed Key"}],"items_purged_floors":[21,39,48],"is_endless":false,"potions_floor_spawned":[5,16,18,19,22,28,29,31,33,35,36,37,44],"ascension_level":10}}