{"host":"o31lgnuuvxqcsqn0","time":1610337218,"event":{"mods":["BaseMod","Better Third Choice","Minty Spire (QoL Compilation)","StSLib","The Animator"],"gold_per_floor":[15,15,35,35,60,86,51,65,65,65,65,102,116,126,126,126,126],"floor_reached":16,"playtime":760,"items_purged":[],"score":112,"play_id":"cc9abb34-a650-4985-a00c-0ba22ebaa4b6","local_time":"20210110215338","is_ascension_mode":false,"campfire_choices":[{"floor":10,"key":"REST"},{"floor":15,"key":"REST"}],"circlet_count":0,"master_deck":["animator:Strike_Katanagatari","animator:Defend_Katanagatari","animator:Strike","animator:Strike","animator:Strike","animator:Defend","animator:Defend","animator:Defend","animator:Azekura","animator:Emonzaemon","animator:Patchouli","animator:MetalKnight","Doppelganger","animator:ZankiKiguchi","animator:Shichika","animator:Mikaela","animator:ChlammyZell","animator:Jibril"],"relics":["animator:LivingPicture","animator:TheMissingPiece","Lantern","Bottled Lightning","Akabeko"],"acts_visited":["Exordium"],"potions_floor_usage":[],"damage_taken":[{"damage":14,"enemies":"Small Slimes","floor":1,"turns":5},{"damage":0,"enemies":"2 Louse","floor":3,"turns":4},{"damage":6,"enemies":"Jaw Worm","floor":5,"turns":4},{"damage":32,"enemies":"Gremlin Nob","floor":6,"turns":5},{"damage":11,"enemies":"Large Slime","floor":8,"turns":6},{"damage":26,"enemies":"Lagavulin","floor":12,"turns":5},{"damage":4,"enemies":"Blue Slaver","floor":13,"turns":3},{"damage":2,"enemies":"Looter","floor":14,"turns":3},{"damage":0,"enemies":"The Guardian","floor":16,"turns":1}],"seed_played":"635110993569896614","potions_obtained":[{"floor":5,"key":"Ancient Potion"},{"floor":6,"key":"SpeedPotion"},{"floor":8,"key":"Block Potion"}],"is_trial":false,"path_per_floor":["M","?","M","$","M","E","?","M","T","R","?","E","M","M","R","B"],"character_chosen":"THE_ANIMATOR","items_purchased":[],"campfire_rested":2,"item_purchase_floors":[],"current_hp_per_floor":[52,50,50,50,44,13,29,18,18,38,38,12,9,7,27,27,27],"gold":126,"neow_bonus":"RANDOM_COLORLESS_2","is_daily":false,"chose_seed":false,"campfire_upgraded":0,"win_rate":0.0,"timestamp":1610337218,"path_taken":["M","?","M","$","M","E","?","M","T","R","?","E","M","M","R","BOSS"],"items_purchased_type":[],"build_version":"2020-12-22","purchased_purges":0,"victory":false,"max_hp_per_floor":[66,66,66,66,66,67,67,67,67,67,67,67,68,68,68,68,68],"card_choices":[{"not_picked":["animator:TanyaDegurechaff","animator:HououinKyouma"],"picked":"animator:Patchouli","floor":0},{"not_picked":["animator:Emonzaemon","animator:PandorasActor"],"picked":"animator:MetalKnight","floor":1},{"not_picked":["animator:Elsword","animator:Shigure","animator:Laby"],"picked":"SKIP","floor":3},{"not_picked":["animator:Shinoa","animator:Fredrika"],"picked":"animator:ZankiKiguchi","floor":5},{"not_picked":["animator:ZankiKiguchi","animator:UneriGinkaku"],"picked":"animator:Shichika","floor":6},{"not_picked":["animator:Emonzaemon","animator:MumenRider"],"picked":"animator:Mikaela","floor":8},{"not_picked":["animator:Laby","animator:DolaRiku"],"picked":"animator:ChlammyZell","floor":12},{"not_picked":["animator:DolaRiku","animator:IzunaHatsuse"],"picked":"animator:Jibril","floor":13}],"player_experience":1982599,"relics_obtained":[{"floor":6,"key":"Lantern"},{"floor":9,"key":"Bottled Lightning"},{"floor":12,"key":"Akabeko"}],"event_choices":[{"damage_healed":0,"gold_gain":1,"player_choice":"Card ","damage_taken":2,"max_hp_gain":0,"max_hp_loss":0,"event_name":"betterThird:BetterScrap","floor":2,"gold_loss":0,"cards_obtained":["Doppelganger","Brilliance"]},{"damage_healed":16,"gold_gain":0,"player_choice":"Healed","damage_taken":0,"max_hp_gain":0,"max_hp_loss":0,"event_name":"The Cleric","floor":7,"gold_loss":35},{"damage_healed":0,"gold_gain":0,"player_choice":"Ignored","damage_taken":0,"max_hp_gain":0,"max_hp_loss":0,"event_name":"Golden Idol","floor":11,"gold_loss":0}],"is_beta":false,"boss_relics":[],"items_purged_floors":[],"is_endless":false,"potions_floor_spawned":[5,6,8,14],"killed_by":"The Guardian","ascension_level":0}}