{"host":"zekcc3vicrep0och","time":1610356000,"event":{"mods":["AchievementEnabler","BaseMod","Colored Map","Colored Powertips","Displayed Cursed Tome","Highlight Path","Minty Spire (QoL Compilation)","Quick Restart","Relic Stats","StSLib","The Cursed"],"gold_per_floor":[36,36,89,46,81,133,133,219,219,252,252,286,286,286,286,363,363,335,406,442,45,64,64,64,64],"floor_reached":24,"playtime":962,"items_purged":[],"score":382,"play_id":"4562dfaa-774e-4b63-88c0-4b7f2cf7fc75","local_time":"20210111120640","is_ascension_mode":true,"campfire_choices":[{"floor":11.0,"key":"REST"},{"data":"Hologram","floor":13.0,"key":"SMITH"},{"floor":15.0,"key":"REST"},{"floor":23,"key":"REST"}],"circlet_count":0,"master_deck":["AscendersBane","Strike_B","Strike_B","Strike_B","Strike_B","Defend_B","Defend_B+1","Defend_B","Defend_B","Zap+1","Dualcast+1","HandOfGreed","Conserve Battery","Genetic Algorithm","Chill","Hologram+1","FTL","Machine Learning+1","Undo","Core Surge","White Noise","Melter","Skim+1","Ball Lightning","Steam"],"relics":["FrozenCore","Question Card","War Paint","Cables","Mummified Hand","Bottled Flame","Pantograph","Red Mask","Toy Ornithopter","Lantern"],"acts_visited":["Exordium","TheCity"],"potions_floor_usage":[],"damage_taken":[{"damage":5.0,"enemies":"Small Slimes","floor":1.0,"turns":3.0},{"damage":0.0,"enemies":"Jaw Worm","floor":5.0,"turns":3.0},{"damage":11.0,"enemies":"Lagavulin","floor":6.0,"turns":7.0},{"damage":6.0,"enemies":"3 Sentries","floor":8.0,"turns":8.0},{"damage":19.0,"enemies":"Gremlin Nob","floor":10.0,"turns":4.0},{"damage":0.0,"enemies":"2 Louse","floor":12.0,"turns":3.0},{"damage":1.0,"enemies":"Hexaghost","floor":16.0,"turns":9.0},{"damage":22.0,"enemies":"2 Thieves","floor":18.0,"turns":5.0},{"damage":28.0,"enemies":"Masked Bandits","floor":19.0,"turns":5.0},{"damage":0,"enemies":"Chosen","floor":20,"turns":6},{"damage":15,"enemies":"3 Cultists","floor":22,"turns":7},{"damage":1,"enemies":"Snecko","floor":24,"turns":6}],"seed_played":"-6960089458494424132","potions_obtained":[{"floor":6.0,"key":"EssenceOfSteel"},{"floor":10.0,"key":"Weak Potion"},{"floor":12.0,"key":"FocusPotion"},{"floor":18.0,"key":"Dexterity Potion"},{"floor":22,"key":"Dexterity Potion"}],"is_trial":false,"path_per_floor":["M","?","T","$","M","E","?","E","T","E","R","M","R","?","R","B",null,"M","?","M","$","M","R","M"],"character_chosen":"DEFECT","items_purchased":["Genetic Algorithm","Ball Lightning","Toy Ornithopter","Lantern"],"campfire_rested":3,"item_purchase_floors":[4,21,21,21],"current_hp_per_floor":[59,48,48,48,48,37,37,31,31,12,33,33,33,12,33,57,68,46,18,18,18,3,24,23,23],"gold":64,"neow_bonus":"RANDOM_COLORLESS_2","is_daily":false,"chose_seed":false,"campfire_upgraded":1,"win_rate":0.0,"timestamp":1610356000,"path_taken":["M","?","?","$","M","E","?","E","T","E","R","M","R","?","R","BOSS","M","?","M","$","M","R","M"],"items_purchased_type":["Card","Card","Relic","Relic"],"build_version":"2020-12-22","purchased_purges":0,"victory":false,"max_hp_per_floor":[71,71,71,71,71,71,71,71,71,71,71,71,71,71,71,71,71,71,71,71,71,71,71,71,71],"relic_stats":{"counters":[12,66],"Mummified Hand":[9],"Pantograph":25,"War Paint":["Dualcast","Zap"],"Question Card":10,"obtain_stats":[{"Bottled Flame":9,"Lantern":21,"Mummified Hand":8,"Pantograph":10,"Red Mask":19,"War Paint":3,"Cracked Core":0,"Question Card":2,"Toy Ornithopter":21,"Cables":6,"FrozenCore":17},{"Bottled Flame":4,"Lantern":10,"Mummified Hand":4,"Pantograph":5,"Red Mask":9,"War Paint":1,"Cracked Core":0,"Question Card":1,"Toy Ornithopter":10,"Cables":3,"FrozenCore":7},{"Bottled Flame":21,"Lantern":53,"Mummified Hand":21,"Pantograph":25,"Red Mask":47,"War Paint":3,"Cracked Core":0,"Question Card":3,"Toy Ornithopter":53,"Cables":13,"FrozenCore":37}],"Toy Ornithopter":0,"FrozenCore":[12],"Cables":[43,10,33,0,0]},"card_choices":[{"not_picked":["Chrysalis","Transmutation"],"picked":"HandOfGreed","floor":0.0},{"not_picked":["Barrage","Stack"],"picked":"Conserve Battery","floor":1.0},{"not_picked":["Steam","Coolheaded","Conserve Battery"],"picked":"Chill","floor":5.0},{"not_picked":["Defragment","Lockon","Blizzard"],"picked":"Hologram","floor":6.0},{"not_picked":["Hello World","Skim","Leap"],"picked":"FTL","floor":8.0},{"not_picked":["Leap","Stack","Rip and Tear"],"picked":"Machine Learning","floor":10.0},{"not_picked":["Streamline","Leap","Rebound"],"picked":"Undo","floor":12.0},{"not_picked":["Thunder Strike","Machine Learning","Meteor Strike"],"picked":"Core Surge","floor":16.0},{"not_picked":["Defragment","Conserve Battery","Cold Snap"],"picked":"White Noise","floor":18.0},{"not_picked":["Doom and Gloom","Skim","Redo"],"picked":"Melter","floor":19.0},{"not_picked":["Redo","Hologram","Compile Driver"],"picked":"Skim+1","floor":20},{"not_picked":["Double Energy","Scrape","Streamline"],"picked":"Steam","floor":22}],"player_experience":509994,"relics_obtained":[{"floor":3.0,"key":"War Paint"},{"floor":6.0,"key":"Cables"},{"floor":8.0,"key":"Mummified Hand"},{"floor":9.0,"key":"Bottled Flame"},{"floor":10.0,"key":"Pantograph"},{"floor":19.0,"key":"Red Mask"}],"event_choices":[{"damage_healed":0.0,"max_hp_gain":0.0,"max_hp_loss":0.0,"gold_gain":0.0,"event_name":"Scrap Ooze","player_choice":"Success","floor":2.0,"gold_loss":0.0,"damage_taken":11.0,"relics_obtained":["Question Card"]},{"damage_healed":0.0,"max_hp_gain":0.0,"max_hp_loss":0.0,"gold_gain":0.0,"event_name":"Liars Game","player_choice":"Ignored","floor":7.0,"gold_loss":0.0,"damage_taken":0.0},{"damage_healed":0.0,"max_hp_gain":0.0,"max_hp_loss":0.0,"gold_gain":0.0,"event_name":"Shining Light","player_choice":"Entered Light","floor":14.0,"gold_loss":0.0,"damage_taken":21.0,"cards_upgraded":["Machine Learning","Defend_B"]},{"damage_healed":0.0,"max_hp_gain":0.0,"max_hp_loss":0.0,"gold_gain":0.0,"event_name":"Masked Bandits","player_choice":"Fought Bandits","floor":19.0,"gold_loss":0.0,"damage_taken":0.0}],"is_beta":false,"boss_relics":[{"not_picked":["Snecko Eye","Sozu"],"picked":"FrozenCore"}],"items_purged_floors":[],"is_endless":false,"potions_floor_spawned":[6,10,12,18,22],"killed_by":"Snecko","ascension_level":16}}