{"host":"wonp23fsqqcu31ie","time":1610349930,"event":{"mods":["2.2 Compatiblity","AchievementEnabler","Aspiration","BaseMod","Bestiary","Better Altar","Better Match","Better Sensory Stone","Better Skull","Better Third Choice","BetterRewards","Block Reminder","Colored Map","Colored Powertips","Conspire","Curses Come First","DeckTracker","Displayed Cursed Tome","Downfall","Energized Spire","Evolution","Hermit","Highlight Path","Hubris","Infinite Spire","Marisa????????","Minty Spire (QoL Compilation)","Permanent Neow","Prisma Mod","Quick Restart","Rare Cards Sparkle","Relic Stats","Replay The Spire","Robot Space Explorer","Shade Mod","Shop Mod","StSLib","SuperFastMode","The Animator","The Bug Knight","The Construct","The Cursed","The Disciple","The Dragon Tamer","The Gatherer","The Hierophant","The Marked","The Mystic","The Necromancer","The Poker Player","The Runesmith","The Saiyan","The Servant 0.9.4","The Witch","TheBandit"],"gold_per_floor":[118,136,136,136,136,136,168,168,192,206,252,262,280,299,299,400,400,411,39,39,39,54,54,54,70,70,80,80,80,91,108,108,108,108,108],"floor_reached":33,"playtime":1553,"items_purged":[],"score":269,"play_id":"280adc48-2dea-4915-a640-42e3feae8984","local_time":"20210111182530","is_ascension_mode":false,"campfire_choices":[{"data":"expansioncontent:QuickStudy","floor":6.0,"key":"SMITH"},{"data":"wariomod:Leapslam","floor":8.0,"key":"SMITH"},{"floor":15.0,"key":"RECALL"},{"floor":23.0,"key":"REST"},{"floor":28,"key":"REST"},{"floor":32,"key":"REST"}],"circlet_count":0,"master_deck":["wariomod:Strike","wariomod:Strike","wariomod:Strike","wariomod:Strike","wariomod:Defend","wariomod:Defend","wariomod:Defend","wariomod:Defend","wariomod:Step","wariomod:Leap+1","wariomod:SpikeSlash+1","wariomod:ImFeelingLucky","expansioncontent:QuickStudy+1","wariomod:Leapslam+1","wariomod:Game","wariomod:ChargeForth","wariomod:DanceDash","wariomod:SmackSlam","wariomod:WipeClean","wariomod:Game+1","wariomod:BumRush","Pain","wariomod:DoubleDip","wariomod:AwfulLook","wariomod:SmallSprint+1","Regret","wariomod:DanceDash","hubris:InfiniteBlow","wariomod:Boomsmack","wariomod:BodyBlock"],"relics":["wariomod:TheHat","EVO:Axolotl","ReplayTheSpireMod:TigerMarble","hubris:SlimyHat","energizedSpire:EnergizedDie","ClockworkSouvenir","Replay:Mystery Machine","aspiration:RitualStick","WarpedTongs","hubris:CuriousFeather","hubris:MedicalManual"],"acts_visited":["Exordium","TheCity"],"potions_floor_usage":[30,33,33],"damage_taken":[{"damage":0.0,"enemies":"2 Louse","floor":1.0,"turns":2.0},{"damage":4.0,"enemies":"conspire:RoseBush","floor":2.0,"turns":4.0},{"damage":16.0,"enemies":"Gremlin Nob","floor":7.0,"turns":3.0},{"damage":0.0,"enemies":"Cultist","floor":10.0,"turns":2.0},{"damage":6.0,"enemies":"Exordium Thugs","floor":12.0,"turns":3.0},{"damage":0.0,"enemies":"Gremlin Gang","floor":13.0,"turns":3.0},{"damage":0.0,"enemies":"2 Fungi Beasts","floor":14.0,"turns":2.0},{"damage":15.0,"enemies":"Fading Forest","floor":16.0,"turns":11.0},{"damage":31.0,"enemies":"2 Thieves","floor":18.0,"turns":4.0},{"damage":6.0,"enemies":"Spheric Guardian","floor":22.0,"turns":3.0},{"damage":17.0,"enemies":"Gremlin Leader","floor":24.0,"turns":7.0},{"damage":14.0,"enemies":"Snake Plant","floor":25.0,"turns":2.0},{"damage":12,"enemies":"conspire:HollyBat","floor":27,"turns":5},{"damage":4,"enemies":"Snecko","floor":30,"turns":3},{"damage":10,"enemies":"Cultist and Chosen","floor":31,"turns":4},{"damage":50,"enemies":"Automaton","floor":33,"turns":5}],"seed_played":"2870162883221491868","potions_obtained":[{"floor":2.0,"key":"Doom Potion"},{"floor":5.0,"key":"SteroidPotion"},{"floor":5.0,"key":"Regen Potion"},{"floor":5.0,"key":"Fruit Juice"},{"floor":7.0,"key":"FearPotion"},{"floor":16.0,"key":"Explosive Potion"},{"floor":24.0,"key":"Energy Potion"},{"floor":31,"key":"SpeedPotion"}],"is_trial":false,"path_per_floor":["M","M","?","?","?","R","E","R","T","M","T","M","M","M","R","B",null,"M","$","?","?","M","R","E","M","T","M","R","AVR","M","M","R","B"],"character_chosen":"THE_BANDIT","items_purchased":["ClockworkSouvenir","Replay:Mystery Machine","wariomod:BumRush"],"campfire_rested":3,"item_purchase_floors":[19,19,19],"current_hp_per_floor":[80,76,76,76,81,81,65,65,65,65,65,59,59,59,59,65,85,54,54,37,37,31,56,39,25,25,13,38,38,35,25,50,0,0,0],"gold":108,"neow_bonus":"UPGRADE_CARD","is_daily":false,"chose_seed":false,"campfire_upgraded":2,"win_rate":0.0,"timestamp":1610349930,"path_taken":["M","M","?","?","?","R","E","R","T","?","?","M","M","?","R","BOSS","M","$","?","?","M","R","E","M","T","?","R","AVR","M","M","R","BOSS"],"items_purchased_type":["Relic","Relic","Card"],"build_version":"2020-12-22","purchased_purges":0,"victory":false,"max_hp_per_floor":[80,80,80,80,85,85,85,85,85,85,85,85,85,85,85,85,85,85,85,85,85,85,85,85,85,85,85,85,85,86,86,86,86,86,86],"relic_stats":{"counters":[29,126],"obtain_stats":[{"wariomod:SmileyHat":20,"Happy Flower":12,"wariomod:TheHat":0,"Astrolabe":17,"energizedSpire:EnergizedDie":17,"The Courier":6,"hubris:MedicalManual":26,"hubris:SlimyHat":11,"EVO:Axolotl":0,"Replay:Mystery Machine":19,"aspiration:RitualStick":20,"Mercury Hourglass":20,"ClockworkSouvenir":19,"WarpedTongs":21,"Mummified Hand":9,"Strawberry":13,"Tiny Chest":20,"hubris:CuriousFeather":24,"Bag of Marbles":20,"ReplayTheSpireMod:TigerMarble":7,"Membership Card":20},{"wariomod:SmileyHat":11,"Happy Flower":7,"wariomod:TheHat":0,"Astrolabe":10,"energizedSpire:EnergizedDie":21,"The Courier":3,"hubris:MedicalManual":25,"hubris:SlimyHat":17,"EVO:Axolotl":0,"Replay:Mystery Machine":22,"aspiration:RitualStick":22,"Mercury Hourglass":11,"ClockworkSouvenir":22,"WarpedTongs":22,"Mummified Hand":4,"Strawberry":8,"Tiny Chest":11,"hubris:CuriousFeather":24,"Bag of Marbles":11,"ReplayTheSpireMod:TigerMarble":16,"Membership Card":11},{"wariomod:SmileyHat":49,"Happy Flower":27,"wariomod:TheHat":0,"Astrolabe":45,"energizedSpire:EnergizedDie":93,"The Courier":16,"hubris:MedicalManual":109,"hubris:SlimyHat":74,"EVO:Axolotl":0,"Replay:Mystery Machine":97,"aspiration:RitualStick":97,"Mercury Hourglass":49,"ClockworkSouvenir":97,"WarpedTongs":97,"Mummified Hand":18,"Strawberry":33,"Tiny Chest":49,"hubris:CuriousFeather":107,"Bag of Marbles":49,"ReplayTheSpireMod:TigerMarble":72,"Membership Card":49}],"aspiration:RitualStick":[4],"WarpedTongs":[29]},"card_choices":[{"not_picked":["wariomod:TreasureDig","wariomod:DanceDash"],"picked":"wariomod:SpikeSlash","floor":1.0},{"not_picked":["wariomod:DropBash","wariomod:DisarmingMoves"],"picked":"wariomod:ImFeelingLucky","floor":2.0},{"not_picked":["hubris:Insight","Replay:SS_hec_1"],"picked":"expansioncontent:QuickStudy","floor":3.0},{"not_picked":["wariomod:TempestBlasts","wariomod:SimpleShield"],"picked":"wariomod:Leapslam","floor":7.0},{"not_picked":["wariomod:DisarmingMoves","wariomod:OctoJump"],"picked":"wariomod:Game","floor":10.0},{"not_picked":["wariomod:TrekTime","wariomod:Boomsmack"],"picked":"wariomod:ChargeForth","floor":12.0},{"not_picked":["wariomod:Bombshield","wariomod:BodyBlock"],"picked":"wariomod:DanceDash","floor":13.0},{"not_picked":["wariomod:BodyBlock","wariomod:DoubleDip"],"picked":"wariomod:SmackSlam","floor":14.0},{"not_picked":["wariomod:EnergizedBombs","wariomod:Enshrine"],"picked":"wariomod:WipeClean","floor":16.0},{"not_picked":["wariomod:ImFeelingLucky","wariomod:Leapslam"],"picked":"wariomod:Game+1","floor":18.0},{"not_picked":["wariomod:EndlessBlast","wariomod:PayItForwards"],"picked":"wariomod:DoubleDip","floor":22.0},{"not_picked":["wariomod:TreasureDig","wariomod:DoubleDip"],"picked":"wariomod:AwfulLook","floor":24.0},{"not_picked":["wariomod:DanceDash+1","wariomod:DoubleDash+1"],"picked":"wariomod:SmallSprint+1","floor":25.0},{"not_picked":["wariomod:GreaterGuard","wariomod:DisarmingMoves"],"picked":"wariomod:DanceDash","floor":27},{"not_picked":["wariomod:RacingSpeed","wariomod:DeepDig"],"picked":"wariomod:Boomsmack","floor":30},{"not_picked":["wariomod:DanceDash","wariomod:DeepDig"],"picked":"wariomod:BodyBlock","floor":31}],"player_experience":504284,"relics_obtained":[{"floor":7.0,"key":"ReplayTheSpireMod:TigerMarble"},{"floor":11.0,"key":"hubris:SlimyHat"},{"floor":24.0,"key":"hubris:CuriousFeather"},{"floor":26.0,"key":"hubris:MedicalManual"}],"event_choices":[{"damage_healed":0.0,"max_hp_gain":0.0,"max_hp_loss":0.0,"gold_gain":1.0,"event_name":"betterStone:BetterStone","player_choice":"1","floor":3.0,"gold_loss":0.0,"damage_taken":0.0},{"damage_healed":0.0,"max_hp_gain":0.0,"max_hp_loss":0.0,"gold_gain":0.0,"event_name":"Lab","player_choice":"Got Potions","floor":5.0,"gold_loss":0.0,"damage_taken":0.0},{"damage_healed":0.0,"max_hp_gain":0.0,"max_hp_loss":0.0,"gold_gain":0.0,"event_name":"Accursed Blacksmith","player_choice":"Rummage","floor":21.0,"gold_loss":0.0,"damage_taken":0.0,"relics_obtained":["WarpedTongs"],"cards_obtained":["Pain"]}],"is_beta":false,"boss_relics":[{"not_picked":["conspire:RunicOctahedron","Runesmith:UraniumAnvil"],"picked":"energizedSpire:EnergizedDie"}],"items_purged_floors":[],"is_endless":false,"potions_floor_spawned":[2,7,16,24,25,31],"killed_by":"Automaton","ascension_level":0}}