{"host":"3h5qf14xt40jhha0","time":1610327886,"event":{"mods":["AlwaysNeverKeys","BaseMod","Colored Powertips","Minty Spire (QoL Compilation)","Permanent Neow","Relic Stats","StSLib"],"gold_per_floor":[110,110,121,133,76,76,106,106,106,133,133,166,166,176,176,254,254,269,28,28,28,28,53,53,83,83,96,126,144,59,59,59,131,131,144,160,160,160,185,222,253,253,253],"floor_reached":42,"playtime":2320,"items_purged":[],"score":1231,"play_id":"79c0bd41-1c16-459b-973c-c1910b08dd35","local_time":"20210110201806","is_ascension_mode":true,"campfire_choices":[{"data":"Dagger Spray","floor":6.0,"key":"SMITH"},{"data":"Dagger Spray","floor":8.0,"key":"SMITH"},{"data":"Predator","floor":13.0,"key":"SMITH"},{"data":"Leg Sweep","floor":15.0,"key":"SMITH"},{"data":"Glass Knife","floor":24.0,"key":"SMITH"},{"floor":32.0,"key":"REST"}],"circlet_count":0,"master_deck":["AscendersBane","Strike_G","Strike_G","Strike_G","Strike_G","Strike_G","Defend_G","Defend_G","Defend_G","Defend_G","Defend_G","Survivor","Neutralize","Dagger Spray+1","Terror","Dagger Spray+1","Predator+1","Leg Sweep+1","Glass Knife+1","Blade Dance","Footwork","Backstab","Dagger Throw+1","Noxious Fumes+1","Crippling Poison+1","Flying Knee+1","Necronomicurse","Envenom","Catalyst","PiercingWail+1","Writhe","Sadistic Nature","Dramatic Entrance+1","PiercingWail","Calculated Gamble"],"relics":["Ring of the Snake","Happy Flower","Darkstone Periapt","Bag of Preparation","FossilizedHelix","Ginger","CaptainsWheel","Cursed Key","OrangePellets","Pear","Molten Egg 2","StoneCalendar","Vajra","Ancient Tea Set","Matryoshka","Necronomicon","Empty Cage","WingedGreaves","CeramicFish","Boot"],"acts_visited":["Exordium","TheCity","TheBeyond"],"potions_floor_usage":[42],"damage_taken":[{"damage":1.0,"enemies":"Small Slimes","floor":1.0,"turns":5.0},{"damage":7.0,"enemies":"Jaw Worm","floor":3.0,"turns":4.0},{"damage":1.0,"enemies":"Cultist","floor":4.0,"turns":4.0},{"damage":23.0,"enemies":"Gremlin Nob","floor":7.0,"turns":4.0},{"damage":0.0,"enemies":"3 Sentries","floor":10.0,"turns":4.0},{"damage":15.0,"enemies":"Lagavulin","floor":12.0,"turns":7.0},{"damage":0.0,"enemies":"3 Louse","floor":14.0,"turns":1.0},{"damage":10.0,"enemies":"Slime Boss","floor":16.0,"turns":11.0},{"damage":0.0,"enemies":"2 Thieves","floor":18.0,"turns":4.0},{"damage":10.0,"enemies":"Book of Stabbing","floor":23.0,"turns":4.0},{"damage":0.0,"enemies":"Gremlin Leader","floor":25.0,"turns":8.0},{"damage":0.0,"enemies":"Shell Parasite","floor":27.0,"turns":3.0},{"damage":5.0,"enemies":"Book of Stabbing","floor":28.0,"turns":4.0},{"damage":11.0,"enemies":"Shelled Parasite and Fungi","floor":29.0,"turns":3.0},{"damage":21.0,"enemies":"Champ","floor":33.0,"turns":7.0},{"damage":0.0,"enemies":"3 Darklings","floor":35.0,"turns":4.0},{"damage":8.0,"enemies":"3 Shapes","floor":36.0,"turns":2.0},{"damage":26.0,"enemies":"Mind Bloom Boss Battle","floor":39.0,"turns":6.0},{"damage":10.0,"enemies":"Reptomancer","floor":40.0,"turns":7.0},{"damage":21.0,"enemies":"Nemesis","floor":41.0,"turns":7.0},{"damage":32,"enemies":"Giant Head","floor":42,"turns":5}],"seed_played":"1778864408273925821","potions_obtained":[{"floor":4.0,"key":"FearPotion"},{"floor":7.0,"key":"SpeedPotion"},{"floor":14.0,"key":"EssenceOfSteel"},{"floor":16.0,"key":"PowerPotion"},{"floor":23.0,"key":"DistilledChaos"},{"floor":25.0,"key":"SkillPotion"},{"floor":27.0,"key":"Explosive Potion"},{"floor":29.0,"key":"ColorlessPotion"},{"floor":35.0,"key":"Block Potion"},{"floor":39.0,"key":"Fruit Juice"},{"floor":40.0,"key":"DistilledChaos"}],"is_trial":false,"path_per_floor":["M","?","M","M","$","R","E","R","T","E","?","E","R","M","R","B",null,"M","$","?","?","$","E","R","E","T","M","E","M","?","?","R","B",null,"M","M","?","?","?","E","E","E"],"character_chosen":"THE_SILENT","items_purchased":["Explosive Potion","OrangePellets","Footwork"],"campfire_rested":1,"item_purchase_floors":[5,19,19],"current_hp_per_floor":[58,58,51,50,50,50,27,27,27,27,27,12,12,12,12,2,50,50,50,50,66,66,56,56,56,62,62,57,46,46,31,59,38,78,78,70,94,84,58,48,27,0,0],"gold":253,"neow_bonus":"RANDOM_COMMON_RELIC","is_daily":false,"chose_seed":false,"campfire_upgraded":5,"win_rate":0.0,"timestamp":1610327886,"path_taken":["M","?","M","M","$","R","E","R","T","E","?","E","R","M","R","BOSS","M","?","?","?","$","E","R","E","T","M","E","?","?","?","R","BOSS","M","M","?","?","?","E","E","E"],"items_purchased_type":["Potion","Relic","Card"],"build_version":"2020-12-22","purchased_purges":0,"victory":false,"max_hp_per_floor":[66,66,66,66,66,66,66,66,66,66,66,66,66,66,66,66,66,66,66,66,82,82,82,82,82,88,88,88,88,88,94,94,94,91,91,91,97,97,97,97,97,102,102],"relic_stats":{"Darkstone Periapt":24,"Happy Flower":[34],"counters":[21,104],"CeramicFish":9,"StoneCalendar":[58],"Bag of Preparation":[34],"Ginger":[7],"Cursed Key":1,"Boot":[0],"OrangePellets":[5],"Necronomicon":[7],"obtain_stats":[{"Darkstone Periapt":7,"Pear":21,"Happy Flower":0,"CeramicFish":40,"Vajra":26,"StoneCalendar":25,"Bag of Preparation":9,"Ginger":11,"Cursed Key":17,"Ancient Tea Set":28,"Empty Cage":34,"Boot":41,"OrangePellets":19,"CaptainsWheel":12,"Matryoshka":30,"Molten Egg 2":23,"WingedGreaves":39,"Necronomicon":31,"FossilizedHelix":10,"Ring of the Snake":0},{"Darkstone Periapt":4,"Pear":9,"Happy Flower":0,"CeramicFish":19,"Vajra":11,"StoneCalendar":11,"Bag of Preparation":4,"Ginger":5,"Cursed Key":8,"Ancient Tea Set":13,"Empty Cage":15,"Boot":20,"OrangePellets":9,"CaptainsWheel":6,"Matryoshka":14,"Molten Egg 2":10,"WingedGreaves":18,"Necronomicon":14,"FossilizedHelix":5,"Ring of the Snake":0},{"Darkstone Periapt":17,"Pear":44,"Happy Flower":0,"CeramicFish":92,"Vajra":56,"StoneCalendar":56,"Bag of Preparation":17,"Ginger":21,"Cursed Key":40,"Ancient Tea Set":63,"Empty Cage":73,"Boot":99,"OrangePellets":44,"CaptainsWheel":28,"Matryoshka":66,"Molten Egg 2":48,"WingedGreaves":85,"Necronomicon":66,"FossilizedHelix":21,"Ring of the Snake":0}],"Ring of the Snake":[42]},"card_choices":[{"not_picked":["Dagger Throw","Distraction"],"picked":"Dagger Spray","floor":1.0},{"not_picked":["Acrobatics","Dagger Spray"],"picked":"Terror","floor":3.0},{"not_picked":["Deadly Poison","Acrobatics","Heel Hook"],"picked":"SKIP","floor":4.0},{"not_picked":["Slice","Cloak And Dagger"],"picked":"Dagger Spray","floor":7.0},{"not_picked":["Dash","Flechettes"],"picked":"Predator","floor":10.0},{"not_picked":["Storm of Steel","Slice","Flying Knee"],"picked":"SKIP","floor":12.0},{"not_picked":["Cloak And Dagger","PiercingWail"],"picked":"Leg Sweep","floor":14.0},{"not_picked":["Doppelganger","Tools of the Trade"],"picked":"Glass Knife","floor":16.0},{"not_picked":["Slice","Crippling Poison"],"picked":"Blade Dance","floor":18.0},{"not_picked":["Bullet Time","Acrobatics"],"picked":"Dagger Throw+1","floor":23.0},{"not_picked":["Cloak And Dagger","Blade Dance"],"picked":"Noxious Fumes+1","floor":25.0},{"not_picked":["Prepared","Deadly Poison","Dagger Spray+1"],"picked":"SKIP","floor":27.0},{"not_picked":["Poisoned Stab+1","Leg Sweep"],"picked":"Crippling Poison+1","floor":28.0},{"not_picked":["Blade Dance","Dagger Spray+1"],"picked":"Flying Knee+1","floor":29.0},{"not_picked":["Storm of Steel","Bullet Time"],"picked":"Envenom","floor":33.0},{"not_picked":["Leg Sweep","Poisoned Stab+1"],"picked":"Catalyst","floor":35.0},{"not_picked":["Dagger Spray+1","Cloak And Dagger"],"picked":"PiercingWail+1","floor":36.0},{"not_picked":["Chrysalis","Blind"],"picked":"Sadistic Nature","floor":38.0},{"not_picked":["Mayhem","Enlightenment"],"picked":"Dramatic Entrance+1","floor":38.0},{"not_picked":["Quick Slash+1","Flying Knee+1"],"picked":"PiercingWail","floor":39.0},{"not_picked":["Dagger Throw+1","Distraction"],"picked":"Calculated Gamble","floor":40.0},{"not_picked":["Bullet Time","Dagger Throw+1","Poisoned Stab+1"],"picked":"SKIP","floor":41.0}],"player_experience":1312740,"relics_obtained":[{"floor":7.0,"key":"Darkstone Periapt"},{"floor":9.0,"key":"Bag of Preparation"},{"floor":10.0,"key":"FossilizedHelix"},{"floor":11.0,"key":"Ginger"},{"floor":12.0,"key":"CaptainsWheel"},{"floor":23.0,"key":"Molten Egg 2"},{"floor":25.0,"key":"StoneCalendar"},{"floor":26.0,"key":"Vajra"},{"floor":28.0,"key":"Ancient Tea Set"},{"floor":31.0,"key":"Necronomicon"},{"floor":39.0,"key":"WingedGreaves"},{"floor":40.0,"key":"CeramicFish"},{"floor":41.0,"key":"Boot"}],"event_choices":[{"damage_healed":0.0,"max_hp_gain":0.0,"max_hp_loss":0.0,"gold_gain":0.0,"event_name":"The Cleric","player_choice":"Leave","floor":2.0,"gold_loss":0.0,"damage_taken":0.0},{"damage_healed":0.0,"max_hp_gain":0.0,"max_hp_loss":0.0,"gold_gain":0.0,"event_name":"Wheel of Change","player_choice":"Relic","floor":11.0,"gold_loss":0.0,"damage_taken":0.0},{"damage_healed":0.0,"max_hp_gain":0.0,"max_hp_loss":0.0,"gold_gain":0.0,"event_name":"The Library","player_choice":"Read","floor":20.0,"gold_loss":0.0,"damage_taken":0.0,"cards_obtained":["Backstab"]},{"damage_healed":0.0,"max_hp_gain":0.0,"max_hp_loss":0.0,"gold_gain":0.0,"event_name":"The Mausoleum","player_choice":"Opened","floor":21.0,"gold_loss":0.0,"damage_taken":0.0,"relics_obtained":["Pear"],"cards_obtained":["Writhe"]},{"damage_healed":0.0,"max_hp_gain":0.0,"max_hp_loss":0.0,"gold_gain":0.0,"event_name":"Addict","player_choice":"Obtained Relic","floor":30.0,"gold_loss":85.0,"damage_taken":0.0,"relics_obtained":["Matryoshka"]},{"damage_healed":0.0,"max_hp_gain":0.0,"max_hp_loss":0.0,"gold_gain":0.0,"event_name":"Cursed Tome","player_choice":"Obtained Book","floor":31.0,"gold_loss":0.0,"damage_taken":21.0},{"damage_healed":18.0,"max_hp_gain":0.0,"max_hp_loss":0.0,"gold_gain":0.0,"event_name":"Winding Halls","player_choice":"Writhe","floor":37.0,"gold_loss":0.0,"damage_taken":0.0,"cards_obtained":["Writhe"]},{"damage_healed":0.0,"max_hp_gain":0.0,"max_hp_loss":0.0,"gold_gain":0.0,"event_name":"SensoryStone","player_choice":"Memory 3","floor":38.0,"gold_loss":0.0,"damage_taken":10.0},{"damage_healed":0.0,"max_hp_gain":0.0,"max_hp_loss":0.0,"gold_gain":0.0,"event_name":"MindBloom","player_choice":"Fight","floor":39.0,"gold_loss":0.0,"damage_taken":0.0}],"is_beta":false,"boss_relics":[{"not_picked":["Runic Dome","Black Star"],"picked":"Cursed Key"},{"not_picked":["HoveringKite","SacredBark"],"picked":"Empty Cage"}],"items_purged_floors":[],"is_endless":false,"potions_floor_spawned":[4,7,14,16,23,25,27,29,35,39,40],"killed_by":"Giant Head","ascension_level":20}}