{"host":"873t0y8ybyo38pfq","time":1610402418,"event":{"mods":["BaseMod","Bestiary","Colored Map","Colored Powertips","Highlight Path","Minty Spire (QoL Compilation)","Quick Restart","RNG Fix","Rare Cards Sparkle","Relic Stats","StSLib"],"gold_per_floor":[115,265,265,283,248,248,264,264,264,298,317,328,328,345,345,345,345],"floor_reached":16,"playtime":506,"items_purged":[],"score":204,"play_id":"bfeea151-8071-4790-b0ed-4fd2665ce191","local_time":"20210111170018","is_ascension_mode":true,"campfire_choices":[{"data":"Zap","floor":6,"key":"SMITH"},{"data":"Thunder Strike","floor":8,"key":"SMITH"},{"floor":13,"key":"REST"},{"floor":15,"key":"REST"}],"circlet_count":0,"master_deck":["AscendersBane","Strike_B","Strike_B","Strike_B","Strike_B","Defend_B","Defend_B","Defend_B","Defend_B","Zap+1","Dualcast","Secret Technique","Coolheaded","Hologram","Thunder Strike+1","Leap+1","Conserve Battery+1","Steam+1"],"relics":["Cracked Core","Symbiotic Virus","Toxic Egg 2"],"acts_visited":["Exordium"],"potions_floor_usage":[16,16],"damage_taken":[{"damage":2,"enemies":"2 Louse","floor":1,"turns":3},{"damage":8,"enemies":"Small Slimes","floor":4,"turns":4},{"damage":4,"enemies":"Cultist","floor":7,"turns":4},{"damage":20,"enemies":"Lagavulin","floor":10,"turns":6},{"damage":18,"enemies":"Large Slime","floor":11,"turns":5},{"damage":0,"enemies":"Red Slaver","floor":12,"turns":4},{"damage":11,"enemies":"2 Fungi Beasts","floor":14,"turns":4},{"damage":49,"enemies":"Hexaghost","floor":16,"turns":11}],"seed_played":"5296416755673588942","potions_obtained":[{"floor":1,"key":"Strength Potion"},{"floor":10,"key":"SkillPotion"}],"is_trial":false,"path_per_floor":["M","?","?","M","?","R","M","R","T","E","M","M","R","M","R","B"],"character_chosen":"DEFECT","items_purchased":[],"campfire_rested":2,"item_purchase_floors":[],"current_hp_per_floor":[44,44,44,36,53,53,49,49,49,29,11,11,32,21,42,0,0],"gold":345,"neow_bonus":"RANDOM_COLORLESS_2","is_daily":false,"chose_seed":false,"campfire_upgraded":2,"win_rate":0.0,"timestamp":1610402418,"path_taken":["M","?","?","?","?","R","M","R","T","E","M","?","R","M","R","BOSS"],"items_purchased_type":[],"build_version":"2020-12-22","purchased_purges":0,"victory":false,"max_hp_per_floor":[71,71,71,71,71,71,71,71,71,71,71,71,71,71,71,71,71],"relic_stats":{"counters":[8,41],"obtain_stats":[{"Toxic Egg 2":10,"Cracked Core":0,"Symbiotic Virus":9},{"Toxic Egg 2":4,"Cracked Core":0,"Symbiotic Virus":3},{"Toxic Egg 2":17,"Cracked Core":0,"Symbiotic Virus":11}]},"card_choices":[{"not_picked":["Panache","The Bomb"],"picked":"Secret Technique","floor":0},{"not_picked":["Glacier","Steam Power"],"picked":"Coolheaded","floor":1},{"not_picked":["Streamline","Gash"],"picked":"Hologram","floor":4},{"not_picked":["Rip and Tear","Compile Driver"],"picked":"Thunder Strike","floor":7},{"not_picked":["Rebound","Sweeping Beam"],"picked":"Leap+1","floor":10},{"not_picked":["Coolheaded+1","Cold Snap"],"picked":"Conserve Battery+1","floor":11},{"not_picked":["Sweeping Beam","Lockon"],"picked":"Steam+1","floor":12},{"not_picked":["Beam Cell","Conserve Battery+1","Thunder Strike"],"picked":"SKIP","floor":14}],"player_experience":1589258,"relics_obtained":[{"floor":9,"key":"Symbiotic Virus"},{"floor":10,"key":"Toxic Egg 2"}],"event_choices":[{"damage_healed":0,"gold_gain":150,"player_choice":"AGREE","damage_taken":0,"max_hp_gain":0,"max_hp_loss":0,"event_name":"Liars Game","floor":2,"gold_loss":0,"cards_obtained":["Doubt"]},{"cards_removed":["Doubt"],"damage_healed":0,"gold_gain":0,"player_choice":"Purged","damage_taken":0,"max_hp_gain":0,"max_hp_loss":0,"event_name":"Purifier","floor":3,"gold_loss":0},{"damage_healed":17,"gold_gain":0,"player_choice":"Healed","damage_taken":0,"max_hp_gain":0,"max_hp_loss":0,"event_name":"The Cleric","floor":5,"gold_loss":35}],"is_beta":false,"boss_relics":[],"items_purged_floors":[],"is_endless":false,"potions_floor_spawned":[1,10,11,12],"killed_by":"Hexaghost","ascension_level":20}}