{"host":"k67zwea37tbl4jhz","time":1610325050,"event":{"mods":["AchievementEnabler","Act Like it!","Aspiration","BaseMod","Better Altar","Better Match","Better Note","Better Sensory Stone","Better Skull","Better Third Choice","BetterRewards","CCEM","Clawfect","Colored Map","Conspire","Downfall","GifTheSpireLib","Googly Eyes","Halation","Hermit","Highlight Path","Hubris","Hunter ??","Mimic Mod","Minty Spire (QoL Compilation)","Permanent Neow","Replay The Spire","Shade Mod","Shop Mod","Spicy Shops","StSLib","Stuff the Spire","The Blackbeard","The Bug Knight","The Construct","The Cursed","The Disciple","The Gatherer","The IronCluck","Unceasing Turn Reminder","everything is the same but u backflip on backflip"],"gold_per_floor":[99,99,110,129,166,196,274,124,124,124,143,143,170,43,63,91,106,209,209,209,209,209,209,209,209,209,209],"floor_reached":25,"playtime":2019,"items_purged":["hexamod:Defend"],"score":219,"play_id":"a7d0b9e4-98e6-42ac-a452-3e4f18305490","local_time":"20210110193050","is_ascension_mode":false,"campfire_choices":[{"floor":1,"key":"RECALL"},{"data":"Pot Of Greed","floor":8,"key":"SMITH"},{"floor":12,"key":"REST"},{"data":"Pot Of Greed","floor":20,"key":"SMITH"}],"circlet_count":0,"master_deck":["hexamod:Strike","hexamod:Strike","hexamod:Strike","hexamod:Defend","hexamod:Defend","hexamod:Defend","hexamod:Sear","hexamod:Float","hubris:Insight","hexamod:Again","hexamod:FastForward","hexamod:FastForward","Pot Of Greed+1","Pot Of Greed+1","hexamod:TimeWarp","hexamod:SkipABeat","hexamod:Rewind","hexamod:HeatShield","hexamod:FifthSeal","hexamod:SixthSeal","hexamod:DynamicBlow+1","hexamod:FirstSeal","hexamod:FifthSeal"],"relics":["hexamod:SpiritBrand","HollowMod:PaleOreRelic","Grinning Jar","downfall:HeartBlessingRed","downfall:HeartBlessingBlue","conspire:DecoderRing","Replay:Grab Bag","halation:ForbiddenBikini","downfall:Hecktoplasm","hubris:Backtick","aspiration:FrozenJewel"],"acts_visited":["Exordium","TheCity"],"potions_floor_usage":[],"damage_taken":[{"damage":2,"enemies":"Small Slimes","floor":3,"turns":4},{"damage":0,"enemies":"Cultist","floor":4,"turns":3},{"damage":6,"enemies":"conspire:MimicChest","floor":5,"turns":6},{"damage":32,"enemies":"Gremlin Nob","floor":6,"turns":5},{"damage":0,"enemies":"2 Louse","floor":11,"turns":2},{"damage":9,"enemies":"3 Sentries","floor":13,"turns":5},{"damage":4,"enemies":"downfall:FleeingMerchant","floor":14,"turns":4},{"damage":0,"enemies":"Exordium Wildlife","floor":15,"turns":4},{"damage":10,"enemies":"Lagavulin","floor":16,"turns":6},{"damage":4,"enemies":"Exordium Thugs","floor":17,"turns":3},{"damage":27,"enemies":"downfall:Silent","floor":18,"turns":6},{"damage":2,"enemies":"Spheric Guardian","floor":21,"turns":4},{"damage":10,"enemies":"Shell Parasite","floor":22,"turns":3},{"damage":69,"enemies":"Slavers","floor":25,"turns":5}],"seed_played":"-5996298588998764242","potions_obtained":[{"floor":3,"key":"Slimebound:ThreeZeroPotion"},{"floor":5,"key":"SmokeBomb"},{"floor":11,"key":"BlessingOfTheForge"}],"is_trial":false,"path_per_floor":["R","?","M","M","?","E","T","R","PTL","PTL","M","R","E","$","M","E","M","B",null,"R","M","M","?","?","E"],"character_chosen":"THE_SPIRIT","items_purchased":["hexamod:HeatShield"],"campfire_rested":1,"item_purchase_floors":[14],"current_hp_per_floor":[70,70,68,68,62,30,30,40,40,40,40,64,55,51,51,41,37,10,80,80,78,68,68,68,0,0,0],"gold":209,"neow_bonus":"RANDOM_COLORLESS","is_daily":false,"chose_seed":false,"campfire_upgraded":2,"win_rate":0.0,"timestamp":1610325050,"path_taken":["R","?","M","?","?","E","T","R","PTL","PTL","M","R","E","?","M","E","M","BOSS","R","M","M","?","?","E"],"items_purchased_type":["Card"],"build_version":"2020-12-22","purchased_purges":1,"victory":false,"max_hp_per_floor":[70,70,70,70,70,70,70,80,80,80,80,80,80,80,80,80,80,80,80,80,80,80,80,80,80,80,80],"card_choices":[{"not_picked":["Replay:SS_forest_6","Dark Shackles"],"picked":"hubris:Insight","floor":0},{"not_picked":["hexamod:HauntingEcho","hexamod:AdvancingGuard"],"picked":"hexamod:FastForward","floor":3},{"not_picked":["hexamod:InspiringFlames","hexamod:NightmareGuise","hexamod:RainOfEmbers"],"picked":"SKIP","floor":4},{"not_picked":["hexamod:ThermalTransfer","hexamod:RecurringNightmare"],"picked":"hexamod:FastForward","floor":5},{"not_picked":["hexamod:FlamesFromBeyond","hexamod:BurningTouch"],"picked":"hexamod:TimeWarp","floor":6},{"not_picked":["hexamod:RadiantFlame","hexamod:NecessarySacrifice"],"picked":"hexamod:SkipABeat","floor":11},{"not_picked":["hexamod:RetreatToShadows","hexamod:GhostShield"],"picked":"hexamod:Rewind","floor":13},{"not_picked":["hexamod:HauntingEcho","hexamod:EtherealExpedition","hexamod:SpectersWail"],"picked":"SKIP","floor":14},{"not_picked":["hexamod:FlamesFromBeyond","hexamod:HeatShield","hexamod:ShieldOfDarkness"],"picked":"SKIP","floor":15},{"not_picked":["hexamod:FlamesFromBeyond","hexamod:HeatShield","hexamod:ShieldOfDarkness"],"picked":"SKIP","floor":15},{"not_picked":["hexamod:HauntingEcho","hexamod:NecessarySacrifice","hexamod:TurnItUp"],"picked":"SKIP","floor":16},{"not_picked":["hexamod:Incineration","hexamod:GhostLash","hexamod:FastForward"],"picked":"SKIP","floor":17},{"not_picked":["hexamod:WildfireWeapon","hexamod:CrushingStance"],"picked":"hexamod:FifthSeal","floor":18},{"not_picked":["hexamod:FourthSeal","hexamod:ThirdSeal"],"picked":"hexamod:SixthSeal","floor":21},{"not_picked":["hexamod:CatchUp","hexamod:BacktrackSmack"],"picked":"hexamod:DynamicBlow+1","floor":21},{"not_picked":["hexamod:FourthSeal","hexamod:SecondSeal"],"picked":"hexamod:FirstSeal","floor":22},{"not_picked":["hexamod:AdvancingGuard","hexamod:Haunt+1","hexamod:Hexaguard"],"picked":"SKIP","floor":22}],"player_experience":188083,"relics_obtained":[{"floor":5,"key":"HollowMod:PaleOreRelic"},{"floor":6,"key":"Grinning Jar"},{"floor":13,"key":"conspire:DecoderRing"},{"floor":16,"key":"The Courier"}],"event_choices":[{"damage_healed":0,"gold_gain":0,"cards_transformed":["hexamod:Strike"],"player_choice":"Transformed","damage_taken":0,"max_hp_gain":0,"max_hp_loss":0,"event_name":"Transmorgrifier","floor":2,"gold_loss":0,"cards_obtained":["hexamod:Again"]}],"is_beta":false,"boss_relics":[{"not_picked":["aspiration:WatcherSkillbook","Coffee Dripper"],"picked":"Replay:Grab Bag"},{"not_picked":["Replay:Bronze Core","ReplayTheSpireMod:DimensionalGlitch"],"picked":"halation:ForbiddenBikini"},{"not_picked":["hexamod:IceCube","ReplayTheSpireMod:Onyx Gauntlets"],"picked":"downfall:Hecktoplasm"},{"not_picked":["SacredBark","Snecko Eye"],"picked":"hubris:Backtick"}],"items_purged_floors":[14],"is_endless":false,"potions_floor_spawned":[3,5,11,17,18,22],"killed_by":"Slavers","ascension_level":0}}