{"host":"hfxp6ue4pvwo3fit","time":1610330324,"event":{"mods":["AchievementEnabler","BaseMod","Colored Map","Colored Powertips","Highlight Path","Minty Spire (QoL Compilation)","Relic Stats","StSLib","SuperFastMode"],"gold_per_floor":[110,110,123,34,51,51,83,95,180,192,219,248,260,225,237,249,249],"floor_reached":16,"playtime":375,"items_purged":[],"score":200,"play_id":"ef11a240-8dd8-418f-98b6-750c241f634f","local_time":"20210110195844","is_ascension_mode":true,"campfire_choices":[{"data":"Noxious Fumes","floor":6,"key":"SMITH"},{"floor":8,"key":"REST"},{"data":"Poisoned Stab","floor":10,"key":"SMITH"},{"floor":13,"key":"REST"},{"data":"Catalyst","floor":15,"key":"SMITH"}],"circlet_count":0,"master_deck":["AscendersBane","Strike_G","Strike_G","Strike_G","Strike_G","Strike_G","Defend_G","Defend_G","Defend_G","Defend_G","Defend_G","Survivor","Neutralize","Footwork","Noxious Fumes+1","Poisoned Stab+1","Blade Dance","Poisoned Stab","Catalyst+1"],"relics":["Ring of the Snake","Peace Pipe","MawBank","Bottled Flame"],"acts_visited":["Exordium"],"potions_floor_usage":[12],"damage_taken":[{"damage":6,"enemies":"Small Slimes","floor":1,"turns":5},{"damage":11,"enemies":"Cultist","floor":3,"turns":6},{"damage":0,"enemies":"2 Louse","floor":5,"turns":4},{"damage":29,"enemies":"3 Sentries","floor":7,"turns":7},{"damage":0,"enemies":"2 Fungi Beasts","floor":11,"turns":4},{"damage":13,"enemies":"Large Slime","floor":12,"turns":7},{"damage":31,"enemies":"The Guardian","floor":16,"turns":4}],"seed_played":"-9056506178086230591","potions_obtained":[{"floor":5,"key":"SmokeBomb"},{"floor":7,"key":"Energy Potion"},{"floor":11,"key":"SteroidPotion"}],"is_trial":false,"path_per_floor":["M","?","M","$","M","R","E","R","T","R","M","M","R","?","R","B"],"character_chosen":"THE_SILENT","items_purchased":["Noxious Fumes"],"campfire_rested":2,"item_purchase_floors":[4],"current_hp_per_floor":[38,43,32,32,32,32,3,22,22,22,22,9,28,28,28,0,0],"gold":249,"neow_bonus":"ONE_RARE_RELIC","is_daily":false,"chose_seed":false,"campfire_upgraded":3,"win_rate":0.0,"timestamp":1610330324,"path_taken":["M","?","?","$","M","R","E","R","T","R","M","?","R","?","R","BOSS"],"items_purchased_type":["Card"],"build_version":"2020-12-22","purchased_purges":0,"victory":false,"max_hp_per_floor":[66,66,66,66,66,66,66,66,66,66,66,66,66,66,66,66,66],"relic_stats":{"Peace Pipe":0,"counters":[7,37],"MawBank":108,"obtain_stats":[{"Peace Pipe":0,"Bottled Flame":9,"MawBank":7,"Ring of the Snake":0},{"Peace Pipe":0,"Bottled Flame":4,"MawBank":4,"Ring of the Snake":0},{"Peace Pipe":0,"Bottled Flame":22,"MawBank":22,"Ring of the Snake":0}],"Ring of the Snake":[14]},"card_choices":[{"not_picked":["Backflip","Slice"],"picked":"Quick Slash","floor":1},{"not_picked":["Calculated Gamble","Escape Plan"],"picked":"Footwork","floor":3},{"not_picked":["All Out Attack","Choke"],"picked":"Poisoned Stab","floor":5},{"not_picked":["Reflex","Terror"],"picked":"Blade Dance","floor":7},{"not_picked":["Infinite Blades","Well Laid Plans"],"picked":"Poisoned Stab","floor":11},{"not_picked":["Blur","Concentrate"],"picked":"Catalyst","floor":12}],"player_experience":496600,"relics_obtained":[{"floor":7,"key":"MawBank"},{"floor":9,"key":"Bottled Flame"}],"event_choices":[{"cards_removed":["Quick Slash"],"damage_healed":5,"gold_gain":0,"player_choice":"Offered Common","damage_taken":0,"max_hp_gain":0,"max_hp_loss":0,"event_name":"Bonfire Elementals","floor":2,"gold_loss":0},{"cards_removed":["Quick Slash"],"damage_healed":5,"gold_gain":0,"player_choice":"Offered Special","damage_taken":0,"max_hp_gain":0,"max_hp_loss":0,"event_name":"Bonfire Elementals","floor":2,"gold_loss":0},{"damage_healed":0,"gold_gain":0,"player_choice":"Left Gold","damage_taken":0,"max_hp_gain":0,"max_hp_loss":0,"event_name":"World of Goop","floor":14,"gold_loss":47}],"is_beta":false,"boss_relics":[],"items_purged_floors":[],"is_endless":false,"potions_floor_spawned":[5,7,11],"killed_by":"The Guardian","ascension_level":20}}