{"host":"vmjjgffn5jm19cfo","time":1610365235,"event":{"mods":["BaseMod","Minty Spire (QoL Compilation)","Shop Mod"],"gold_per_floor":[117,117,134,144,154,187,152,152,152,152,170,13,13,32,32,32,32],"floor_reached":16,"playtime":782,"items_purged":["Defend_R"],"score":102,"play_id":"2c595067-3ead-4e59-b88b-93f4ada9ddd4","local_time":"20210111194035","is_ascension_mode":false,"campfire_choices":[{"data":"Searing Blow","floor":8.0,"key":"SMITH"},{"data":"Searing Blow+1","floor":10.0,"key":"SMITH"},{"floor":15.0,"key":"REST"}],"circlet_count":0,"master_deck":["Strike_R","Strike_R","Strike_R","Strike_R","Strike_R","Defend_R","Defend_R","Defend_R","Bash","Secret Technique","Flex","Double Tap","Searing Blow+2","Thunderclap","Flex"],"relics":["Burning Blood","Blood Vial","The Courier","MerchantsRug","Prayer Wheel"],"acts_visited":["Exordium"],"potions_floor_usage":[16],"damage_taken":[{"damage":0.0,"enemies":"2 Louse","floor":1.0,"turns":3.0},{"damage":10.0,"enemies":"Small Slimes","floor":3.0,"turns":4.0},{"damage":11.0,"enemies":"Jaw Worm","floor":4.0,"turns":2.0},{"damage":17.0,"enemies":"Looter","floor":5.0,"turns":4.0},{"damage":36.0,"enemies":"Lagavulin","floor":6.0,"turns":4.0},{"damage":29.0,"enemies":"Lots of Slimes","floor":11.0,"turns":5.0},{"damage":22.0,"enemies":"3 Louse","floor":14.0,"turns":3.0},{"damage":38,"enemies":"Hexaghost","floor":16,"turns":7}],"seed_played":"-6589214518547953039","potions_obtained":[{"floor":4.0,"key":"Strength Potion"},{"floor":6.0,"key":"ElixirPotion"},{"floor":11.0,"key":"BloodPotion"},{"floor":14.0,"key":"Energy Potion"}],"is_trial":false,"path_per_floor":["M","?","M","M","M","E","?","R","T","R","M","$","?","M","R","B"],"character_chosen":"IRONCLAD","items_purchased":["MerchantsRug"],"campfire_rested":1,"item_purchase_floors":[12],"current_hp_per_floor":[72,77,73,68,57,27,46,46,46,46,25,25,25,11,34,0,0],"gold":32,"neow_bonus":"RANDOM_COLORLESS_2","is_daily":false,"chose_seed":false,"campfire_upgraded":2,"win_rate":0.0,"timestamp":1610365235,"path_taken":["M","?","M","M","M","E","?","R","T","R","?","$","?","M","R","BOSS"],"items_purchased_type":["Relic"],"build_version":"2020-12-22","purchased_purges":1,"victory":false,"max_hp_per_floor":[72,77,77,77,77,77,77,77,77,77,77,77,77,77,77,77,77],"card_choices":[{"not_picked":["Metamorphosis","Apotheosis"],"picked":"Secret Technique","floor":0.0},{"not_picked":["Headbutt","Havoc","Pummel"],"picked":"SKIP","floor":1.0},{"not_picked":["Combust","Feel No Pain"],"picked":"Flex","floor":3.0},{"not_picked":["Metallicize","Combust","Burning Pact"],"picked":"SKIP","floor":4.0},{"not_picked":["Cleave","Rage"],"picked":"Double Tap","floor":5.0},{"not_picked":["Perfected Strike","Heavy Blade"],"picked":"Searing Blow","floor":6.0},{"not_picked":["Iron Wave","Headbutt"],"picked":"Thunderclap","floor":11.0},{"not_picked":["Uppercut","Dark Embrace"],"picked":"Flex","floor":14.0},{"not_picked":["Warcry","Wild Strike","Iron Wave"],"picked":"SKIP","floor":14.0}],"player_experience":322576,"relics_obtained":[{"floor":6.0,"key":"Blood Vial"},{"floor":9.0,"key":"The Courier"}],"event_choices":[{"damage_healed":0.0,"max_hp_gain":5.0,"max_hp_loss":0.0,"gold_gain":0.0,"event_name":"Big Fish","player_choice":"Donut","floor":2.0,"gold_loss":0.0,"damage_taken":0.0},{"damage_healed":19.0,"max_hp_gain":0.0,"max_hp_loss":0.0,"gold_gain":0.0,"event_name":"The Cleric","player_choice":"Healed","floor":7.0,"gold_loss":35.0,"damage_taken":0.0},{"damage_healed":0.0,"max_hp_gain":0.0,"max_hp_loss":0.0,"gold_gain":0.0,"event_name":"WeMeetAgain","player_choice":"Gave Potion","floor":13.0,"gold_loss":0.0,"damage_taken":0.0,"relics_obtained":["Prayer Wheel"]}],"is_beta":false,"boss_relics":[],"items_purged_floors":[12],"is_endless":false,"potions_floor_spawned":[4,6,11,14],"killed_by":"Hexaghost","ascension_level":0}}