{"host":"2se5dq1do2gp0x9k","time":1610380511,"event":{"mods":["AchievementEnabler","BaseMod","Block Reminder","Colored Map","Colored Powertips","Minty Spire (QoL Compilation)","Relic Stats","StSLib","SuperFastMode"],"gold_per_floor":[114,127,31,31,46,46,59,59,59,74,89,34,72,72,72,166,166,186,186,186],"floor_reached":19,"playtime":575,"items_purged":[],"score":290,"play_id":"7f66b706-b8f8-4046-bae7-2ba0aede68a6","local_time":"20210111075511","is_ascension_mode":true,"campfire_choices":[{"data":"Mind Blast","floor":6.0,"key":"SMITH"},{"data":"CrushJoints","floor":8.0,"key":"SMITH"},{"floor":15.0,"key":"REST"}],"circlet_count":0,"master_deck":["AscendersBane","Eruption","Vigilance","Nirvana","CrushJoints+1","Mind Blast+1","EmptyFist","ThirdEye","CutThroughFate","CutThroughFate","ThirdEye","Ragnarok","DevaForm","DeceiveReality","Alpha","BowlingBash","Vengeance","WreathOfFlame","WreathOfFlame","Conclude"],"relics":["SlaversCollar","Golden Idol","Pantograph","Pandora\u0027s Box"],"acts_visited":["Exordium","TheCity"],"potions_floor_usage":[],"damage_taken":[{"damage":7.0,"enemies":"Jaw Worm","floor":1.0,"turns":5.0},{"damage":0.0,"enemies":"Small Slimes","floor":2.0,"turns":3.0},{"damage":11.0,"enemies":"2 Louse","floor":5.0,"turns":4.0},{"damage":6.0,"enemies":"Exordium Wildlife","floor":7.0,"turns":4.0},{"damage":8.0,"enemies":"2 Fungi Beasts","floor":10.0,"turns":4.0},{"damage":22.0,"enemies":"Lots of Slimes","floor":11.0,"turns":4.0},{"damage":0.0,"enemies":"Large Slime","floor":13.0,"turns":3.0},{"damage":32.0,"enemies":"Slime Boss","floor":16.0,"turns":14.0},{"damage":22.0,"enemies":"Chosen","floor":18.0,"turns":5.0}],"seed_played":"-980200513593067477","potions_obtained":[{"floor":2.0,"key":"GamblersBrew"},{"floor":5.0,"key":"ColorlessPotion"},{"floor":10.0,"key":"Ancient Potion"}],"is_trial":false,"path_per_floor":["M","M","$","?","M","R","M","R","T","M","M","?","M","?","R","B",null,"M","$"],"character_chosen":"WATCHER","items_purchased":["Mind Blast"],"campfire_rested":1,"item_purchase_floors":[3],"current_hp_per_floor":[54,54,54,54,43,43,37,37,37,29,7,7,7,7,25,18,51,29,29,29],"gold":186,"neow_bonus":"BOSS_RELIC","is_daily":false,"chose_seed":false,"campfire_upgraded":2,"win_rate":0.0,"timestamp":1610380511,"path_taken":["M","M","$","?","M","R","M","R","T","M","M","?","M","?","R","BOSS","M","$"],"items_purchased_type":["Card"],"build_version":"2020-12-22","purchased_purges":0,"victory":false,"max_hp_per_floor":[68,68,68,62,62,62,62,62,62,62,62,62,62,62,62,62,62,62,62,62],"relic_stats":{"counters":[9,46],"Golden Idol":39,"Pantograph":25,"Pandora\u0027s Box":["DevaForm","DeceiveReality","Alpha","BowlingBash","Vengeance","WreathOfFlame","WreathOfFlame","Conclude"],"obtain_stats":[{"SlaversCollar":0,"Golden Idol":4,"Pantograph":9,"Pandora\u0027s Box":17,"PureWater":0},{"SlaversCollar":0,"Golden Idol":2,"Pantograph":4,"Pandora\u0027s Box":8,"PureWater":0},{"SlaversCollar":0,"Golden Idol":8,"Pantograph":16,"Pandora\u0027s Box":41,"PureWater":0}]},"card_choices":[{"not_picked":["EmptyBody","FlyingSleeves"],"picked":"Nirvana","floor":1.0},{"not_picked":["Meditate","Swivel"],"picked":"CrushJoints","floor":2.0},{"not_picked":["EmptyBody","Halt"],"picked":"EmptyFist","floor":5.0},{"not_picked":["FlyingSleeves","Vengeance"],"picked":"ThirdEye","floor":7.0},{"not_picked":["BowlingBash","Consecrate"],"picked":"CutThroughFate","floor":10.0},{"not_picked":["Conclude","Swivel"],"picked":"CutThroughFate","floor":11.0},{"not_picked":["EmptyFist","Halt"],"picked":"ThirdEye","floor":13.0},{"not_picked":["Judgement","MasterReality"],"picked":"Ragnarok","floor":16.0},{"not_picked":["Sanctity","BowlingBash","Collect"],"picked":"SKIP","floor":18.0}],"player_experience":3834150,"relics_obtained":[{"floor":9.0,"key":"Pantograph"}],"event_choices":[{"damage_healed":0.0,"max_hp_gain":0.0,"max_hp_loss":6.0,"gold_gain":0.0,"event_name":"Golden Idol","player_choice":"Lose Max HP","floor":4.0,"gold_loss":0.0,"damage_taken":0.0,"relics_obtained":["Golden Idol"]},{"damage_healed":0.0,"max_hp_gain":0.0,"max_hp_loss":0.0,"gold_gain":0.0,"event_name":"World of Goop","player_choice":"Left Gold","floor":12.0,"gold_loss":55.0,"damage_taken":0.0},{"damage_healed":0.0,"max_hp_gain":0.0,"max_hp_loss":0.0,"gold_gain":0.0,"event_name":"Shining Light","player_choice":"Ignored","floor":14.0,"gold_loss":0.0,"damage_taken":0.0}],"is_beta":false,"boss_relics":[{"not_picked":["Fusion Hammer","Empty Cage"],"picked":"Pandora\u0027s Box"}],"items_purged_floors":[],"is_endless":false,"potions_floor_spawned":[2,5,10,11],"ascension_level":16}}