{"host":"dyggtcpod2kd5hqt","time":1610334164,"event":{"mods":["2.2 Compatiblity","AchievementEnabler","BaseMod","Bestiary","Block Reminder","Colored Map","Colored Powertips","Minty Spire (QoL Compilation)","Quick Restart","Rare Cards Sparkle","Relic Stats","Unknown Chances"],"gold_per_floor":[111,190,209,49,324,358,369,386,409,409,49,74,149,168,168,280,352,371,470,470,497,242,242,267,267,267,294,294,294],"floor_reached":28,"playtime":842,"items_purged":["Regret","Recycle"],"score":393,"play_id":"203347ba-5bc6-4367-b782-e88482bd48dc","local_time":"20210110220244","is_ascension_mode":true,"campfire_choices":[{"data":"Defragment","floor":10.0,"key":"SMITH"},{"data":"Streamline","floor":15.0,"key":"SMITH"},{"floor":23.0,"key":"REST"},{"floor":25.0,"key":"REST"}],"circlet_count":0,"master_deck":["AscendersBane","Zap","Dualcast","Streamline+1","Hologram","Defragment+1","Gash","BootSequence","FTL","Ball Lightning","Gash","White Noise","Fission","Chill","Chaos","Static Discharge","All For One","Ball Lightning","Heatsinks","Sunder","Beam Cell","Chill+1","Steam","Leap+1"],"relics":["Cracked Core","NeowsBlessing","Potion Belt","CeramicFish","Kunai","Pandora\u0027s Box","Oddly Smooth Stone","MealTicket"],"acts_visited":["Exordium","TheCity"],"potions_floor_usage":[28],"damage_taken":[{"damage":0.0,"enemies":"Small Slimes","floor":1.0,"turns":1.0},{"damage":0.0,"enemies":"Jaw Worm","floor":3.0,"turns":1.0},{"damage":0.0,"enemies":"Lagavulin","floor":6.0,"turns":1.0},{"damage":3.0,"enemies":"Cultist","floor":7.0,"turns":3.0},{"damage":0.0,"enemies":"2 Fungi Beasts","floor":8.0,"turns":2.0},{"damage":5.0,"enemies":"3 Louse","floor":12.0,"turns":2.0},{"damage":18.0,"enemies":"Large Slime","floor":14.0,"turns":5.0},{"damage":24.0,"enemies":"Hexaghost","floor":16.0,"turns":8.0},{"damage":29.0,"enemies":"3 Byrds","floor":18.0,"turns":3.0},{"damage":23.0,"enemies":"2 Thieves","floor":21.0,"turns":3.0},{"damage":22.0,"enemies":"Shelled Parasite and Fungi","floor":24.0,"turns":4.0},{"damage":19.0,"enemies":"Snake Plant","floor":27.0,"turns":4.0},{"damage":12,"enemies":"Gremlin Leader","floor":28,"turns":5}],"seed_played":"-478865905274441524","potions_obtained":[{"floor":8.0,"key":"ColorlessPotion"},{"floor":12.0,"key":"Strength Potion"},{"floor":14.0,"key":"BlessingOfTheForge"},{"floor":16.0,"key":"PowerPotion"},{"floor":24.0,"key":"DuplicationPotion"}],"is_trial":false,"path_per_floor":["M","?","M","$","?","E","M","M","T","R","$","M","?","M","R","B",null,"M","?","?","M","$","R","M","R","T","M","E"],"character_chosen":"DEFECT","items_purchased":["Defragment","Gash","BootSequence","Gash","Kunai","Oddly Smooth Stone"],"campfire_rested":2,"item_purchase_floors":[4,4,4,11,11,22],"current_hp_per_floor":[68,68,68,68,68,68,65,65,65,65,65,60,49,31,31,7,58,29,29,29,6,6,28,6,28,28,9,0,0],"gold":294,"neow_bonus":"THREE_ENEMY_KILL","is_daily":false,"chose_seed":false,"campfire_upgraded":2,"win_rate":0.0,"timestamp":1610334164,"path_taken":["M","?","M","$","?","E","M","?","T","R","$","M","?","M","R","BOSS","M","?","?","M","$","R","M","R","T","M","E"],"items_purchased_type":["Card","Card","Card","Card","Relic","Relic"],"build_version":"2020-12-22","purchased_purges":2,"victory":false,"max_hp_per_floor":[75,75,75,75,75,75,75,75,75,75,75,75,75,75,75,75,75,75,75,75,75,75,75,75,75,75,75,75,75],"relic_stats":{"counters":[13,42],"CeramicFish":135,"Pandora\u0027s Box":["Chill","Chaos","Static Discharge","All For One","Recycle","Ball Lightning","Heatsinks","Sunder"],"MealTicket":0,"Kunai":[14],"obtain_stats":[{"Potion Belt":6,"NeowsBlessing":0,"CeramicFish":9,"Oddly Smooth Stone":22,"Pandora\u0027s Box":17,"MealTicket":26,"Kunai":11,"Cracked Core":0},{"Potion Belt":3,"NeowsBlessing":0,"CeramicFish":5,"Oddly Smooth Stone":10,"Pandora\u0027s Box":8,"MealTicket":11,"Kunai":5,"Cracked Core":0},{"Potion Belt":3,"NeowsBlessing":0,"CeramicFish":8,"Oddly Smooth Stone":29,"Pandora\u0027s Box":23,"MealTicket":33,"Kunai":8,"Cracked Core":0}]},"card_choices":[{"not_picked":["Go for the Eyes","Hologram"],"picked":"Streamline","floor":1.0},{"not_picked":["Streamline","Auto Shields"],"picked":"Hologram","floor":3.0},{"not_picked":["Auto Shields","Chill"],"picked":"FTL","floor":6.0},{"not_picked":["Rainbow","Turbo"],"picked":"Ball Lightning","floor":7.0},{"not_picked":["Rip and Tear","Leap","Coolheaded"],"picked":"SKIP","floor":8.0},{"not_picked":["Reinforced Body","Blizzard"],"picked":"White Noise","floor":12.0},{"not_picked":["Steam Power","Redo","Rebound"],"picked":"SKIP","floor":14.0},{"not_picked":["Amplify","Multi-Cast"],"picked":"Fission","floor":16.0},{"not_picked":["Stack","Rebound"],"picked":"Beam Cell","floor":18.0},{"not_picked":["Lockon","Streamline"],"picked":"Chill+1","floor":21.0},{"not_picked":["Fusion","Loop"],"picked":"Steam","floor":24.0},{"not_picked":["Fusion","Rebound"],"picked":"Leap+1","floor":27.0}],"player_experience":613426,"relics_obtained":[{"floor":6.0,"key":"Potion Belt"},{"floor":9.0,"key":"CeramicFish"},{"floor":26.0,"key":"MealTicket"}],"event_choices":[{"damage_healed":0.0,"max_hp_gain":0.0,"max_hp_loss":0.0,"gold_gain":79.0,"event_name":"Golden Wing","player_choice":"Gained Gold","floor":2.0,"gold_loss":0.0,"damage_taken":0.0},{"damage_healed":0.0,"max_hp_gain":0.0,"max_hp_loss":0.0,"gold_gain":275.0,"event_name":"Golden Shrine","player_choice":"Desecrate","floor":5.0,"gold_loss":0.0,"damage_taken":0.0,"cards_obtained":["Regret"]},{"damage_healed":0.0,"max_hp_gain":0.0,"max_hp_loss":0.0,"gold_gain":75.0,"event_name":"World of Goop","player_choice":"Gather Gold","floor":13.0,"gold_loss":0.0,"damage_taken":11.0},{"damage_healed":0.0,"max_hp_gain":0.0,"max_hp_loss":0.0,"gold_gain":99.0,"event_name":"Nest","player_choice":"Stole From Cult","floor":19.0,"gold_loss":0.0,"damage_taken":0.0},{"damage_healed":0.0,"max_hp_gain":0.0,"max_hp_loss":0.0,"gold_gain":0.0,"event_name":"Vampires","player_choice":"Ignored","floor":20.0,"gold_loss":0.0,"damage_taken":0.0}],"is_beta":false,"boss_relics":[{"not_picked":["Cursed Key","Empty Cage"],"picked":"Pandora\u0027s Box"}],"items_purged_floors":[11,22],"is_endless":false,"potions_floor_spawned":[8,12,14,16,24],"killed_by":"Gremlin Leader","ascension_level":10}}