{"host":"i41n6wh529970c2c","time":1610400890,"event":{"mods":["Act Like it!","BaseMod","BetterRewards","Gold Saver","Hermit","Marisa????????","Minty Spire (QoL Compilation)","Replay The Spire","Shop Mod","StSLib"],"gold_per_floor":[1014,1029,1043,1043,1043,1076,1088,1116,1116,1139,1139,1139,1183,1211,1211,1324,1324,1353,1376,1291,1291,1216,1260,1359,1359,1404,805,805,843,843,843,843,960,960,989,1027,584,609,609,669,708,708,781,817,851,851,896,929,929,953],"floor_reached":51,"playtime":29861,"items_purged":["Strike_MRS","Defend_MRS"],"score":1065,"play_id":"ad638998-d08b-4246-b168-11d62a49215f","local_time":"20210111163450","is_ascension_mode":false,"campfire_choices":[{"data":"Singularity","floor":11.0,"key":"SMITH"},{"data":"UnstableBomb","floor":15.0,"key":"SMITH"},{"data":"MillisecondPulsars","floor":25.0,"key":"SMITH"},{"data":"EarthLightRay","floor":28.0,"key":"SMITH"},{"data":"EarthLightRay","floor":30.0,"key":"SMITH"},{"data":"BlazingStar","floor":32.0,"key":"SMITH"},{"data":"BinaryStars","floor":42,"key":"SMITH"},{"data":"EscapeVelocity","floor":46,"key":"SMITH"},{"data":"PulseMagic","floor":49,"key":"SMITH"}],"circlet_count":0,"master_deck":["Strike_MRS","Defend_MRS","UpSweep","Apotheosis+1","GalacticHalo","AsteroidBelt","PulseMagic+1","EscapeVelocity+1","SprinkleStarSeal","UnstableBomb+1","Singularity+1","DragonMeteor","BlazingStar+1","GravityBeat","MillisecondPulsars+1","Acceleration+1","LuminesStrike","WitchLeyline","ShootingEcho+1","EarthLightRay+1","EarthLightRay+1","SuperPerseids+1","BinaryStars+1","SporeBomb+1","AsteroidBelt+1","EscapeVelocity+1","GasGiant","AlicesGift+1","WitchLeyline","BlazeAway+1","MilkyWay+1","DarkMatter+1","6A"],"relics":["MiniHakkero","MealTicket","Replay:Bandana","StrikeDummy","Bottled Flame","Coffee Dripper","Mango","Chameleon Ring","Pen Nib","Shuriken","Du-Vu Doll","Bag of Marbles","Replay:Bronze Core","Membership Card","Pondfish Scales","Bag of Preparation","Toxic Egg 2","Anchor"],"acts_visited":["Exordium","TheCity","TheBeyond"],"potions_floor_usage":[40,40,50,50],"damage_taken":[{"damage":0.0,"enemies":"2 Louse","floor":1.0,"turns":2.0},{"damage":1.0,"enemies":"Jaw Worm","floor":2.0,"turns":3.0},{"damage":0.0,"enemies":"Cultist","floor":3.0,"turns":4.0},{"damage":14.0,"enemies":"Gremlin Nob","floor":6.0,"turns":5.0},{"damage":2.0,"enemies":"2 Fungi Beasts","floor":7.0,"turns":5.0},{"damage":0.0,"enemies":"Lagavulin","floor":8.0,"turns":7.0},{"damage":0.0,"enemies":"3 Louse","floor":10.0,"turns":4.0},{"damage":13.0,"enemies":"Gremlin Nob","floor":13.0,"turns":4.0},{"damage":10.0,"enemies":"Looter","floor":14.0,"turns":2.0},{"damage":0.0,"enemies":"Slime Boss","floor":16.0,"turns":3.0},{"damage":0.0,"enemies":"Chosen","floor":18.0,"turns":2.0},{"damage":10.0,"enemies":"Spheric Guardian","floor":19.0,"turns":4.0},{"damage":32.0,"enemies":"Slavers","floor":23.0,"turns":5.0},{"damage":29.0,"enemies":"Gremlin Leader","floor":29.0,"turns":5.0},{"damage":17.0,"enemies":"Collector","floor":33.0,"turns":4.0},{"damage":16,"enemies":"Orb Walker","floor":35,"turns":3},{"damage":7,"enemies":"3 Darklings","floor":36,"turns":2},{"damage":2,"enemies":"4 Shapes","floor":38,"turns":4},{"damage":3,"enemies":"Reptomancer","floor":40,"turns":2},{"damage":1,"enemies":"Jaw Worm Horde","floor":41,"turns":3},{"damage":0,"enemies":"Giant Head","floor":44,"turns":2},{"damage":0,"enemies":"Sphere and 2 Shapes","floor":45,"turns":4},{"damage":0,"enemies":"Transient","floor":47,"turns":5},{"damage":0,"enemies":"Writhing Mass","floor":48,"turns":3},{"damage":4,"enemies":"Time Eater","floor":50,"turns":5}],"seed_played":"-1245914715343608815","potions_obtained":[{"floor":6.0,"key":"Swift Potion"},{"floor":8.0,"key":"EntropicBrew"},{"floor":10.0,"key":"Strength Potion"},{"floor":14.0,"key":"Energy Potion"},{"floor":19.0,"key":"Milkshake"},{"floor":29.0,"key":"AttackPotion"},{"floor":33.0,"key":"Strength Potion"},{"floor":38,"key":"DistilledChaos"},{"floor":40,"key":"Dexterity Potion"},{"floor":47,"key":"Swift Potion"}],"is_trial":false,"path_per_floor":["M","M","M","?","?","E","M","E","T","M","R","?","E","M","R","B",null,"M","M","?","?","?","E","?","R","T","$","R","E","R","?","R","B",null,"M","M","$","M","?","E","M","R","T","E","M","R","M","M","R","B",null],"character_chosen":"MARISA","items_purchased":["Apotheosis","Shuriken","Du-Vu Doll","EarthLightRay","Membership Card","Pondfish Scales","EscapeVelocity","GasGiant"],"campfire_rested":0,"item_purchase_floors":[0,27,27,27,37,37,37,37],"current_hp_per_floor":[65,64,64,64,64,50,48,48,48,48,48,48,35,25,25,25,75,75,65,79,79,79,47,47,47,47,62,62,43,43,43,43,38,89,73,78,89,89,89,89,88,88,88,89,89,89,89,89,89,85],"gold":953,"neow_bonus":"","is_daily":false,"chose_seed":false,"campfire_upgraded":9,"win_rate":0.0,"timestamp":1610400890,"path_taken":["M","M","M","?","?","E","M","E","T","M","R","?","E","M","R","BOSS","M","M","?","?","?","E","?","R","T","$","R","E","R","?","R","BOSS","M","M","$","M","?","E","M","R","T","E","M","R","M","M","R","BOSS"],"items_purchased_type":["Card","Relic","Relic","Card","Relic","Relic","Card","Card"],"build_version":"2020-12-22","purchased_purges":2,"victory":true,"max_hp_per_floor":[75,75,75,75,75,75,75,75,75,75,75,75,75,75,75,75,75,75,75,89,89,89,89,89,89,89,89,89,89,89,89,89,89,89,89,89,89,89,89,89,89,89,89,89,89,89,89,89,89,89],"card_choices":[{"not_picked":["LuminesStrike","IllusionStar"],"picked":"GalacticHalo","floor":1.0},{"not_picked":["6A","ShootingEcho"],"picked":"AsteroidBelt","floor":2.0},{"not_picked":["GalacticHalo","BlazingStar"],"picked":"PulseMagic","floor":3.0},{"not_picked":["IllusionStar","WitchOfGreed"],"picked":"SprinkleStarSeal","floor":6.0},{"not_picked":["LuminesStrike","ChargeUpSpray"],"picked":"UnstableBomb","floor":7.0},{"not_picked":["GasGiant","Acceleration"],"picked":"Singularity","floor":8.0},{"not_picked":["DarkMatter","SprinkleStarSeal"],"picked":"DragonMeteor","floor":10.0},{"not_picked":["SporeBomb","OrrerysSun"],"picked":"BlazingStar","floor":13.0},{"not_picked":["Acceleration","MysteriousBeam"],"picked":"GravityBeat","floor":14.0},{"not_picked":["AbsoluteMagnitude","JA"],"picked":"MillisecondPulsars","floor":16.0},{"not_picked":["PowerUp","MysteriousBeam"],"picked":"Acceleration+1","floor":18.0},{"not_picked":["EnergyRecoil","MysteriousBeam"],"picked":"LuminesStrike","floor":19.0},{"not_picked":["6A","AbsoluteMagnitude"],"picked":"ShootingEcho+1","floor":23.0},{"not_picked":["ManaConvection","EnergyRecoil+1"],"picked":"SuperPerseids+1","floor":29.0},{"not_picked":["SuperNova","CasketOfStar"],"picked":"BinaryStars","floor":33.0},{"not_picked":["MachineGunSpark+1","Occultation+1"],"picked":"SporeBomb+1","floor":35},{"not_picked":["PowerUp","UnstableBomb+1"],"picked":"AsteroidBelt+1","floor":36},{"not_picked":["GrandCross+1","DoubleSpark"],"picked":"AlicesGift+1","floor":38},{"not_picked":["PowerUp","AsteroidBelt+1"],"picked":"WitchLeyline","floor":40},{"not_picked":["SporeBomb","MillisecondPulsars"],"picked":"BlazeAway+1","floor":41},{"not_picked":["MeteoricShower+1","LuminesStrike+1"],"picked":"MilkyWay+1","floor":44},{"not_picked":["DoubleSpark","UnstableBomb","ManaConvection+1"],"picked":"SKIP","floor":45},{"not_picked":["EventHorizon+1","FairyDestructionRay+1"],"picked":"DarkMatter+1","floor":47},{"not_picked":["AsteroidBelt+1","WitchLeyline"],"picked":"6A","floor":48}],"player_experience":889202,"relics_obtained":[{"floor":6.0,"key":"MealTicket"},{"floor":8.0,"key":"Replay:Bandana"},{"floor":9.0,"key":"StrikeDummy"},{"floor":13.0,"key":"Bottled Flame"},{"floor":23.0,"key":"Chameleon Ring"},{"floor":26.0,"key":"Pen Nib"},{"floor":29.0,"key":"Bag of Marbles"},{"floor":40,"key":"Bag of Preparation"},{"floor":43,"key":"Toxic Egg 2"},{"floor":44,"key":"Anchor"}],"event_choices":[{"damage_healed":0.0,"max_hp_gain":0.0,"max_hp_loss":0.0,"gold_gain":0.0,"event_name":"Living Wall","player_choice":"Grow","floor":4.0,"gold_loss":0.0,"damage_taken":0.0,"cards_upgraded":["Apotheosis"]},{"cards_removed":["Defend_MRS"],"damage_healed":0.0,"max_hp_gain":0.0,"max_hp_loss":0.0,"gold_gain":0.0,"event_name":"Purifier","player_choice":"Purged","floor":12.0,"gold_loss":0.0,"damage_taken":0.0},{"damage_healed":0.0,"max_hp_gain":0.0,"max_hp_loss":0.0,"gold_gain":0.0,"event_name":"Addict","player_choice":"Obtained Relic","floor":20.0,"gold_loss":85.0,"damage_taken":0.0,"relics_obtained":["Mango"]},{"damage_healed":0.0,"max_hp_gain":0.0,"max_hp_loss":0.0,"gold_gain":0.0,"event_name":"The Library","player_choice":"Read","floor":21.0,"gold_loss":0.0,"damage_taken":0.0,"cards_obtained":["WitchLeyline"]},{"cards_removed":["Defend_MRS"],"damage_healed":0.0,"max_hp_gain":0.0,"max_hp_loss":0.0,"gold_gain":0.0,"event_name":"Beggar","player_choice":"Gave Gold","floor":22.0,"gold_loss":75.0,"damage_taken":0.0},{"damage_healed":0.0,"max_hp_gain":0.0,"max_hp_loss":0.0,"gold_gain":99.0,"event_name":"Nest","player_choice":"Stole From Cult","floor":24.0,"gold_loss":0.0,"damage_taken":0.0},{"cards_removed":["Strike_MRS"],"damage_healed":0.0,"max_hp_gain":0.0,"max_hp_loss":0.0,"gold_gain":0.0,"event_name":"Back to Basics","player_choice":"Elegance","floor":31.0,"gold_loss":0.0,"damage_taken":0.0},{"damage_healed":0,"gold_gain":0,"player_choice":"Ignored","damage_taken":0,"max_hp_gain":0,"max_hp_loss":0,"event_name":"SecretPortal","floor":39,"gold_loss":0}],"is_beta":false,"boss_relics":[{"not_picked":["Cursed Key","Kintsugi"],"picked":"Coffee Dripper"},{"not_picked":["Tiny House","Honey Jar"],"picked":"Replay:Bronze Core"}],"items_purged_floors":[0,37],"is_endless":false,"potions_floor_spawned":[6,8,10,14,19,29,33,38,40,47,48],"ascension_level":0}}