{"host":"b0hh64pqctf46s8m","time":1610388785,"event":{"mods":["100% Spire Juice","Act Like it!","Aspiration","BaseMod","Bestiary","Better Third Choice","CCEM","CapriCore","ChefMod","Conspire","Curses Come First","Displayed Cursed Tome","Dota2Spire","Downfall","Ekko","Elementarium","Evolution","Fireblade Mod","Fox Events","Halation","Hallownest","Hermit","Hubris","Infinite Spire","Jess\u0027s Bottle","JesterMod","Jorbs\u0027s Wanderer Trilogy","Koishi","Kratos Character Expansion","Lobotomy","Luminous","Mari Mod (Legacy)","Mari\u0027s V1 Patch","Menagerie","Mimic Mod","Minty Spire (QoL Compilation)","Pale of the Ancients","Permanent Neow","Pikachu Mod","QueenMod","Random Character Button","Relic Sorter","Relic Stats","Replay The Spire","Robot Space Explorer","Shade Mod","StSLib","The Blue Laboratory","The Bug Knight","The Dragon Tamer","The Hayseed","The Immortal","The Marked","TheLocksmith","TheSwordswoman","TheVacant","TheWitcher","Treasure Hunter","UnlockEverythingMod","Wandering Minibosses","vexMod","??????REMEMod"],"gold_per_floor":[199,210,230,248,261,361,361,400,400,412,412,412,427,452,465,564,564,564,539,550,550,564,564,564,564],"floor_reached":23,"playtime":1008,"items_purged":[],"score":193,"play_id":"38440748-3822-4529-b5a4-553c5cd98b65","local_time":"20210111101305","is_ascension_mode":false,"campfire_choices":[{"data":"hexamod:ChargedBarrage","floor":9,"key":"SMITH"},{"floor":11,"key":"REST"}],"circlet_count":0,"master_deck":["hexamod:Strike","hexamod:Strike","hexamod:Strike","hexamod:Defend","hexamod:Defend","hexamod:Defend","hexamod:Defend","hexamod:Sear","hexamod:Float","hexamod:ChargedBarrage+1","hexamod:ExtraCrispy","hexamod:GhostLash","hexamod:SpectersWail","hexamod:HauntingEcho","hexamod:PhantomFireball","hexamod:RadiantFlame","hexamod:RainOfEmbers+1","hexamod:HexaLevel","hexamod:ThirdSeal","hexamod:SoulSteal","hexamod:GhostShield"],"relics":["hexamod:SpiritBrand","EVO:Axolotl","REME_ComplimentaryCards","Dota2Spire:Dagon","hubris:DisguiseKit","KratosMod:chalice","Moonworks:SBBomb","Ginger","hexamod:IceCube"],"acts_visited":["Exordium","Hallownest:CityofTears"],"potions_floor_usage":[16,16],"damage_taken":[{"damage":29,"enemies":"Jaw Worm","floor":2,"turns":10},{"damage":7,"enemies":"2 Louse","floor":3,"turns":7},{"damage":0,"enemies":"Small Slimes","floor":4,"turns":3},{"damage":3,"enemies":"conspire:2 RoseBushes","floor":5,"turns":5},{"damage":10,"enemies":"conspire:MimicChest","floor":8,"turns":6},{"damage":5,"enemies":"Large Slime","floor":10,"turns":3},{"damage":3,"enemies":"3 Louse","floor":13,"turns":3},{"damage":10,"enemies":"HollowMod:MossKnight","floor":14,"turns":6},{"damage":13,"enemies":"Red Slaver","floor":15,"turns":3},{"damage":31,"enemies":"downfall:Ironclad","floor":16,"turns":6},{"damage":27,"enemies":"Hallownest:Guard_and_Sentry","floor":20,"turns":5},{"damage":20,"enemies":"Hallownest:2_Mistakes","floor":22,"turns":5},{"damage":14,"enemies":"Hallownest:eliteSoulWarrior","floor":23,"turns":3}],"seed_played":"590897979586771512","potions_obtained":[{"floor":4,"key":"Slimebound:ThreeZeroPotion"},{"floor":5,"key":"PowerPotion"},{"floor":8,"key":"blueLaboratory:ForbiddenFruitJuice"},{"floor":22,"key":"REME_GoldPotion"}],"is_trial":false,"path_per_floor":["R","M","M","M","M","?","T","?","R","M","R","?","M","E","M","B",null,"R","?","M","?","M","E"],"character_chosen":"THE_SPIRIT","items_purchased":[],"campfire_rested":1,"item_purchase_floors":[],"current_hp_per_floor":[70,41,34,34,31,31,31,21,21,16,37,37,34,24,11,31,60,60,60,33,33,13,0,0,0],"gold":564,"neow_bonus":"HUNDRED_GOLD","is_daily":false,"chose_seed":false,"campfire_upgraded":1,"win_rate":0.0,"timestamp":1610388785,"path_taken":["R","M","M","M","M","?","T","?","R","M","R","?","M","E","M","BOSS","R","?","?","?","M","E"],"items_purchased_type":[],"build_version":"2020-12-22","purchased_purges":0,"victory":false,"max_hp_per_floor":[70,70,70,70,70,70,70,70,70,70,70,70,70,70,70,60,60,60,60,60,60,60,60,60,60],"relic_stats":{"counters":[13,65],"Ginger":[3],"obtain_stats":[{"Moonworks:SBBomb":12,"hubris:DisguiseKit":8,"KratosMod:chalice":12,"Dota2Spire:Dagon":7,"EVO:Axolotl":0,"Ginger":14,"hexamod:SpiritBrand":0,"hexamod:IceCube":17,"REME_ComplimentaryCards":0},{"Moonworks:SBBomb":6,"hubris:DisguiseKit":5,"KratosMod:chalice":6,"Dota2Spire:Dagon":4,"EVO:Axolotl":0,"Ginger":8,"hexamod:SpiritBrand":0,"hexamod:IceCube":10,"REME_ComplimentaryCards":0},{"Moonworks:SBBomb":34,"hubris:DisguiseKit":31,"KratosMod:chalice":34,"Dota2Spire:Dagon":25,"EVO:Axolotl":0,"Ginger":43,"hexamod:SpiritBrand":0,"hexamod:IceCube":52,"REME_ComplimentaryCards":0}]},"card_choices":[{"not_picked":["hexamod:Incineration","hexamod:InspiringFlames"],"picked":"hexamod:ExtraCrispy","floor":2},{"not_picked":["hexamod:RecurringNightmare","hexamod:CatchUp"],"picked":"hexamod:GhostLash","floor":3},{"not_picked":["hexamod:ThermalTransfer","hexamod:BurningTouch"],"picked":"hexamod:SpectersWail","floor":4},{"not_picked":["hexamod:GhostOfSpirePast","hexamod:SpectralAdrenaline","hexamod:AdvancingGuard"],"picked":"SKIP","floor":5},{"not_picked":["TH:ElvenBoots","TH:TreasureMap"],"picked":"SKIP","floor":7},{"not_picked":["hexamod:FifthSeal","hexamod:ShieldOfDarkness"],"picked":"hexamod:HauntingEcho","floor":8},{"not_picked":["hexamod:CatchUp","hexamod:GhostShield","hexamod:Rewind","Replay:ManipulateFuture"],"picked":"SKIP","floor":10},{"not_picked":["hexamod:Hexaguard","hexamod:RecurringNightmare","Protect"],"picked":"hexamod:PhantomFireball","floor":13},{"not_picked":["hexamod:Firestarter","hexamod:BurningTouch","Alpha"],"picked":"hexamod:RadiantFlame","floor":14},{"not_picked":["TH:PixieDust","TH:CursedSword"],"picked":"SKIP","floor":14},{"not_picked":["hexamod:RecurringNightmare","hexamod:SwordOfDarkness","Swivel"],"picked":"hexamod:RainOfEmbers","floor":15},{"not_picked":["hexamod:WildfireWeapon","hexamod:GhostflameInferno","Ragnarok"],"picked":"hexamod:HexaLevel","floor":16},{"not_picked":["hexamod:ThermalTransfer","hexamod:HauntingEcho","SashWhip"],"picked":"hexamod:ThirdSeal","floor":20},{"not_picked":["hexamod:Hexaguard","hexamod:NightmareStrike","BowlingBash"],"picked":"hexamod:SoulSteal","floor":22},{"not_picked":["hexamod:BurningTouch","hexamod:NecessarySacrifice","PathToVictory"],"picked":"hexamod:GhostShield","floor":22}],"player_experience":1519616,"relics_obtained":[{"floor":7,"key":"Dota2Spire:Dagon"},{"floor":8,"key":"hubris:DisguiseKit"},{"floor":14,"key":"Ginger"}],"event_choices":[],"is_beta":false,"boss_relics":[{"not_picked":["conspire:RoyalGoblet","downfall:Hecktoplasm"],"picked":"hexamod:IceCube"}],"items_purged_floors":[],"is_endless":false,"potions_floor_spawned":[4,5,8,10,13,22],"killed_by":"Hallownest:eliteSoulWarrior","ascension_level":0}}