{"host":"w3q5ijqu8eoknil3","time":1610326521,"event":{"mods":["AchievementEnabler","BaseMod","Block Reminder","Colored Powertips","Curses Come First","Minty Spire (QoL Compilation)","Quick Restart","Relic Stats","StSLib","ojb\u0027s Better Paths Mod","ojb\u0027s Info Mod","slay the spire mod where everything is the same but ironclad has a cowboy hat"],"gold_per_floor":[361,379,10,10,10,40,40,53,101,101,101,101,101],"floor_reached":12,"playtime":273,"items_purged":["Shame"],"score":144,"play_id":"fe9c69fe-7218-49b3-92d9-3cf6ec018067","local_time":"20210111005521","is_ascension_mode":true,"campfire_choices":[{"floor":7,"key":"REST"},{"data":"Noxious Fumes","floor":11,"key":"SMITH"}],"circlet_count":0,"master_deck":["AscendersBane","Strike_G","Strike_G","Strike_G","Defend_G","Defend_G","Defend_G","Defend_G","Defend_G","Survivor","Neutralize","Dagger Spray","Outmaneuver","Noxious Fumes+1","Acrobatics","Catalyst","Dash","A Thousand Cuts"],"relics":["Ring of the Snake","Centennial Puzzle","Akabeko","FossilizedHelix","Regal Pillow"],"acts_visited":["Exordium"],"potions_floor_usage":[2,12],"damage_taken":[{"damage":6,"enemies":"Jaw Worm","floor":1,"turns":5},{"damage":0,"enemies":"Small Slimes","floor":2,"turns":3},{"damage":22,"enemies":"3 Sentries","floor":6,"turns":6},{"damage":0,"enemies":"Cultist","floor":8,"turns":4},{"damage":34,"enemies":"Gremlin Nob","floor":12,"turns":4}],"seed_played":"-2518892173144308223","potions_obtained":[{"floor":1,"key":"SteroidPotion"},{"floor":8,"key":"GamblersBrew"}],"is_trial":false,"path_per_floor":["M","M","$","?","?","E","R","M","T","?","R","E"],"character_chosen":"THE_SILENT","items_purchased":["Noxious Fumes","Centennial Puzzle","Acrobatics"],"campfire_rested":1,"item_purchase_floors":[3,3,3],"current_hp_per_floor":[53,53,53,46,28,6,25,25,25,25,25,0,0],"gold":101,"neow_bonus":"TWO_FIFTY_GOLD","is_daily":false,"chose_seed":false,"campfire_upgraded":1,"win_rate":0.0,"timestamp":1610326521,"path_taken":["M","M","$","?","?","E","R","M","T","?","R","E"],"items_purchased_type":["Card","Relic","Card"],"build_version":"2020-12-22","purchased_purges":1,"victory":false,"max_hp_per_floor":[66,66,66,66,66,66,66,66,66,66,66,66,66],"relic_stats":{"Centennial Puzzle":[6],"Regal Pillow":0,"counters":[5,22],"obtain_stats":[{"Centennial Puzzle":3,"Regal Pillow":9,"Akabeko":5,"FossilizedHelix":6,"Ring of the Snake":0},{"Centennial Puzzle":2,"Regal Pillow":4,"Akabeko":2,"FossilizedHelix":3,"Ring of the Snake":0},{"Centennial Puzzle":8,"Regal Pillow":18,"Akabeko":8,"FossilizedHelix":14,"Ring of the Snake":0}],"Ring of the Snake":[10]},"card_choices":[{"not_picked":["Terror","Leg Sweep"],"picked":"Dagger Spray","floor":1},{"not_picked":["Quick Slash","Heel Hook"],"picked":"Outmaneuver","floor":2},{"not_picked":["Flying Knee","Quick Slash"],"picked":"Catalyst","floor":6},{"not_picked":["Bane","Deflect"],"picked":"Dash","floor":8}],"player_experience":953807,"relics_obtained":[{"floor":6,"key":"FossilizedHelix"},{"floor":9,"key":"Regal Pillow"}],"event_choices":[{"cards_removed":["Strike_G"],"damage_healed":0,"gold_gain":0,"player_choice":"Card Removal","damage_taken":7,"max_hp_gain":0,"max_hp_loss":0,"event_name":"Golden Wing","floor":4,"gold_loss":0},{"damage_healed":0,"gold_gain":0,"player_choice":"Success","damage_taken":18,"relics_obtained":["Akabeko"],"max_hp_gain":0,"max_hp_loss":0,"event_name":"Scrap Ooze","floor":5,"gold_loss":0},{"damage_healed":0,"gold_gain":0,"cards_transformed":["Strike_G"],"player_choice":"Change","damage_taken":0,"max_hp_gain":0,"max_hp_loss":0,"event_name":"Living Wall","floor":10,"gold_loss":0,"cards_obtained":["A Thousand Cuts"]}],"is_beta":false,"boss_relics":[],"items_purged_floors":[3],"is_endless":false,"potions_floor_spawned":[1,8],"killed_by":"Gremlin Nob","ascension_level":18}}