{"host":"dv93mabv568wiefh","time":1610339102,"event":{"mods":["BaseMod","Hermit","Hubris","Infinite Spire","Marisa????????","Minty Spire (QoL Compilation)","Replay The Spire","StSLib","The Construct"],"gold_per_floor":[19,19,35,46,46,81,81,81,153,153,166,166,116,195,195,323,323,336,336,346,7,22,22,22,55,78,78,409,409,469,354,354,450,450,462,462,462,475,475,475,485,485,563,583,599,599,613,628,628,628],"floor_reached":51,"playtime":3581,"items_purged":["Strike_P"],"score":1439,"play_id":"528e7e3d-f384-44e9-87ba-ebf4c887a680","local_time":"20210110232502","is_ascension_mode":true,"campfire_choices":[{"data":"Vault","floor":7.0,"key":"SMITH"},{"data":"Eruption","floor":10.0,"key":"SMITH"},{"data":"SandsOfTime","floor":12.0,"key":"SMITH"},{"floor":15.0,"key":"REST"},{"data":"Replay:Battleflow","floor":23,"key":"SMITH"},{"floor":27,"key":"REST"},{"data":"ReplayUltimateDefense","floor":29,"key":"SMITH"},{"floor":32,"key":"REST"},{"data":"Vault","floor":40,"key":"SMITH"},{"data":"infinitespire:SevenWalls","floor":42,"key":"SMITH"},{"floor":49,"key":"REST"}],"circlet_count":0,"master_deck":["AscendersBane","Strike_P+1","Defend_P+1","Defend_P+1","Eruption+1","Vigilance","Tantrum","Protect","Replay:AtTheReady","Vault+1","SandsOfTime+1","ConjureBlade","DevaForm+1","FlurryOfBlows+1","Alpha+1","Replay:Battleflow+1","MentalFortress","ReplayUltimateDefense+1","EmptyMind","TalkToTheHand","ClearTheMind","Vault+1","EmptyMind","infinitespire:SevenWalls+1","Trip","Alpha+1","Adaptation+1"],"relics":["PureWater","hubris:GlazedTorus","Vajra","Bloody Idol","Darkstone Periapt","Ornamental Fan","Replay:Bottled Steam","Astrolabe","hubris:TinFlute","Bronze Scales","Old Coin","Frozen Egg 2","Pen Nib","Replay:Grab Bag","Busted Crown","Replay:Bronze Core","hubris:Backtick","Ice Cream","Centennial Puzzle","SlaversCollar","Quantum Egg"],"acts_visited":["Exordium","TheCity","TheBeyond"],"potions_floor_usage":[20,25,33,38,50],"damage_taken":[{"damage":2.0,"enemies":"Jaw Worm","floor":1.0,"turns":2.0},{"damage":0.0,"enemies":"2 Louse","floor":3.0,"turns":1.0},{"damage":0.0,"enemies":"Small Slimes","floor":4.0,"turns":4.0},{"damage":0.0,"enemies":"3 Sentries","floor":6.0,"turns":4.0},{"damage":0.0,"enemies":"Gremlin Nob","floor":8.0,"turns":2.0},{"damage":1.0,"enemies":"Looter","floor":11.0,"turns":4.0},{"damage":9.0,"enemies":"Fading Forest","floor":16.0,"turns":12.0},{"damage":8,"enemies":"3 Byrds","floor":18,"turns":4},{"damage":24,"enemies":"2 Thieves","floor":20,"turns":5},{"damage":0,"enemies":"Snecko","floor":22,"turns":5},{"damage":18,"enemies":"Gremlin Leader","floor":25,"turns":5},{"damage":14,"enemies":"Replay:Snechameleon","floor":28,"turns":5},{"damage":24,"enemies":"Automaton","floor":33,"turns":6},{"damage":0,"enemies":"3 Shapes","floor":35,"turns":4},{"damage":0,"enemies":"Orb Walker","floor":38,"turns":4},{"damage":0,"enemies":"4 Shapes","floor":41,"turns":5},{"damage":0,"enemies":"Sphere and 2 Shapes","floor":44,"turns":5},{"damage":0,"enemies":"Maw","floor":45,"turns":6},{"damage":11,"enemies":"4 Shapes","floor":47,"turns":3},{"damage":34,"enemies":"3 Darklings","floor":48,"turns":3},{"damage":34,"enemies":"Donu and Deca","floor":50,"turns":6}],"seed_played":"7338921982722799085","potions_obtained":[{"floor":1.0,"key":"Fire Potion"},{"floor":4.0,"key":"EntropicBrew"},{"floor":11.0,"key":"GamblersBrew"},{"floor":18,"key":"LiquidMemories"},{"floor":30,"key":"Regen Potion"},{"floor":33,"key":"Elixir"},{"floor":35,"key":"Milkshake"},{"floor":44,"key":"Elixir"},{"floor":45,"key":"Explosive Potion"}],"is_trial":false,"path_per_floor":["M","?","M","M","?","E","R","E","T","R","M","R","?","T","R","B",null,"M","?","M","$","M","R","?","E","T","R","E","R","?","?","R","B",null,"M","?","AVR","M","?","R","M","R","T","M","M","?","M","M","R","B",null],"character_chosen":"WATCHER","items_purchased":["MentalFortress","ReplayUltimateDefense"],"campfire_rested":4,"item_purchase_floors":[21,21],"current_hp_per_floor":[63,45,45,45,45,45,45,45,45,45,44,44,44,44,64,55,64,56,56,42,42,47,47,47,34,39,59,55,55,34,34,54,49,63,67,64,64,64,64,64,64,64,64,64,64,64,58,29,48,14],"gold":628,"neow_bonus":"ONE_RARE_RELIC","is_daily":false,"chose_seed":false,"campfire_upgraded":7,"win_rate":0.0,"timestamp":1610339102,"path_taken":["M","?","M","M","?","E","R","E","T","R","M","R","?","?","R","BOSS","M","?","M","$","M","R","?","E","T","R","E","R","?","?","R","BOSS","M","?","AVR","M","?","R","M","R","T","M","M","?","?","M","R","BOSS"],"items_purchased_type":["Card","Card"],"build_version":"2020-12-22","purchased_purges":1,"victory":true,"max_hp_per_floor":[72,72,72,72,67,67,67,67,67,67,67,67,67,67,67,67,67,67,67,67,67,67,67,67,67,67,67,67,67,67,67,67,67,67,67,64,64,64,64,64,64,64,64,64,64,64,64,64,64,64],"card_choices":[{"not_picked":["Replay:AtTheReady","SashWhip"],"picked":"Tantrum","floor":1.0},{"not_picked":["Conclude","CarveReality"],"picked":"Protect","floor":3.0},{"not_picked":["EmptyFist","BowlingBash"],"picked":"Replay:AtTheReady","floor":4.0},{"not_picked":["Halt","WheelKick"],"picked":"Vault","floor":6.0},{"not_picked":["ThirdEye","Swivel"],"picked":"SandsOfTime","floor":11.0},{"not_picked":["Wish","Ragnarok"],"picked":"ConjureBlade","floor":16.0},{"not_picked":["JustLucky","SashWhip","Prostrate"],"picked":"SKIP","floor":18},{"not_picked":["FlyingSleeves","Halt"],"picked":"Replay:Battleflow","floor":20},{"not_picked":["FearNoEvil","FlyingSleeves"],"picked":"EmptyMind","floor":22},{"not_picked":["ReachHeaven","Alpha"],"picked":"TalkToTheHand","floor":25},{"not_picked":["BowlingBash","Wireheading","Replay:Vibes"],"picked":"SKIP","floor":28},{"not_picked":["Replay:BluntJabs","Consecrate"],"picked":"ClearTheMind","floor":30},{"not_picked":["DeusExMachina","Replay:AllIn"],"picked":"Vault","floor":33},{"not_picked":[],"picked":"EmptyMind","floor":35},{"not_picked":["SashWhip+1"],"picked":"SKIP","floor":38},{"not_picked":[],"picked":"Trip","floor":39},{"not_picked":["Collect+1"],"picked":"SKIP","floor":41},{"not_picked":["WindmillStrike+1"],"picked":"SKIP","floor":44},{"not_picked":["CutThroughFate"],"picked":"SKIP","floor":45},{"not_picked":[],"picked":"Adaptation+1","floor":47},{"not_picked":["WindmillStrike"],"picked":"SKIP","floor":48}],"player_experience":886245,"relics_obtained":[{"floor":6.0,"key":"Darkstone Periapt"},{"floor":9.0,"key":"Ornamental Fan"},{"floor":14.0,"key":"Replay:Bottled Steam"},{"floor":25,"key":"hubris:TinFlute"},{"floor":26,"key":"Bronze Scales"},{"floor":28,"key":"Old Coin"},{"floor":30,"key":"Frozen Egg 2"},{"floor":43,"key":"Quantum Egg"}],"event_choices":[{"damage_healed":0.0,"max_hp_gain":0.0,"max_hp_loss":0.0,"gold_gain":0.0,"event_name":"Scrap Ooze","player_choice":"Success","floor":2.0,"gold_loss":0.0,"damage_taken":18.0,"relics_obtained":["Vajra"]},{"damage_healed":0.0,"max_hp_gain":0.0,"max_hp_loss":5.0,"gold_gain":0.0,"event_name":"Golden Idol","player_choice":"Lose Max HP","floor":5.0,"gold_loss":0.0,"damage_taken":0.0,"relics_obtained":["Golden Idol"]},{"cards_removed":["Strike_P"],"damage_healed":0.0,"max_hp_gain":0.0,"max_hp_loss":0.0,"gold_gain":0.0,"event_name":"The Cleric","player_choice":"Card Removal","floor":13.0,"gold_loss":50.0,"damage_taken":0.0},{"damage_healed":0,"gold_gain":0,"player_choice":"Gave Idol","damage_taken":0,"relics_obtained":["Bloody Idol"],"max_hp_gain":0,"max_hp_loss":0,"event_name":"Forgotten Altar","floor":19,"relics_lost":["Golden Idol"],"gold_loss":0},{"damage_healed":0,"gold_gain":0,"player_choice":"Simplicity","damage_taken":0,"max_hp_gain":0,"max_hp_loss":0,"event_name":"Back to Basics","floor":24,"gold_loss":0,"cards_upgraded":["Strike_P","Defend_P","Defend_P"]},{"damage_healed":0,"gold_gain":0,"player_choice":"Paid Gold","damage_taken":0,"relics_obtained":["Pen Nib"],"max_hp_gain":0,"max_hp_loss":0,"event_name":"WeMeetAgain","floor":31,"gold_loss":115},{"damage_healed":0,"gold_gain":0,"player_choice":"Max HP","damage_taken":0,"max_hp_gain":0,"max_hp_loss":3,"event_name":"Winding Halls","floor":36,"gold_loss":0},{"damage_healed":0,"gold_gain":0,"player_choice":"Memory 1","damage_taken":0,"max_hp_gain":0,"max_hp_loss":0,"event_name":"SensoryStone","floor":39,"gold_loss":0},{"damage_healed":0,"gold_gain":0,"player_choice":"Copied","damage_taken":0,"max_hp_gain":0,"max_hp_loss":0,"event_name":"Duplicator","floor":46,"gold_loss":0,"cards_obtained":["Alpha"]}],"is_beta":false,"boss_relics":[{"not_picked":["Runic Dome","Tiny House"],"picked":"Astrolabe"},{"not_picked":["ReplayTheSpireMod:SealedPack","Black Star"],"picked":"Replay:Grab Bag"},{"not_picked":["hubris:RunicObelisk","Replay:Wanted Poster"],"picked":"Busted Crown"},{"not_picked":["Coffee Dripper","ChewingGum"],"picked":"Replay:Bronze Core"},{"not_picked":["Pandora\u0027s Box","Snecko Eye"],"picked":"hubris:Backtick"}],"items_purged_floors":[21],"is_endless":false,"potions_floor_spawned":[1,4,11,18,33,35,44,45],"ascension_level":12}}