{"host":"ix3f5uox0dgbccjc","time":1610353466,"event":{"mods":["BaseMod","Minty Spire (QoL Compilation)"],"gold_per_floor":[109,123,298,373,373,373,146,166,192,209,209,52,52,52,52,150,150,133,133,133,58,58,58,69,69,69],"floor_reached":25,"playtime":507,"items_purged":["Pain"],"score":187,"play_id":"43d7c473-4223-46d6-9026-81278c2515c8","local_time":"20210111032426","is_ascension_mode":false,"campfire_choices":[{"data":"Zap","floor":6,"key":"SMITH"},{"data":"Echo Form","floor":11,"key":"SMITH"},{"floor":13,"key":"REST"},{"floor":15,"key":"REST"},{"data":"Ball Lightning","floor":23,"key":"SMITH"}],"circlet_count":0,"master_deck":["Strike_B","Strike_B+1","Strike_B","Defend_B+1","Defend_B","Defend_B","Defend_B+1","Zap+1","Echo Form+1","Ball Lightning+1","Ball Lightning+1"],"relics":["Cracked Core","Darkstone Periapt","Omamori","Vajra","War Paint","Empty Cage"],"acts_visited":["Exordium","TheCity"],"potions_floor_usage":[10,18],"damage_taken":[{"damage":9,"enemies":"2 Louse","floor":1,"turns":4},{"damage":5,"enemies":"Small Slimes","floor":2,"turns":4},{"damage":11,"enemies":"Jaw Worm","floor":8,"turns":4},{"damage":6,"enemies":"Lots of Slimes","floor":10,"turns":4},{"damage":29,"enemies":"Hexaghost","floor":16,"turns":10},{"damage":24,"enemies":"2 Thieves","floor":18,"turns":4},{"damage":2,"enemies":"Chosen","floor":24,"turns":4},{"damage":41,"enemies":"Slavers","floor":25,"turns":2}],"seed_played":"8971596125421081486","potions_obtained":[{"floor":8,"key":"SteroidPotion"},{"floor":16,"key":"GamblersBrew"},{"floor":24,"key":"BlessingOfTheForge"}],"is_trial":false,"path_per_floor":["M","M","?","?","?","R","$","M","T","M","R","$","R","?","R","B",null,"M","?","?","?","?","R","M","E"],"character_chosen":"DEFECT","items_purchased":["Omamori","War Paint"],"campfire_rested":2,"item_purchase_floors":[7,12],"current_hp_per_floor":[66,61,61,50,32,32,32,21,21,15,15,15,37,22,44,15,75,51,37,37,37,37,37,35,0,0],"gold":69,"neow_bonus":"THREE_RARE_CARDS","is_daily":false,"chose_seed":false,"campfire_upgraded":3,"win_rate":0.0,"timestamp":1610353466,"path_taken":["M","M","?","?","?","R","$","M","T","M","R","$","R","?","R","BOSS","M","?","?","?","?","R","?","E"],"items_purchased_type":["Relic","Relic"],"build_version":"2020-12-22","purchased_purges":1,"victory":false,"max_hp_per_floor":[75,75,75,75,75,75,75,75,75,75,75,75,75,75,75,75,75,75,80,80,80,80,80,80,80,80],"card_choices":[{"not_picked":["Thunder Strike","Amplify"],"picked":"Echo Form","floor":0},{"not_picked":["Beam Cell","Fusion","Steam"],"picked":"SKIP","floor":1},{"not_picked":["Blizzard","Chaos"],"picked":"Ball Lightning","floor":2},{"not_picked":["Redo","Scrape","Self Repair"],"picked":"SKIP","floor":8},{"not_picked":["Cold Snap","Rebound","Rip and Tear"],"picked":"SKIP","floor":10},{"not_picked":["Leap","Turbo","Gash+1"],"picked":"SKIP","floor":18},{"not_picked":["Leap","Sweeping Beam+1"],"picked":"Ball Lightning+1","floor":24}],"player_experience":204170,"relics_obtained":[{"floor":9,"key":"Vajra"}],"event_choices":[{"damage_healed":0,"gold_gain":175,"player_choice":"AGREE","damage_taken":0,"max_hp_gain":0,"max_hp_loss":0,"event_name":"Liars Game","floor":3,"gold_loss":0,"cards_obtained":["Doubt"]},{"damage_healed":0,"gold_gain":75,"player_choice":"Gather Gold","damage_taken":11,"max_hp_gain":0,"max_hp_loss":0,"event_name":"World of Goop","floor":4,"gold_loss":0},{"damage_healed":0,"gold_gain":0,"player_choice":"Success","damage_taken":18,"relics_obtained":["Darkstone Periapt"],"max_hp_gain":0,"max_hp_loss":0,"event_name":"Scrap Ooze","floor":5,"gold_loss":0},{"damage_healed":0,"gold_gain":0,"player_choice":"Entered Light","damage_taken":15,"max_hp_gain":0,"max_hp_loss":0,"event_name":"Shining Light","floor":14,"gold_loss":0,"cards_upgraded":["Strike_B","Dualcast"]},{"damage_healed":0,"gold_gain":0,"player_choice":"Shed Blood","damage_taken":19,"max_hp_gain":5,"max_hp_loss":0,"event_name":"Forgotten Altar","floor":19,"gold_loss":0},{"damage_healed":0,"gold_gain":0,"player_choice":"Ignored","damage_taken":0,"max_hp_gain":0,"max_hp_loss":0,"event_name":"Cursed Tome","floor":20,"gold_loss":0},{"cards_removed":["Strike_B"],"damage_healed":0,"gold_gain":0,"player_choice":"Gave Gold","damage_taken":0,"max_hp_gain":0,"max_hp_loss":0,"event_name":"Beggar","floor":21,"gold_loss":75},{"damage_healed":0,"gold_gain":0,"player_choice":"Ignored","damage_taken":0,"max_hp_gain":0,"max_hp_loss":0,"event_name":"Ghosts","floor":22,"gold_loss":0}],"is_beta":false,"boss_relics":[{"not_picked":["FrozenCore","Cursed Key"],"picked":"Empty Cage"}],"items_purged_floors":[7],"is_endless":false,"potions_floor_spawned":[8,16,24],"killed_by":"Slavers","ascension_level":0}}