{"host":"pg2biz4zy3df4ctj","time":1610340892,"event":{"mods":["BaseMod","Minty Spire (QoL Compilation)","Quick Restart","Random Character Button"],"gold_per_floor":[362,362,378,4,4,4,23,23,46,66,66,101,101,119,119,193,193,203,214,15,31,41,41,41,41],"floor_reached":24,"playtime":1002,"items_purged":["Doubt","Strike_B"],"score":327,"play_id":"6f7a5c34-f704-4052-b848-d7b6426df5b4","local_time":"20210110205452","is_ascension_mode":true,"campfire_choices":[{"data":"Zap","floor":6.0,"key":"SMITH"},{"data":"Sunder","floor":8.0,"key":"SMITH"},{"floor":13.0,"key":"REST"},{"data":"Seek","floor":15,"key":"SMITH"},{"data":"Self Repair","floor":23,"key":"SMITH"}],"circlet_count":0,"master_deck":["AscendersBane","Strike_B","Strike_B","Strike_B+1","Defend_B","Defend_B","Defend_B","Defend_B","Zap+1","Dualcast","Conserve Battery","Sunder+1","Blizzard+1","Undo","Self Repair+1","Seek+1","Cold Snap","Reboot","Ball Lightning+1","Scrape","Gash","Coolheaded","Cold Snap"],"relics":["Cracked Core","Boot","Ornamental Fan","Lantern","MealTicket","Inserter"],"acts_visited":["Exordium","TheCity"],"potions_floor_usage":[14,22],"damage_taken":[{"damage":0.0,"enemies":"2 Louse","floor":1.0,"turns":2.0},{"damage":7.0,"enemies":"Jaw Worm","floor":3.0,"turns":4.0},{"damage":0.0,"enemies":"Small Slimes","floor":7.0,"turns":2.0},{"damage":0.0,"enemies":"Exordium Wildlife","floor":10.0,"turns":3.0},{"damage":24.0,"enemies":"Gremlin Nob","floor":12.0,"turns":4.0},{"damage":0,"enemies":"Lots of Slimes","floor":14,"turns":4},{"damage":22,"enemies":"The Guardian","floor":16,"turns":14},{"damage":3,"enemies":"Chosen","floor":18,"turns":5},{"damage":28,"enemies":"Spheric Guardian","floor":19,"turns":6},{"damage":29,"enemies":"Centurion and Healer","floor":21,"turns":6},{"damage":14,"enemies":"Sentry and Sphere","floor":22,"turns":5},{"damage":37,"enemies":"Gremlin Leader","floor":24,"turns":4}],"seed_played":"-4215980965329340569","potions_obtained":[{"floor":1.0,"key":"Swift Potion"},{"floor":3.0,"key":"Strength Potion"},{"floor":7.0,"key":"SkillPotion"},{"floor":18,"key":"PowerPotion"}],"is_trial":false,"path_per_floor":["M","?","M","$","?","R","M","R","T","M","?","E","R","M","R","B",null,"M","M","$","M","M","R","E"],"character_chosen":"DEFECT","items_purchased":["Ornamental Fan","Blizzard","Gash","Coolheaded"],"campfire_rested":1,"item_purchase_floors":[4,4,20,20],"current_hp_per_floor":[68,68,61,61,54,54,54,54,54,54,39,15,37,44,44,29,64,68,47,62,40,33,33,0,0],"gold":41,"neow_bonus":"TWO_FIFTY_GOLD","is_daily":false,"chose_seed":false,"campfire_upgraded":4,"win_rate":0.0,"timestamp":1610340892,"path_taken":["M","?","M","$","?","R","M","R","T","M","?","E","R","?","R","BOSS","M","M","?","M","?","R","E"],"items_purchased_type":["Relic","Card","Card","Card"],"build_version":"2020-12-22","purchased_purges":2,"victory":false,"max_hp_per_floor":[75,75,75,75,75,75,75,75,75,75,75,75,75,75,75,75,75,75,75,75,75,75,75,75,75],"card_choices":[{"not_picked":["Go for the Eyes","Auto Shields"],"picked":"Conserve Battery","floor":1.0},{"not_picked":["Sweeping Beam","Cold Snap"],"picked":"Sunder","floor":3.0},{"not_picked":["Blizzard","Leap"],"picked":"Undo","floor":7.0},{"not_picked":["Barrage","Lockon"],"picked":"Self Repair","floor":10.0},{"not_picked":["Melter","Coolheaded"],"picked":"Seek","floor":12.0},{"not_picked":["Auto Shields","Steam"],"picked":"Cold Snap","floor":14},{"not_picked":["Hyperbeam","Multi-Cast"],"picked":"Reboot","floor":16},{"not_picked":["Reinforced Body","Conserve Battery"],"picked":"Ball Lightning+1","floor":18},{"not_picked":["Genetic Algorithm","Aggregate"],"picked":"Scrape","floor":19},{"not_picked":["Storm+1","Stack","Turbo+1"],"picked":"SKIP","floor":21},{"not_picked":["Barrage","Hologram+1"],"picked":"Cold Snap","floor":22}],"player_experience":589056,"relics_obtained":[{"floor":9.0,"key":"Lantern"},{"floor":12.0,"key":"MealTicket"}],"event_choices":[{"damage_healed":0.0,"max_hp_gain":0.0,"max_hp_loss":0.0,"gold_gain":0.0,"event_name":"Big Fish","player_choice":"Box","floor":2.0,"gold_loss":0.0,"damage_taken":0.0,"relics_obtained":["Boot"],"cards_obtained":["Regret"]},{"cards_removed":["Regret"],"damage_healed":0.0,"max_hp_gain":0.0,"max_hp_loss":0.0,"gold_gain":0.0,"event_name":"Golden Wing","player_choice":"Card Removal","floor":5.0,"gold_loss":0.0,"damage_taken":7.0},{"damage_healed":0.0,"max_hp_gain":0.0,"max_hp_loss":0.0,"gold_gain":0.0,"event_name":"Shining Light","player_choice":"Entered Light","floor":11.0,"gold_loss":0.0,"damage_taken":15.0,"cards_upgraded":["Strike_B","Blizzard"]}],"is_beta":false,"boss_relics":[{"not_picked":["Philosopher\u0027s Stone","Empty Cage"],"picked":"Inserter"}],"items_purged_floors":[4,20],"is_endless":false,"potions_floor_spawned":[1,3,7,18],"killed_by":"Gremlin Leader","ascension_level":13}}