{"host":"wwo1kwxjf4eyz37q","time":1610370988,"event":{"mods":["AchievementEnabler","BaseMod","Colored Map","Minty Spire (QoL Compilation)","Quick Restart","SuperFastMode"],"gold_per_floor":[110,122,122,139,152,170,170,205,205,224,145,145,205,130,130,235,235,235,235,198,198,198,198,198,198,198,198,198,198,198,198,198,198,198,198,198,198,198,198,198,198,198,198,198,198,198,46,46,46,46],"floor_reached":51,"playtime":2832,"items_purged":["Defend_B"],"score":827,"play_id":"16182c95-5084-490f-a1a4-f1a59e92e959","local_time":"20210111221628","is_ascension_mode":true,"campfire_choices":[{"data":"Strike_B","floor":7.0,"key":"PURGE"},{"data":"Strike_B","floor":12.0,"key":"PURGE"},{"data":"Dualcast","floor":15.0,"key":"SMITH"},{"data":"Beam Cell","floor":23.0,"key":"SMITH"},{"data":"Go for the Eyes","floor":25.0,"key":"SMITH"},{"data":"Strike_B","floor":32.0,"key":"PURGE"},{"data":"Defend_B","floor":40.0,"key":"PURGE"},{"data":"Zap","floor":42,"key":"PURGE"},{"data":"Defend_B","floor":44,"key":"PURGE"},{"data":"Defend_B","floor":45,"key":"PURGE"},{"floor":49,"key":"REST"}],"circlet_count":0,"master_deck":["Dualcast+1","Gash","Ball Lightning","Undo","Conserve Battery","Beam Cell+1","Go for the Eyes+1","BootSequence","All For One","FTL","Conserve Battery+1","Reinforced Body","FTL+1","Gash","Gash","Echo Form","Leap","Go for the Eyes+1","Reinforced Body+1","Scrape+1"],"relics":["Cracked Core","Peace Pipe","Singing Bowl","Pantograph","Akabeko","Ectoplasm","WingedGreaves","White Beast Statue","Sozu","Calipers","Darkstone Periapt","Bag of Preparation"],"acts_visited":["Exordium","TheCity","TheBeyond"],"potions_floor_usage":[46,50],"damage_taken":[{"damage":0.0,"enemies":"2 Louse","floor":1.0,"turns":3.0},{"damage":2.0,"enemies":"Jaw Worm","floor":2.0,"turns":4.0},{"damage":0.0,"enemies":"Small Slimes","floor":4.0,"turns":2.0},{"damage":2.0,"enemies":"Looter","floor":5.0,"turns":4.0},{"damage":9.0,"enemies":"Large Slime","floor":6.0,"turns":5.0},{"damage":10.0,"enemies":"Lagavulin","floor":8.0,"turns":6.0},{"damage":1.0,"enemies":"2 Fungi Beasts","floor":10.0,"turns":3.0},{"damage":10.0,"enemies":"3 Sentries","floor":13.0,"turns":8.0},{"damage":10.0,"enemies":"Hexaghost","floor":16.0,"turns":9.0},{"damage":0.0,"enemies":"Shell Parasite","floor":18.0,"turns":6.0},{"damage":0.0,"enemies":"Spheric Guardian","floor":19.0,"turns":3.0},{"damage":5.0,"enemies":"Cultist and Chosen","floor":22.0,"turns":7.0},{"damage":31.0,"enemies":"Gremlin Leader","floor":24.0,"turns":10.0},{"damage":5.0,"enemies":"Sentry and Sphere","floor":27.0,"turns":4.0},{"damage":0.0,"enemies":"Snecko","floor":31.0,"turns":3.0},{"damage":34.0,"enemies":"Collector","floor":33.0,"turns":7.0},{"damage":5.0,"enemies":"Orb Walker","floor":35.0,"turns":4.0},{"damage":2.0,"enemies":"3 Shapes","floor":37.0,"turns":4.0},{"damage":0.0,"enemies":"Mind Bloom Boss Battle","floor":38.0,"turns":7.0},{"damage":8.0,"enemies":"Maw","floor":39.0,"turns":6.0},{"damage":0,"enemies":"Jaw Worm Horde","floor":46,"turns":3},{"damage":37,"enemies":"Writhing Mass","floor":48,"turns":7},{"damage":56,"enemies":"Donu and Deca","floor":50,"turns":8}],"seed_played":"1256492839787020162","potions_obtained":[{"floor":2.0,"key":"Ancient Potion"},{"floor":5.0,"key":"Regen Potion"},{"floor":8.0,"key":"Dexterity Potion"},{"floor":10.0,"key":"DistilledChaos"},{"floor":19.0,"key":"GamblersBrew"},{"floor":27.0,"key":"Explosive Potion"},{"floor":31.0,"key":"AttackPotion"},{"floor":33.0,"key":"FocusPotion"}],"is_trial":false,"path_per_floor":["M","M","?","M","M","M","R","E","T","M","$","R","?","$","R","B",null,"M","M","$","?","M","R","E","R","T","M","$","?","?","M","R","B",null,"M","?","M","?","M","R","?","R","T","R","R","M","$","M","R","B",null],"character_chosen":"DEFECT","items_purchased":["BootSequence","Reinforced Body","Bag of Preparation"],"campfire_rested":1,"item_purchase_floors":[11,20,47],"current_hp_per_floor":[68,66,66,66,64,55,55,45,45,46,46,46,38,38,38,68,71,71,71,71,71,68,68,39,39,39,34,34,34,34,34,34,25,63,58,58,56,76,70,70,72,72,72,72,72,72,72,37,61,26],"gold":46,"neow_bonus":"ONE_RARE_RELIC","is_daily":false,"chose_seed":false,"campfire_upgraded":3,"win_rate":0.0,"timestamp":1610370988,"path_taken":["M","M","?","M","M","M","R","E","T","M","$","R","?","$","R","BOSS","M","M","$","?","M","R","E","R","T","M","$","?","?","M","R","BOSS","M","?","M","?","M","R","?","R","T","R","R","M","$","?","R","BOSS"],"items_purchased_type":["Card","Card","Relic"],"build_version":"2020-12-22","purchased_purges":1,"victory":true,"max_hp_per_floor":[68,68,68,68,68,68,68,68,68,70,70,70,72,72,72,72,72,72,72,72,72,74,74,76,76,76,76,76,76,76,76,76,76,76,76,76,76,76,78,78,80,80,80,80,80,80,80,82,82,82],"card_choices":[{"not_picked":["Barrage","Compile Driver"],"picked":"Gash","floor":1.0},{"not_picked":["Turbo","Steam"],"picked":"Ball Lightning","floor":2.0},{"not_picked":["Hologram","Cold Snap"],"picked":"Undo","floor":4.0},{"not_picked":["Meteor Strike","Compile Driver"],"picked":"Conserve Battery","floor":5.0},{"not_picked":["FTL","Glacier"],"picked":"Beam Cell","floor":6.0},{"not_picked":["Rebound","Turbo"],"picked":"Go for the Eyes","floor":8.0},{"not_picked":["Genetic Algorithm","Sunder","Rebound"],"picked":"Singing Bowl","floor":10.0},{"not_picked":["Conserve Battery","Coolheaded","Rebound"],"picked":"Singing Bowl","floor":13.0},{"not_picked":["Creative AI","Buffer"],"picked":"All For One","floor":16.0},{"not_picked":["Consume","Rebound"],"picked":"FTL","floor":18.0},{"not_picked":["Rebound","Coolheaded"],"picked":"Conserve Battery+1","floor":19.0},{"not_picked":["Compile Driver+1","Ball Lightning","Stack"],"picked":"Singing Bowl","floor":22.0},{"not_picked":["Turbo","Thunder Strike","Sweeping Beam+1"],"picked":"Singing Bowl","floor":24.0},{"not_picked":["Rebound","Lockon"],"picked":"FTL+1","floor":27.0},{"not_picked":["White Noise","Glacier+1"],"picked":"Gash","floor":31.0},{"not_picked":["Rainbow","Hyperbeam"],"picked":"Echo Form","floor":33.0},{"not_picked":["Sweeping Beam","Static Discharge"],"picked":"Leap","floor":35.0},{"not_picked":["Sweeping Beam+1","Auto Shields"],"picked":"Go for the Eyes+1","floor":37.0},{"not_picked":["Conserve Battery","Recycle+1"],"picked":"Reinforced Body+1","floor":38.0},{"not_picked":["Rainbow","Beam Cell","Cold Snap"],"picked":"Singing Bowl","floor":39.0},{"not_picked":["Mayhem","Dramatic Entrance","Deep Breath"],"picked":"Singing Bowl","floor":41},{"not_picked":["Barrage","Steam"],"picked":"Scrape+1","floor":46},{"not_picked":["Hologram+1","Loop+1","Sweeping Beam+1"],"picked":"Singing Bowl","floor":48}],"player_experience":222008,"relics_obtained":[{"floor":8.0,"key":"Singing Bowl"},{"floor":9.0,"key":"Pantograph"},{"floor":13.0,"key":"Akabeko"},{"floor":24.0,"key":"WingedGreaves"},{"floor":26.0,"key":"White Beast Statue"},{"floor":38.0,"key":"Calipers"},{"floor":43,"key":"Darkstone Periapt"}],"event_choices":[{"cards_removed":["Strike_B"],"damage_healed":0.0,"max_hp_gain":0.0,"max_hp_loss":0.0,"gold_gain":0.0,"event_name":"Living Wall","player_choice":"Forget","floor":3.0,"gold_loss":0.0,"damage_taken":0.0},{"damage_healed":0.0,"max_hp_gain":0.0,"max_hp_loss":0.0,"gold_gain":0.0,"event_name":"Dead Adventurer","player_choice":"Searched \u00272\u0027 times","floor":13.0,"gold_loss":0.0,"damage_taken":0.0},{"damage_healed":0.0,"max_hp_gain":0.0,"max_hp_loss":0.0,"gold_gain":0.0,"event_name":"Vampires","player_choice":"Ignored","floor":21.0,"gold_loss":0.0,"damage_taken":0.0},{"damage_healed":0.0,"max_hp_gain":0.0,"max_hp_loss":0.0,"gold_gain":0.0,"event_name":"Cursed Tome","player_choice":"Ignored","floor":29.0,"gold_loss":0.0,"damage_taken":0.0},{"damage_healed":0.0,"max_hp_gain":0.0,"max_hp_loss":0.0,"gold_gain":0.0,"event_name":"The Library","player_choice":"Read","floor":30.0,"gold_loss":0.0,"damage_taken":0.0,"cards_obtained":["Gash"]},{"damage_healed":0.0,"max_hp_gain":0.0,"max_hp_loss":0.0,"gold_gain":0.0,"event_name":"Tomb of Lord Red Mask","player_choice":"Ignored","floor":36.0,"gold_loss":0.0,"damage_taken":0.0},{"damage_healed":0.0,"max_hp_gain":0.0,"max_hp_loss":0.0,"gold_gain":0.0,"event_name":"MindBloom","player_choice":"Fight","floor":38.0,"gold_loss":0.0,"damage_taken":0.0},{"damage_healed":0,"gold_gain":0,"player_choice":"Memory 1","damage_taken":0,"max_hp_gain":0,"max_hp_loss":0,"event_name":"SensoryStone","floor":41,"gold_loss":0}],"is_beta":false,"boss_relics":[{"not_picked":["Pandora\u0027s Box","FrozenCore"],"picked":"Ectoplasm"},{"not_picked":["Velvet Choker","Coffee Dripper"],"picked":"Sozu"}],"items_purged_floors":[14],"is_endless":false,"potions_floor_spawned":[2,5,8,10,19,27,31,33,35,37,38,39,46,48],"ascension_level":6}}