{"host":"684z1xpuwaoqmmh1","time":1610404182,"event":{"mods":["Bard","BaseMod","Downfall","Hermit","Jorbs\u0027s Wanderer Trilogy","Marisa????????","Minty Spire (QoL Compilation)","Robot Space Explorer","Shade Mod","StSLib","The Hierophant","The Marked","The Mystic"],"gold_per_floor":[111,121,140,152,152,180,31,57,57,86,102,116,130,161,161,264,264,278,278,296,40,50,81,93,93,93],"floor_reached":25,"playtime":1068,"items_purged":["Regret","Pain"],"score":296,"play_id":"2e1f9798-f459-4f80-9c33-876a6428e65d","local_time":"20210112002942","is_ascension_mode":true,"campfire_choices":[{"data":"1","floor":15.0,"key":"LIFT"}],"circlet_count":0,"master_deck":["theMarked:Strike","theMarked:Strike","theMarked:Strike","theMarked:Strike","theMarked:Strike","theMarked:Defend","theMarked:Defend","theMarked:Defend","theMarked:Defend","theMarked:SoldierOfQuellstein+1","theMarked:HeritageOfTheMarked","theMarked:ComboAttacks","theMarked:Overcharge","theMarked:WastefulDefense","theMarked:Frustration","theMarked:DispelDoubt","theMarked:BanishingWave","theMarked:MysticalArsenal","theMarked:HeightenedSenses","theMarked:TakeCover","theMarked:WardOff","theMarked:Levitate","theMarked:WastefulAttack","theMarked:BanishingStrike","theMarked:Seal","theMarked:WardOff"],"relics":["theMarked:ArtifactOfAir","Nunchaku","Orichalcum","Girya","Ornamental Fan","Bag of Marbles","Regal Pillow","Cursed Key","WarpedTongs","Oddly Smooth Stone","Pen Nib"],"acts_visited":["Exordium","TheCity"],"potions_floor_usage":[25,25],"damage_taken":[{"damage":1.0,"enemies":"Jaw Worm","floor":1.0,"turns":3.0},{"damage":1.0,"enemies":"2 Louse","floor":2.0,"turns":2.0},{"damage":1.0,"enemies":"Cultist","floor":3.0,"turns":4.0},{"damage":2.0,"enemies":"Exordium Thugs","floor":4.0,"turns":5.0},{"damage":9.0,"enemies":"Lagavulin","floor":6.0,"turns":6.0},{"damage":13.0,"enemies":"3 Sentries","floor":8.0,"turns":7.0},{"damage":0.0,"enemies":"Gremlin Nob","floor":10.0,"turns":3.0},{"damage":3.0,"enemies":"3 Louse","floor":11.0,"turns":3.0},{"damage":0.0,"enemies":"2 Fungi Beasts","floor":12.0,"turns":1.0},{"damage":0.0,"enemies":"Lots of Slimes","floor":13.0,"turns":1.0},{"damage":9.0,"enemies":"3 Sentries","floor":14.0,"turns":8.0},{"damage":29.0,"enemies":"Slime Boss","floor":16.0,"turns":6.0},{"damage":7.0,"enemies":"Spheric Guardian","floor":18.0,"turns":5.0},{"damage":14.0,"enemies":"2 Thieves","floor":20.0,"turns":5.0},{"damage":22.0,"enemies":"Snake Plant","floor":22.0,"turns":4.0},{"damage":9.0,"enemies":"Book of Stabbing","floor":23.0,"turns":5.0},{"damage":16,"enemies":"Centurion and Healer","floor":24,"turns":2},{"damage":6,"enemies":"Slavers","floor":25,"turns":1}],"seed_played":"3759572346280601567","potions_obtained":[{"floor":1.0,"key":"champ:CounterPotion"},{"floor":2.0,"key":"SpeedPotion"},{"floor":3.0,"key":"Energy Potion"},{"floor":13.0,"key":"Swift Potion"},{"floor":16.0,"key":"champ:CounterPotion"},{"floor":22.0,"key":"Guardian:BlockOnCardUsePotion"},{"floor":23.0,"key":"Weak Potion"}],"is_trial":false,"path_per_floor":["M","M","M","M","?","E","$","E","T","E","M","M","M","E","R","B",null,"M","?","M","$","M","E","M","E"],"character_chosen":"THE_DEFAULT","items_purchased":["theMarked:DispelDoubt","Oddly Smooth Stone"],"campfire_rested":0,"item_purchase_floors":[7,21],"current_hp_per_floor":[69,68,67,65,65,56,56,43,43,43,40,40,40,31,31,2,70,63,63,49,49,27,18,2,0,0],"gold":93,"neow_bonus":"UPGRADE_CARD","is_daily":false,"chose_seed":false,"campfire_upgraded":0,"win_rate":0.0,"timestamp":1610404182,"path_taken":["M","M","M","M","?","E","$","E","T","E","M","M","M","E","R","BOSS","M","?","M","$","M","E","M","E"],"items_purchased_type":["Card","Relic"],"build_version":"2020-12-22","purchased_purges":2,"victory":false,"max_hp_per_floor":[70,70,70,70,70,70,70,70,70,70,70,70,70,70,70,70,70,70,70,70,70,70,70,70,70,70],"card_choices":[{"not_picked":["theMarked:TakeCover","theMarked:Generate"],"picked":"theMarked:HeritageOfTheMarked","floor":1.0},{"not_picked":["theMarked:ElectricStrings","theMarked:Improvise"],"picked":"theMarked:ComboAttacks","floor":2.0},{"not_picked":["theMarked:WastefulAttack","theMarked:HeightenedSenses"],"picked":"theMarked:Overcharge","floor":3.0},{"not_picked":["theMarked:BanishingStrike","theMarked:Overcharge"],"picked":"theMarked:WastefulDefense","floor":4.0},{"not_picked":["theMarked:ElectricStrings","theMarked:Parkour"],"picked":"theMarked:Frustration","floor":6.0},{"not_picked":["theMarked:LightningStrikesTwice","theMarked:GodGivenPower"],"picked":"theMarked:BanishingWave","floor":8.0},{"not_picked":["theMarked:Parkour","theMarked:TwofoldDefense"],"picked":"theMarked:MysticalArsenal","floor":10.0},{"not_picked":["theMarked:ResourceFulStrike","theMarked:ChainLightning"],"picked":"theMarked:HeightenedSenses","floor":11.0},{"not_picked":["theMarked:Aftermath","theMarked:Frustration"],"picked":"theMarked:TakeCover","floor":12.0},{"not_picked":["theMarked:ChainLightning","theMarked:ElectricStrings","theMarked:ResourceFulStrike"],"picked":"SKIP","floor":13.0},{"not_picked":["theMarked:CreepingChasm","theMarked:WastefulAttack"],"picked":"theMarked:WardOff","floor":14.0},{"not_picked":["theMarked:MuscleMemory","theMarked:SoldierForm"],"picked":"theMarked:Levitate","floor":16.0},{"not_picked":["theMarked:ChainLightning","theMarked:WastefulDefense"],"picked":"theMarked:WastefulAttack","floor":18.0},{"not_picked":["theMarked:WastefulAttack","theMarked:Generate"],"picked":"theMarked:BanishingStrike","floor":20.0},{"not_picked":["theMarked:Parkour","theMarked:ContemptForTheProud"],"picked":"theMarked:Seal","floor":22.0},{"not_picked":["theMarked:EmpowerWeapon","theMarked:ResourceFulStrike","theMarked:Electrocute"],"picked":"SKIP","floor":23.0},{"not_picked":["theMarked:PowerFlow","theMarked:EmpowerWeapon"],"picked":"theMarked:WardOff","floor":24}],"player_experience":2487771,"relics_obtained":[{"floor":6.0,"key":"Orichalcum"},{"floor":8.0,"key":"Girya"},{"floor":9.0,"key":"Ornamental Fan"},{"floor":10.0,"key":"Bag of Marbles"},{"floor":14.0,"key":"Regal Pillow"},{"floor":23.0,"key":"Pen Nib"}],"event_choices":[{"damage_healed":0.0,"max_hp_gain":0.0,"max_hp_loss":0.0,"gold_gain":0.0,"event_name":"Big Fish","player_choice":"Box","floor":5.0,"gold_loss":0.0,"damage_taken":0.0,"relics_obtained":["Nunchaku"],"cards_obtained":["Regret"]},{"damage_healed":0.0,"max_hp_gain":0.0,"max_hp_loss":0.0,"gold_gain":0.0,"event_name":"Accursed Blacksmith","player_choice":"Rummage","floor":19.0,"gold_loss":0.0,"damage_taken":0.0,"relics_obtained":["WarpedTongs"],"cards_obtained":["Pain"]}],"is_beta":false,"boss_relics":[{"not_picked":["Tiny House","SacredBark"],"picked":"Cursed Key"}],"items_purged_floors":[7,21],"is_endless":false,"potions_floor_spawned":[1,2,3,13,16,22,23],"killed_by":"Slavers","ascension_level":1}}