{"host":"h3vysik1bw5w0dm6","time":1610359206,"event":{"mods":["AchievementEnabler","Aspiration","BaseMod","Better Note","Better Sensory Stone","Better Vampires","BetterRewards","Colored Powertips","Conspire","Friendly Minions","Googly Eyes","Gremlin Skip","Halation","Infinite Spire","Mad Scientist","Minty Spire (QoL Compilation)","Quick Restart","Replay The Spire","Shop Mod","StSLib"],"gold_per_floor":[114,114,125,125,143,177,177,194,194,266,266,266,281,314,314,419,419,439,439,439,454,474,502,502,10,10,20,20,34,54,70,70,169,169,187,0,0,0,13,13,13,40,91,91,104,119,119,138,138,138],"floor_reached":51,"playtime":4181,"items_purged":[],"score":684,"play_id":"75d2a377-627f-4ac0-8e25-19d51769f32f","local_time":"20210111110006","is_ascension_mode":false,"campfire_choices":[{"data":"Choke","floor":7.0,"key":"SMITH"},{"data":"Dramatic Entrance","floor":12.0,"key":"SMITH"},{"data":"Neutralize","floor":15.0,"key":"SMITH"},{"floor":28.0,"key":"REST"},{"floor":32,"key":"REST"},{"floor":44,"key":"REST"},{"floor":47,"key":"REST"},{"floor":49,"key":"REST"}],"circlet_count":0,"master_deck":["Strike_G","Strike_G","Strike_G","Strike_G","Strike_G","Defend_G","Defend_G","Defend_G","Defend_G","Defend_G","Survivor","Neutralize+1","Dramatic Entrance+1","Choke+1","Backflip","Leg Sweep+1","Backflip","CurseOfTheBell","Terror","Poisoned Stab","RitualDagger","Crippling Poison+1","After Image","Hidden Blade","Hidden Blade","Envenom","Phantasmal Killer+1","Backstab+1","ReplayTheSpireMod:Shiv Toss+1","Replay:Sssssssssstrike+1","infinitespire:Collect","Parasite","Noxious Fumes+1"],"relics":["Velvet Choker","Calipers","Darkstone Periapt","The Courier","Happy Flower","Calling Bell","Nunchaku","Ninja Scroll","Bird Faced Urn","Ancient Tea Set","MutagenicStrength","Membership Card","Juzu Bracelet","Anchor","Pen Nib","Molten Egg 2","Paper Crane","StoneCalendar","Astrolabe","Red Mask","Lantern","Toy Ornithopter"],"acts_visited":["TheBeyond"],"potions_floor_usage":[31,33,33,50,50],"damage_taken":[{"damage":0.0,"enemies":"Small Slimes","floor":1.0,"turns":3.0},{"damage":0.0,"enemies":"2 Louse","floor":3.0,"turns":2.0},{"damage":0.0,"enemies":"Cultist","floor":5.0,"turns":3.0},{"damage":18.0,"enemies":"Lagavulin","floor":6.0,"turns":8.0},{"damage":0.0,"enemies":"Blue Slaver","floor":8.0,"turns":3.0},{"damage":0.0,"enemies":"3 Louse","floor":13.0,"turns":1.0},{"damage":0.0,"enemies":"3 Sentries","floor":14.0,"turns":6.0},{"damage":11.0,"enemies":"The Guardian","floor":16.0,"turns":16.0},{"damage":26.0,"enemies":"Spheric Guardian","floor":18.0,"turns":6.0},{"damage":0.0,"enemies":"Chosen","floor":21.0,"turns":3.0},{"damage":0.0,"enemies":"Centurion and Healer","floor":22.0,"turns":5.0},{"damage":18.0,"enemies":"Gremlin Leader","floor":23.0,"turns":3.0},{"damage":5.0,"enemies":"Shelled Parasite and Fungi","floor":27.0,"turns":4.0},{"damage":0.0,"enemies":"3 Cultists","floor":29.0,"turns":3.0},{"damage":0,"enemies":"Centurion and Healer","floor":30,"turns":4},{"damage":0,"enemies":"Snake Plant","floor":31,"turns":4},{"damage":7,"enemies":"Automaton","floor":33,"turns":16},{"damage":0,"enemies":"3 Shapes","floor":35,"turns":3},{"damage":27,"enemies":"3 Darklings","floor":39,"turns":3},{"damage":5,"enemies":"Nightmare","floor":42,"turns":9},{"damage":23,"enemies":"Writhing Mass","floor":45,"turns":6},{"damage":23,"enemies":"Spire Growth","floor":46,"turns":5},{"damage":18,"enemies":"Transient","floor":48,"turns":5},{"damage":31,"enemies":"infinitespire:MassOfShapes","floor":50,"turns":13}],"seed_played":"3783811870206461842","potions_obtained":[{"floor":5.0,"key":"Fire Potion"},{"floor":8.0,"key":"Strength Potion"},{"floor":13.0,"key":"PowerPotion"},{"floor":23.0,"key":"DistilledChaos"},{"floor":29,"key":"Dexterity Potion"},{"floor":30,"key":"AttackPotion"},{"floor":42,"key":"Toxic Potion"},{"floor":46,"key":"FearPotion"}],"is_trial":false,"path_per_floor":["M","?","M","?","M","E","R","M","T","?","?","R","M","E","R","B",null,"M","?","?","M","M","E","?","$","T","M","R","M","M","M","R","B",null,"M","?","?","$","M","?","?","NM","T","R","M","M","R","M","R","B",null],"character_chosen":"THE_SILENT","items_purchased":["Membership Card","Juzu Bracelet","Anchor","Pen Nib","Molten Egg 2","Paper Crane"],"campfire_rested":5,"item_purchase_floors":[25,25,25,25,25,25],"current_hp_per_floor":[70,67,67,67,67,49,49,49,49,49,49,49,49,49,49,38,76,50,50,44,46,46,28,28,28,28,25,47,49,51,55,76,69,76,76,76,76,76,49,49,30,29,29,51,38,19,43,27,51,36],"gold":138,"neow_bonus":"BOSS_RELIC","is_daily":false,"chose_seed":false,"campfire_upgraded":3,"win_rate":0.0,"timestamp":1610359206,"path_taken":["M","?","M","?","?","E","R","M","T","?","?","R","M","E","R","BOSS","M","?","?","M","M","E","?","$","T","M","R","M","M","M","R","BOSS","M","?","?","$","M","?","?","NM","T","R","M","M","R","M","R","BOSS"],"items_purchased_type":["Relic","Relic","Relic","Relic","Relic","Relic"],"build_version":"2020-12-22","purchased_purges":0,"victory":true,"max_hp_per_floor":[70,70,70,70,70,70,70,70,70,70,70,70,70,70,70,70,76,76,76,76,76,76,76,76,76,76,76,76,76,76,76,76,76,76,76,76,76,76,76,76,76,76,76,76,82,82,82,82,82,82],"card_choices":[{"not_picked":["Acrobatics","Endless Agony","Riddle With Holes"],"picked":"SKIP","floor":1.0},{"not_picked":["Bane","Deadly Poison"],"picked":"Cloak And Dagger","floor":3.0},{"not_picked":["Expertise","Deflect"],"picked":"Choke","floor":5.0},{"not_picked":["Cloak And Dagger","Night Terror"],"picked":"Backflip","floor":6.0},{"not_picked":["Dodge and Roll","Bane"],"picked":"Leg Sweep","floor":8.0},{"not_picked":["All Out Attack","Slice"],"picked":"Cloak And Dagger","floor":13.0},{"not_picked":["Distraction","Flechettes"],"picked":"Backflip","floor":14.0},{"not_picked":["Grand Finale","Storm of Steel"],"picked":"Wraith Form v2","floor":16.0},{"not_picked":["Cloak And Dagger","Deadly Poison"],"picked":"Terror","floor":18.0},{"not_picked":["Reflex","Slice","Flying Knee"],"picked":"SKIP","floor":21.0},{"not_picked":["Backstab","Poisoned Stab"],"picked":"Crippling Poison+1","floor":22.0},{"not_picked":["Skewer","Dagger Spray"],"picked":"After Image","floor":23.0},{"not_picked":["Cloak And Dagger","Blade Dance","Slice+1"],"picked":"SKIP","floor":27.0},{"not_picked":["Dagger Throw+1","Skewer+1"],"picked":"Hidden Blade","floor":29},{"not_picked":["Slice+1","Dodge and Roll+1"],"picked":"Hidden Blade","floor":30},{"not_picked":["Outmaneuver+1","PiercingWail","Dash+1"],"picked":"SKIP","floor":31},{"not_picked":["Storm of Steel","Phantasmal Killer"],"picked":"Envenom","floor":33},{"not_picked":["Acrobatics","PiercingWail+1","Deadly Poison+1"],"picked":"SKIP","floor":35},{"not_picked":["Jack Of All Trades","Flash of Steel+1"],"picked":"Replay:Sssssssssstrike+1","floor":37},{"not_picked":["Dagger Throw+1","Catalyst+1"],"picked":"Sucker Punch+1","floor":39},{"not_picked":["infinitespire:UltimateForm","ReplayTheSpireMod:Black Plague"],"picked":"infinitespire:Collect","floor":41},{"not_picked":["Dagger Spray+1","Blur+1","Outmaneuver+1"],"picked":"SKIP","floor":42},{"not_picked":["Expertise","Glass Knife+1","Bane+1"],"picked":"SKIP","floor":45},{"not_picked":["Poisoned Stab+1","Bane+1","Dodge and Roll+1"],"picked":"SKIP","floor":46},{"not_picked":["Deflect+1","Prepared"],"picked":"Noxious Fumes+1","floor":48}],"player_experience":337317,"relics_obtained":[{"floor":6.0,"key":"Darkstone Periapt"},{"floor":9.0,"key":"The Courier"},{"floor":14.0,"key":"Happy Flower"},{"floor":17.0,"key":"Nunchaku"},{"floor":17.0,"key":"Ninja Scroll"},{"floor":17.0,"key":"Bird Faced Urn"},{"floor":23.0,"key":"Ancient Tea Set"},{"floor":26.0,"key":"StoneCalendar"},{"floor":42,"key":"Lantern"},{"floor":43,"key":"Toy Ornithopter"}],"event_choices":[{"damage_healed":0.0,"max_hp_gain":0.0,"max_hp_loss":0.0,"gold_gain":0.0,"event_name":"Scrap Ooze","player_choice":"Success","floor":2.0,"gold_loss":0.0,"damage_taken":3.0,"relics_obtained":["Calipers"]},{"damage_healed":0.0,"max_hp_gain":0.0,"max_hp_loss":0.0,"gold_gain":0.0,"event_name":"Match and Keep!","player_choice":"1 cards matched","floor":4.0,"gold_loss":0.0,"damage_taken":0.0,"cards_obtained":["Dramatic Entrance"]},{"damage_healed":0.0,"max_hp_gain":0.0,"max_hp_loss":0.0,"gold_gain":72.0,"event_name":"Golden Wing","player_choice":"Gained Gold","floor":10.0,"gold_loss":0.0,"damage_taken":0.0},{"damage_healed":0.0,"max_hp_gain":0.0,"max_hp_loss":0.0,"gold_gain":0.0,"event_name":"Living Wall","player_choice":"Grow","floor":11.0,"gold_loss":0.0,"damage_taken":0.0,"cards_upgraded":["Leg Sweep"]},{"damage_healed":0.0,"max_hp_gain":0.0,"max_hp_loss":0.0,"gold_gain":0.0,"event_name":"The Library","player_choice":"Read","floor":19.0,"gold_loss":0.0,"damage_taken":0.0,"cards_obtained":["Poisoned Stab"]},{"damage_healed":0.0,"max_hp_gain":0.0,"max_hp_loss":0.0,"gold_gain":0.0,"event_name":"Nest","player_choice":"Joined the Cult","floor":20.0,"gold_loss":0.0,"damage_taken":6.0,"cards_obtained":["RitualDagger"]},{"damage_healed":0.0,"max_hp_gain":0.0,"max_hp_loss":0.0,"gold_gain":0.0,"event_name":"Drug Dealer","player_choice":"Inject Mutagens","floor":24.0,"gold_loss":0.0,"damage_taken":0.0,"relics_obtained":["MutagenicStrength"]},{"damage_healed":0,"gold_gain":0,"player_choice":"Paid","damage_taken":0,"relics_obtained":["Red Mask"],"max_hp_gain":0,"max_hp_loss":0,"event_name":"Tomb of Lord Red Mask","floor":36,"gold_loss":187},{"damage_healed":0,"gold_gain":3,"player_choice":"1","damage_taken":0,"max_hp_gain":0,"max_hp_loss":0,"event_name":"betterStone:BetterStone","floor":37,"gold_loss":0},{"cards_removed":["Sucker Punch"],"damage_healed":0,"gold_gain":0,"player_choice":"Purged","damage_taken":0,"max_hp_gain":0,"max_hp_loss":0,"event_name":"Purifier","floor":40,"gold_loss":0}],"is_beta":false,"boss_relics":[{"not_picked":["Runic Pyramid","Black Star"],"picked":"Calling Bell"},{"not_picked":["Fusion Hammer","Coffee Dripper"],"picked":"Astrolabe"}],"items_purged_floors":[],"is_endless":false,"potions_floor_spawned":[5,8,13,18,23,29,30,42,46],"ascension_level":0}}