{"host":"fnk117zi8wf5078t","time":1610384396,"event":{"mods":["AchievementEnabler","BaseMod","Colored Map","Minty Spire (QoL Compilation)","Rare Cards Sparkle","SuperFastMode","everything is the same but u backflip on backflip"],"gold_per_floor":[360,22,22,42,42,42,42,42,42,60,75,75,110,10,10,83,83,103,118,118,118,132,132,132,132,159,159,159,159,159],"floor_reached":29,"playtime":659,"items_purged":["Pain","Strike_R"],"score":438,"play_id":"6112896b-d9e7-4f94-bd4a-89717741bd0c","local_time":"20210112015956","is_ascension_mode":true,"campfire_choices":[{"data":"Mayhem","floor":6,"key":"SMITH"},{"data":"Uppercut","floor":8,"key":"SMITH"},{"floor":12,"key":"REST"},{"floor":15,"key":"REST"},{"data":"Fire Breathing","floor":23,"key":"SMITH"},{"floor":25,"key":"REST"}],"circlet_count":0,"master_deck":["AscendersBane","Strike_R","Defend_R","Defend_R","Defend_R","Bash","Wild Strike","Mayhem+1","Reckless Charge","Uppercut+1","Sever Soul","Headbutt","Reaper","Immolate","CurseOfTheBell","Shrug It Off","Fire Breathing+1","Decay","Blood for Blood","Flex"],"relics":["Burning Blood","White Beast Statue","Pear","Toy Ornithopter","Calling Bell","Bag of Marbles","InkBottle","Turnip","MealTicket"],"acts_visited":["Exordium","TheCity"],"potions_floor_usage":[13,16,16,19,29],"damage_taken":[{"damage":7,"enemies":"Cultist","floor":1,"turns":3},{"damage":14,"enemies":"2 Louse","floor":4,"turns":3},{"damage":7,"enemies":"Jaw Worm","floor":10,"turns":3},{"damage":41,"enemies":"Exordium Thugs","floor":11,"turns":5},{"damage":25,"enemies":"3 Sentries","floor":13,"turns":5},{"damage":71,"enemies":"The Guardian","floor":16,"turns":10},{"damage":24,"enemies":"Chosen","floor":18,"turns":5},{"damage":15,"enemies":"2 Thieves","floor":19,"turns":3},{"damage":24,"enemies":"Snake Plant","floor":22,"turns":3},{"damage":65,"enemies":"Shelled Parasite and Fungi","floor":29,"turns":4}],"seed_played":"-2374447202678450010","potions_obtained":[{"floor":4,"key":"SpeedPotion"},{"floor":10,"key":"SteroidPotion"},{"floor":11,"key":"Fire Potion"},{"floor":13,"key":"ColorlessPotion"},{"floor":16,"key":"Weak Potion"},{"floor":18,"key":"SkillPotion"},{"floor":19,"key":"ColorlessPotion"}],"is_trial":false,"path_per_floor":["M","$","?","M","?","R","T","R","T","M","M","R","E","$","R","B",null,"M","M","?","$","M","R","?","R","T","?","?","M"],"character_chosen":"IRONCLAD","items_purchased":["Mayhem","Reckless Charge"],"campfire_rested":3,"item_purchase_floors":[2,2],"current_hp_per_floor":[67,67,67,59,59,59,59,59,69,68,33,58,39,39,64,15,68,54,50,50,50,32,32,32,57,57,57,57,0,0],"gold":159,"neow_bonus":"TWO_FIFTY_GOLD","is_daily":false,"chose_seed":false,"campfire_upgraded":3,"win_rate":0.0,"timestamp":1610384396,"path_taken":["M","$","?","?","?","R","?","R","T","M","?","R","E","$","R","BOSS","M","?","?","$","M","R","?","R","T","?","?","?"],"items_purchased_type":["Card","Card"],"build_version":"2020-12-22","purchased_purges":2,"victory":false,"max_hp_per_floor":[75,75,75,75,75,75,75,75,85,85,85,85,85,85,85,85,85,85,85,85,85,85,85,85,85,85,85,85,85,85],"card_choices":[{"not_picked":["Pommel Strike","Havoc"],"picked":"Wild Strike","floor":1},{"not_picked":["Flex","Searing Blow"],"picked":"Uppercut","floor":4},{"not_picked":["Havoc","Warcry","Flex"],"picked":"SKIP","floor":10},{"not_picked":["Whirlwind","True Grit"],"picked":"Headbutt","floor":11},{"not_picked":["Inflame","Combust"],"picked":"Reaper","floor":13},{"not_picked":["Juggernaut","Barricade"],"picked":"Immolate","floor":16},{"not_picked":["Combust","Second Wind"],"picked":"Shrug It Off","floor":18},{"not_picked":["Burning Pact","Sentinel"],"picked":"Fire Breathing","floor":19},{"not_picked":["Sword Boomerang","Metallicize","Armaments"],"picked":"SKIP","floor":22}],"player_experience":381081,"relics_obtained":[{"floor":7,"key":"White Beast Statue"},{"floor":9,"key":"Pear"},{"floor":13,"key":"Toy Ornithopter"},{"floor":17,"key":"Bag of Marbles"},{"floor":17,"key":"InkBottle"},{"floor":17,"key":"Turnip"},{"floor":26,"key":"MealTicket"}],"event_choices":[{"cards_removed":["Strike_R"],"damage_healed":0,"gold_gain":0,"player_choice":"Offered Basic","damage_taken":0,"max_hp_gain":0,"max_hp_loss":0,"event_name":"Bonfire Elementals","floor":3,"gold_loss":0},{"damage_healed":0,"gold_gain":0,"cards_transformed":["Strike_R"],"player_choice":"Change","damage_taken":0,"max_hp_gain":0,"max_hp_loss":0,"event_name":"Living Wall","floor":5,"gold_loss":0,"cards_obtained":["Sever Soul"]},{"damage_healed":0,"gold_gain":0,"player_choice":"Smashed Altar","damage_taken":0,"max_hp_gain":0,"max_hp_loss":0,"event_name":"Forgotten Altar","floor":20,"gold_loss":0,"cards_obtained":["Decay"]},{"damage_healed":0,"gold_gain":0,"player_choice":"Ignored","damage_taken":0,"max_hp_gain":0,"max_hp_loss":0,"event_name":"Vampires","floor":24,"gold_loss":0},{"damage_healed":0,"gold_gain":0,"cards_transformed":["Strike_R","Defend_R"],"player_choice":"Became Test Subject","damage_taken":0,"max_hp_gain":0,"max_hp_loss":0,"event_name":"Drug Dealer","floor":27,"gold_loss":0,"cards_obtained":["Blood for Blood","Flex"]},{"damage_healed":0,"gold_gain":0,"player_choice":"Ignored","damage_taken":0,"max_hp_gain":0,"max_hp_loss":0,"event_name":"Ghosts","floor":28,"gold_loss":0}],"is_beta":false,"boss_relics":[{"not_picked":["Fusion Hammer","Black Star"],"picked":"Calling Bell"}],"items_purged_floors":[2,14],"is_endless":false,"potions_floor_spawned":[4,10,11,13,16,18,19,22],"killed_by":"Shelled Parasite and Fungi","ascension_level":20}}