{"host":"126yiuos2nq86se7","time":1610351291,"event":{"mods":["AchievementEnabler","Act Like it!","BaseMod","Colored Map","Colored Powertips","Downfall","Friendly Minions","Halation","Highlight Path","Jorbs\u0027s Wanderer Trilogy","Minty Spire (QoL Compilation)","Replay The Spire","StSLib","SuperFastMode","The Animator"],"gold_per_floor":[112,37,47,64,139,139,168,101,101,118,118,18,18,29,29,129,129,145,161,54,0,0,0,20,35,35,35,35,47,61,61,61,162,162,162,162,18,32,32,32,46,46,116,131,145,20,20,20,20,20],"floor_reached":51,"playtime":2635,"items_purged":["stsjorbsmod:Strike_Wanderer","stsjorbsmod:Strike_Wanderer","stsjorbsmod:Strike_Wanderer"],"score":797,"play_id":"e3f7c117-d569-4b13-a3d7-187109d0451a","local_time":"20210111184811","is_ascension_mode":false,"campfire_choices":[{"floor":6,"key":"REST"},{"data":"Chrysalis","floor":11,"key":"SMITH"},{"data":"stsjorbsmod:Mindworm","floor":13,"key":"SMITH"},{"floor":15,"key":"REST"},{"data":"stsjorbsmod:IvoryTower","floor":23,"key":"SMITH"},{"data":"stsjorbsmod:ArcaneWeapon","floor":27,"key":"SMITH"},{"floor":32,"key":"REST"},{"floor":40,"key":"REST"},{"data":"stsjorbsmod:IvoryTower","floor":42,"key":"SMITH"},{"floor":47,"key":"REST"},{"floor":49,"key":"REST"}],"circlet_count":0,"master_deck":["stsjorbsmod:ForbiddenGrimoire+1","stsjorbsmod:Strike_Wanderer","stsjorbsmod:Defend_Wanderer","stsjorbsmod:Defend_Wanderer","stsjorbsmod:Defend_Wanderer","stsjorbsmod:Defend_Wanderer","stsjorbsmod:FreshAdventure","stsjorbsmod:EyeOfTheStorm","Chrysalis+1","stsjorbsmod:ParryingBlow","stsjorbsmod:Message","stsjorbsmod:Mindworm+1","stsjorbsmod:IvoryTower+1","stsjorbsmod:FranticSearch","stsjorbsmod:ArcaneWeapon+1","stsjorbsmod:Entangle","stsjorbsmod:BlackTentacles+1","stsjorbsmod:Hibernate","stsjorbsmod:FranticSearch+1","stsjorbsmod:ArcaneWeapon+1","stsjorbsmod:IvoryTower+1","stsjorbsmod:MistyStep+1","stsjorbsmod:Index+1","stsjorbsmod:Prepare+1","stsjorbsmod:Fear","stsjorbsmod:HedgeWizard","stsjorbsmod:HedgeWizard","Swift Strike","stsjorbsmod:ArcaneWeapon+1","stsjorbsmod:ArcaneWeapon+1"],"relics":["stsjorbsmod:GrimoireRelic","Incense Burner","Pet Ghost","InkBottle","Philosopher\u0027s Stone","Counterbalance","halation:PinkAlligatorPlush","halation:PapillonHeart","Blue Candle"],"acts_visited":["Exordium","TheCity","TheBeyond"],"potions_floor_usage":[7,7,33,33,50,50,50],"damage_taken":[{"damage":10,"enemies":"Cultist","floor":1,"turns":4},{"damage":1,"enemies":"2 Louse","floor":3,"turns":3},{"damage":2,"enemies":"Small Slimes","floor":4,"turns":4},{"damage":1,"enemies":"Replay:BlueRogue","floor":7,"turns":5},{"damage":2,"enemies":"Blue Slaver","floor":10,"turns":4},{"damage":0,"enemies":"Exordium Thugs","floor":14,"turns":4},{"damage":2,"enemies":"Slime Boss","floor":16,"turns":6},{"damage":0,"enemies":"Shell Parasite","floor":18,"turns":5},{"damage":19,"enemies":"2 Thieves","floor":19,"turns":4},{"damage":1,"enemies":"Chosen and Byrds","floor":24,"turns":5},{"damage":18,"enemies":"Snake Plant","floor":25,"turns":4},{"damage":14,"enemies":"Snecko","floor":29,"turns":6},{"damage":6,"enemies":"Centurion and Healer","floor":30,"turns":5},{"damage":11,"enemies":"Pondfish","floor":33,"turns":8},{"damage":10,"enemies":"3 Shapes","floor":35,"turns":3},{"damage":15,"enemies":"Orb Walker","floor":38,"turns":4},{"damage":18,"enemies":"3 Darklings","floor":41,"turns":5},{"damage":7,"enemies":"Sphere and 2 Shapes","floor":44,"turns":4},{"damage":8,"enemies":"Jaw Worm Horde","floor":45,"turns":3},{"damage":13,"enemies":"Transient","floor":48,"turns":4},{"damage":68,"enemies":"Replay:Hell Engine","floor":50,"turns":10}],"seed_played":"2027438684305518607","potions_obtained":[{"floor":3,"key":"stsjorbsmod:BurningPotion"},{"floor":4,"key":"LifebloodPotion"},{"floor":18,"key":"Adrenaline Potion"},{"floor":24,"key":"champ:CounterPotion"},{"floor":25,"key":"Weak Potion"},{"floor":31,"key":"PowerPotion"},{"floor":38,"key":"DistilledChaos"},{"floor":44,"key":"champ:CounterPotion"}],"is_trial":false,"path_per_floor":["M","$","M","M","?","R","E","?","T","M","R","$","R","M","R","B",null,"M","M","$","?","?","R","M","M","T","R","$","M","M","?","R","B",null,"M","?","$","M","?","R","M","R","T","M","M","$","R","M","R","B",null],"character_chosen":"WANDERER","items_purchased":["stsjorbsmod:FranticSearch+1","stsjorbsmod:ArcaneWeapon","stsjorbsmod:HedgeWizard","Swift Strike"],"campfire_rested":6,"item_purchase_floors":[20,20,37,37],"current_hp_per_floor":[40,40,40,38,27,47,47,47,47,46,46,46,46,47,67,67,68,68,52,52,52,52,52,54,38,38,38,38,26,23,23,43,32,68,59,59,59,46,46,65,49,49,49,46,41,41,61,49,67,67],"gold":20,"neow_bonus":"RANDOM_COLORLESS_2","is_daily":false,"chose_seed":false,"campfire_upgraded":5,"win_rate":0.0,"timestamp":1610351291,"path_taken":["M","?","M","?","?","R","E","?","T","M","R","$","R","?","R","BOSS","M","M","$","?","?","R","M","M","T","R","$","M","M","?","R","BOSS","M","?","$","M","?","R","M","R","T","M","M","$","R","?","R","BOSS"],"items_purchased_type":["Card","Card","Card","Card"],"build_version":"2020-12-22","purchased_purges":3,"victory":true,"max_hp_per_floor":[68,68,68,68,68,68,68,68,68,68,68,68,68,68,68,68,68,68,68,68,68,68,68,68,68,68,68,68,68,68,68,68,68,68,68,65,65,65,65,65,65,65,65,67,67,67,67,67,67,67],"card_choices":[{"not_picked":["Magnetism","Midas Touch"],"picked":"Chrysalis","floor":0},{"not_picked":["stsjorbsmod:Firebolt","stsjorbsmod:DisguiseSelf"],"picked":"stsjorbsmod:ParryingBlow","floor":1},{"not_picked":["stsjorbsmod:SmithingStrike","stsjorbsmod:Firebolt"],"picked":"stsjorbsmod:Message","floor":3},{"not_picked":["stsjorbsmod:Aid","stsjorbsmod:Firebolt"],"picked":"stsjorbsmod:Mindworm","floor":4},{"not_picked":["stsjorbsmod:Materialize","stsjorbsmod:RayOfFrost"],"picked":"stsjorbsmod:IvoryTower","floor":7},{"not_picked":["stsjorbsmod:SchoolsOfMagic","stsjorbsmod:ChainLightning"],"picked":"stsjorbsmod:FranticSearch","floor":10},{"not_picked":["stsjorbsmod:DoubleCheck","stsjorbsmod:Mending"],"picked":"stsjorbsmod:ArcaneWeapon","floor":14},{"not_picked":["stsjorbsmod:Determination","stsjorbsmod:DeathThroes"],"picked":"stsjorbsmod:Entangle","floor":16},{"not_picked":["stsjorbsmod:TollTheDead","stsjorbsmod:LoseGrip"],"picked":"stsjorbsmod:BlackTentacles+1","floor":18},{"not_picked":["stsjorbsmod:DoubleCheck+1","stsjorbsmod:FracturedMind"],"picked":"stsjorbsmod:Hibernate","floor":19},{"not_picked":["stsjorbsmod:Message","stsjorbsmod:FindFamiliar+1"],"picked":"stsjorbsmod:IvoryTower","floor":24},{"not_picked":["stsjorbsmod:BurningFlask","stsjorbsmod:ScorchingRay+1"],"picked":"stsjorbsmod:MistyStep+1","floor":25},{"not_picked":["stsjorbsmod:MistyStep","stsjorbsmod:ChatteringStrike"],"picked":"stsjorbsmod:Index+1","floor":29},{"not_picked":["stsjorbsmod:BurningFlask+1","stsjorbsmod:Firebolt"],"picked":"stsjorbsmod:Prepare+1","floor":30},{"not_picked":["stsjorbsmod:Withdraw","stsjorbsmod:Feast"],"picked":"stsjorbsmod:Fear","floor":33},{"not_picked":["stsjorbsmod:ChatteringStrike+1","stsjorbsmod:ChainLightning+1","stsjorbsmod:UnseenServant"],"picked":"SKIP","floor":38},{"not_picked":["stsjorbsmod:FracturedMind+1","stsjorbsmod:BurningFlask","stsjorbsmod:Materialize"],"picked":"SKIP","floor":41},{"not_picked":["stsjorbsmod:Rest","stsjorbsmod:SmithingStrike+1"],"picked":"stsjorbsmod:ArcaneWeapon+1","floor":44},{"not_picked":["stsjorbsmod:Message+1","stsjorbsmod:Rest+1"],"picked":"stsjorbsmod:ArcaneWeapon+1","floor":45}],"player_experience":1619280,"relics_obtained":[{"floor":7,"key":"Incense Burner"},{"floor":9,"key":"InkBottle"},{"floor":26,"key":"Counterbalance"},{"floor":43,"key":"Blue Candle"}],"event_choices":[{"damage_healed":0,"gold_gain":75,"player_choice":"Gather Gold","damage_taken":11,"max_hp_gain":0,"max_hp_loss":0,"event_name":"World of Goop","floor":5,"gold_loss":0},{"damage_healed":0,"gold_gain":0,"player_choice":"Paid Gold","damage_taken":0,"relics_obtained":["Pet Ghost"],"max_hp_gain":0,"max_hp_loss":0,"event_name":"WeMeetAgain","floor":8,"gold_loss":67},{"damage_healed":0,"gold_gain":0,"player_choice":"Paid Fearfully","damage_taken":0,"max_hp_gain":0,"max_hp_loss":0,"event_name":"Masked Bandits","floor":21,"gold_loss":54},{"damage_healed":0,"gold_gain":0,"player_choice":"Ignored","damage_taken":0,"max_hp_gain":0,"max_hp_loss":0,"event_name":"Ghosts","floor":22,"gold_loss":0},{"damage_healed":0,"gold_gain":0,"player_choice":"Got Potions","damage_taken":0,"max_hp_gain":0,"max_hp_loss":0,"event_name":"Lab","floor":31,"gold_loss":0},{"damage_healed":0,"gold_gain":0,"player_choice":"Upgraded","damage_taken":0,"max_hp_gain":0,"max_hp_loss":0,"event_name":"Upgrade Shrine","floor":39,"gold_loss":0,"cards_upgraded":["stsjorbsmod:ArcaneWeapon"]}],"is_beta":false,"boss_relics":[{"not_picked":["Kintsugi","Empty Cage"],"picked":"Philosopher\u0027s Stone"},{"not_picked":["ReplayTheSpireMod:DimensionalGlitch","halation:SmartPhone"],"picked":"halation:PinkAlligatorPlush"}],"items_purged_floors":[2,12,46],"is_endless":false,"potions_floor_spawned":[3,4,18,24,25,38,44],"ascension_level":0}}