{"host":"byizzf0lry06owoh","time":1610359155,"event":{"mods":["Act Like it!","Aspiration","BaseMod","BetterRewards","Card Forge","Conspire","Downfall","Friendly Minions","GifTheSpireLib","Hallownest","Hubris","Infinite Spire","Minty Spire (QoL Compilation)","Relic Sorter","Replay The Spire","StSLib","Wandering Minibosses"],"gold_per_floor":[112,112,112,137,137,176,176,194,275,275,275,348,364,387,387,511,511,532,532,547,353,376,414,432,432,432],"floor_reached":25,"playtime":1293,"items_purged":[],"score":248,"play_id":"0e923c69-a625-4a72-8358-d945de47d9ab","local_time":"20210111015915","is_ascension_mode":false,"campfire_choices":[{"data":"Zap","floor":7,"key":"SMITH"},{"floor":11,"key":"REST"},{"data":"Hologram","floor":15,"key":"SMITH"}],"circlet_count":0,"master_deck":["Defend_B","Zap+1","Dualcast","Static Discharge+1","Melter","ReplayGash","Beam Cell","SashWhip","Hologram+1","Gash+1","Creative AI","Loop","Chill","Phantasmal Killer","Defragment+1","Ball Lightning","Good Instincts","Conserve Battery+1","Coolheaded","Rebound"],"relics":["Replay:M_StaffOfTheSnake","Seething Fire","Hammer of Thor","Anvil of the Gods","NeowsBlessing","Golden Idol","aspiration:Lifesprig","Kunai","infinitespire:Cubic Diamond","aspiration:SeaSaltIceCream","aspiration:Nostalgia","m_SlimeRing","conspire:SpecialSausage","Replay:Antivirus Software"],"acts_visited":["Exordium","TheCity"],"potions_floor_usage":[16,23,24],"damage_taken":[{"damage":0,"enemies":"Jaw Worm","floor":1,"turns":1},{"damage":0,"enemies":"Small Slimes","floor":4,"turns":1},{"damage":0,"enemies":"Lagavulin","floor":6,"turns":1},{"damage":6,"enemies":"2 Louse","floor":8,"turns":2},{"damage":8,"enemies":"Gremlin Gang","floor":13,"turns":3},{"damage":8,"enemies":"3 Louse","floor":14,"turns":2},{"damage":1,"enemies":"Slime Boss","floor":16,"turns":7},{"damage":9,"enemies":"Shell Parasite","floor":18,"turns":2},{"damage":20,"enemies":"Spheric Guardian","floor":20,"turns":4},{"damage":21,"enemies":"Snake Plant","floor":22,"turns":3},{"damage":24,"enemies":"Nightmare","floor":23,"turns":5},{"damage":0,"enemies":"Centurion and Healer","floor":24,"turns":4},{"damage":2,"enemies":"conspire:MimicChest","floor":25,"turns":4}],"seed_played":"-786122731372523436","potions_obtained":[{"floor":8,"key":"Ancient Potion"},{"floor":13,"key":"Toxic Potion"},{"floor":16,"key":"DistilledChaos"},{"floor":18,"key":"DuplicationPotion"},{"floor":23,"key":"SneckoOil"}],"is_trial":false,"path_per_floor":["M","?","?","M","?","E","R","M","T","?","R","T","M","M","R","B",null,"M","?","M","$","M","NM","M","?"],"character_chosen":"DEFECT","items_purchased":["Defragment+1","Ball Lightning","Good Instincts"],"campfire_rested":1,"item_purchase_floors":[21,21,21],"current_hp_per_floor":[75,75,57,57,50,50,50,44,44,44,66,66,58,50,50,49,75,66,66,46,46,25,1,1,0,0],"gold":432,"neow_bonus":"THREE_ENEMY_KILL","is_daily":false,"chose_seed":false,"campfire_upgraded":2,"win_rate":0.0,"timestamp":1610359155,"path_taken":["M","?","?","M","?","E","R","?","T","?","R","?","M","M","R","BOSS","M","?","M","$","?","NM","M","?"],"items_purchased_type":["Card","Card","Card"],"build_version":"2020-12-22","purchased_purges":0,"victory":false,"max_hp_per_floor":[75,75,75,75,75,75,75,75,75,75,75,75,75,75,75,75,75,75,75,75,75,75,75,75,75,75],"card_choices":[{"not_picked":["Compile Driver","ReplaySolidLightProjector"],"picked":"Static Discharge","floor":1},{"not_picked":["Rebound","Stack"],"picked":"Melter","floor":4},{"not_picked":["Sweeping Beam","Fusion"],"picked":"ReplayGash","floor":6},{"not_picked":["Rip and Tear","Compile Driver"],"picked":"Beam Cell","floor":8},{"not_picked":["Well Laid Plans","Lockon"],"picked":"SashWhip","floor":13},{"not_picked":["Seek","Steam"],"picked":"Hologram","floor":14},{"not_picked":["MasterReality","hubris:DoWhile"],"picked":"Wraith Form v2","floor":16},{"not_picked":["Beam Cell","Steam+1"],"picked":"Gash+1","floor":18},{"not_picked":["Rebound+1","Ball Lightning"],"picked":"Chill","floor":20},{"not_picked":["Blizzard","Panic Button+1"],"picked":"Conserve Battery+1","floor":22},{"not_picked":["Multi-Cast","ReplaySort"],"picked":"Coolheaded","floor":23},{"not_picked":["Steam Power","Hologram"],"picked":"Rebound","floor":24}],"player_experience":70262,"relics_obtained":[{"floor":6,"key":"aspiration:Lifesprig"},{"floor":9,"key":"Kunai"},{"floor":12,"key":"aspiration:SeaSaltIceCream"},{"floor":23,"key":"Replay:Antivirus Software"}],"event_choices":[{"damage_healed":0,"gold_gain":0,"player_choice":"Grow","damage_taken":0,"max_hp_gain":0,"max_hp_loss":0,"event_name":"Living Wall","floor":2,"gold_loss":0,"cards_upgraded":["Static Discharge"]},{"damage_healed":0,"gold_gain":0,"player_choice":"Take Damage","damage_taken":18,"relics_obtained":["Golden Idol"],"max_hp_gain":0,"max_hp_loss":0,"event_name":"Golden Idol","floor":3,"gold_loss":0},{"damage_healed":0,"gold_gain":0,"player_choice":"Damaged","damage_taken":7,"max_hp_gain":0,"max_hp_loss":0,"event_name":"Wheel of Change","floor":5,"gold_loss":0},{"damage_healed":0,"gold_gain":0,"player_choice":"2 cards matched","damage_taken":0,"max_hp_gain":0,"max_hp_loss":0,"event_name":"Match and Keep!","floor":19,"gold_loss":0,"cards_obtained":["Creative AI","Loop"]}],"is_beta":false,"boss_relics":[{"not_picked":["Replay:Drink Me","Astrolabe"],"picked":"conspire:SpecialSausage"}],"items_purged_floors":[],"is_endless":false,"potions_floor_spawned":[8,13,16,18,23],"killed_by":"conspire:MimicChest","ascension_level":0}}