{"host":"t4ahr8360jjehcuv","time":1610395111,"event":{"mods":["BaseMod","Colored Map","DeckTracker","Highlight Path","Keyboard Shortcuts","Minty Spire (QoL Compilation)","Permanent Neow","Quick Restart","SuperFastMode","everything is the same but u backflip on backflip"],"gold_per_floor":[118,136,153,153,169,196,196,214,260,260,117,151,163,175,187,300,312,344,376,402,236,20,54,54,71,71,91,91,105,122,122,122,217,217,227,227,3,19,35,35,62,80,80,80,92,92,105,123,123,123],"floor_reached":51,"playtime":3034,"items_purged":["Defend_G","Strike_G"],"score":747,"play_id":"d621d653-c5a1-4293-9afa-5a40be3c1d75","local_time":"20210112045831","is_ascension_mode":true,"campfire_choices":[{"data":"A Thousand Cuts","floor":7.0,"key":"SMITH"},{"floor":10.0,"key":"REST"},{"data":"Neutralize","floor":15.0,"key":"SMITH"},{"data":"Noxious Fumes","floor":24.0,"key":"SMITH"},{"data":"Catalyst","floor":28.0,"key":"SMITH"},{"floor":32.0,"key":"REST"},{"data":"Night Terror","floor":40.0,"key":"SMITH"},{"data":"Well Laid Plans","floor":46.0,"key":"SMITH"},{"floor":49.0,"key":"REST"}],"circlet_count":0,"master_deck":["Strike_G","Strike_G","Defend_G","Defend_G","Defend_G","Defend_G","Survivor","Neutralize+1","Deadly Poison","Backstab","Dash","Regret","A Thousand Cuts+1","Dodge and Roll","Well Laid Plans+1","Venomology","Glass Knife+1","Leg Sweep+1","Backflip","Blur","Catalyst+1","Blade Dance+1","Noxious Fumes+1","Blade Dance+1","Deadly Poison","Night Terror+1","Footwork","Deadly Poison+1","Terror+1"],"relics":["Ring of the Snake","Toy Ornithopter","Letter Opener","PreservedInsect","MawBank","Mummified Hand","SlaversCollar","Orrery","Oddly Smooth Stone","Mercury Hourglass","HoveringKite","Potion Belt","Snake Skull","Vajra","Shuriken"],"acts_visited":["Exordium","TheCity","TheBeyond"],"potions_floor_usage":[50,50,50,50],"damage_taken":[{"damage":0.0,"enemies":"2 Louse","floor":1.0,"turns":4.0},{"damage":1.0,"enemies":"Jaw Worm","floor":2.0,"turns":4.0},{"damage":1.0,"enemies":"Cultist","floor":3.0,"turns":3.0},{"damage":10.0,"enemies":"Lots of Slimes","floor":5.0,"turns":5.0},{"damage":24.0,"enemies":"Gremlin Nob","floor":6.0,"turns":5.0},{"damage":0.0,"enemies":"2 Fungi Beasts","floor":8.0,"turns":4.0},{"damage":11.0,"enemies":"3 Sentries","floor":12.0,"turns":6.0},{"damage":10.0,"enemies":"The Guardian","floor":16.0,"turns":9.0},{"damage":7.0,"enemies":"3 Byrds","floor":18.0,"turns":6.0},{"damage":18.0,"enemies":"Shell Parasite","floor":19.0,"turns":6.0},{"damage":4.0,"enemies":"3 Cultists","floor":20.0,"turns":6.0},{"damage":11.0,"enemies":"Book of Stabbing","floor":23.0,"turns":4.0},{"damage":22.0,"enemies":"Centurion and Healer","floor":25.0,"turns":7.0},{"damage":18.0,"enemies":"Snecko","floor":27.0,"turns":7.0},{"damage":4.0,"enemies":"Snake Plant","floor":29.0,"turns":3.0},{"damage":15.0,"enemies":"Centurion and Healer","floor":30.0,"turns":5.0},{"damage":20.0,"enemies":"Automaton","floor":33.0,"turns":9.0},{"damage":0.0,"enemies":"Orb Walker","floor":35.0,"turns":4.0},{"damage":10.0,"enemies":"3 Darklings","floor":38.0,"turns":5.0},{"damage":8.0,"enemies":"Maw","floor":39.0,"turns":5.0},{"damage":12.0,"enemies":"Giant Head","floor":41.0,"turns":3.0},{"damage":3.0,"enemies":"Spire Growth","floor":42.0,"turns":4.0},{"damage":13.0,"enemies":"Writhing Mass","floor":45.0,"turns":3.0},{"damage":16.0,"enemies":"Sphere and 2 Shapes","floor":47.0,"turns":5.0},{"damage":5.0,"enemies":"Maw","floor":48.0,"turns":5.0},{"damage":43,"enemies":"Awakened One","floor":50,"turns":7}],"seed_played":"8445547209611886427","potions_obtained":[{"floor":8.0,"key":"Swift Potion"},{"floor":12.0,"key":"BlessingOfTheForge"},{"floor":23.0,"key":"Regen Potion"},{"floor":25.0,"key":"Dexterity Potion"},{"floor":33.0,"key":"LiquidMemories"},{"floor":39.0,"key":"ColorlessPotion"},{"floor":41.0,"key":"Energy Potion"},{"floor":47.0,"key":"ColorlessPotion"},{"floor":48.0,"key":"ColorlessPotion"}],"is_trial":false,"path_per_floor":["M","M","M","?","M","E","R","M","T","R","$","E","?","T","R","B",null,"M","M","M","$","$","E","R","M","T","M","R","M","M","?","R","B",null,"M","T","$","M","M","R","E","M","T","$","M","R","M","M","R","B",null],"character_chosen":"THE_SILENT","items_purchased":["Well Laid Plans","Blur","Orrery","Noxious Fumes","Snake Skull","Footwork"],"campfire_rested":3,"item_purchase_floors":[11,21,22,22,37,37],"current_hp_per_floor":[63,62,61,61,51,27,27,27,27,45,45,34,34,34,34,29,63,56,43,44,44,44,38,38,36,36,18,18,19,9,9,27,12,63,63,63,63,53,50,50,38,40,40,40,32,32,21,16,34,11],"gold":123,"neow_bonus":"REMOVE_TWO","is_daily":false,"chose_seed":false,"campfire_upgraded":6,"win_rate":0.0,"timestamp":1610395111,"path_taken":["M","M","M","?","M","E","R","M","T","R","$","E","?","?","R","BOSS","M","M","M","?","$","E","R","?","T","M","R","M","M","?","R","BOSS","M","?","$","M","M","R","E","?","T","$","M","R","?","M","R","BOSS"],"items_purchased_type":["Card","Card","Relic","Card","Relic","Card"],"build_version":"2020-12-22","purchased_purges":2,"victory":true,"max_hp_per_floor":[63,63,63,63,63,63,63,63,63,63,63,63,63,63,63,63,63,63,63,63,63,63,63,63,63,63,63,63,63,63,63,63,63,63,63,63,63,63,63,63,63,63,63,63,63,63,63,63,63,63],"card_choices":[{"not_picked":["Flying Knee","Blade Dance"],"picked":"Deadly Poison","floor":1.0},{"not_picked":["Acrobatics","Underhanded Strike"],"picked":"Backstab","floor":2.0},{"not_picked":["Dagger Throw","Riddle With Holes"],"picked":"Dash","floor":3.0},{"not_picked":["Deflect","Blade Dance","Quick Slash"],"picked":"SKIP","floor":5.0},{"not_picked":["Deadly Poison","Deflect"],"picked":"A Thousand Cuts","floor":6.0},{"not_picked":["Riddle With Holes","Sucker Punch"],"picked":"Dodge and Roll","floor":8.0},{"not_picked":["Tactician","Bouncing Flask"],"picked":"Venomology","floor":12.0},{"not_picked":["Tools of the Trade","After Image"],"picked":"Glass Knife","floor":16.0},{"not_picked":["Tactician","Endless Agony+1","Finisher"],"picked":"SKIP","floor":18.0},{"not_picked":["Outmaneuver","Bane"],"picked":"Leg Sweep+1","floor":19.0},{"not_picked":["Blade Dance+1","Dodge and Roll"],"picked":"Backflip","floor":20.0},{"not_picked":["Choke+1","Calculated Gamble"],"picked":"Catalyst","floor":22.0},{"not_picked":["Quick Slash","Heel Hook"],"picked":"Blade Dance+1","floor":22.0},{"not_picked":["Doppelganger","Escape Plan"],"picked":"Blade Dance+1","floor":23.0},{"not_picked":["Dagger Throw","Well Laid Plans","Flechettes+1"],"picked":"SKIP","floor":25.0},{"not_picked":["Riddle With Holes","Deflect"],"picked":"Deadly Poison","floor":27.0},{"not_picked":["Poisoned Stab","Blade Dance","Acrobatics"],"picked":"SKIP","floor":29.0},{"not_picked":["Poisoned Stab","Bane","Deflect"],"picked":"SKIP","floor":30.0},{"not_picked":["Tools of the Trade","Bullet Time"],"picked":"Night Terror","floor":33.0},{"not_picked":["Eviscerate","Deadly Poison","Deflect"],"picked":"SKIP","floor":35.0},{"not_picked":["Prepared","Sucker Punch+1","Riddle With Holes"],"picked":"SKIP","floor":38.0},{"not_picked":["Underhanded Strike+1","Endless Agony+1","Deadly Poison"],"picked":"SKIP","floor":39.0},{"not_picked":["Blade Dance+1","Predator+1","Glass Knife"],"picked":"SKIP","floor":41.0},{"not_picked":["Quick Slash","Reflex"],"picked":"Deadly Poison+1","floor":42.0},{"not_picked":["Quick Slash","Endless Agony"],"picked":"Terror+1","floor":45.0},{"not_picked":["Deadly Poison","Dagger Throw","Backflip"],"picked":"SKIP","floor":47.0},{"not_picked":["Slice+1","Footwork","Dodge and Roll"],"picked":"SKIP","floor":48.0}],"player_experience":45138,"relics_obtained":[{"floor":6.0,"key":"Letter Opener"},{"floor":9.0,"key":"PreservedInsect"},{"floor":12.0,"key":"MawBank"},{"floor":14.0,"key":"Mummified Hand"},{"floor":23.0,"key":"Oddly Smooth Stone"},{"floor":26.0,"key":"Mercury Hourglass"},{"floor":36.0,"key":"Potion Belt"},{"floor":41.0,"key":"Vajra"},{"floor":43.0,"key":"Shuriken"}],"event_choices":[{"damage_healed":0.0,"max_hp_gain":0.0,"max_hp_loss":0.0,"gold_gain":0.0,"event_name":"Big Fish","player_choice":"Box","floor":4.0,"gold_loss":0.0,"damage_taken":0.0,"relics_obtained":["Toy Ornithopter"],"cards_obtained":["Regret"]},{"damage_healed":0.0,"max_hp_gain":0.0,"max_hp_loss":0.0,"gold_gain":0.0,"event_name":"Liars Game","player_choice":"Ignored","floor":13.0,"gold_loss":0.0,"damage_taken":0.0},{"damage_healed":0.0,"max_hp_gain":0.0,"max_hp_loss":0.0,"gold_gain":0.0,"event_name":"Accursed Blacksmith","player_choice":"Forge","floor":31.0,"gold_loss":0.0,"damage_taken":0.0,"cards_upgraded":["Glass Knife"]}],"is_beta":false,"boss_relics":[{"not_picked":["Astrolabe","Snecko Eye"],"picked":"SlaversCollar"},{"not_picked":["Ring of the Serpent","Tiny House"],"picked":"HoveringKite"}],"items_purged_floors":[11,21],"is_endless":false,"potions_floor_spawned":[8,12,23,25,27,33,39,41,47,48],"ascension_level":1}}