{"host":"3rj1dc1g3sucuw9t","time":1610366968,"event":{"mods":["BaseMod","Colored Powertips","Hermit","Minty Spire (QoL Compilation)","Replay The Spire","StSLib"],"gold_per_floor":[130,130,79,114,153,153,153,231,254,254,305,305,382,427,427,547,547,566,605,620,637,416,416,455,455,504,520,106,131,131],"floor_reached":29,"playtime":1088,"items_purged":["hermit:Strike_Hermit"],"score":235,"play_id":"f7d7f02a-8c1a-4e07-93e1-e3f543e6c729","local_time":"20210111130928","is_ascension_mode":false,"campfire_choices":[{"data":"HandOfGreed","floor":6,"key":"SMITH"},{"data":"hermit:Maintenance","floor":12,"key":"SMITH"},{"data":"hermit:Quickdraw","floor":23,"key":"SMITH"}],"circlet_count":0,"master_deck":["hermit:Strike_Hermit","hermit:Strike_Hermit","hermit:Strike_Hermit","hermit:Defend_Hermit","hermit:Defend_Hermit","hermit:Defend_Hermit","hermit:Defend_Hermit+1","hermit:Snapshot","hermit:Covet+1","Shame","HandOfGreed+1","hermit:Malice","hermit:Dive","hermit:Determination","hermit:FlashPowder+1","Pain","hermit:Maintenance+1","hermit:Snipe+1","hermit:Gambit","hermit:Quickdraw+1","hermit:PistolWhip","hermit:GhostlyPresence","Decay","hermit:RoundhouseKick"],"relics":["hermit:Momento","Regal Pillow","WarpedTongs","Replay:Baseball","Oddly Smooth Stone","Velvet Choker","ReplayTheSpireMod:TigerMarble","Bronze Scales","Replay:Ringing Soul"],"acts_visited":["Exordium","TheCity"],"potions_floor_usage":[16,16,19],"damage_taken":[{"damage":0,"enemies":"Small Slimes","floor":1,"turns":2},{"damage":3,"enemies":"2 Louse","floor":4,"turns":3},{"damage":1,"enemies":"Cultist","floor":5,"turns":4},{"damage":15,"enemies":"Gremlin Nob","floor":11,"turns":4},{"damage":10,"enemies":"3 Sentries","floor":13,"turns":7},{"damage":15,"enemies":"Gremlin Gang","floor":14,"turns":4},{"damage":6,"enemies":"The Guardian","floor":16,"turns":9},{"damage":0,"enemies":"Spheric Guardian","floor":18,"turns":3},{"damage":15,"enemies":"2 Thieves","floor":19,"turns":4},{"damage":16,"enemies":"Snecko","floor":20,"turns":5},{"damage":15,"enemies":"Snake Plant","floor":21,"turns":3},{"damage":8,"enemies":"Centurion and Healer","floor":24,"turns":7},{"damage":18,"enemies":"Sentry and Sphere","floor":27,"turns":6},{"damage":14,"enemies":"Shelled Parasite and Fungi","floor":29,"turns":2}],"seed_played":"423870561344954427","potions_obtained":[{"floor":5,"key":"AttackPotion"},{"floor":13,"key":"FearPotion"},{"floor":14,"key":"LiquidMemories"},{"floor":18,"key":"CultistPotion"},{"floor":20,"key":"Energy Potion"},{"floor":27,"key":"Venom Potion"}],"is_trial":false,"path_per_floor":["M","?","$","M","M","R","?","?","T","?","E","R","E","M","R","B",null,"M","M","M","M","$","R","M","?","T","M","$","M"],"character_chosen":"HERMIT","items_purchased":["hermit:Dive","ReplayTheSpireMod:TigerMarble","Replay:Ringing Soul","hermit:RoundhouseKick"],"campfire_rested":0,"item_purchase_floors":[3,22,28,28],"current_hp_per_floor":[75,75,75,72,71,71,56,56,56,56,41,41,31,16,53,47,75,75,60,44,29,29,29,21,21,21,3,6,0,0],"gold":131,"neow_bonus":"RANDOM_COLORLESS_2","is_daily":false,"chose_seed":false,"campfire_upgraded":3,"win_rate":0.0,"timestamp":1610366968,"path_taken":["M","?","$","M","M","R","?","?","T","?","E","R","E","M","R","BOSS","M","?","M","?","?","R","M","?","T","M","$","M"],"items_purchased_type":["Card","Relic","Relic","Card"],"build_version":"2020-12-22","purchased_purges":1,"victory":false,"max_hp_per_floor":[75,75,75,75,75,75,75,75,75,75,75,75,75,75,75,75,75,75,75,75,75,75,75,75,75,75,75,78,78,78],"card_choices":[{"not_picked":["Apotheosis","Crow Ritual"],"picked":"HandOfGreed","floor":0},{"not_picked":["hermit:TrackingShot","hermit:Quickdraw"],"picked":"hermit:Malice","floor":1},{"not_picked":["hermit:Dive","hermit:DeadMansHand"],"picked":"hermit:Determination","floor":4},{"not_picked":["hermit:ItchyTrigger","hermit:Glare"],"picked":"hermit:FlashPowder","floor":5},{"not_picked":["hermit:LowProfile","hermit:Ricochet"],"picked":"hermit:Maintenance","floor":11},{"not_picked":["hermit:LowProfile","hermit:FullyLoaded","hermit:Misfire"],"picked":"SKIP","floor":13},{"not_picked":["hermit:SprayPray","hermit:Cheat"],"picked":"hermit:Snipe","floor":14},{"not_picked":["hermit:FromBeyond","hermit:Roughhouse"],"picked":"hermit:Gambit","floor":16},{"not_picked":["hermit:NoHoldsBarred+1","hermit:DeadMansHand"],"picked":"hermit:Quickdraw","floor":18},{"not_picked":["hermit:Manifest","hermit:Coalescence+1"],"picked":"hermit:PistolWhip","floor":19},{"not_picked":["hermit:Manifest+1","hermit:Desperado","hermit:Snipe"],"picked":"SKIP","floor":20},{"not_picked":["hermit:Roulette","hermit:Dive+1"],"picked":"hermit:GhostlyPresence","floor":21},{"not_picked":["hermit:Cheat","hermit:Coalescence","hermit:CalledShot"],"picked":"SKIP","floor":24},{"not_picked":["hermit:CursedWeapon","hermit:TrackingShot","hermit:Desperado"],"picked":"SKIP","floor":27}],"player_experience":419330,"relics_obtained":[{"floor":9,"key":"Regal Pillow"},{"floor":11,"key":"Replay:Baseball"},{"floor":13,"key":"Oddly Smooth Stone"},{"floor":26,"key":"Bronze Scales"}],"event_choices":[{"damage_healed":0,"gold_gain":0,"player_choice":"Entered Light","damage_taken":15,"max_hp_gain":0,"max_hp_loss":0,"event_name":"Shining Light","floor":7,"gold_loss":0,"cards_upgraded":["hermit:Covet","hermit:FlashPowder"]},{"damage_healed":0,"gold_gain":78,"player_choice":"Gained Gold","damage_taken":0,"max_hp_gain":0,"max_hp_loss":0,"event_name":"Golden Wing","floor":8,"gold_loss":0},{"damage_healed":0,"gold_gain":0,"player_choice":"Rummage","damage_taken":0,"relics_obtained":["WarpedTongs"],"max_hp_gain":0,"max_hp_loss":0,"event_name":"Accursed Blacksmith","floor":10,"gold_loss":0,"cards_obtained":["Pain"]},{"damage_healed":0,"gold_gain":0,"player_choice":"Smashed Altar","damage_taken":0,"max_hp_gain":0,"max_hp_loss":0,"event_name":"Forgotten Altar","floor":25,"gold_loss":0,"cards_obtained":["Decay"]}],"is_beta":false,"boss_relics":[{"not_picked":["Sozu","hermit:DentedPlate"],"picked":"Velvet Choker"}],"items_purged_floors":[22],"is_endless":false,"potions_floor_spawned":[5,13,14,18,20,27],"killed_by":"Shelled Parasite and Fungi","ascension_level":0}}