{"host":"ojme7g6xlqwffsso","time":1610354009,"event":{"mods":["Act Like it!","BaseMod","Downfall","Hermit","Infinite Spire","MarisaÅiñ∂âJÅ@ñÇóùçπÅj","Minty Spire (QoL Compilation)","Replay The Spire","Shade Mod","Shop Mod","StSLib","The Alterego","The Cursed","Yuri Mod"],"gold_per_floor":[110,285,285,304,322,322,351,351,351,10,10,28,61,76,76,181,181,199,48,66,66,85,110,120,172,172,207,254,287,287,342,342,463,463,527,627,704,785,213,279,279,299,299],"floor_reached":42,"playtime":2788,"items_purged":["yuri:yuriStrike"],"score":778,"play_id":"ce929bc9-56e9-4bf4-beff-70d1aa439f88","local_time":"20210111173329","is_ascension_mode":true,"campfire_choices":[{"data":"yuri:Oolong","floor":6,"key":"SMITH"},{"data":"yuri:MPose","floor":6,"key":"SMITH"},{"data":"yuri:ReloadGame","floor":8,"key":"SMITH"},{"data":"yuri:yuriQuickStrike","floor":8,"key":"SMITH"},{"data":"Midas Touch","floor":11,"key":"SMITH"},{"data":"yuri:yuriStab","floor":11,"key":"SMITH"},{"data":"Doubt","floor":15,"key":"PURGE"},{"floor":30,"key":"REST"},{"data":"yuri:Virus","floor":32,"key":"SMITH"},{"data":"yuri:HoldBack","floor":32,"key":"SMITH"},{"data":"yuri:HoldBack","floor":41,"key":"SMITH"},{"data":"yuri:GreenTea","floor":41,"key":"SMITH"}],"circlet_count":0,"master_deck":["yuri:yuriStrike","yuri:yuriStrike","yuri:yuriStrike","yuri:yuriStrike","yuri:yuriDefend","yuri:yuriDefend","yuri:yuriDefend","yuri:yuriDefend","yuri:Oolong+1","yuri:yuriStab+1","yuri:MPose+1","yuri:yuriQuickStrike+1","yuri:WickedSlash","yuri:ReloadGame+1","Midas Touch+1","yuri:RecklessStrike","yuri:HoldBack+1","yuri:Virus+1","yuri:MirrorInsanity+1","yuri:Stalk+1","yuri:GlitchedStrike+1","yuri:GrowingInsanity+1","yuri:BlackTea+1","yuri:SeeingDouble+1","yuri:GreenTea+1","yuri:CalmingAura","yuri:ArmBrace","yuri:ThrowBook","yuri:Skip","yuri:StealPen+1","yuri:yuriHeavyStrike+1","yuri:DisableStrike","yuri:CorruptHitbox","yuri:AdaptiveAI+1","yuri:SeeingDouble+1","yuri:ExploitStrike","yuri:MarkovCurse","yuri:SelfHarm+1","yuri:HoldBack+1","yuri:MPose+1","yuri:yuriQuickStrike"],"relics":["yuri:yuriKnife","Replay:Arrowhead","ReplayTheSpireMod:Lightbulb","Pet Ghost","Replay:Rubber Ducky","Simple Rune","Replay:Bottled Eggs","Gremlin Food","Pantograph","Mercury Hourglass","WingedGreaves","yuri:PortraitOfMarkov","infinitespire:EvilPickle","Replay:Wanted Poster","infinitespire:PuzzleCube","MerchantsRug","Unceasing Top","Turnip","Nunchaku"],"acts_visited":["Exordium","TheCity","TheBeyond"],"potions_floor_usage":[16,29,39],"damage_taken":[{"damage":3,"enemies":"Jaw Worm","floor":1,"turns":5},{"damage":0,"enemies":"2 Louse","floor":4,"turns":3},{"damage":3,"enemies":"infinitespire:Voidling","floor":5,"turns":4},{"damage":30,"enemies":"Gremlin Nob","floor":7,"turns":4},{"damage":13,"enemies":"Red Slaver","floor":12,"turns":5},{"damage":16,"enemies":"Lagavulin","floor":13,"turns":7},{"damage":7,"enemies":"Large Slime","floor":14,"turns":4},{"damage":14,"enemies":"The Guardian","floor":16,"turns":10},{"damage":10,"enemies":"Shell Parasite","floor":18,"turns":4},{"damage":2,"enemies":"3 Byrds","floor":20,"turns":6},{"damage":0,"enemies":"3 Cultists","floor":22,"turns":5},{"damage":33,"enemies":"Slavers","floor":23,"turns":6},{"damage":13,"enemies":"Chosen and Byrds","floor":24,"turns":4},{"damage":2,"enemies":"Replay:Snechameleon","floor":25,"turns":9},{"damage":34,"enemies":"Sentry and Sphere","floor":27,"turns":9},{"damage":42,"enemies":"Nightmare","floor":28,"turns":9},{"damage":24,"enemies":"Snecko","floor":29,"turns":7},{"damage":4,"enemies":"Replay:Snechameleon","floor":31,"turns":9},{"damage":57,"enemies":"Pondfish","floor":33,"turns":17},{"damage":49,"enemies":"3 Darklings","floor":35,"turns":9},{"damage":8,"enemies":"3 Shapes","floor":37,"turns":4},{"damage":1,"enemies":"Transient","floor":38,"turns":5},{"damage":37,"enemies":"Nemesis","floor":40,"turns":5},{"damage":33,"enemies":"Reptomancer","floor":42,"turns":2}],"seed_played":"8459069127620110760","potions_obtained":[{"floor":1,"key":"SkillPotion"},{"floor":5,"key":"sneckomod:MuddlingPotion"},{"floor":12,"key":"Energy Potion"},{"floor":14,"key":"Dexterity Potion"},{"floor":16,"key":"PowerPotion"},{"floor":27,"key":"EntropicBrew"},{"floor":31,"key":"Energy Potion"}],"is_trial":false,"path_per_floor":["M","?","?","M","M","R","E","R","T","$","R","M","E","M","R","B",null,"M","$","M","?","M","E","M","E","T","M","NM","M","R","E","R","B",null,"M","AVR","M","M","$","E","R","E"],"character_chosen":"YURI","items_purchased":["Midas Touch","Replay:Rubber Ducky","Orrery","MerchantsRug","Unceasing Top","Turnip"],"campfire_rested":1,"item_purchase_floors":[10,10,19,39,39,39],"current_hp_per_floor":[77,77,77,80,77,77,54,54,54,54,54,48,39,39,39,32,80,70,70,80,80,80,60,60,71,71,44,15,4,28,37,37,18,80,44,44,49,55,55,31,31,0,0],"gold":299,"neow_bonus":"ONE_RARE_RELIC","is_daily":false,"chose_seed":false,"campfire_upgraded":10,"win_rate":0.0,"timestamp":1610354009,"path_taken":["M","?","?","?","M","R","E","R","T","?","R","M","E","M","R","BOSS","M","$","M","?","M","E","M","E","T","M","NM","M","R","E","R","BOSS","M","AVR","M","M","$","E","R","E"],"items_purchased_type":["Card","Relic","Relic","Relic","Relic","Relic"],"build_version":"2020-12-22","purchased_purges":1,"victory":false,"max_hp_per_floor":[80,80,80,80,80,80,80,80,80,80,80,80,80,80,80,80,80,80,80,80,80,80,80,80,80,80,80,80,80,80,80,80,80,80,80,80,80,80,80,80,80,80,80],"card_choices":[{"not_picked":["yuri:yuriHeavyStrike","yuri:ThrowingKnives"],"picked":"yuri:MPose","floor":1},{"not_picked":["yuri:ThrowingKnives","yuri:HeavierStrike"],"picked":"yuri:yuriQuickStrike","floor":4},{"not_picked":["yuri:yuriHeavyStrike","yuri:ThrowingKnives"],"picked":"yuri:WickedSlash","floor":5},{"not_picked":["yuri:Spin","yuri:MultiDip"],"picked":"yuri:ReloadGame","floor":7},{"not_picked":["yuri:yuriQuickStrike","yuri:Spin","yuri:ThrowingKnives"],"picked":"SKIP","floor":12},{"not_picked":["yuri:DistillInsanity","yuri:yuriHeavyStrike"],"picked":"yuri:RecklessStrike","floor":13},{"not_picked":["yuri:HeavierStrike","yuri:TPose"],"picked":"yuri:HoldBack","floor":14},{"not_picked":["yuri:DisableStrike","yuri:MagneticKnives"],"picked":"yuri:Virus","floor":16},{"not_picked":["yuri:ThrowBook","yuri:HeavierStrike"],"picked":"yuri:GrowingInsanity+1","floor":18},{"not_picked":["yuri:ThrowBook+1","yuri:RecklessStrike"],"picked":"yuri:BlackTea","floor":19},{"not_picked":["yuri:Parry","yuri:MPose"],"picked":"yuri:SeeingDouble","floor":19},{"not_picked":["yuri:WickedSlash","yuri:yuriQuickStrike+1"],"picked":"yuri:GreenTea","floor":19},{"not_picked":["yuri:ChibiInvasion","yuri:BookBlue"],"picked":"yuri:CalmingAura","floor":19},{"not_picked":["yuri:GlitchedStrike","yuri:CalmingAura"],"picked":"yuri:ArmBrace","floor":19},{"not_picked":["yuri:GlitchedStrike","yuri:yuriQuickStrike"],"picked":"yuri:ThrowBook","floor":20},{"not_picked":["yuri:Spin","yuri:RecklessStrike"],"picked":"yuri:Skip","floor":22},{"not_picked":["yuri:DejaVu","yuri:RecklessStrike"],"picked":"yuri:StealPen+1","floor":23},{"not_picked":["yuri:ThornRemove","yuri:AdaptiveAI"],"picked":"yuri:yuriHeavyStrike+1","floor":24},{"not_picked":["yuri:HeavierStrike","yuri:BookRed"],"picked":"yuri:DisableStrike","floor":25},{"not_picked":["yuri:TPose","yuri:Skip+1"],"picked":"yuri:CorruptHitbox","floor":27},{"not_picked":["yuri:yuriHeavyStrike+1","yuri:Stare"],"picked":"yuri:AdaptiveAI+1","floor":28},{"not_picked":["yuri:TPose","yuri:BookRed"],"picked":"yuri:SeeingDouble+1","floor":29},{"not_picked":["yuri:yuriQuickStrike","yuri:RecklessStrike+1","yuri:TPose"],"picked":"SKIP","floor":31},{"not_picked":["yuri:DisableStrike","yuri:GhostForm"],"picked":"yuri:ExploitStrike","floor":33},{"not_picked":["yuri:WickedSlash","yuri:GlitchedStrike+1"],"picked":"yuri:SelfHarm+1","floor":35},{"not_picked":["yuri:yuriHeavyStrike+1","yuri:Skip"],"picked":"yuri:HoldBack","floor":37},{"not_picked":["yuri:ThrowBook+1","yuri:Skip+1"],"picked":"yuri:MPose+1","floor":38},{"not_picked":["yuri:MagneticKnives","yuri:UntestedCode"],"picked":"yuri:yuriQuickStrike","floor":40}],"player_experience":915340,"relics_obtained":[{"floor":7,"key":"ReplayTheSpireMod:Lightbulb"},{"floor":9,"key":"Pet Ghost"},{"floor":13,"key":"Simple Rune"},{"floor":23,"key":"Replay:Bottled Eggs"},{"floor":25,"key":"Gremlin Food"},{"floor":26,"key":"Pantograph"},{"floor":28,"key":"Mercury Hourglass"},{"floor":31,"key":"WingedGreaves"},{"floor":40,"key":"Nunchaku"}],"event_choices":[{"damage_healed":0,"gold_gain":175,"player_choice":"AGREE","damage_taken":0,"max_hp_gain":0,"max_hp_loss":0,"event_name":"Liars Game","floor":2,"gold_loss":0,"cards_obtained":["Doubt"]},{"damage_healed":0,"gold_gain":0,"player_choice":"Gave Potion","damage_taken":0,"relics_obtained":["Replay:Bottled Snecko"],"max_hp_gain":0,"max_hp_loss":0,"event_name":"WeMeetAgain","floor":3,"gold_loss":0}],"is_beta":false,"boss_relics":[{"not_picked":["Replay:Drink Me","Empty Cage"],"picked":"Astrolabe"},{"not_picked":["Runic Dome","Pandora\u0027s Box"],"picked":"yuri:PortraitOfMarkov"}],"items_purged_floors":[36],"is_endless":true,"potions_floor_spawned":[1,5,12,14,16,20,23,27,28,31,37],"killed_by":"Reptomancer","ascension_level":1}}