{"host":"l60rmjjsfi0fipmi","time":1610329183,"event":{"mods":["BaseMod","Colored Map","DeckTracker","Highlight Path","Minty Spire (QoL Compilation)"],"gold_per_floor":[112,126,35,35,35,35,55,82,82,82,82,107,126,162,162,288,288,312,312,237,258,273,273,307,307,332,355,389,389,389],"floor_reached":29,"playtime":2063,"items_purged":["Strike_P"],"score":270,"play_id":"ba93d309-e19f-468b-99f8-174e1469b6ad","local_time":"20210110203943","is_ascension_mode":true,"campfire_choices":[{"data":"Eruption","floor":6,"key":"SMITH"},{"data":"Consecrate","floor":10,"key":"SMITH"},{"floor":15,"key":"REST"},{"floor":23,"key":"REST"}],"circlet_count":0,"master_deck":["Strike_P","Strike_P","Strike_P","Defend_P","Defend_P","Defend_P","Eruption+1","Vigilance","Indignation","Consecrate+1","LikeWater","FlurryOfBlows","Halt","FollowUp","ReachHeaven","EmptyFist","DeusExMachina","WheelKick","Crescendo","Adaptation","CutThroughFate","FearNoEvil+1","Evaluate+1"],"relics":["PureWater","Singing Bowl","Toy Ornithopter","HornCleat","Golden Idol","Odd Mushroom","Philosopher\u0027s Stone","MealTicket","CeramicFish"],"acts_visited":["Exordium","TheCity"],"potions_floor_usage":[16,24,24,29],"damage_taken":[{"damage":11,"enemies":"Small Slimes","floor":1,"turns":3},{"damage":4,"enemies":"Jaw Worm","floor":2,"turns":5},{"damage":0,"enemies":"2 Louse","floor":7,"turns":4},{"damage":20,"enemies":"3 Sentries","floor":8,"turns":9},{"damage":0,"enemies":"Looter","floor":12,"turns":3},{"damage":9,"enemies":"Red Slaver","floor":13,"turns":3},{"damage":14,"enemies":"The Mushroom Lair","floor":14,"turns":4},{"damage":56,"enemies":"The Guardian","floor":16,"turns":18},{"damage":35,"enemies":"3 Byrds","floor":18,"turns":7},{"damage":9,"enemies":"Chosen","floor":21,"turns":3},{"damage":22,"enemies":"Shelled Parasite and Fungi","floor":22,"turns":4},{"damage":22,"enemies":"Book of Stabbing","floor":24,"turns":4},{"damage":10,"enemies":"Centurion and Healer","floor":27,"turns":5},{"damage":21,"enemies":"Cultist and Chosen","floor":28,"turns":6},{"damage":51,"enemies":"Colosseum Slavers","floor":29,"turns":4}],"seed_played":"1010304944552309670","potions_obtained":[{"floor":1,"key":"FairyPotion"},{"floor":13,"key":"LiquidMemories"},{"floor":14,"key":"Regen Potion"},{"floor":16,"key":"BlessingOfTheForge"},{"floor":19,"key":"Regen Potion"},{"floor":27,"key":"ColorlessPotion"}],"is_trial":false,"path_per_floor":["M","M","$","?","T","R","M","E","T","R","?","M","M","?","R","B",null,"M","?","$","M","M","R","E","?","T","M","M","?"],"character_chosen":"WATCHER","items_purchased":["LikeWater","FlurryOfBlows"],"campfire_rested":2,"item_purchase_floors":[3,3],"current_hp_per_floor":[68,64,64,69,69,69,69,49,49,49,49,49,42,28,52,16,80,45,45,45,36,14,38,40,40,40,30,9,0,0],"gold":389,"neow_bonus":"TEN_PERCENT_HP_BONUS","is_daily":false,"chose_seed":false,"campfire_upgraded":2,"win_rate":0.0,"timestamp":1610329183,"path_taken":["M","M","$","?","?","R","M","E","T","R","?","M","M","?","R","BOSS","M","?","$","M","?","R","E","?","T","M","?","?"],"items_purchased_type":["Card","Card"],"build_version":"2020-12-22","purchased_purges":1,"victory":false,"max_hp_per_floor":[79,79,79,84,84,84,84,84,84,84,78,78,80,80,80,80,80,80,80,80,80,80,80,82,82,82,82,82,82,82],"card_choices":[{"not_picked":["DeceiveReality","CrushJoints"],"picked":"Indignation","floor":1},{"not_picked":["ForeignInfluence","EmptyBody"],"picked":"Consecrate","floor":2},{"not_picked":["Consecrate","PathToVictory"],"picked":"Halt","floor":7},{"not_picked":["Halt","Consecrate"],"picked":"FollowUp","floor":8},{"not_picked":["CutThroughFate","Crescendo"],"picked":"ReachHeaven","floor":12},{"not_picked":["Consecrate","Crescendo","JustLucky"],"picked":"Singing Bowl","floor":13},{"not_picked":["FollowUp","Prostrate"],"picked":"EmptyFist","floor":14},{"not_picked":["Ragnarok","Scrawl"],"picked":"DeusExMachina","floor":16},{"not_picked":["FlurryOfBlows","PathToVictory"],"picked":"WheelKick","floor":18},{"not_picked":["CutThroughFate","Evaluate"],"picked":"Crescendo","floor":21},{"not_picked":["MentalFortress+1","SandsOfTime"],"picked":"Adaptation","floor":22},{"not_picked":["Adaptation+1","EmptyBody","Nirvana"],"picked":"Singing Bowl","floor":24},{"not_picked":["FlurryOfBlows+1","Crescendo"],"picked":"FearNoEvil+1","floor":27},{"not_picked":["FlyingSleeves","SpiritShield"],"picked":"Evaluate+1","floor":28}],"player_experience":331469,"relics_obtained":[{"floor":5,"key":"Singing Bowl"},{"floor":8,"key":"Toy Ornithopter"},{"floor":9,"key":"HornCleat"},{"floor":14,"key":"Odd Mushroom"},{"floor":24,"key":"MealTicket"},{"floor":26,"key":"CeramicFish"}],"event_choices":[{"damage_healed":0,"gold_gain":0,"player_choice":"Donut","damage_taken":0,"max_hp_gain":5,"max_hp_loss":0,"event_name":"Big Fish","floor":4,"gold_loss":0},{"damage_healed":0,"gold_gain":0,"player_choice":"Lose Max HP","damage_taken":0,"relics_obtained":["Golden Idol"],"max_hp_gain":0,"max_hp_loss":6,"event_name":"Golden Idol","floor":11,"gold_loss":0},{"damage_healed":0,"gold_gain":0,"player_choice":"Fought Mushrooms","damage_taken":0,"max_hp_gain":0,"max_hp_loss":0,"event_name":"Mushrooms","floor":14,"gold_loss":0},{"damage_healed":0,"gold_gain":0,"player_choice":"Got Potions","damage_taken":0,"max_hp_gain":0,"max_hp_loss":0,"event_name":"Lab","floor":19,"gold_loss":0},{"damage_healed":0,"gold_gain":0,"cards_transformed":["Defend_P"],"player_choice":"Transformed","damage_taken":0,"max_hp_gain":0,"max_hp_loss":0,"event_name":"Transmorgrifier","floor":25,"gold_loss":0,"cards_obtained":["CutThroughFate"]},{"damage_healed":0,"gold_gain":0,"player_choice":"Fight","damage_taken":0,"max_hp_gain":0,"max_hp_loss":0,"event_name":"Colosseum","floor":29,"gold_loss":0}],"is_beta":false,"boss_relics":[{"not_picked":["Coffee Dripper","Ectoplasm"],"picked":"Philosopher\u0027s Stone"}],"items_purged_floors":[20],"is_endless":false,"potions_floor_spawned":[1,13,14,16,21,27],"killed_by":"Colosseum Slavers","ascension_level":2}}