{"host":"ojme7g6xlqwffsso","time":1610377251,"event":{"mods":["Act Like it!","BaseMod","Downfall","Hermit","MarisaÅiñ∂âJÅ@ñÇóùçπÅj","Minty Spire (QoL Compilation)","Replay The Spire","Shade Mod","Shop Mod","StSLib","The Alterego","The Cursed","Yuri Mod"],"gold_per_floor":[99,117,135,135,26,26,52,63,98,118,135,192,66,98,111,210,210,135,147,165,165,178,178,178,192,192,192,235,235,335,335,335,335],"floor_reached":31,"playtime":1535,"items_purged":[],"score":265,"play_id":"85b45064-358e-4b68-942e-a3b586e5ea26","local_time":"20210112000051","is_ascension_mode":false,"campfire_choices":[{"floor":1,"key":"DIG"},{"data":"champ:PerfectedStrike","floor":6,"key":"SMITH"},{"data":"champ:StrikeOfGenius","floor":18,"key":"SMITH"},{"floor":23,"key":"REST"},{"floor":26,"key":"REST"}],"circlet_count":0,"master_deck":["champ:Strike","champ:Strike","champ:Strike","champ:Strike","champ:Defend","champ:Defend","champ:Defend","champ:Execute","champ:Taunt","champ:IronFortress","champ:BerserkerStyle","champ:DefensiveStyle","champ:RecklessLeap","champ:StanceDance","champ:PerfectedStrike+1","champ:BerserkerStyle","champ:Duel","champ:BringItOn+1","champ:RisingSlash+1","champ:PerfectedStrike","champ:GladiatorsShout","champ:HeavySlash","champ:DeathBlow","champ:StrikeOfGenius+1","champ:FlashCut","champ:GladiatorsShout","champ:StrikeOfGenius+1","champ:BerserkersShout","champ:AdrenalArmor+1","champ:FocusedGladiator+1"],"relics":["champ:ChampionCrown","Gremlin Food","champ:DefensiveTrainingManual","Durian","MerchantsRug","Simple Rune","Replay:Bronze Core","downfall:HeartBlessingGreen","Sundial","CeramicFish","ReplayTheSpireMod:Ring of Collecting","Ring of Hypnosis"],"acts_visited":["Exordium","TheCity"],"potions_floor_usage":[12,16,28],"damage_taken":[{"damage":15,"enemies":"Small Slimes","floor":2,"turns":4},{"damage":16,"enemies":"Cultist","floor":3,"turns":4},{"damage":17,"enemies":"downfall:FleeingMerchant","floor":5,"turns":4},{"damage":9,"enemies":"2 Louse","floor":8,"turns":3},{"damage":44,"enemies":"Gremlin Nob","floor":9,"turns":4},{"damage":12,"enemies":"Exordium Thugs","floor":10,"turns":4},{"damage":6,"enemies":"Red Slaver","floor":11,"turns":3},{"damage":33,"enemies":"3 Sentries","floor":12,"turns":8},{"damage":18,"enemies":"downfall:FleeingMerchant","floor":13,"turns":4},{"damage":27,"enemies":"3 Sentries","floor":14,"turns":5},{"damage":12,"enemies":"3 Louse","floor":15,"turns":3},{"damage":33,"enemies":"downfall:Ironclad","floor":16,"turns":7},{"damage":50,"enemies":"Chosen","floor":19,"turns":5},{"damage":54,"enemies":"3 Byrds","floor":20,"turns":5},{"damage":40,"enemies":"Snecko","floor":22,"turns":6},{"damage":56,"enemies":"3 Cultists","floor":25,"turns":5},{"damage":58,"enemies":"Slavers","floor":28,"turns":6},{"damage":55,"enemies":"Centurion and Healer","floor":31,"turns":5}],"seed_played":"-8474180114524178523","potions_obtained":[{"floor":3,"key":"Strength Potion"},{"floor":9,"key":"Ancient Potion"},{"floor":10,"key":"DistilledChaos"},{"floor":14,"key":"AttackPotion"},{"floor":15,"key":"LifebloodPotion"},{"floor":20,"key":"SteroidPotion"},{"floor":22,"key":"ColorlessPotion"},{"floor":27,"key":"CultistPotion"},{"floor":28,"key":"Reflective Coating"}],"is_trial":false,"path_per_floor":["R","M","M","?","$","R","T","M","E","M","M","?","$","E","M","B",null,"R","M","M","?","M","R","T","M","R","?","E","?","?","M"],"character_chosen":"THE_CHAMP","items_purchased":["champ:StanceDance","champ:PerfectedStrike","MerchantsRug"],"campfire_rested":2,"item_purchase_floors":[5,5,13],"current_hp_per_floor":[99,94,88,88,83,83,83,79,55,50,49,34,31,24,19,6,104,104,87,54,54,32,63,63,48,79,79,50,50,50,0,0,0],"gold":335,"neow_bonus":"TEN_PERCENT_HP_BONUS","is_daily":false,"chose_seed":false,"campfire_upgraded":2,"win_rate":0.0,"timestamp":1610377251,"path_taken":["R","M","M","?","$","R","T","M","E","?","M","?","?","E","M","BOSS","R","M","M","?","M","R","T","?","R","?","E","?","?","M"],"items_purchased_type":["Card","Card","Relic"],"build_version":"2020-12-22","purchased_purges":0,"victory":false,"max_hp_per_floor":[99,99,99,99,99,99,99,99,99,99,99,104,104,104,104,104,104,104,104,104,104,104,104,104,104,104,104,104,104,104,104,104,104],"card_choices":[{"not_picked":["champ:FightOn","champ:ShieldWall"],"picked":"champ:IronFortress","floor":2},{"not_picked":["champ:FaceSlap","champ:BladeFlurry"],"picked":"champ:BerserkerStyle","floor":3},{"not_picked":["champ:Backstep","champ:RapidStrikes"],"picked":"champ:RecklessLeap","floor":5},{"not_picked":["champ:DefensiveStyle","champ:Haymaker"],"picked":"champ:BerserkerStyle","floor":8},{"not_picked":["champ:Backstep","champ:EndlessRage"],"picked":"champ:Duel","floor":9},{"not_picked":["champ:FlashCut","champ:SkillfulDodge"],"picked":"champ:BringItOn","floor":10},{"not_picked":["champ:SkillfulDodge","champ:FaceSlap"],"picked":"champ:RisingSlash","floor":11},{"not_picked":["champ:BerserkersShout","champ:GutPunch"],"picked":"champ:PerfectedStrike","floor":12},{"not_picked":["champ:BerserkersShout","champ:IgnorePain"],"picked":"champ:GladiatorsShout","floor":13},{"not_picked":["champ:GutPunch","champ:IronFortress"],"picked":"champ:HeavySlash","floor":14},{"not_picked":["champ:Duel","champ:FocusedDefense"],"picked":"champ:DeathBlow","floor":15},{"not_picked":["champ:HoldFirm","champ:Improvising"],"picked":"champ:StrikeOfGenius","floor":16},{"not_picked":["champ:AdrenalArmor","champ:Circumvent"],"picked":"champ:FlashCut","floor":19},{"not_picked":["champ:Shatter","champ:FalseCounter"],"picked":"champ:GladiatorsShout","floor":20},{"not_picked":["champ:DefensiveShout","champ:DefensiveStyle+1"],"picked":"champ:BerserkersShout","floor":22},{"not_picked":["champ:FocusedDefense+1","champ:TornadoPunch"],"picked":"champ:AdrenalArmor+1","floor":25},{"not_picked":["champ:RisingSlash+1","champ:Backstep"],"picked":"champ:FocusedGladiator+1","floor":28}],"player_experience":921544,"relics_obtained":[{"floor":1,"key":"Gremlin Food"},{"floor":7,"key":"War Paint"},{"floor":9,"key":"champ:DefensiveTrainingManual"},{"floor":12,"key":"Durian"},{"floor":14,"key":"Simple Rune"},{"floor":24,"key":"Sundial"},{"floor":28,"key":"CeramicFish"},{"floor":29,"key":"ReplayTheSpireMod:Ring of Collecting"},{"floor":29,"key":"Ring of Hypnosis"}],"event_choices":[{"damage_healed":0,"gold_gain":0,"cards_transformed":["champ:Defend"],"player_choice":"Transformed","damage_taken":0,"max_hp_gain":0,"max_hp_loss":0,"event_name":"Transmorgrifier","floor":4,"gold_loss":0,"cards_obtained":["champ:DefensiveStyle"]},{"damage_healed":0,"gold_gain":0,"player_choice":"Copied","damage_taken":0,"max_hp_gain":0,"max_hp_loss":0,"event_name":"Duplicator","floor":21,"gold_loss":0,"cards_obtained":["champ:StrikeOfGenius"]}],"is_beta":false,"boss_relics":[{"not_picked":["SacredBark","Coffee Dripper"],"picked":"Replay:Bronze Core"}],"items_purged_floors":[],"is_endless":false,"potions_floor_spawned":[3,9,10,11,14,15,20,22,28],"killed_by":"Centurion and Healer","ascension_level":0}}