{"host":"11728qvdvolffudn","time":1610366859,"event":{"mods":["BaseMod","Block Reminder","Colored Powertips","Curses Come First","Custom Start","Displayed Cursed Tome","Highlight Path","Minty Spire (QoL Compilation)","Permanent Neow","Quick Restart","Rare Cards Sparkle","Relic Stats","StSLib"],"gold_per_floor":[111,111,124,144,144,144,66,66,90,90,68,94,104,104,104,223,223,243,158,91,115,76,76,117,117],"floor_reached":24,"playtime":1435,"items_purged":[],"score":202,"play_id":"3b453980-b1fb-4512-8c37-0005d47cedb0","local_time":"20210111120739","is_ascension_mode":false,"campfire_choices":[{"floor":6,"key":"REST"},{"data":"Sunder","floor":8,"key":"SMITH"},{"data":"Zap","floor":10,"key":"SMITH"},{"floor":15,"key":"REST"},{"data":"Defragment","floor":23,"key":"SMITH"}],"circlet_count":0,"master_deck":["Strike_B+1","Strike_B","Strike_B","Strike_B","Defend_B+1","Defend_B","Defend_B","Defend_B","Zap+1","Dualcast","Rainbow+1","Go for the Eyes","BootSequence","Sunder+1","Go for the Eyes","Coolheaded","Rainbow","Go for the Eyes+1","Defragment+1","Beam Cell","BootSequence"],"relics":["Cracked Core","Ancient Tea Set","Nunchaku","Golden Idol","Runic Dome","Question Card","Bag of Preparation"],"acts_visited":["Exordium","TheCity"],"potions_floor_usage":[16,16],"damage_taken":[{"damage":1,"enemies":"2 Louse","floor":1,"turns":2},{"damage":0,"enemies":"Small Slimes","floor":3,"turns":3},{"damage":1,"enemies":"Jaw Worm","floor":4,"turns":3},{"damage":0,"enemies":"Lots of Slimes","floor":13,"turns":3},{"damage":27,"enemies":"Slime Boss","floor":16,"turns":12},{"damage":0,"enemies":"3 Byrds","floor":18,"turns":3},{"damage":5,"enemies":"2 Thieves","floor":21,"turns":4},{"damage":11,"enemies":"Book of Stabbing","floor":24,"turns":5}],"seed_played":"8758984609118557439","potions_obtained":[{"floor":1,"key":"FearPotion"},{"floor":4,"key":"AttackPotion"},{"floor":18,"key":"FocusPotion"},{"floor":21,"key":"BlessingOfTheForge"}],"is_trial":false,"path_per_floor":["M","?","M","M","?","R","$","R","T","R","$","T","M","?","R","B",null,"M","?","$","M","$","R","E"],"character_chosen":"DEFECT","items_purchased":["Sunder","Go for the Eyes","Defragment","BootSequence"],"campfire_rested":2,"item_purchase_floors":[7,11,20,22],"current_hp_per_floor":[53,38,38,37,37,59,59,59,59,59,59,59,59,41,63,36,75,75,75,75,70,70,70,59,59],"gold":117,"neow_bonus":"THREE_RARE_CARDS","is_daily":false,"chose_seed":false,"campfire_upgraded":3,"win_rate":0.0,"timestamp":1610366859,"path_taken":["M","?","M","M","?","R","$","R","T","R","$","?","?","?","R","BOSS","M","?","$","M","$","R","E"],"items_purchased_type":["Card","Card","Card","Card"],"build_version":"2020-12-22","purchased_purges":0,"victory":false,"max_hp_per_floor":[75,75,75,75,75,75,75,75,75,75,75,75,75,75,75,75,75,75,75,75,75,75,75,75,75],"relic_stats":{"Nunchaku":[4],"counters":[8,35],"Golden Idol":41,"Bag of Preparation":[0],"Question Card":2,"obtain_stats":[{"Runic Dome":17,"Nunchaku":12,"Golden Idol":14,"Bag of Preparation":24,"Cracked Core":0,"Ancient Tea Set":9,"Question Card":19},{"Runic Dome":5,"Nunchaku":3,"Golden Idol":4,"Bag of Preparation":8,"Cracked Core":0,"Ancient Tea Set":3,"Question Card":6},{"Runic Dome":23,"Nunchaku":8,"Golden Idol":11,"Bag of Preparation":35,"Cracked Core":0,"Ancient Tea Set":8,"Question Card":26}]},"card_choices":[{"not_picked":["Meteor Strike","Core Surge"],"picked":"Rainbow","floor":0},{"not_picked":["Tempest","Beam Cell"],"picked":"Go for the Eyes","floor":1},{"not_picked":["White Noise","Sweeping Beam"],"picked":"BootSequence","floor":3},{"not_picked":["Stack","Steam","Loop"],"picked":"SKIP","floor":4},{"not_picked":["Turbo","Barrage"],"picked":"Coolheaded","floor":13},{"not_picked":["Echo Form","Buffer"],"picked":"Rainbow","floor":16},{"not_picked":["Coolheaded","Turbo"],"picked":"Go for the Eyes+1","floor":18},{"not_picked":["Turbo","Streamline","Hello World"],"picked":"Beam Cell","floor":21}],"player_experience":98876,"relics_obtained":[{"floor":9,"key":"Ancient Tea Set"},{"floor":12,"key":"Nunchaku"},{"floor":24,"key":"Bag of Preparation"}],"event_choices":[{"damage_healed":0,"gold_gain":0,"player_choice":"Entered Light","damage_taken":15,"max_hp_gain":0,"max_hp_loss":0,"event_name":"Shining Light","floor":2,"gold_loss":0,"cards_upgraded":["Defend_B","Strike_B"]},{"damage_healed":0,"gold_gain":0,"player_choice":"Grow","damage_taken":0,"max_hp_gain":0,"max_hp_loss":0,"event_name":"Living Wall","floor":5,"gold_loss":0,"cards_upgraded":["Rainbow"]},{"damage_healed":0,"gold_gain":0,"player_choice":"Take Damage","damage_taken":18,"relics_obtained":["Golden Idol"],"max_hp_gain":0,"max_hp_loss":0,"event_name":"Golden Idol","floor":14,"gold_loss":0},{"damage_healed":0,"gold_gain":0,"player_choice":"Obtained Relic","damage_taken":0,"relics_obtained":["Question Card"],"max_hp_gain":0,"max_hp_loss":0,"event_name":"Addict","floor":19,"gold_loss":85}],"is_beta":false,"boss_relics":[{"not_picked":["Empty Cage","Coffee Dripper"],"picked":"Runic Dome"}],"items_purged_floors":[],"is_endless":false,"potions_floor_spawned":[1,4,18,21],"killed_by":"Book of Stabbing","ascension_level":0}}