{"host":"uv231blk40vjdojr","time":1610371996,"event":{"mods":["AchievementEnabler","BaseMod","Bestiary","Minty Spire (QoL Compilation)","Relic Stats"],"gold_per_floor":[109,129,147,72,92,92,110,138,138,149,49,71,71,91,91,195,195,213,213,213,413,423,423,423,423,423,423,449,16,16,26,26,131,131,147,197,197,197,47,47,66,66,66,17,31,31,0,10,10,10],"floor_reached":51,"playtime":2021,"items_purged":["Strike_B","Strike_B","Strike_B","Defend_B"],"score":813,"play_id":"4e9b33de-d424-425b-aa72-e5c0d460601f","local_time":"20210111143316","is_ascension_mode":false,"campfire_choices":[{"data":"Dualcast","floor":6.0,"key":"SMITH"},{"floor":15.0,"key":"REST"},{"floor":23.0,"key":"REST"},{"floor":27.0,"key":"REST"},{"data":"Zap","floor":30.0,"key":"SMITH"},{"floor":32.0,"key":"REST"},{"data":"Strike_B","floor":40.0,"key":"PURGE"},{"data":"Multi-Cast","floor":42.0,"key":"PURGE"},{"data":"Go for the Eyes","floor":46.0,"key":"PURGE"},{"data":"Defend_B","floor":49,"key":"PURGE"}],"circlet_count":0,"master_deck":["Defend_B","Zap+1","Dualcast+1","Hello World","Gash"],"relics":["Cracked Core","MealTicket","Oddly Smooth Stone","Odd Mushroom","Omamori","SacredBark","Pantograph","Necronomicon","InkBottle","Ornamental Fan","Strawberry","Letter Opener","SlaversCollar","Peace Pipe","FossilizedHelix","Red Mask"],"acts_visited":["Exordium","TheCity","TheBeyond"],"potions_floor_usage":[48,50,50],"damage_taken":[{"damage":4.0,"enemies":"Cultist","floor":1.0,"turns":3.0},{"damage":5.0,"enemies":"Small Slimes","floor":2.0,"turns":3.0},{"damage":1.0,"enemies":"Jaw Worm","floor":3.0,"turns":3.0},{"damage":7.0,"enemies":"Blue Slaver","floor":5.0,"turns":4.0},{"damage":0.0,"enemies":"Large Slime","floor":7.0,"turns":4.0},{"damage":19.0,"enemies":"Lagavulin","floor":8.0,"turns":6.0},{"damage":7.0,"enemies":"Red Slaver","floor":10.0,"turns":3.0},{"damage":12.0,"enemies":"The Mushroom Lair","floor":12.0,"turns":5.0},{"damage":10.0,"enemies":"Looter","floor":14.0,"turns":3.0},{"damage":10.0,"enemies":"The Guardian","floor":16.0,"turns":13.0},{"damage":20.0,"enemies":"Spheric Guardian","floor":18.0,"turns":6.0},{"damage":18.0,"enemies":"Shell Parasite","floor":22.0,"turns":7.0},{"damage":33.0,"enemies":"Slavers","floor":28.0,"turns":5.0},{"damage":10.0,"enemies":"Centurion and Healer","floor":31.0,"turns":5.0},{"damage":26.0,"enemies":"Collector","floor":33.0,"turns":9.0},{"damage":14.0,"enemies":"3 Darklings","floor":35.0,"turns":5.0},{"damage":2.0,"enemies":"Mind Bloom Boss Battle","floor":36.0,"turns":7.0},{"damage":22.0,"enemies":"Orb Walker","floor":41.0,"turns":5.0},{"damage":0.0,"enemies":"Transient","floor":45.0,"turns":5.0},{"damage":24,"enemies":"Spire Growth","floor":48,"turns":5},{"damage":54,"enemies":"Awakened One","floor":50,"turns":9}],"seed_played":"-3534573030997880317","potions_obtained":[{"floor":3.0,"key":"Block Potion"},{"floor":5.0,"key":"LiquidMemories"},{"floor":7.0,"key":"LiquidBronze"},{"floor":8.0,"key":"DuplicationPotion"},{"floor":18.0,"key":"Dexterity Potion"},{"floor":28.0,"key":"AttackPotion"},{"floor":31.0,"key":"Swift Potion"},{"floor":33.0,"key":"DistilledChaos"},{"floor":36.0,"key":"SpeedPotion"}],"is_trial":false,"path_per_floor":["M","M","M","$","M","R","M","E","T","M","$","?","?","M","R","B",null,"M","?","?","?","M","R","?","T","T","R","E","$","R","M","R","B",null,"M","?","?","?","$","R","M","R","T","$","M","R","?","M","R","B",null],"character_chosen":"DEFECT","items_purchased":["Letter Opener","BlessingOfTheForge","SkillPotion"],"campfire_rested":4,"item_purchase_floors":[29,29,44],"current_hp_per_floor":[71,66,65,65,58,58,58,39,39,32,47,35,32,22,44,34,75,55,55,39,39,21,43,43,43,43,65,39,54,54,44,68,56,82,68,80,78,78,78,78,56,56,56,71,71,71,71,47,47,18],"gold":10,"neow_bonus":"TRANSFORM_CARD","is_daily":false,"chose_seed":false,"campfire_upgraded":2,"win_rate":0.0,"timestamp":1610371996,"path_taken":["M","M","M","$","M","R","M","E","T","M","$","?","?","M","R","BOSS","M","?","?","?","?","R","?","?","T","R","E","$","R","M","R","BOSS","M","?","?","?","$","R","M","R","T","$","M","R","?","M","R","BOSS"],"items_purchased_type":["Relic","Potion","Potion"],"build_version":"2020-12-22","purchased_purges":4,"victory":true,"max_hp_per_floor":[75,75,75,75,75,75,75,75,75,75,75,75,75,75,75,75,75,75,75,75,75,75,75,75,75,75,75,82,82,82,82,82,82,82,82,82,78,78,78,78,78,78,78,78,78,78,78,78,78,78],"relic_stats":{"Peace Pipe":4,"counters":[21,115],"Ornamental Fan":[128],"Pantograph":53,"MealTicket":45,"Necronomicon":[8],"Letter Opener":[222],"obtain_stats":[{"SacredBark":17,"Oddly Smooth Stone":9,"Omamori":13,"Letter Opener":29,"Odd Mushroom":12,"Peace Pipe":36,"SlaversCollar":34,"Ornamental Fan":26,"Pantograph":19,"Strawberry":28,"MealTicket":8,"Necronomicon":20,"Red Mask":47,"Cracked Core":0,"InkBottle":25,"FossilizedHelix":43},{"SacredBark":10,"Oddly Smooth Stone":6,"Omamori":8,"Letter Opener":13,"Odd Mushroom":8,"Peace Pipe":17,"SlaversCollar":15,"Ornamental Fan":12,"Pantograph":11,"Strawberry":13,"MealTicket":6,"Necronomicon":11,"Red Mask":19,"Cracked Core":0,"InkBottle":12,"FossilizedHelix":18},{"SacredBark":47,"Oddly Smooth Stone":23,"Omamori":31,"Letter Opener":65,"Odd Mushroom":31,"Peace Pipe":91,"SlaversCollar":79,"Ornamental Fan":60,"Pantograph":53,"Strawberry":65,"MealTicket":23,"Necronomicon":53,"Red Mask":101,"Cracked Core":0,"InkBottle":60,"FossilizedHelix":96}],"InkBottle":[30]},"card_choices":[{"not_picked":["Redo","Turbo","Leap"],"picked":"SKIP","floor":1.0},{"not_picked":["Ball Lightning","Cold Snap","Turbo"],"picked":"SKIP","floor":2.0},{"not_picked":["Beam Cell","Ball Lightning","Steam"],"picked":"SKIP","floor":3.0},{"not_picked":["Stack","Ball Lightning","Doom and Gloom"],"picked":"SKIP","floor":5.0},{"not_picked":["Beam Cell","Go for the Eyes"],"picked":"Multi-Cast","floor":7.0},{"not_picked":["Streamline","Recycle","Coolheaded"],"picked":"SKIP","floor":8.0},{"not_picked":["Rebound","White Noise"],"picked":"Hello World","floor":10.0},{"not_picked":["Leap","Rip and Tear"],"picked":"Gash","floor":12.0},{"not_picked":["Defragment","Rebound","Beam Cell"],"picked":"SKIP","floor":14.0},{"not_picked":["Barrage","Sunder","Tempest"],"picked":"SKIP","floor":18.0},{"not_picked":["Defragment","Ball Lightning","Redo+1"],"picked":"SKIP","floor":22.0},{"not_picked":["Defragment","Cold Snap","Consume+1"],"picked":"SKIP","floor":28.0},{"not_picked":["Stack","Glacier","Force Field+1"],"picked":"SKIP","floor":31.0},{"not_picked":["Redo+1","Streamline+1","Rebound+1"],"picked":"SKIP","floor":35.0},{"not_picked":["Tempest+1","Conserve Battery","Rebound"],"picked":"SKIP","floor":41.0},{"not_picked":["Hologram+1","Glacier","Undo"],"picked":"SKIP","floor":45.0},{"not_picked":["Amplify","Self Repair","Go for the Eyes+1"],"picked":"SKIP","floor":48}],"player_experience":653353,"relics_obtained":[{"floor":8.0,"key":"MealTicket"},{"floor":9.0,"key":"Oddly Smooth Stone"},{"floor":12.0,"key":"Odd Mushroom"},{"floor":20.0,"key":"Necronomicon"},{"floor":25.0,"key":"InkBottle"},{"floor":26.0,"key":"Ornamental Fan"},{"floor":28.0,"key":"Strawberry"},{"floor":36.0,"key":"Peace Pipe"},{"floor":43.0,"key":"FossilizedHelix"}],"event_choices":[{"damage_healed":0.0,"max_hp_gain":0.0,"max_hp_loss":0.0,"gold_gain":0.0,"event_name":"Mushrooms","player_choice":"Fought Mushrooms","floor":12.0,"gold_loss":0.0,"damage_taken":0.0},{"damage_healed":0.0,"max_hp_gain":0.0,"max_hp_loss":0.0,"gold_gain":0.0,"event_name":"Scrap Ooze","player_choice":"Success","floor":13.0,"gold_loss":0.0,"damage_taken":3.0,"relics_obtained":["Omamori"]},{"damage_healed":0.0,"max_hp_gain":0.0,"max_hp_loss":0.0,"gold_gain":0.0,"event_name":"The Mausoleum","player_choice":"Opened","floor":19.0,"gold_loss":0.0,"damage_taken":0.0,"relics_obtained":["Pantograph"],"cards_obtained":["Writhe"]},{"damage_healed":0.0,"max_hp_gain":0.0,"max_hp_loss":0.0,"gold_gain":0.0,"event_name":"Cursed Tome","player_choice":"Obtained Book","floor":20.0,"gold_loss":0.0,"damage_taken":16.0},{"damage_healed":0.0,"max_hp_gain":0.0,"max_hp_loss":0.0,"gold_gain":250.0,"event_name":"The Joust","player_choice":"Bet on Owner","floor":21.0,"gold_loss":50.0,"damage_taken":0.0},{"damage_healed":0.0,"max_hp_gain":0.0,"max_hp_loss":0.0,"gold_gain":0.0,"event_name":"Ghosts","player_choice":"Ignored","floor":24.0,"gold_loss":0.0,"damage_taken":0.0},{"damage_healed":0.0,"max_hp_gain":0.0,"max_hp_loss":0.0,"gold_gain":0.0,"event_name":"MindBloom","player_choice":"Fight","floor":36.0,"gold_loss":0.0,"damage_taken":0.0},{"damage_healed":0.0,"max_hp_gain":0.0,"max_hp_loss":4.0,"gold_gain":0.0,"event_name":"Winding Halls","player_choice":"Max HP","floor":37.0,"gold_loss":0.0,"damage_taken":0.0},{"damage_healed":0.0,"max_hp_gain":0.0,"max_hp_loss":0.0,"gold_gain":0.0,"event_name":"SensoryStone","player_choice":"Memory 1","floor":38.0,"gold_loss":0.0,"damage_taken":0.0},{"damage_healed":0.0,"max_hp_gain":0.0,"max_hp_loss":0.0,"gold_gain":0.0,"event_name":"Tomb of Lord Red Mask","player_choice":"Paid","floor":47.0,"gold_loss":31.0,"damage_taken":0.0,"relics_obtained":["Red Mask"]}],"is_beta":false,"boss_relics":[{"not_picked":["Runic Pyramid","Velvet Choker"],"picked":"SacredBark"},{"not_picked":["Nuclear Battery","Inserter"],"picked":"SlaversCollar"}],"items_purged_floors":[4,11,29,39],"is_endless":false,"potions_floor_spawned":[3,5,7,8,14,18,28,31,33,36,45],"ascension_level":0}}