{"host":"kh6fvhxn285ncg0o","time":1610376590,"event":{"mods":["Act Like it!","BaseMod","Colored Map","Friendly Minions","Keyboard Shortcuts","Minty Spire (QoL Compilation)","Quick Restart","Relic Stats","StSLib","SuperFastMode"],"gold_per_floor":[118,31,31,31,31,31,65,83,110,110,125,8,8,51,51,141,141,166,441,14,32,45,84,84,117,144,162,186,226,278,316,316,410,410,428,428,105,120,140,175,175,216,241,266,300,300,323,361,361,361,361,361,361,15,50,50],"floor_reached":57,"playtime":2072,"items_purged":["Strike_R","Regret","Strike_R"],"score":3137,"play_id":"b855cda4-38f1-442c-9803-b6e15f513231","local_time":"20210111234950","is_ascension_mode":true,"campfire_choices":[{"data":"Bash","floor":6.0,"key":"SMITH"},{"data":"Fire Breathing","floor":10.0,"key":"SMITH"},{"data":"Offering","floor":13.0,"key":"SMITH"},{"data":"Dual Wield","floor":15.0,"key":"SMITH"},{"floor":32.0,"key":"REST"},{"data":"Body Slam","floor":41.0,"key":"SMITH"},{"floor":49,"key":"RECALL"},{"data":"Dark Embrace","floor":53,"key":"SMITH"}],"circlet_count":0,"master_deck":["AscendersBane","Strike_R","Strike_R","Defend_R","Defend_R","Defend_R","Defend_R","Bash+1","Battle Trance","Offering+1","Fire Breathing+1","Dark Embrace+1","Dual Wield+1","Second Wind","Immolate","Seeing Red","Shrug It Off","Decay","Fiend Fire","Entrench","Feed","Reckless Charge","Body Slam+1","Burning Pact","Shrug It Off+1"],"relics":["Burning Blood","NeowsBlessing","Golden Idol","Toy Ornithopter","Nunchaku","HornCleat","Mark of Pain","Art of War","Bronze Scales","Pen Nib","Lantern","MealTicket","Girya","Omamori","Coffee Dripper","Bag of Preparation","ClockworkSouvenir","Akabeko","Gremlin Horn","Boot","Vajra","WarpedTongs","Centennial Puzzle","Bottled Lightning"],"acts_visited":["Exordium","TheCity","TheBeyond","TheEnding"],"potions_floor_usage":[50,51,55,56],"damage_taken":[{"damage":0.0,"enemies":"Jaw Worm","floor":1.0,"turns":1.0},{"damage":0.0,"enemies":"Lagavulin","floor":7.0,"turns":1.0},{"damage":0.0,"enemies":"2 Louse","floor":8.0,"turns":1.0},{"damage":3.0,"enemies":"Small Slimes","floor":11.0,"turns":4.0},{"damage":17.0,"enemies":"Gremlin Nob","floor":14.0,"turns":3.0},{"damage":23.0,"enemies":"Hexaghost","floor":16.0,"turns":8.0},{"damage":6.0,"enemies":"Chosen","floor":18.0,"turns":3.0},{"damage":23.0,"enemies":"2 Thieves","floor":21.0,"turns":2.0},{"damage":6.0,"enemies":"Cultist and Chosen","floor":22.0,"turns":4.0},{"damage":32.0,"enemies":"Slavers","floor":23.0,"turns":2.0},{"damage":14.0,"enemies":"Gremlin Leader","floor":25.0,"turns":5.0},{"damage":0.0,"enemies":"3 Cultists","floor":27.0,"turns":3.0},{"damage":20.0,"enemies":"Snake Plant","floor":28.0,"turns":3.0},{"damage":13.0,"enemies":"Book of Stabbing","floor":29.0,"turns":3.0},{"damage":14.0,"enemies":"Gremlin Leader","floor":31.0,"turns":3.0},{"damage":26.0,"enemies":"Automaton","floor":33.0,"turns":6.0},{"damage":0.0,"enemies":"3 Shapes","floor":35.0,"turns":6.0},{"damage":6.0,"enemies":"3 Darklings","floor":38.0,"turns":2.0},{"damage":29.0,"enemies":"Maw","floor":39.0,"turns":6.0},{"damage":11.0,"enemies":"Nemesis","floor":40.0,"turns":5.0},{"damage":19.0,"enemies":"Reptomancer","floor":42.0,"turns":3.0},{"damage":10.0,"enemies":"Transient","floor":44.0,"turns":6.0},{"damage":6.0,"enemies":"Nemesis","floor":45.0,"turns":1.0},{"damage":17,"enemies":"4 Shapes","floor":47,"turns":8},{"damage":10,"enemies":"Giant Head","floor":48,"turns":4},{"damage":56,"enemies":"Donu and Deca","floor":50,"turns":6},{"damage":36,"enemies":"Awakened One","floor":51,"turns":11},{"damage":6,"enemies":"Shield and Spear","floor":55,"turns":3},{"damage":78,"enemies":"The Heart","floor":56,"turns":7}],"seed_played":"1466126655614031131","potions_obtained":[{"floor":1.0,"key":"Dexterity Potion"},{"floor":7.0,"key":"ColorlessPotion"},{"floor":14.0,"key":"BloodPotion"},{"floor":21.0,"key":"SkillPotion"},{"floor":25.0,"key":"Explosive Potion"},{"floor":29.0,"key":"Ancient Potion"},{"floor":33.0,"key":"Explosive Potion"},{"floor":40.0,"key":"Strength Potion"},{"floor":42.0,"key":"SpeedPotion"},{"floor":44.0,"key":"Dexterity Potion"},{"floor":48,"key":"BloodPotion"}],"is_trial":false,"path_per_floor":["M","$","?","?","?","R","E","M","T","R","M","$","R","E","R","B",null,"M","?","$","M","M","E","?","E","T","M","M","E","T","E","R","B",null,"M","?","$","M","M","E","R","E","T","M","E","?","M","E","R","B","B",null,"R","$","E","B",null],"character_chosen":"IRONCLAD","items_purchased":["Offering","Dual Wield","Art of War","Bronze Scales","Bag of Preparation","ClockworkSouvenir","Burning Pact","Swift Potion","LiquidBronze"],"campfire_rested":1,"item_purchase_floors":[2,12,20,20,37,37,54,54,54],"current_hp_per_floor":[74,74,67,72,44,44,50,56,56,56,59,59,59,53,53,36,69,69,69,69,73,73,52,52,44,44,50,41,34,34,31,55,35,69,84,89,89,89,69,69,69,64,64,60,60,60,57,53,53,31,12,87,87,102,107,40],"gold":50,"neow_bonus":"THREE_ENEMY_KILL","is_daily":false,"chose_seed":false,"campfire_upgraded":6,"win_rate":0.0,"timestamp":1610376590,"path_taken":["M","$","?","?","?","R","E","M","T","R","?","?","R","E","R","BOSS","M","?","?","M","M","E","?","E","T","?","M","E","?","E","R","BOSS","M","?","$","M","M","E","R","E","T","M","E","?","M","E","R","BOSS","BOSS","R","$","E","BOSS"],"items_purchased_type":["Card","Card","Relic","Relic","Relic","Relic","Card","Potion","Potion"],"build_version":"2020-12-22","purchased_purges":3,"victory":true,"max_hp_per_floor":[75,75,75,80,80,80,80,80,80,80,80,80,80,80,80,80,80,80,80,80,80,80,80,80,80,80,80,80,80,80,80,80,80,80,89,89,89,89,92,92,92,95,95,95,95,95,103,103,103,106,112,112,112,112,112,112],"relic_stats":{"Gremlin Horn":[7,8],"counters":[29,120],"Golden Idol":225,"Pen Nib":[18],"Bag of Preparation":[24],"Boot":[3],"Burning Blood":174,"WarpedTongs":[36],"Nunchaku":[22],"Centennial Puzzle":[12],"Bronze Scales":[331],"MealTicket":15,"Art of War":[16],"obtain_stats":[{"Girya":29,"Lantern":25,"NeowsBlessing":0,"Gremlin Horn":42,"Golden Idol":5,"Vajra":45,"Pen Nib":23,"Omamori":31,"Bag of Preparation":37,"Boot":43,"Burning Blood":0,"Akabeko":40,"ClockworkSouvenir":37,"WarpedTongs":46,"Nunchaku":9,"Centennial Puzzle":48,"HornCleat":14,"Bronze Scales":20,"MealTicket":26,"Mark of Pain":17,"Art of War":20,"Coffee Dripper":34,"Bottled Lightning":55,"Toy Ornithopter":7},{"Girya":14,"Lantern":11,"NeowsBlessing":0,"Gremlin Horn":21,"Golden Idol":1,"Vajra":23,"Pen Nib":10,"Omamori":15,"Bag of Preparation":17,"Boot":21,"Burning Blood":0,"Akabeko":20,"ClockworkSouvenir":17,"WarpedTongs":23,"Nunchaku":3,"Centennial Puzzle":25,"HornCleat":5,"Bronze Scales":7,"MealTicket":11,"Mark of Pain":6,"Art of War":7,"Coffee Dripper":16,"Bottled Lightning":28,"Toy Ornithopter":2},{"Girya":43,"Lantern":34,"NeowsBlessing":0,"Gremlin Horn":74,"Golden Idol":1,"Vajra":81,"Pen Nib":29,"Omamori":46,"Bag of Preparation":58,"Boot":74,"Burning Blood":0,"Akabeko":71,"ClockworkSouvenir":58,"WarpedTongs":81,"Nunchaku":3,"Centennial Puzzle":93,"HornCleat":10,"Bronze Scales":21,"MealTicket":34,"Mark of Pain":18,"Art of War":21,"Coffee Dripper":52,"Bottled Lightning":113,"Toy Ornithopter":2}],"Toy Ornithopter":55},"card_choices":[{"not_picked":["Dark Embrace","Armaments"],"picked":"Battle Trance","floor":1.0},{"not_picked":["Impervious","Twin Strike"],"picked":"Fire Breathing","floor":7.0},{"not_picked":["Body Slam","Bloodletting"],"picked":"Dark Embrace","floor":8.0},{"not_picked":["Intimidate","Dark Embrace","Twin Strike"],"picked":"SKIP","floor":11.0},{"not_picked":["Immolate","Intimidate"],"picked":"Second Wind","floor":14.0},{"not_picked":["Corruption","Impervious"],"picked":"Immolate","floor":16.0},{"not_picked":["Flex","Headbutt"],"picked":"Seeing Red","floor":18.0},{"not_picked":["Heavy Blade","True Grit"],"picked":"Shrug It Off","floor":21.0},{"not_picked":["Armaments","True Grit","Pommel Strike"],"picked":"SKIP","floor":22.0},{"not_picked":["Pommel Strike","Twin Strike","Anger"],"picked":"SKIP","floor":23.0},{"not_picked":["Dropkick+1","Entrench"],"picked":"Fiend Fire","floor":25.0},{"not_picked":["Inflame","True Grit","Perfected Strike"],"picked":"SKIP","floor":27.0},{"not_picked":["Metallicize","Sentinel","Headbutt+1"],"picked":"SKIP","floor":28.0},{"not_picked":["Dropkick","Bloodletting"],"picked":"Entrench","floor":29.0},{"not_picked":["Iron Wave","Pommel Strike","Wild Strike"],"picked":"SKIP","floor":31.0},{"not_picked":["Iron Wave","Pommel Strike","Wild Strike"],"picked":"SKIP","floor":31.0},{"not_picked":["Reaper","Corruption"],"picked":"Feed","floor":33.0},{"not_picked":["Clothesline+1","Anger","Ghostly Armor"],"picked":"SKIP","floor":35.0},{"not_picked":["Blood for Blood","Pommel Strike","Thunderclap+1"],"picked":"SKIP","floor":38.0},{"not_picked":["Sword Boomerang+1","Clash"],"picked":"Reckless Charge","floor":39.0},{"not_picked":["Impervious","Armaments"],"picked":"Body Slam","floor":40.0},{"not_picked":["Fire Breathing","Whirlwind","Second Wind"],"picked":"SKIP","floor":42.0},{"not_picked":["Searing Blow+1","Shrug It Off","Sword Boomerang+1"],"picked":"SKIP","floor":44.0},{"not_picked":["Searing Blow+1","Shrug It Off","Sword Boomerang+1"],"picked":"SKIP","floor":44.0},{"not_picked":["Dropkick","Clash","Juggernaut"],"picked":"SKIP","floor":45.0},{"not_picked":["Twin Strike","Pommel Strike","Flex"],"picked":"SKIP","floor":47},{"not_picked":["Shrug It Off","Clothesline","Flex"],"picked":"SKIP","floor":48},{"not_picked":["Dual Wield","Headbutt+1"],"picked":"Shrug It Off+1","floor":55}],"player_experience":3420047,"relics_obtained":[{"floor":7.0,"key":"Toy Ornithopter"},{"floor":9.0,"key":"Nunchaku"},{"floor":14.0,"key":"HornCleat"},{"floor":23.0,"key":"Pen Nib"},{"floor":25.0,"key":"Lantern"},{"floor":26.0,"key":"MealTicket"},{"floor":29.0,"key":"Girya"},{"floor":31.0,"key":"Omamori"},{"floor":40.0,"key":"Akabeko"},{"floor":42.0,"key":"Gremlin Horn"},{"floor":43.0,"key":"Boot"},{"floor":45.0,"key":"Vajra"},{"floor":48,"key":"Centennial Puzzle"},{"floor":55,"key":"Bottled Lightning"}],"event_choices":[{"cards_removed":["Strike_R"],"damage_healed":0.0,"max_hp_gain":0.0,"max_hp_loss":0.0,"gold_gain":0.0,"event_name":"Golden Wing","player_choice":"Card Removal","floor":3.0,"gold_loss":0.0,"damage_taken":7.0},{"damage_healed":0.0,"max_hp_gain":5.0,"max_hp_loss":0.0,"gold_gain":0.0,"event_name":"Big Fish","player_choice":"Donut","floor":4.0,"gold_loss":0.0,"damage_taken":0.0},{"damage_healed":0.0,"max_hp_gain":0.0,"max_hp_loss":0.0,"gold_gain":0.0,"event_name":"Golden Idol","player_choice":"Take Damage","floor":5.0,"gold_loss":0.0,"damage_taken":28.0,"relics_obtained":["Golden Idol"]},{"damage_healed":0.0,"max_hp_gain":0.0,"max_hp_loss":0.0,"gold_gain":275.0,"event_name":"Golden Shrine","player_choice":"Desecrate","floor":19.0,"gold_loss":0.0,"damage_taken":0.0,"cards_obtained":["Regret"]},{"damage_healed":0.0,"max_hp_gain":0.0,"max_hp_loss":0.0,"gold_gain":0.0,"event_name":"Wheel of Change","player_choice":"Cursed","floor":24.0,"gold_loss":0.0,"damage_taken":0.0,"cards_obtained":["Decay"]},{"damage_healed":18.0,"max_hp_gain":0.0,"max_hp_loss":0.0,"gold_gain":0.0,"event_name":"Winding Halls","player_choice":"Writhe","floor":36.0,"gold_loss":0.0,"damage_taken":0.0,"cards_obtained":["Writhe"]},{"damage_healed":0.0,"max_hp_gain":0.0,"max_hp_loss":0.0,"gold_gain":0.0,"event_name":"Accursed Blacksmith","player_choice":"Rummage","floor":46.0,"gold_loss":0.0,"damage_taken":0.0,"relics_obtained":["WarpedTongs"],"cards_obtained":["Pain"]}],"is_beta":false,"boss_relics":[{"not_picked":["Black Star","Tiny House"],"picked":"Mark of Pain"},{"not_picked":["Runic Dome","Sozu"],"picked":"Coffee Dripper"}],"items_purged_floors":[12,20,54],"is_endless":false,"potions_floor_spawned":[1,7,14,21,22,25,29,33,40,42,44,48],"ascension_level":20}}