{"host":"t75twhtg6c476ygg","time":1610381177,"event":{"mods":["AchievementEnabler","BaseMod","Colored Powertips","Minty Spire (QoL Compilation)","Quick Restart","Relic Stats","StSLib","SuperFastMode"],"gold_per_floor":[114,189,189,208,208,246,246,246,296,334,9,9,28,47,47,172,172,191,210,210,229,79,79,98,98,148,148,63,101,101,120,120,245,245,264,283,302,302,635,665,680,680,680,1030,30,30,30,45,45,45],"floor_reached":51,"playtime":2363,"items_purged":["Metamorphosis"],"score":928,"play_id":"1c01f8fc-7bb6-4b93-86d9-aa81ce8c2d7a","local_time":"20210111160617","daily_mods":["Allstar","ControlledChaos","Lethality"],"is_ascension_mode":false,"campfire_choices":[{"data":"Apotheosis","floor":7.0,"key":"SMITH"},{"data":"Flex","floor":12.0,"key":"SMITH"},{"floor":15.0,"key":"REST"},{"data":"Offering","floor":23.0,"key":"SMITH"},{"data":"Flex","floor":25.0,"key":"SMITH"},{"floor":27.0,"key":"REST"},{"floor":30.0,"key":"REST"},{"floor":32.0,"key":"REST"},{"floor":42.0,"key":"REST"},{"floor":49,"key":"REST"}],"circlet_count":0,"master_deck":["Offering+1","Intimidate+1","Flex+1","Corruption+1"],"relics":["Black Blood","Frozen Eye","Pandora\u0027s Box","Magic Flower","Sundial","Potion Belt","Frozen Egg 2","Lantern","Calling Bell","Akabeko","StrikeDummy","Unceasing Top","Lee\u0027s Waffle","Pen Nib","Juzu Bracelet","Regal Pillow","Champion Belt","Pear","Old Coin","Membership Card","The Courier","Pocketwatch","Anchor","Eternal Feather","Dead Branch","Ginger","InkBottle","White Beast Statue","War Paint","FossilizedHelix","Question Card"],"acts_visited":["Exordium","TheCity","TheBeyond"],"potions_floor_usage":[50,50,50],"damage_taken":[{"damage":3.0,"enemies":"Jaw Worm","floor":1.0,"turns":3.0},{"damage":0.0,"enemies":"2 Louse","floor":4.0,"turns":3.0},{"damage":10.0,"enemies":"Gremlin Nob","floor":6.0,"turns":4.0},{"damage":0.0,"enemies":"Lagavulin","floor":10.0,"turns":2.0},{"damage":7.0,"enemies":"Small Slimes","floor":13.0,"turns":2.0},{"damage":21.0,"enemies":"Red Slaver","floor":14.0,"turns":3.0},{"damage":54.0,"enemies":"Hexaghost","floor":16.0,"turns":8.0},{"damage":22.0,"enemies":"Chosen","floor":18.0,"turns":3.0},{"damage":36.0,"enemies":"3 Byrds","floor":19.0,"turns":4.0},{"damage":6.0,"enemies":"Snake Plant","floor":21.0,"turns":1.0},{"damage":19.0,"enemies":"Chosen and Byrds","floor":24.0,"turns":5.0},{"damage":18.0,"enemies":"Book of Stabbing","floor":29.0,"turns":2.0},{"damage":24.0,"enemies":"Shelled Parasite and Fungi","floor":31.0,"turns":3.0},{"damage":34.0,"enemies":"Automaton","floor":33.0,"turns":6.0},{"damage":6.0,"enemies":"3 Shapes","floor":35.0,"turns":4.0},{"damage":18.0,"enemies":"3 Darklings","floor":36.0,"turns":4.0},{"damage":30.0,"enemies":"Jaw Worm Horde","floor":37.0,"turns":4.0},{"damage":40.0,"enemies":"Reptomancer","floor":40.0,"turns":3.0},{"damage":6.0,"enemies":"Sphere and 2 Shapes","floor":41.0,"turns":1.0},{"damage":6.0,"enemies":"Mind Bloom Boss Battle","floor":44.0,"turns":3.0},{"damage":0,"enemies":"4 Shapes","floor":48,"turns":1},{"damage":27,"enemies":"Time Eater","floor":50,"turns":2}],"seed_played":"2608465768335268498","potions_obtained":[{"floor":4.0,"key":"GamblersBrew"},{"floor":6.0,"key":"DuplicationPotion"},{"floor":8.0,"key":"PowerPotion"},{"floor":8.0,"key":"DistilledChaos"},{"floor":14.0,"key":"LiquidBronze"},{"floor":16.0,"key":"DistilledChaos"},{"floor":19.0,"key":"AttackPotion"},{"floor":31.0,"key":"HeartOfIron"},{"floor":40.0,"key":"SteroidPotion"}],"is_trial":false,"path_per_floor":["M","?","?","M","?","E","R","?","T","E","$","R","M","M","R","B",null,"M","M","?","M","$","R","M","R","T","R","?","E","R","M","R","B",null,"M","M","M","?","?","E","M","R","T","?","$","?","?","M","R","B",null],"character_chosen":"IRONCLAD","items_purchased":["Lantern","FairyPotion","Lee\u0027s Waffle","Pocketwatch","Anchor","Eternal Feather","Dead Branch","Ginger","InkBottle","White Beast Statue","War Paint","FossilizedHelix","Question Card"],"campfire_rested":6,"item_purchase_floors":[11,11,22,45,45,45,45,45,45,45,45,45,45],"current_hp_per_floor":[80,69,49,55,52,51,51,51,51,60,60,60,62,50,74,29,80,67,40,40,43,87,87,77,77,77,87,87,78,87,72,87,62,87,87,87,75,75,75,53,65,87,97,97,97,92,92,92,92,83],"gold":45,"neow_bonus":"","is_daily":true,"chose_seed":false,"campfire_upgraded":4,"win_rate":0.0,"timestamp":1610381177,"path_taken":["M","?","?","M","?","E","R","?","T","E","$","R","M","?","R","BOSS","M","M","?","M","$","R","M","R","T","R","?","E","R","M","R","BOSS","M","M","M","?","?","E","M","R","T","?","$","?","?","M","R","BOSS"],"items_purchased_type":["Relic","Potion","Relic","Relic","Relic","Relic","Relic","Relic","Relic","Relic","Relic","Relic","Relic"],"build_version":"2020-12-22","purchased_purges":1,"victory":true,"max_hp_per_floor":[80,80,80,80,80,80,80,80,80,80,80,80,80,80,80,80,80,80,80,80,80,87,87,87,87,87,87,87,87,87,87,87,87,87,87,87,87,87,87,87,87,87,97,97,97,92,92,92,92,92],"relic_stats":{"Lee\u0027s Waffle":44,"Regal Pillow":0,"counters":[22,71],"Dead Branch":[21],"Black Blood":219,"Magic Flower":[66],"Eternal Feather":0,"Pen Nib":[6],"Juzu Bracelet":1,"Ginger":[0],"War Paint":[],"Question Card":1,"Sundial":[8],"Pandora\u0027s Box":["Berserk","Warcry","Headbutt","Shrug It Off","Pummel","Clash","Rampage","Sentinel","Iron Wave"],"Champion Belt":[2],"obtain_stats":[{"Lantern":11,"Regal Pillow":29,"Magic Flower":5,"Black Blood":34,"Juzu Bracelet":28,"Ginger":45,"Empty Cage":15,"Burning Blood":0,"Old Coin":44,"Frozen Eye":0,"Sundial":6,"InkBottle":45,"Potion Belt":9,"Lee\u0027s Waffle":22,"Pear":43,"Golden Idol":3,"Dead Branch":45,"Eternal Feather":45,"Pen Nib":26,"The Courier":44,"Frozen Egg 2":10,"War Paint":45,"Question Card":45,"Akabeko":17,"White Beast Statue":45,"Calling Bell":17,"Anchor":45,"Pandora\u0027s Box":5,"Champion Belt":40,"Membership Card":44,"StrikeDummy":17,"Unceasing Top":17,"FossilizedHelix":45,"Pocketwatch":45},{"Lantern":4,"Regal Pillow":12,"Magic Flower":2,"Black Blood":14,"Juzu Bracelet":11,"Ginger":20,"Empty Cage":6,"Burning Blood":0,"Old Coin":20,"Frozen Eye":0,"Sundial":3,"InkBottle":20,"Potion Belt":3,"Lee\u0027s Waffle":10,"Pear":19,"Golden Idol":1,"Dead Branch":20,"Eternal Feather":20,"Pen Nib":11,"The Courier":20,"Frozen Egg 2":4,"War Paint":20,"Question Card":20,"Akabeko":7,"White Beast Statue":20,"Calling Bell":7,"Anchor":20,"Pandora\u0027s Box":2,"Champion Belt":18,"Membership Card":20,"StrikeDummy":7,"Unceasing Top":7,"FossilizedHelix":20,"Pocketwatch":20},{"Lantern":12,"Regal Pillow":40,"Magic Flower":6,"Black Blood":49,"Juzu Bracelet":38,"Ginger":68,"Empty Cage":17,"Burning Blood":0,"Old Coin":68,"Frozen Eye":0,"Sundial":10,"InkBottle":68,"Potion Belt":10,"Lee\u0027s Waffle":33,"Pear":65,"Golden Idol":3,"Dead Branch":68,"Eternal Feather":68,"Pen Nib":38,"The Courier":68,"Frozen Egg 2":12,"War Paint":68,"Question Card":68,"Akabeko":25,"White Beast Statue":68,"Calling Bell":25,"Anchor":68,"Pandora\u0027s Box":6,"Champion Belt":64,"Membership Card":68,"StrikeDummy":25,"Unceasing Top":25,"FossilizedHelix":68,"Pocketwatch":68}],"Unceasing Top":[15],"InkBottle":[2],"Pocketwatch":[0]},"card_choices":[{"not_picked":["Anger","Sword Boomerang"],"picked":"Warcry","floor":1.0},{"not_picked":["Warcry","Headbutt"],"picked":"Metallicize","floor":4.0},{"not_picked":["Cleave","Intimidate"],"picked":"Flex","floor":6.0},{"not_picked":["Armaments","Seeing Red","Twin Strike"],"picked":"SKIP","floor":10.0},{"not_picked":["Body Slam","Iron Wave","Power Through"],"picked":"SKIP","floor":13.0},{"not_picked":["True Grit","Shrug It Off","Warcry"],"picked":"SKIP","floor":14.0},{"not_picked":["Brutality+1","Immolate"],"picked":"Offering","floor":16.0},{"not_picked":["Thunderclap","Clash"],"picked":"Intimidate+1","floor":18.0},{"not_picked":["Body Slam","Twin Strike"],"picked":"Flex","floor":19.0},{"not_picked":["Body Slam","Twin Strike","Headbutt"],"picked":"SKIP","floor":21.0},{"not_picked":["Headbutt+1","Heavy Blade","Dark Embrace+1"],"picked":"SKIP","floor":24.0},{"not_picked":["Pommel Strike","Body Slam","Immolate"],"picked":"SKIP","floor":29.0},{"not_picked":["Havoc","Armaments","True Grit"],"picked":"SKIP","floor":31.0},{"not_picked":["Impervious","Bludgeon"],"picked":"Demon Form+1","floor":33.0},{"not_picked":["Twin Strike+1","Carnage+1","Evolve+1"],"picked":"SKIP","floor":35.0},{"not_picked":["Feel No Pain+1","Infernal Blade","Thunderclap+1"],"picked":"SKIP","floor":36.0},{"not_picked":["Entrench+1","Pommel Strike","Headbutt"],"picked":"SKIP","floor":37.0},{"not_picked":["Combust+1","Warcry+1","Anger"],"picked":"SKIP","floor":40.0},{"not_picked":["Sword Boomerang+1","Armaments","Clothesline"],"picked":"SKIP","floor":41.0},{"not_picked":["Dropkick+1","Clothesline","Twin Strike","Headbutt+1"],"picked":"SKIP","floor":48}],"player_experience":241807,"relics_obtained":[{"floor":6.0,"key":"Sundial"},{"floor":9.0,"key":"Potion Belt"},{"floor":10.0,"key":"Frozen Egg 2"},{"floor":17.0,"key":"Akabeko"},{"floor":17.0,"key":"StrikeDummy"},{"floor":17.0,"key":"Unceasing Top"},{"floor":26.0,"key":"Pen Nib"},{"floor":29.0,"key":"Regal Pillow"},{"floor":40.0,"key":"Champion Belt"},{"floor":43.0,"key":"Pear"},{"floor":44.0,"key":"Old Coin"}],"event_choices":[{"damage_healed":0.0,"max_hp_gain":0.0,"max_hp_loss":0.0,"gold_gain":75.0,"event_name":"World of Goop","player_choice":"Gather Gold","floor":2.0,"gold_loss":0.0,"damage_taken":11.0},{"damage_healed":0.0,"max_hp_gain":0.0,"max_hp_loss":0.0,"gold_gain":0.0,"event_name":"Golden Idol","player_choice":"Take Damage","floor":3.0,"gold_loss":0.0,"damage_taken":20.0,"relics_obtained":["Golden Idol"]},{"damage_healed":0.0,"max_hp_gain":0.0,"max_hp_loss":0.0,"gold_gain":0.0,"event_name":"Scrap Ooze","player_choice":"Success","floor":5.0,"gold_loss":0.0,"damage_taken":3.0,"relics_obtained":["Magic Flower"]},{"damage_healed":0.0,"max_hp_gain":0.0,"max_hp_loss":0.0,"gold_gain":0.0,"event_name":"Lab","player_choice":"Got Potions","floor":8.0,"gold_loss":0.0,"damage_taken":0.0},{"damage_healed":0.0,"max_hp_gain":0.0,"max_hp_loss":0.0,"gold_gain":0.0,"event_name":"Cursed Tome","player_choice":"Ignored","floor":20.0,"gold_loss":0.0,"damage_taken":0.0},{"damage_healed":0.0,"max_hp_gain":0.0,"max_hp_loss":0.0,"gold_gain":0.0,"event_name":"Addict","player_choice":"Obtained Relic","floor":28.0,"gold_loss":85.0,"damage_taken":0.0,"relics_obtained":["Juzu Bracelet"]},{"cards_removed":["Demon Form"],"damage_healed":0.0,"max_hp_gain":0.0,"max_hp_loss":0.0,"gold_gain":0.0,"event_name":"Falling","player_choice":"Removed Power","floor":38.0,"gold_loss":0.0,"damage_taken":0.0},{"damage_healed":0.0,"max_hp_gain":0.0,"max_hp_loss":0.0,"gold_gain":333.0,"event_name":"The Moai Head","player_choice":"Gave Idol","floor":39.0,"relics_lost":["Golden Idol"],"gold_loss":0.0,"damage_taken":0.0},{"damage_healed":0.0,"max_hp_gain":0.0,"max_hp_loss":0.0,"gold_gain":0.0,"event_name":"MindBloom","player_choice":"Fight","floor":44.0,"gold_loss":0.0,"damage_taken":0.0},{"damage_healed":0,"gold_gain":0,"player_choice":"Max HP","damage_taken":0,"max_hp_gain":0,"max_hp_loss":5,"event_name":"Winding Halls","floor":46,"gold_loss":0},{"damage_healed":0,"gold_gain":0,"player_choice":"Cursed","damage_taken":0,"max_hp_gain":0,"max_hp_loss":0,"event_name":"Wheel of Change","floor":47,"gold_loss":0,"cards_obtained":["Decay"]}],"is_beta":false,"boss_relics":[{"not_picked":["Runic Dome","Fusion Hammer"],"picked":"Calling Bell"},{"not_picked":["Sozu","Velvet Choker"],"picked":"Black Blood"}],"items_purged_floors":[11],"is_endless":false,"potions_floor_spawned":[4,6,14,16,19,21,31,40,41,44,48],"ascension_level":0}}