{"host":"obplhmlw33xb91v8","time":1610351317,"event":{"mods":["BaseMod","Block Reminder","Curses Come First","Evolution","Minty Spire (QoL Compilation)","Quick Restart","Relic Stats","Spicy Shops","StSLib","Uncapped","Waifu the Spire","slay the spire mod where everything is the same but ironclad has a cowboy hat"],"gold_per_floor":[115,115,40,40,50,50,50,50,75,92,92,92,136,136,136,136,136],"floor_reached":16,"playtime":572,"items_purged":["Regret"],"score":110,"play_id":"b281313b-87e7-4e6d-bd6f-9359165ca4a0","local_time":"20210111024837","is_ascension_mode":true,"campfire_choices":[{"data":"Survivor","floor":6,"key":"SMITH"},{"data":"Neutralize","floor":8,"key":"SMITH"},{"data":"Blade Dance","floor":15,"key":"SMITH"}],"circlet_count":0,"master_deck":["Sucker Punch+1","Strike_G","Strike_G","Strike_G","Defend_G","Defend_G","Defend_G","Defend_G","Survivor+1","Neutralize+1","Well Laid Plans","Bullet Time","Blade Dance+1"],"relics":["EVO:Axolotl","Runic Dome","MealTicket","Snake Skull","Golden Idol","Pear","CaptainsWheel"],"acts_visited":["Exordium"],"potions_floor_usage":[13,16,16],"damage_taken":[{"damage":0,"enemies":"Small Slimes","floor":1,"turns":4},{"damage":0,"enemies":"2 Louse","floor":5,"turns":3},{"damage":0,"enemies":"Cultist","floor":10,"turns":4},{"damage":18,"enemies":"Gremlin Nob","floor":13,"turns":5},{"damage":57,"enemies":"Hexaghost","floor":16,"turns":14}],"seed_played":"-4761475705774472203","potions_obtained":[{"floor":5,"key":"EssenceOfSteel"},{"floor":10,"key":"Swift Potion"},{"floor":13,"key":"Block Potion"}],"is_trial":false,"path_per_floor":["M","?","$","?","M","R","?","R","T","M","?","?","E","?","R","B"],"character_chosen":"THE_SILENT","items_purchased":[],"campfire_rested":0,"item_purchase_floors":[],"current_hp_per_floor":[70,70,70,70,70,70,63,63,63,63,63,63,55,55,55,0,0],"gold":136,"neow_bonus":"BOSS_RELIC","is_daily":false,"chose_seed":false,"campfire_upgraded":3,"win_rate":0.0,"timestamp":1610351317,"path_taken":["M","?","$","?","?","R","?","R","T","M","?","?","E","?","R","BOSS"],"items_purchased_type":[],"build_version":"2020-12-22","purchased_purges":1,"victory":false,"max_hp_per_floor":[70,70,70,70,70,70,70,70,70,70,65,65,75,75,75,75,75],"relic_stats":{"counters":[5,30],"Golden Idol":9,"MealTicket":0,"Snake Skull":[0],"obtain_stats":[{"Runic Dome":0,"CaptainsWheel":14,"Pear":13,"Golden Idol":11,"MealTicket":2,"Snake Skull":9,"EVO:Axolotl":0,"Ring of the Snake":0},{"Runic Dome":0,"CaptainsWheel":4,"Pear":4,"Golden Idol":3,"MealTicket":1,"Snake Skull":2,"EVO:Axolotl":0,"Ring of the Snake":0},{"Runic Dome":0,"CaptainsWheel":16,"Pear":16,"Golden Idol":11,"MealTicket":4,"Snake Skull":7,"EVO:Axolotl":0,"Ring of the Snake":0}]},"card_choices":[{"not_picked":["Bane","Slice"],"picked":"Well Laid Plans","floor":1},{"not_picked":["Eviscerate","Escape Plan","Tactician"],"picked":"SKIP","floor":5},{"not_picked":["All Out Attack","Accuracy","Well Laid Plans"],"picked":"SKIP","floor":10},{"not_picked":["Dash","Deflect"],"picked":"Blade Dance","floor":13}],"player_experience":151452,"relics_obtained":[{"floor":9,"key":"Snake Skull"},{"floor":13,"key":"Pear"}],"event_choices":[{"damage_healed":0,"gold_gain":0,"player_choice":"Box","damage_taken":0,"relics_obtained":["MealTicket"],"max_hp_gain":0,"max_hp_loss":0,"event_name":"Big Fish","floor":2,"gold_loss":0,"cards_obtained":["Regret"]},{"damage_healed":0,"gold_gain":0,"player_choice":"Upgraded","damage_taken":0,"max_hp_gain":0,"max_hp_loss":0,"event_name":"Upgrade Shrine","floor":4,"gold_loss":0,"cards_upgraded":["Sucker Punch"]},{"cards_removed":["Strike_G"],"damage_healed":0,"gold_gain":0,"player_choice":"Card Removal","damage_taken":7,"max_hp_gain":0,"max_hp_loss":0,"event_name":"Golden Wing","floor":7,"gold_loss":0},{"damage_healed":0,"gold_gain":0,"player_choice":"Lose Max HP","damage_taken":0,"relics_obtained":["Golden Idol"],"max_hp_gain":0,"max_hp_loss":5,"event_name":"Golden Idol","floor":11,"gold_loss":0},{"damage_healed":0,"gold_gain":0,"cards_transformed":["Defend_G"],"player_choice":"Change","damage_taken":0,"max_hp_gain":0,"max_hp_loss":0,"event_name":"Living Wall","floor":12,"gold_loss":0,"cards_obtained":["Bullet Time"]},{"damage_healed":0,"gold_gain":0,"player_choice":"Searched \u00271\u0027 times","damage_taken":0,"relics_obtained":["CaptainsWheel"],"max_hp_gain":0,"max_hp_loss":0,"event_name":"Dead Adventurer","floor":14,"gold_loss":0}],"is_beta":false,"boss_relics":[],"items_purged_floors":[3],"is_endless":false,"potions_floor_spawned":[5,10,13],"killed_by":"Hexaghost","ascension_level":3}}