{"host":"dk10vuzdqf3wivcv","time":1610400581,"event":{"mods":["Aspiration","Astrologer","BaseMod","Colored Map","Conspire","Downfall","Friendly Minions","Hermit","Hubris","Infinite Spire","Minty Spire (QoL Compilation)","Replay The Spire","StSLib","SuperFastMode","Td1madao Mod","The Animator","The Gatherer","The Jungle","The Marked","The Servant 0.9.4"],"gold_per_floor":[109,109,135,135,210,248,163,163,163],"floor_reached":8,"playtime":429,"items_purged":[],"score":54,"play_id":"064e70fd-3205-446a-b342-c3e72c71e65b","local_time":"20210111222941","is_ascension_mode":false,"campfire_choices":[],"circlet_count":0,"master_deck":["animator:Strike_OwariNoSeraph","animator:Defend_OwariNoSeraph","animator:Strike","animator:Strike","animator:Strike","animator:Defend","animator:Defend","animator:Defend","animator:Shinoa","animator:Mikaela","animator:TsurugaMeisai","animator:Guy","animator:Shigure","animator:Cirno"],"relics":["animator:LivingPicture","animator:TheMissingPiece","animator:PurgingStone","Bag of Preparation"],"acts_visited":["Exordium"],"potions_floor_usage":[],"damage_taken":[{"damage":2,"enemies":"2 Louse","floor":1,"turns":3},{"damage":5,"enemies":"Jaw Worm","floor":3,"turns":5},{"damage":32,"enemies":"3 Sentries","floor":6,"turns":13},{"damage":0,"enemies":"Replay:BlueRogue","floor":8,"turns":1}],"seed_played":"-5052332372670669846","potions_obtained":[{"floor":1,"key":"DistilledChaos"},{"floor":3,"key":"Guardian:BlockOnCardUsePotion"}],"is_trial":false,"path_per_floor":["M","?","M","$","?","E","$","E"],"character_chosen":"THE_ANIMATOR","items_purchased":["animator:Cirno"],"campfire_rested":0,"item_purchase_floors":[7],"current_hp_per_floor":[70,70,65,65,54,22,22,22,22],"gold":163,"neow_bonus":"TEN_PERCENT_HP_BONUS","is_daily":false,"chose_seed":false,"campfire_upgraded":0,"win_rate":0.0,"timestamp":1610400581,"path_taken":["M","?","M","$","?","E","$","E"],"items_purchased_type":["Card"],"build_version":"2020-12-22","purchased_purges":0,"victory":false,"max_hp_per_floor":[72,72,72,72,72,72,72,72,72],"card_choices":[{"not_picked":["animator:Darkness","animator:AcuraAkari"],"picked":"animator:TsurugaMeisai","floor":1},{"not_picked":["animator:Togame","animator:Assassin"],"picked":"animator:Guy","floor":3},{"not_picked":["animator:GazelDwargon","animator:Shichika"],"picked":"animator:Shigure","floor":6}],"player_experience":168517,"relics_obtained":[{"floor":6,"key":"Bag of Preparation"}],"event_choices":[{"damage_healed":0,"gold_gain":75,"player_choice":"Gather Gold","damage_taken":11,"max_hp_gain":0,"max_hp_loss":0,"event_name":"World of Goop","floor":5,"gold_loss":0}],"is_beta":false,"boss_relics":[],"items_purged_floors":[],"is_endless":false,"potions_floor_spawned":[1,3],"killed_by":"Replay:BlueRogue","ascension_level":0}}