{"host":"msa0wxqjs3jv1k3j","time":1610343065,"event":{"mods":["AchievementEnabler","BaseMod","BetterRewards","Colored Map","Highlight Path","KOR Keyword Fix","Keyboard Shortcuts","Minty Spire (QoL Compilation)","Quick Restart","SuperFastMode","everything is the same but u backflip on backflip"],"gold_per_floor":[110,110,110,110,121,155,167,167,167,167,186,234,247,23,23,119,119,102,102,102,121,121,121,146,146,146,163,182,182,39,139,139,244,244,258,268,268,268,320,320,320],"floor_reached":40,"playtime":2031,"items_purged":[],"score":452,"play_id":"8093034f-1038-4a46-bc6e-196eafe103fe","local_time":"20210111143105","is_ascension_mode":false,"campfire_choices":[{"floor":8.0,"key":"REST"},{"floor":10.0,"key":"DIG"},{"floor":15.0,"key":"DIG"},{"floor":23.0,"key":"DIG"},{"floor":25.0,"key":"REST"},{"floor":32.0,"key":"REST"}],"circlet_count":0,"master_deck":["Strike_P","Strike_P","Defend_P","Defend_P","Eruption","Vigilance","Pray","BowlingBash","FlyingSleeves","Establishment","FlurryOfBlows","Perseverance","WaveOfTheHand","FlyingSleeves","FollowUp","ClearTheMind","Judgement","ClearTheMind+1","Judgement+1","ConjureBlade+1","Protect","FlurryOfBlows+1","Conclude","Swivel+1","ThirdEye+1","LessonLearned","Protect+1","ReachHeaven+1","The Bomb+1","Dramatic Entrance","BattleHymn"],"relics":["PureWater","Turnip","Kunai","Medical Kit","Boot","FossilizedHelix","Potion Belt","Shovel","Pear","Toy Ornithopter","Juzu Bracelet","Lantern","Astrolabe","Thread and Needle","HornCleat","Toxic Egg 2","Mummified Hand","Omamori","Unceasing Top","Letter Opener","Sozu","Peace Pipe"],"acts_visited":["Exordium","TheCity","TheBeyond"],"potions_floor_usage":[],"damage_taken":[{"damage":1.0,"enemies":"2 Louse","floor":1.0,"turns":2.0},{"damage":0.0,"enemies":"Jaw Worm","floor":5.0,"turns":4.0},{"damage":20.0,"enemies":"Gremlin Nob","floor":6.0,"turns":5.0},{"damage":0.0,"enemies":"Cultist","floor":7.0,"turns":2.0},{"damage":9.0,"enemies":"3 Louse","floor":11.0,"turns":3.0},{"damage":7.0,"enemies":"Red Slaver","floor":13.0,"turns":4.0},{"damage":45.0,"enemies":"The Guardian","floor":16.0,"turns":8.0},{"damage":30.0,"enemies":"2 Thieves","floor":18.0,"turns":4.0},{"damage":7.0,"enemies":"Chosen","floor":21.0,"turns":5.0},{"damage":44.0,"enemies":"Book of Stabbing","floor":24.0,"turns":6.0},{"damage":0.0,"enemies":"Snecko","floor":27.0,"turns":5.0},{"damage":9.0,"enemies":"Snake Plant","floor":28.0,"turns":8.0},{"damage":0.0,"enemies":"Colosseum Slavers","floor":31.0,"turns":2.0},{"damage":23.0,"enemies":"Colosseum Nobs","floor":31.0,"turns":7.0},{"damage":0.0,"enemies":"Automaton","floor":33.0,"turns":12.0},{"damage":16.0,"enemies":"3 Darklings","floor":35.0,"turns":6.0},{"damage":15.0,"enemies":"Orb Walker","floor":36.0,"turns":5.0},{"damage":45.0,"enemies":"2 Orb Walkers","floor":39.0,"turns":6.0},{"damage":19,"enemies":"Giant Head","floor":40,"turns":7}],"seed_played":"8253334536751671337","potions_obtained":[{"floor":5.0,"key":"EssenceOfSteel"},{"floor":6.0,"key":"ColorlessPotion"},{"floor":7.0,"key":"BlessingOfTheForge"},{"floor":11.0,"key":"BottledMiracle"},{"floor":18.0,"key":"BlessingOfTheForge"},{"floor":20.0,"key":"AttackPotion"},{"floor":20.0,"key":"SteroidPotion"},{"floor":20.0,"key":"LiquidBronze"},{"floor":24.0,"key":"Ancient Potion"},{"floor":28.0,"key":"Swift Potion"},{"floor":33.0,"key":"SpeedPotion"}],"is_trial":false,"path_per_floor":["M","?","?","$","M","E","M","R","T","R","M","T","M","$","R","B",null,"M","?","?","M","$","R","E","R","T","M","M","T","$","?","R","B",null,"M","M","?","?","?","E"],"character_chosen":"WATCHER","items_purchased":["Kunai","Medical Kit","Boot","Pray","BowlingBash","Juzu Bracelet","FollowUp","ClearTheMind","Omamori"],"campfire_rested":3,"item_purchase_floors":[0,0,0,0,0,14,14,14,30],"current_hp_per_floor":[71,68,68,68,68,48,48,69,69,79,70,70,63,63,63,28,82,52,52,52,45,45,45,11,35,35,35,26,26,26,8,32,47,82,66,56,51,51,11,0,0],"gold":320,"neow_bonus":"","is_daily":false,"chose_seed":false,"campfire_upgraded":0,"win_rate":0.0,"timestamp":1610343065,"path_taken":["M","?","?","?","M","E","M","R","T","R","?","?","M","$","R","BOSS","M","?","?","M","?","R","E","R","T","M","M","?","$","?","R","BOSS","M","M","?","?","?","E"],"items_purchased_type":["Relic","Relic","Relic","Card","Card","Relic","Card","Card","Relic"],"build_version":"2020-12-22","purchased_purges":0,"victory":false,"max_hp_per_floor":[72,72,72,72,72,72,72,72,72,82,82,82,82,82,82,82,82,82,82,82,82,82,82,82,82,82,82,82,82,82,82,82,82,82,82,82,82,78,78,78,78],"card_choices":[{"not_picked":["Swivel","Weave"],"picked":"FlyingSleeves","floor":1.0},{"not_picked":["Collect","FlyingSleeves","BowlingBash"],"picked":"SKIP","floor":5.0},{"not_picked":["TalkToTheHand","FearNoEvil"],"picked":"FlurryOfBlows","floor":6.0},{"not_picked":["Weave","JustLucky"],"picked":"Perseverance","floor":7.0},{"not_picked":["EmptyFist","InnerPeace"],"picked":"WaveOfTheHand","floor":11.0},{"not_picked":["BowlingBash","Evaluate"],"picked":"FlyingSleeves","floor":13.0},{"not_picked":["Establishment","Scrawl"],"picked":"Judgement","floor":16.0},{"not_picked":["WreathOfFlame","FlyingSleeves"],"picked":"Protect","floor":18.0},{"not_picked":["Perseverance","Halt"],"picked":"FlurryOfBlows+1","floor":21.0},{"not_picked":["Collect","CrushJoints"],"picked":"Conclude","floor":24.0},{"not_picked":["BowlingBash","Weave"],"picked":"Swivel+1","floor":27.0},{"not_picked":["ClearTheMind+1","EmptyFist+1","SashWhip"],"picked":"SKIP","floor":28.0},{"not_picked":["Adaptation","SignatureMove"],"picked":"ThirdEye+1","floor":31.0},{"not_picked":["Vault+1","Scrawl+1"],"picked":"LessonLearned","floor":33.0},{"not_picked":["SignatureMove","ThirdEye+1"],"picked":"Protect+1","floor":35.0},{"not_picked":["SashWhip+1","EmptyBody+1"],"picked":"ReachHeaven+1","floor":36.0},{"not_picked":["Metamorphosis+1","Secret Technique+1"],"picked":"The Bomb+1","floor":37.0},{"not_picked":["Flash of Steel","Impatience+1"],"picked":"Dramatic Entrance","floor":37.0},{"not_picked":["Evaluate+1","CutThroughFate"],"picked":"BattleHymn","floor":39.0}],"player_experience":74195,"relics_obtained":[{"floor":6.0,"key":"Potion Belt"},{"floor":9.0,"key":"Shovel"},{"floor":10.0,"key":"Pear"},{"floor":12.0,"key":"Toy Ornithopter"},{"floor":15.0,"key":"Lantern"},{"floor":23.0,"key":"Thread and Needle"},{"floor":24.0,"key":"HornCleat"},{"floor":26.0,"key":"Toxic Egg 2"},{"floor":29.0,"key":"Mummified Hand"},{"floor":31.0,"key":"Unceasing Top"},{"floor":31.0,"key":"Letter Opener"},{"floor":39.0,"key":"Peace Pipe"}],"event_choices":[{"damage_healed":0.0,"max_hp_gain":0.0,"max_hp_loss":0.0,"gold_gain":0.0,"event_name":"Scrap Ooze","player_choice":"Success","floor":2.0,"gold_loss":0.0,"damage_taken":3.0,"relics_obtained":["FossilizedHelix"]},{"damage_healed":0.0,"max_hp_gain":0.0,"max_hp_loss":0.0,"gold_gain":0.0,"cards_transformed":["Defend_P"],"event_name":"Living Wall","player_choice":"Change","floor":3.0,"gold_loss":0.0,"damage_taken":0.0,"cards_obtained":["Establishment"]},{"damage_healed":0.0,"max_hp_gain":0.0,"max_hp_loss":0.0,"gold_gain":0.0,"event_name":"The Woman in Blue","player_choice":"Bought 0 Potions","floor":19.0,"gold_loss":0.0,"damage_taken":0.0},{"damage_healed":0.0,"max_hp_gain":0.0,"max_hp_loss":0.0,"gold_gain":0.0,"event_name":"Lab","player_choice":"Got Potions","floor":20.0,"gold_loss":0.0,"damage_taken":0.0},{"damage_healed":0.0,"max_hp_gain":0.0,"max_hp_loss":0.0,"gold_gain":0.0,"event_name":"Colosseum","player_choice":"Fight","floor":31.0,"gold_loss":0.0,"damage_taken":0.0},{"damage_healed":0.0,"max_hp_gain":0.0,"max_hp_loss":0.0,"gold_gain":0.0,"event_name":"Colosseum","player_choice":"Fought Nobs","floor":31.0,"gold_loss":0.0,"damage_taken":0.0},{"damage_healed":0.0,"max_hp_gain":0.0,"max_hp_loss":0.0,"gold_gain":0.0,"event_name":"SensoryStone","player_choice":"Memory 2","floor":37.0,"gold_loss":0.0,"damage_taken":5.0},{"damage_healed":0.0,"max_hp_gain":0.0,"max_hp_loss":4.0,"gold_gain":0.0,"event_name":"Winding Halls","player_choice":"Max HP","floor":38.0,"gold_loss":0.0,"damage_taken":0.0},{"damage_healed":0.0,"max_hp_gain":0.0,"max_hp_loss":0.0,"gold_gain":0.0,"event_name":"Mysterious Sphere","player_choice":"Fight","floor":39.0,"gold_loss":0.0,"damage_taken":0.0}],"is_beta":false,"boss_relics":[{"not_picked":["Tiny House","SlaversCollar"],"picked":"Astrolabe"},{"not_picked":["SacredBark","Snecko Eye"],"picked":"Sozu"}],"items_purged_floors":[],"is_endless":false,"potions_floor_spawned":[5,6,7,11,18,24,28,33],"killed_by":"Giant Head","ascension_level":0}}