{"host":"e1pm3b7xpcm97e5w","time":1610396595,"event":{"mods":["BaseMod","Better Skull","Googly Eyes","Minty Spire (QoL Compilation)","Relic Stats","Shop Mod","Spicy Shops","StSLib"],"gold_per_floor":[117,133,148,148,148,148,181,181,181,208,224,224,167,186,186,314,314,333,333,351,351,351],"floor_reached":21,"playtime":586,"items_purged":[],"score":284,"play_id":"7b4bdbfb-aaa3-43d1-83bf-883b37bde42b","local_time":"20210111152315","is_ascension_mode":true,"campfire_choices":[{"data":"Defragment","floor":6.0,"key":"SMITH"},{"floor":8.0,"key":"REST"},{"floor":15.0,"key":"REST"}],"circlet_count":0,"master_deck":["AscendersBane","Strike_B","Strike_B","Strike_B","Strike_B","Defend_B","Defend_B","Defend_B","Defend_B","Zap","Dualcast","Ball Lightning","Redo","Defragment+1","Leap","Buffer","Genetic Algorithm","Reboot","Conserve Battery"],"relics":["Cracked Core","Mango","Blue Candle","Omamori","Art of War","Lantern","Golden Idol","Darkstone Periapt","Velvet Choker"],"acts_visited":["Exordium","TheCity"],"potions_floor_usage":[],"damage_taken":[{"damage":2.0,"enemies":"2 Louse","floor":1.0,"turns":3.0},{"damage":2.0,"enemies":"Jaw Worm","floor":2.0,"turns":3.0},{"damage":1.0,"enemies":"Cultist","floor":3.0,"turns":3.0},{"damage":31.0,"enemies":"Gremlin Nob","floor":7.0,"turns":4.0},{"damage":31.0,"enemies":"3 Sentries","floor":10.0,"turns":7.0},{"damage":1.0,"enemies":"Looter","floor":11.0,"turns":3.0},{"damage":6.0,"enemies":"2 Fungi Beasts","floor":14.0,"turns":3.0},{"damage":23.0,"enemies":"Slime Boss","floor":16.0,"turns":9.0},{"damage":11,"enemies":"Shell Parasite","floor":18,"turns":5},{"damage":30,"enemies":"2 Thieves","floor":20,"turns":5},{"damage":43,"enemies":"Cultist and Chosen","floor":21,"turns":6}],"seed_played":"-3014282895489114159","potions_obtained":[{"floor":1.0,"key":"DuplicationPotion"},{"floor":11.0,"key":"Strength Potion"},{"floor":14.0,"key":"DistilledChaos"},{"floor":16.0,"key":"CultistPotion"},{"floor":20,"key":"FearPotion"}],"is_trial":false,"path_per_floor":["M","M","M","?","?","R","E","R","T","E","M","?","?","M","R","B",null,"M","?","M","M"],"character_chosen":"DEFECT","items_purchased":[],"campfire_rested":2,"item_purchase_floors":[],"current_hp_per_floor":[62,60,59,59,52,52,21,47,47,16,15,15,15,9,33,10,64,53,53,23,0,0],"gold":351,"neow_bonus":"ONE_RARE_RELIC","is_daily":false,"chose_seed":false,"campfire_upgraded":1,"win_rate":0.0,"timestamp":1610396595,"path_taken":["M","M","M","?","?","R","E","R","T","E","M","?","?","?","R","BOSS","M","?","M","M"],"items_purchased_type":[],"build_version":"2020-12-22","purchased_purges":0,"victory":false,"max_hp_per_floor":[89,89,89,89,89,89,89,89,89,89,89,82,82,82,82,82,82,82,82,82,82,82],"relic_stats":{"Darkstone Periapt":0,"counters":[11,51],"Golden Idol":38,"Blue Candle":[0],"Art of War":[7],"obtain_stats":[{"Darkstone Periapt":13,"Lantern":10,"Golden Idol":12,"Blue Candle":5,"Velvet Choker":17,"Mango":0,"Omamori":7,"Art of War":9,"Cracked Core":0},{"Darkstone Periapt":6,"Lantern":5,"Golden Idol":6,"Blue Candle":3,"Velvet Choker":8,"Mango":0,"Omamori":4,"Art of War":4,"Cracked Core":0},{"Darkstone Periapt":23,"Lantern":20,"Golden Idol":23,"Blue Candle":9,"Velvet Choker":35,"Mango":0,"Omamori":13,"Art of War":13,"Cracked Core":0}]},"card_choices":[{"not_picked":["Tempest","Compile Driver"],"picked":"Ball Lightning","floor":1.0},{"not_picked":["Hello World","Barrage"],"picked":"Redo","floor":2.0},{"not_picked":["Barrage","Chill"],"picked":"Defragment","floor":3.0},{"not_picked":["Chaos","Consume"],"picked":"Leap","floor":7.0},{"not_picked":["Multi-Cast","Conserve Battery"],"picked":"Buffer","floor":10.0},{"not_picked":["Force Field","Heatsinks","Redo"],"picked":"SKIP","floor":11.0},{"not_picked":["Redo","Steam"],"picked":"Genetic Algorithm","floor":14.0},{"not_picked":["Fission","Meteor Strike"],"picked":"Reboot","floor":16.0},{"not_picked":["Reprogram","Streamline"],"picked":"Conserve Battery","floor":18},{"not_picked":["Turbo","Skim","Redo"],"picked":"SKIP","floor":20}],"player_experience":512537,"relics_obtained":[{"floor":7.0,"key":"Omamori"},{"floor":9.0,"key":"Art of War"},{"floor":10.0,"key":"Lantern"}],"event_choices":[{"damage_healed":0.0,"max_hp_gain":0.0,"max_hp_loss":0.0,"gold_gain":0.0,"event_name":"Liars Game","player_choice":"Ignored","floor":4.0,"gold_loss":0.0,"damage_taken":0.0},{"damage_healed":0.0,"max_hp_gain":0.0,"max_hp_loss":0.0,"gold_gain":0.0,"event_name":"Scrap Ooze","player_choice":"Success","floor":5.0,"gold_loss":0.0,"damage_taken":7.0,"relics_obtained":["Blue Candle"]},{"damage_healed":0.0,"max_hp_gain":0.0,"max_hp_loss":7.0,"gold_gain":0.0,"event_name":"Golden Idol","player_choice":"Lose Max HP","floor":12.0,"gold_loss":0.0,"damage_taken":0.0,"relics_obtained":["Golden Idol"]},{"damage_healed":0.0,"max_hp_gain":0.0,"max_hp_loss":0.0,"gold_gain":0.0,"event_name":"WeMeetAgain","player_choice":"Paid Gold","floor":13.0,"gold_loss":57.0,"damage_taken":0.0,"relics_obtained":["Darkstone Periapt"]},{"damage_healed":0,"gold_gain":0,"player_choice":"Ignored","damage_taken":0,"max_hp_gain":0,"max_hp_loss":0,"event_name":"Ghosts","floor":19,"gold_loss":0}],"is_beta":false,"boss_relics":[{"not_picked":["Snecko Eye","Runic Pyramid"],"picked":"Velvet Choker"}],"items_purged_floors":[],"is_endless":false,"potions_floor_spawned":[1,11,14,16,20],"killed_by":"Cultist and Chosen","ascension_level":10}}