{"host":"jfbo3eu2ui08ej1u","time":1610371458,"event":{"mods":["2.2 Compatiblity","AchievementEnabler","Act Like it!","Aspiration","BaseMod","Better Altar","Better Match","Better Note","Better Sensory Stone","Better Skull","Better Third Choice","Block Reminder","Colored Map","Colored Powertips","Conspire","DeckTracker","Displayed Cursed Tome","Downfall","Energized Spire","Fox Events","GifTheSpireLib","Hermit","Hubris","Infinite Spire","Marked Mod","Minty Spire (QoL Compilation)","Pale of the Ancients","Quick Restart","RRrroohrrRGHHhhh!!","Relic Filter","Reorder Act Four","Replay The Spire","Shop Mod","Spicy Shops","StSLib","Stuff the Spire","The Blue Laboratory","The Disciple","The Forsaken","The Hierophant","The Marked","Uncapped","Unceasing Turn Reminder","Wandering Minibosses"],"gold_per_floor":[110,110,106,106,31,55,65,65,90,7,7,29,42,62,62,127,127,141,141,141,141,153,178,178,141,141,141,141,135,135,145,145,145,145],"floor_reached":33,"playtime":1378,"items_purged":[],"score":557,"play_id":"48c99fb9-98dc-43d2-a03e-21f0c198a580","local_time":"20210111082418","is_ascension_mode":true,"campfire_choices":[{"floor":8,"key":"REST"},{"data":"StuffTheSpire:Coldhearted","floor":15,"key":"SMITH"},{"floor":24,"key":"REST"},{"floor":27,"key":"REST"}],"circlet_count":0,"master_deck":["AscendersBane","Strike_B","Strike_B","Defend_B","Defend_B","Defend_B","Defend_B","Zap","Dualcast","StuffTheSpire:Coldhearted+1","Doom and Gloom","rorgmod:Leap+1","Multi-Cast+1","Redo+1","rorgmod:Steady Aim+1","Fission+1","rorgmod:LRU Cache+1","rorgmod:LRU Cache+1","Armaments+1","Rainbow+1","Blizzard","Rebound","rorgmod:Fusion+1","rorgmod:Ventilation Error+1","hexamod:Haunted"],"relics":["Cracked Core","Toxic Egg 2","White Beast Statue","Blood Vial","Pet Ghost","Replay:Rubber Ducky","infinitespire:Broken Mirror","aspiration:IroncladSkillbook","Blue Candle","StuffTheSpire:PointBlank","Red Mask","rorgmod:Glossy Coat","hubris:Towel","Prayer Wheel","Turnip","Darkstone Periapt"],"acts_visited":["Exordium","TheCity"],"potions_floor_usage":[12,16,18,22,23,23,31,33],"damage_taken":[{"damage":1,"enemies":"Cultist","floor":1,"turns":3},{"damage":7,"enemies":"Small Slimes","floor":3,"turns":7},{"damage":28,"enemies":"3 Sentries","floor":6,"turns":8},{"damage":14,"enemies":"Jaw Worm","floor":7,"turns":4},{"damage":8,"enemies":"Lagavulin","floor":12,"turns":5},{"damage":1,"enemies":"Looter","floor":13,"turns":4},{"damage":6,"enemies":"3 Sentries","floor":14,"turns":8},{"damage":20,"enemies":"Slime Boss","floor":16,"turns":14},{"damage":12,"enemies":"3 Byrds","floor":18,"turns":4},{"damage":18,"enemies":"2 Thieves","floor":22,"turns":4},{"damage":48,"enemies":"Slavers","floor":23,"turns":5},{"damage":48,"enemies":"Masked Bandits","floor":25,"turns":6},{"damage":1,"enemies":"Centurion and Healer","floor":29,"turns":9},{"damage":0,"enemies":"Snecko","floor":30,"turns":4},{"damage":5,"enemies":"Gremlin Leader","floor":31,"turns":5},{"damage":56,"enemies":"Collector","floor":33,"turns":3}],"seed_played":"5152261825136723217","potions_obtained":[{"floor":3,"key":"Ancient Potion"},{"floor":7,"key":"PowerPotion"},{"floor":12,"key":"blueLaboratory:FruitPreserves"},{"floor":14,"key":"PotionOfCapacity"},{"floor":16,"key":"PowerPotion"},{"floor":18,"key":"Explosive Potion"},{"floor":22,"key":"DistilledChaos"},{"floor":23,"key":"blueLaboratory:BottledHope"},{"floor":25,"key":"blueLaboratory:PhilterOfMotion"},{"floor":29,"key":"DistilledChaos"},{"floor":31,"key":"blueLaboratory:SavagePotion"}],"is_trial":false,"path_per_floor":["M","?","M","?","?","E","M","R","T","$","?","E","M","E","R","B",null,"M","T","?","?","M","E","R","?","T","R","?","M","M","E","R_BF","B"],"character_chosen":"DEFECT","items_purchased":["Pet Ghost"],"campfire_rested":3,"item_purchase_floors":[10],"current_hp_per_floor":[70,70,63,63,63,35,21,44,44,44,44,38,39,35,35,17,63,57,57,53,53,41,27,50,8,8,31,31,36,42,43,49,0,0],"gold":145,"neow_bonus":"TEN_PERCENT_HP_BONUS","is_daily":false,"chose_seed":false,"campfire_upgraded":1,"win_rate":0.0,"timestamp":1610371458,"path_taken":["M","?","M","?","?","E","M","R","T","$","?","E","?","E","R","BOSS","M","?","?","?","?","E","R","?","T","R","?","M","M","E","R_BF","BOSS"],"items_purchased_type":["Relic"],"build_version":"2020-12-22","purchased_purges":0,"victory":false,"max_hp_per_floor":[78,78,78,78,78,78,78,78,78,78,78,78,78,78,78,78,78,78,78,78,78,78,78,78,78,78,78,78,78,78,78,84,84,84],"card_choices":[{"not_picked":["Compile Driver","Coolheaded"],"picked":"StuffTheSpire:Coldhearted","floor":1},{"not_picked":["BasicCrystalCard+1","Conserve Battery+1"],"picked":"Doom and Gloom","floor":3},{"not_picked":["rorgmod:Overcurrent+1","Barrage"],"picked":"rorgmod:Leap+1","floor":6},{"not_picked":["rorgmod:SQL Injection","rorgmod:Claw","StuffTheSpire:SnapShoot+1"],"picked":"SKIP","floor":7},{"not_picked":["rorgmod:Defragment","Crystallizer"],"picked":"Multi-Cast+1","floor":12},{"not_picked":["BootSequence+1","BasicCrystalCard+1"],"picked":"Redo+1","floor":13},{"not_picked":["Rebound","FTL"],"picked":"rorgmod:Steady Aim+1","floor":14},{"not_picked":["rorgmod:Thunder Strike","Core Surge"],"picked":"Fission+1","floor":16},{"not_picked":["Seeing Red+1","Second Wind+1","Replay:Undeath\u0027s Touch"],"picked":"rorgmod:LRU Cache+1","floor":18},{"not_picked":["hubris:PowerSurge","rorgmod:Overcurrent+1","ReplayTheSpireMod:Strike From Hell"],"picked":"rorgmod:LRU Cache+1","floor":22},{"not_picked":["Second Wind+1","ReplayTheSpireMod:Calculation Training+1","Recycle+1"],"picked":"ReplayTheSpireMod:Fabricate Wheel+1","floor":23},{"not_picked":["Blood for Blood","Redo+1","StuffTheSpire:BloodClot+1"],"picked":"Armaments+1","floor":25},{"not_picked":["Streamline","Armaments+1","StuffTheSpire:Plugnplay+1"],"picked":"Blizzard","floor":29},{"not_picked":["ReplayTheSpireMod:Repulse+1","Thunderclap+1","Bloodletting+1"],"picked":"Rebound","floor":29},{"not_picked":["rorgmod:Searing Blow","Reckless Charge","Streamline"],"picked":"rorgmod:Fusion+1","floor":30},{"not_picked":["rorgmod:Claw","BasicCrystalCard+1","Havoc+1","Perfected Strike"],"picked":"SKIP","floor":30},{"not_picked":["Streamline","Rampage","Clash"],"picked":"rorgmod:Ventilation Error+1","floor":31}],"player_experience":1192401,"relics_obtained":[{"floor":6,"key":"White Beast Statue"},{"floor":9,"key":"Blood Vial"},{"floor":12,"key":"Replay:Rubber Ducky"},{"floor":14,"key":"infinitespire:Broken Mirror"},{"floor":19,"key":"Blue Candle"},{"floor":23,"key":"StuffTheSpire:PointBlank"},{"floor":25,"key":"Red Mask"},{"floor":26,"key":"rorgmod:Glossy Coat"},{"floor":31,"key":"Turnip"}],"event_choices":[{"cards_removed":["Strike_B"],"damage_healed":0,"gold_gain":0,"player_choice":"Card Removal","damage_taken":0,"max_hp_gain":0,"max_hp_loss":0,"event_name":"The Cleric","floor":5,"gold_loss":75},{"cards_removed":["Injury"],"damage_healed":0,"gold_gain":0,"player_choice":"Purged","damage_taken":0,"max_hp_gain":0,"max_hp_loss":0,"event_name":"Purifier","floor":11,"gold_loss":0},{"damage_healed":0,"gold_gain":0,"player_choice":"Leave","damage_taken":0,"max_hp_gain":0,"max_hp_loss":0,"event_name":"conspire:Investor","floor":20,"gold_loss":0},{"cards_removed":["Strike_B"],"damage_healed":0,"gold_gain":0,"player_choice":"Purged","damage_taken":0,"max_hp_gain":0,"max_hp_loss":0,"event_name":"Purifier","floor":21,"gold_loss":0},{"damage_healed":0,"gold_gain":0,"player_choice":"Fought Bandits","damage_taken":0,"max_hp_gain":0,"max_hp_loss":0,"event_name":"Masked Bandits","floor":25,"gold_loss":0}],"is_beta":false,"boss_relics":[{"not_picked":["Calling Bell","Inserter"],"picked":"aspiration:IroncladSkillbook"}],"items_purged_floors":[],"is_endless":false,"potions_floor_spawned":[3,7,12,13,14,16,18,22,23,25,29,30,31],"killed_by":"Collector","ascension_level":17}}