{"host":"kxs97zan5mba52e6","time":1610335015,"event":{"mods":["100% Spire Juice","BaseMod","Better Third Choice","BetterRewards","Colored Map","Downfall","Hermit","Magitek Elite","Marisa????????","Minty Spire (QoL Compilation)","Shade Mod","StSLib","The Alterego","The Bug Knight","The Cursed","The Death Knight","The Forsaken","The Senshi"],"gold_per_floor":[112,112,112,18,31,31,31,31,31,1,1,34,34,52,52,153,153,165,165,165,151,151,151,170,170,224,241,260,32,32,49,49,49,49],"floor_reached":33,"playtime":2078,"items_purged":[],"score":268,"play_id":"8dc94134-087d-4c0b-9d4c-2d9cf0f7d842","local_time":"20210110221655","is_ascension_mode":false,"campfire_choices":[{"data":"TheCursedMod:EmpowerCircles","floor":6,"key":"SMITH"},{"data":"TheCursedMod:CircleOfFlame","floor":8,"key":"SMITH"},{"data":"TheCursedMod:CollectTribute","floor":13,"key":"SMITH"},{"data":"TheCursedMod:CursedStaff","floor":15,"key":"SMITH"},{"floor":23,"key":"REST"},{"floor":30,"key":"REST"},{"floor":32,"key":"REST"}],"circlet_count":0,"master_deck":["TheCursedMod:Strike_TheCursed","TheCursedMod:Strike_TheCursed","TheCursedMod:Strike_TheCursed","TheCursedMod:Strike_TheCursed","TheCursedMod:Defend_TheCursed","TheCursedMod:Defend_TheCursed","TheCursedMod:Defend_TheCursed","TheCursedMod:Defend_TheCursed","TheCursedMod:CursedWand","TheCursedMod:CleanUpWorkshop","TheCursedMod:EmpowerCircles+1","sneckomod:Bewildered","TheCursedMod:CircleOfFlame+1","TheCursedMod:CursedStaff+1","TheCursedMod:SpitefulStrike","Pain","TheCursedMod:CollectTribute+1","TheCursedMod:Torture+1","TheCursedMod:Neurasthenia+1","TheCursedMod:RavingStaff","Writhe","TheCursedMod:WearCloak","TheCursedMod:SpitefulPlan+1","TheCursedMod:SmokeScreen","TheCursedMod:CircleOfFlame","TheCursedMod:HellfireBreathing","TheCursedMod:CursedSpellbook+1"],"relics":["TheCursedMod:BlackMagicAdvanced","NeowsBlessing","InkBottle","betterThird:SlimedRelic","WarpedTongs","WingedGreaves","MutagenicStrength","TheCursedMod:SoulVessel","alterego_mod:SomeoneToFightFor","Strawberry","War Paint"],"acts_visited":["Exordium","TheCity"],"potions_floor_usage":[16,16,28],"damage_taken":[{"damage":0,"enemies":"Jaw Worm","floor":1,"turns":1},{"damage":0,"enemies":"2 Louse","floor":5,"turns":1},{"damage":0,"enemies":"Lagavulin","floor":12,"turns":1},{"damage":4,"enemies":"Cultist","floor":14,"turns":2},{"damage":28,"enemies":"Hexaghost","floor":16,"turns":9},{"damage":23,"enemies":"Shell Parasite","floor":18,"turns":5},{"damage":47,"enemies":"2 Thieves","floor":21,"turns":4},{"damage":8,"enemies":"Snecko","floor":24,"turns":5},{"damage":35,"enemies":"Chosen and Byrds","floor":27,"turns":5},{"damage":18,"enemies":"Cultist and Chosen","floor":28,"turns":6},{"damage":8,"enemies":"Snecko","floor":31,"turns":5},{"damage":96,"enemies":"Automaton","floor":33,"turns":6}],"seed_played":"7527282867367633479","potions_obtained":[{"floor":5,"key":"Guardian:BlockOnCardUsePotion"},{"floor":14,"key":"LiquidMemories"},{"floor":18,"key":"SteroidPotion"},{"floor":21,"key":"SpeedPotion"}],"is_trial":false,"path_per_floor":["M","?","?","$","M","R","?","R","T","?","?","E","R","M","R","B",null,"M","?","?","M","?","R","M","?","T","M","M","$","R","M","R","B"],"character_chosen":"THE_CURSED","items_purchased":["TheCursedMod:CircleOfFlame","TheCursedMod:CursedStaff","TheCursedMod:HellfireBreathing","War Paint"],"campfire_rested":3,"item_purchase_floors":[4,4,29,29],"current_hp_per_floor":[75,75,75,75,75,75,75,75,75,64,64,64,64,60,60,32,75,52,52,52,7,7,29,32,37,44,26,12,12,36,31,55,0,0],"gold":49,"neow_bonus":"THREE_ENEMY_KILL","is_daily":false,"chose_seed":false,"campfire_upgraded":4,"win_rate":0.0,"timestamp":1610335015,"path_taken":["M","?","?","$","?","R","?","R","T","?","?","E","R","?","R","BOSS","M","?","?","M","?","R","?","?","T","?","M","$","R","M","R","BOSS"],"items_purchased_type":["Card","Card","Card","Relic"],"build_version":"2020-12-22","purchased_purges":0,"victory":false,"max_hp_per_floor":[75,75,75,75,75,75,75,75,75,75,75,75,75,75,75,75,75,75,75,75,75,75,75,75,75,82,82,82,82,82,82,82,82,82],"card_choices":[{"not_picked":["TheCursedMod:CircleOfCorruption","TheCursedMod:Obscuration"],"picked":"TheCursedMod:EmpowerCircles","floor":1},{"not_picked":["TheCursedMod:CursedAmulet","TheCursedMod:FleshFromBone"],"picked":"TheCursedMod:SpitefulStrike","floor":5},{"not_picked":["TheCursedMod:CursedMace","TheCursedMod:Stigma"],"picked":"TheCursedMod:CollectTribute","floor":12},{"not_picked":["TheCursedMod:CursedBlade","TheCursedMod:Obscuration"],"picked":"TheCursedMod:Torture","floor":14},{"not_picked":["TheCursedMod:DarkBarrier","TheCursedMod:ParallelWorld"],"picked":"TheCursedMod:Neurasthenia","floor":16},{"not_picked":["TheCursedMod:Obscuration","TheCursedMod:FleshFromBone+1"],"picked":"TheCursedMod:RavingStaff","floor":18},{"not_picked":["TheCursedMod:Stretching","TheCursedMod:HellsGateOpen"],"picked":"TheCursedMod:WearCloak","floor":21},{"not_picked":["TheCursedMod:TacticalStrike","TheCursedMod:BlessingInDisguise+1"],"picked":"TheCursedMod:SpitefulPlan+1","floor":24},{"not_picked":["TheCursedMod:TroublousMinions","TheCursedMod:CursedShiv+1"],"picked":"TheCursedMod:SmokeScreen","floor":27},{"not_picked":["TheCursedMod:CursedMace","TheCursedMod:Obscuration"],"picked":"TheCursedMod:CircleOfFlame","floor":28},{"not_picked":["TheCursedMod:BlessingInDisguise","TheCursedMod:Evocation"],"picked":"TheCursedMod:CursedSpellbook+1","floor":31}],"player_experience":14533,"relics_obtained":[{"floor":9,"key":"InkBottle"},{"floor":12,"key":"WingedGreaves"},{"floor":26,"key":"Strawberry"}],"event_choices":[{"damage_healed":0,"gold_gain":0,"player_choice":"Ignored","damage_taken":0,"max_hp_gain":0,"max_hp_loss":0,"event_name":"Golden Wing","floor":2,"gold_loss":0},{"damage_healed":0,"gold_gain":0,"cards_transformed":["TheCursedMod:Dregs"],"player_choice":"Transformed","damage_taken":0,"max_hp_gain":0,"max_hp_loss":0,"event_name":"Transmorgrifier","floor":3,"gold_loss":0,"cards_obtained":["sneckomod:Bewildered"]},{"damage_healed":75,"gold_gain":0,"player_choice":"Embrace Burn","damage_taken":0,"max_hp_gain":0,"max_hp_loss":75,"event_name":"betterThird:BetterShining","floor":7,"gold_loss":0},{"damage_healed":0,"gold_gain":0,"player_choice":"Slimed","damage_taken":11,"max_hp_gain":0,"max_hp_loss":0,"event_name":"betterThird:BetterGoop","floor":10,"gold_loss":30},{"damage_healed":0,"gold_gain":0,"player_choice":"Rummage","damage_taken":0,"relics_obtained":["WarpedTongs"],"max_hp_gain":0,"max_hp_loss":0,"event_name":"Accursed Blacksmith","floor":11,"gold_loss":0,"cards_obtained":["Pain"]},{"damage_healed":0,"gold_gain":0,"player_choice":"Inject Mutagens","damage_taken":0,"relics_obtained":["MutagenicStrength"],"max_hp_gain":0,"max_hp_loss":0,"event_name":"Drug Dealer","floor":19,"gold_loss":0},{"damage_healed":0,"gold_gain":0,"player_choice":"Opened","damage_taken":0,"relics_obtained":["TheCursedMod:SoulVessel"],"max_hp_gain":0,"max_hp_loss":0,"event_name":"The Mausoleum","floor":20,"gold_loss":0,"cards_obtained":["Writhe"]},{"damage_healed":0,"gold_gain":0,"player_choice":"Choice 2","damage_taken":0,"relics_obtained":["alterego_mod:SomeoneToFightFor"],"max_hp_gain":0,"max_hp_loss":0,"event_name":"Secret Garden","floor":22,"gold_loss":0},{"cards_removed":["Burn"],"damage_healed":5,"gold_gain":0,"player_choice":"Offered Common","damage_taken":0,"max_hp_gain":0,"max_hp_loss":0,"event_name":"Bonfire Elementals","floor":25,"gold_loss":0},{"cards_removed":["Burn"],"damage_healed":5,"gold_gain":0,"player_choice":"Offered Special","damage_taken":0,"max_hp_gain":0,"max_hp_loss":0,"event_name":"Bonfire Elementals","floor":25,"gold_loss":0}],"is_beta":false,"boss_relics":[{"not_picked":["Empty Cage","Coffee Dripper"],"picked":"TheCursedMod:BlackMagicAdvanced"}],"items_purged_floors":[],"is_endless":false,"potions_floor_spawned":[5,14,18,21],"killed_by":"Automaton","ascension_level":0}}