{"host":"z9grmtg2w0nmz8n1","time":1610344233,"event":{"mods":["Aspiration","Bard","BaseMod","Beaked The Cultist","Better Altar","Better Match","Better Note","Better Sensory Stone","Better Skull","Better Third Choice","BetterRewards","CCEM","Colored Map","Conspire","Downfall","GifTheSpireLib","Googly Eyes","Halation","Hermit","Highlight Path","Hubris","Hunter ??","Jedi Mod","Jorbs\u0027s Wanderer Trilogy","Mad Scientist","Marisa????????","Minty Spire (QoL Compilation)","Permanent Neow","Replay The Spire","Shade Mod","Shop Mod","Spicy Shops","StSLib","Stuff the Spire","The Bug Knight","The Construct","The Necromancer","The Runesmith","The Witch"],"gold_per_floor":[113,126,72,92,110,142,160,195,195,195,20,20,20,82,82,82,82],"floor_reached":16,"playtime":729,"items_purged":["Strike_G","Strike_G"],"score":118,"play_id":"c721ac6c-4e09-4c5d-9eba-fc3dfb9aff09","local_time":"20210111035033","is_ascension_mode":true,"campfire_choices":[{"floor":15,"key":"REST"}],"circlet_count":0,"master_deck":["Strike_G","Strike_G","Strike_G","Defend_G","Defend_G","Defend_G","Defend_G","Defend_G","Survivor","Neutralize","Poisoned Stab","Dash+1","Prepared","StuffTheSpire:BrimstoneBlast","Dagger Spray","A Thousand Cuts"],"relics":["Ring of the Snake","aspiration:DSix","halation:LettersToHer","aspiration:StickyExplosives_weak","halation:EternalFortune","hubris:Icosahedron","SsserpentHead"],"acts_visited":["Exordium"],"potions_floor_usage":[5,8,16,16],"damage_taken":[{"damage":0,"enemies":"Jaw Worm","floor":1,"turns":5},{"damage":0,"enemies":"2 Louse","floor":2,"turns":3},{"damage":0,"enemies":"Cultist","floor":4,"turns":4},{"damage":5,"enemies":"2 Fungi Beasts","floor":5,"turns":2},{"damage":19,"enemies":"3 Sentries","floor":6,"turns":13},{"damage":0,"enemies":"Exordium Thugs","floor":7,"turns":5},{"damage":21,"enemies":"Lagavulin","floor":8,"turns":6},{"damage":7,"enemies":"Looter","floor":14,"turns":3},{"damage":44,"enemies":"Hexaghost","floor":16,"turns":10}],"seed_played":"4192994166833708014","potions_obtained":[{"floor":1,"key":"Toxic Potion"},{"floor":5,"key":"SteroidPotion"},{"floor":8,"key":"CunningPotion"},{"floor":14,"key":"Flashbang"}],"is_trial":false,"path_per_floor":["M","M","$","M","M","E","M","E","T","?","$","?","?","M","R","B"],"character_chosen":"THE_SILENT","items_purchased":["Dash+1"],"campfire_rested":1,"item_purchase_floors":[3],"current_hp_per_floor":[70,70,70,70,65,46,46,25,25,28,28,28,28,21,42,0,0],"gold":82,"neow_bonus":"DSIX","is_daily":false,"chose_seed":false,"campfire_upgraded":0,"win_rate":0.0,"timestamp":1610344233,"path_taken":["M","M","$","M","M","E","M","E","T","?","$","?","?","?","R","BOSS"],"items_purchased_type":["Card"],"build_version":"2020-12-22","purchased_purges":2,"victory":false,"max_hp_per_floor":[70,70,70,70,70,70,70,70,70,73,73,73,73,73,73,73,73],"card_choices":[{"not_picked":["ReplayTheSpireMod:Tripwire","Deflect","PiercingWail"],"picked":"SKIP","floor":1},{"not_picked":["Calculated Gamble","Slice"],"picked":"Poisoned Stab","floor":2},{"not_picked":["Dodge and Roll","Outmaneuver"],"picked":"Prepared","floor":4},{"not_picked":["Bouncing Flask","Calculated Gamble"],"picked":"StuffTheSpire:BrimstoneBlast","floor":5},{"not_picked":["Sucker Punch","Prepared","Quick Slash"],"picked":"SKIP","floor":6},{"not_picked":["StuffTheSpire:Python","Underhanded Strike"],"picked":"Dagger Spray","floor":7},{"not_picked":["Heel Hook","Caltrops"],"picked":"A Thousand Cuts","floor":8},{"not_picked":["StuffTheSpire:Injection","Acrobatics","ReplayTheSpireMod:Speed Training"],"picked":"SKIP","floor":14}],"player_experience":837707,"relics_obtained":[{"floor":6,"key":"halation:LettersToHer"},{"floor":8,"key":"aspiration:StickyExplosives_weak"}],"event_choices":[{"damage_healed":0,"gold_gain":0,"player_choice":"Trade","damage_taken":0,"relics_obtained":["SsserpentHead"],"max_hp_gain":0,"max_hp_loss":0,"event_name":"FaceTrader","floor":13,"gold_loss":0}],"is_beta":false,"boss_relics":[],"items_purged_floors":[11,11],"is_endless":false,"potions_floor_spawned":[1,5,8,14],"killed_by":"Hexaghost","ascension_level":1}}