{"host":"cfnmff32z0ky6ioz","time":1610358615,"event":{"mods":["BaseMod","Bestiary","Colored Powertips","Downfall","Friendly Minions","Hermit","Highlight Path","KinomotoSakuraMod(木之本?)","Luminous","Minty Spire (QoL Compilation)","Quick Restart","Replay The Spire","StSLib","The Alterego","The Animator","The IronCluck","The Jungle","The Marked","【?物卡牌】REMEMod"],"gold_per_floor":[99,99,99,99,20,20,44,63,81,20,39,50,50,61,71,168,168,168,178,195,195,195,195,195,195,213,2,18,31,16,16,32,32,32,32],"floor_reached":33,"playtime":3505,"items_purged":["Shame"],"score":264,"play_id":"41cb9f44-21ca-4f2d-926e-37298e8fe560","local_time":"20210111175015","is_ascension_mode":false,"campfire_choices":[{"data":"hexamod:Float","floor":1,"key":"SMITH"},{"floor":13,"key":"REST"},{"data":"hexamod:HexaLevel","floor":18,"key":"SMITH"}],"circlet_count":0,"master_deck":["hexamod:Strike","hexamod:Strike","hexamod:Strike","hexamod:Defend","hexamod:Defend","hexamod:Defend","hexamod:Defend","hexamod:Sear","hexamod:Float+1","hexamod:GhostOfSpirePresent","hexamod:HauntingEcho","hexamod:Rewind","hexamod:DynamicBlow","hexamod:FourthSeal","hexamod:RadiantFlame","hexamod:HeatShield","hexamod:AdvancingGuard","hexamod:CatchUp","hexamod:Hexaguard","hexamod:RecurringNightmare","hexamod:ShieldOfDarkness","hexamod:HexaLevel+1","hexamod:GhostLash+1","hexamod:Rewind","hexamod:EtherealExpedition+1","hexamod:ThermalTransfer+1","hexamod:GhostOfSpirePresent","hexamod:GhostOfSpirePresent","hexamod:Again","hexamod:ChargedBarrage","hexamod:BacktrackSmack","hexamod:SwordOfDarkness","Blind","hermit:Enervate","hexamod:NecessarySacrifice","hexamod:ThermalTransfer","hexamod:GhostflameInferno"],"relics":["hexamod:SpiritBrand","REME_ComplimentaryCards","downfall:HeartsMalice","Pet Ghost","Replay:Bronze Core","Smiling Mask","animator:TheMissingPiece","alterego_mod:SomeoneToFightFor","Replay:Bottled Flurry","BargainBundle","downfall:RedIOU"],"acts_visited":["Exordium","TheCity"],"potions_floor_usage":[11,12,15,15,16,16,20,26,28,29,32,32,33,33,33,33,33,33],"damage_taken":[{"damage":0,"enemies":"Cultist","floor":2,"turns":1},{"damage":0,"enemies":"downfall:FleeingMerchant","floor":5,"turns":1},{"damage":0,"enemies":"2 Louse","floor":6,"turns":1},{"damage":0,"enemies":"Jaw Worm","floor":8,"turns":3},{"damage":10,"enemies":"Large Slime","floor":9,"turns":7},{"damage":4,"enemies":"downfall:FleeingMerchant","floor":10,"turns":4},{"damage":0,"enemies":"Blue Slaver","floor":11,"turns":2},{"damage":0,"enemies":"Lots of Slimes","floor":12,"turns":2},{"damage":0,"enemies":"Large Slime","floor":14,"turns":5},{"damage":3,"enemies":"Gremlin Gang","floor":15,"turns":3},{"damage":31,"enemies":"downfall:Ironclad","floor":16,"turns":12},{"damage":0,"enemies":"Chosen","floor":19,"turns":6},{"damage":0,"enemies":"3 Byrds","floor":20,"turns":6},{"damage":1,"enemies":"Sentry and Sphere","floor":26,"turns":6},{"damage":0,"enemies":"downfall:FleeingMerchant","floor":27,"turns":5},{"damage":1,"enemies":"Snake Plant","floor":28,"turns":3},{"damage":5,"enemies":"Shelled Parasite and Fungi","floor":29,"turns":6},{"damage":4,"enemies":"downfall:FleeingMerchant","floor":30,"turns":5},{"damage":23,"enemies":"3 Cultists","floor":32,"turns":6},{"damage":38,"enemies":"downfall:Silent","floor":33,"turns":9}],"seed_played":"6269651365603550748","potions_obtained":[{"floor":8,"key":"Explosive Potion"},{"floor":9,"key":"Fire Potion"},{"floor":9,"key":"EntropicBrew"},{"floor":11,"key":"Adrenaline Potion"},{"floor":12,"key":"LiquidBronze"},{"floor":12,"key":"Fire Potion"},{"floor":15,"key":"AttackPotion"},{"floor":15,"key":"Fire Potion"},{"floor":16,"key":"Energy Potion"},{"floor":19,"key":"SpeedPotion"},{"floor":20,"key":"Fire Potion"},{"floor":26,"key":"DistilledChaos"},{"floor":28,"key":"Fire Potion"},{"floor":29,"key":"Swift Potion"},{"floor":29,"key":"PowerPotion"},{"floor":32,"key":"Languid Potion"},{"floor":32,"key":"Venom Potion"}],"is_trial":false,"path_per_floor":["R","M","?","?","$","M","T","M","M","$","M","M","R","M","M","B",null,"R","M","M","?","?","?","T","?","M","$","M","M","$","?","M","B"],"character_chosen":"THE_SPIRIT","items_purchased":["hexamod:Rewind","hexamod:AdvancingGuard","BargainBundle","hexamod:GhostOfSpirePresent","hexamod:Again","hexamod:ChargedBarrage","hexamod:BacktrackSmack","hexamod:SwordOfDarkness","Blind"],"campfire_rested":1,"item_purchase_floors":[5,10,27,27,27,27,27,27,27],"current_hp_per_floor":[70,70,28,28,28,28,28,28,18,14,14,14,35,35,32,1,70,70,70,70,70,70,70,70,70,70,70,70,65,61,61,38,0,0,0],"gold":32,"neow_bonus":"THREE_ENEMY_KILL","is_daily":false,"chose_seed":false,"campfire_upgraded":2,"win_rate":0.0,"timestamp":1610358615,"path_taken":["R","M","?","?","$","M","T","M","?","?","?","M","R","?","M","BOSS","R","M","M","?","?","?","T","?","M","$","?","M","?","?","M","BOSS"],"items_purchased_type":["Card","Card","Relic","Card","Card","Card","Card","Card","Card"],"build_version":"2020-12-22","purchased_purges":1,"victory":false,"max_hp_per_floor":[70,70,70,70,70,70,70,70,70,70,70,70,70,70,70,70,70,70,70,70,70,70,70,70,70,70,70,70,70,70,70,70,70,70,70],"card_choices":[{"not_picked":["hexamod:GhostLash","hexamod:Incineration"],"picked":"hexamod:GhostOfSpirePresent","floor":2},{"not_picked":["hexamod:NightmareGuise","hexamod:InspiringFlames"],"picked":"hexamod:HauntingEcho","floor":5},{"not_picked":["hexamod:GhostShield","hexamod:FastForward"],"picked":"hexamod:DynamicBlow","floor":6},{"not_picked":["hexamod:ThirdSeal","hexamod:RainOfEmbers"],"picked":"hexamod:FourthSeal","floor":8},{"not_picked":["hexamod:Firestarter","hexamod:ShieldOfDarkness"],"picked":"hexamod:RadiantFlame","floor":9},{"not_picked":["hexamod:ParanormalForm","hexamod:SpectersWail"],"picked":"hexamod:HeatShield","floor":10},{"not_picked":["hexamod:RecurringNightmare","hexamod:EmpoweredFlame"],"picked":"hexamod:CatchUp","floor":11},{"not_picked":["hexamod:BacktrackSmack","hexamod:GhostOfSpireFuture"],"picked":"hexamod:Hexaguard","floor":12},{"not_picked":["hexamod:InspiringFlames","hexamod:SwordOfDarkness"],"picked":"hexamod:RecurringNightmare","floor":14},{"not_picked":["hexamod:BacktrackSmack","hexamod:Hexaguard"],"picked":"hexamod:ShieldOfDarkness","floor":15},{"not_picked":["hexamod:TurnItUp","hexamod:EmpoweringStance"],"picked":"hexamod:HexaLevel","floor":16},{"not_picked":["hexamod:RainOfEmbers","hexamod:FirstSeal"],"picked":"hexamod:GhostLash+1","floor":19},{"not_picked":["hexamod:GhostOfSpirePast","hexamod:FastForward"],"picked":"hexamod:Rewind","floor":20},{"not_picked":["hexamod:BacktrackSmack+1","hexamod:SecondSeal"],"picked":"hexamod:EtherealExpedition+1","floor":26},{"not_picked":["hexamod:SkipABeat","hexamod:SpectersWail"],"picked":"hexamod:ThermalTransfer+1","floor":27},{"not_picked":["hexamod:FastForward","hexamod:SpectralAdrenaline"],"picked":"hexamod:NecessarySacrifice","floor":28},{"not_picked":["hexamod:GhostflameBarrier","hexamod:FirstSeal"],"picked":"hexamod:ThermalTransfer","floor":30},{"not_picked":["hexamod:GhostLash","hexamod:SwordOfDarkness"],"picked":"hexamod:GhostflameInferno","floor":32}],"player_experience":373486,"relics_obtained":[{"floor":7,"key":"Pet Ghost"},{"floor":24,"key":"Replay:Bottled Flurry"}],"event_choices":[{"damage_healed":0,"gold_gain":0,"player_choice":"Success","damage_taken":42,"relics_obtained":["Centennial Puzzle"],"max_hp_gain":0,"max_hp_loss":0,"event_name":"Scrap Ooze","floor":3,"gold_loss":0},{"cards_removed":["hexamod:Strike"],"damage_healed":0,"gold_gain":0,"player_choice":"Offered Basic","damage_taken":0,"max_hp_gain":0,"max_hp_loss":0,"event_name":"Bonfire Elementals","floor":4,"gold_loss":0},{"damage_healed":0,"gold_gain":0,"player_choice":"Stole Relic","damage_taken":0,"relics_obtained":["Smiling Mask"],"max_hp_gain":0,"max_hp_loss":0,"event_name":"Addict","floor":21,"gold_loss":0,"cards_obtained":["Shame"]},{"damage_healed":0,"gold_gain":0,"player_choice":"Choice 2","damage_taken":0,"relics_obtained":["alterego_mod:SomeoneToFightFor"],"max_hp_gain":0,"max_hp_loss":0,"event_name":"?的神圣花?","floor":23,"gold_loss":0}],"is_beta":false,"boss_relics":[{"not_picked":["Abe\u0027s Treasure","Replay:Drink Me"],"picked":"Replay:Bronze Core"}],"items_purged_floors":[27],"is_endless":false,"potions_floor_spawned":[8,9,11,12,15,20,26,29,32],"killed_by":"downfall:Silent","ascension_level":0}}