{"host":"zk71suw73lg2r165","time":1610328939,"event":{"mods":["BaseMod","Colored Map","Minty Spire (QoL Compilation)","Permanent Neow","Relic Stats","StSLib"],"gold_per_floor":[119,132,143,68,68,68,68],"floor_reached":6,"playtime":166,"items_purged":[],"score":72,"play_id":"0b292433-259b-4a03-9ab3-d29f1d23c53e","local_time":"20210110203539","is_ascension_mode":true,"campfire_choices":[],"circlet_count":0,"master_deck":["AscendersBane","Strike_R","Strike_R","Strike_R","Strike_R","Defend_R","Defend_R","Defend_R","Defend_R","Bash","Feed","Pommel Strike","Havoc","Twin Strike"],"relics":["Burning Blood","Potion Belt"],"acts_visited":["Exordium"],"potions_floor_usage":[],"damage_taken":[{"damage":8,"enemies":"2 Louse","floor":1,"turns":4},{"damage":7,"enemies":"Jaw Worm","floor":2,"turns":2},{"damage":6,"enemies":"Small Slimes","floor":3,"turns":4},{"damage":0,"enemies":"Lagavulin","floor":6,"turns":2}],"seed_played":"6703612679968568476","potions_obtained":[{"floor":3,"key":"Energy Potion"}],"is_trial":false,"path_per_floor":["M","M","M","?","?","E"],"character_chosen":"IRONCLAD","items_purchased":[],"campfire_rested":0,"item_purchase_floors":[],"current_hp_per_floor":[51,53,56,56,45,45,45],"gold":68,"neow_bonus":"THREE_RARE_CARDS","is_daily":false,"chose_seed":false,"campfire_upgraded":0,"win_rate":0.0,"timestamp":1610328939,"path_taken":["M","M","M","?","?","E"],"items_purchased_type":[],"build_version":"2020-12-22","purchased_purges":0,"victory":false,"max_hp_per_floor":[78,81,84,84,84,84,84],"relic_stats":{"counters":[4,12],"obtain_stats":[{"Potion Belt":5,"Burning Blood":0},{"Potion Belt":3,"Burning Blood":0},{"Potion Belt":10,"Burning Blood":0}],"Burning Blood":18},"card_choices":[{"not_picked":["Fiend Fire","Limit Break"],"picked":"Feed","floor":0},{"not_picked":["Searing Blow","Sword Boomerang"],"picked":"Pommel Strike","floor":1},{"not_picked":["Iron Wave","Burning Pact"],"picked":"Havoc","floor":2},{"not_picked":["Heavy Blade","Sword Boomerang"],"picked":"Twin Strike","floor":3}],"player_experience":1333696,"relics_obtained":[],"event_choices":[{"cards_removed":["Strike_R"],"damage_healed":0,"gold_gain":0,"player_choice":"Card Removal","damage_taken":0,"max_hp_gain":0,"max_hp_loss":0,"event_name":"The Cleric","floor":4,"gold_loss":75},{"damage_healed":0,"gold_gain":0,"player_choice":"Success","damage_taken":11,"relics_obtained":["Potion Belt"],"max_hp_gain":0,"max_hp_loss":0,"event_name":"Scrap Ooze","floor":5,"gold_loss":0}],"is_beta":false,"boss_relics":[],"items_purged_floors":[],"is_endless":false,"potions_floor_spawned":[3],"killed_by":"Lagavulin","ascension_level":20}}