{"host":"zekcc3vicrep0och","time":1610349579,"event":{"mods":["AchievementEnabler","BaseMod","Colored Map","Colored Powertips","Displayed Cursed Tome","Highlight Path","Minty Spire (QoL Compilation)","Quick Restart","Relic Stats","StSLib","The Cursed"],"gold_per_floor":[115,115,40,80,94,125,125,150,150,150,161,161,178,206,206,280,280,292,292,207,51,51,79,79,110,186,201,201,201,214,214,214,290,290,310,310,328,13,13,43,60,94,94,122,172,15,48,63,63,63],"floor_reached":51,"playtime":2379,"items_purged":["Regret","Strike_R","Strike_R","Cleave"],"score":1636,"play_id":"2222bbef-6db5-4673-9679-aa9887aca52a","local_time":"20210111101939","is_ascension_mode":true,"campfire_choices":[{"data":"Twin Strike","floor":7.0,"key":"SMITH"},{"data":"Bash","floor":10.0,"key":"SMITH"},{"data":"Immolate","floor":12.0,"key":"SMITH"},{"floor":15.0,"key":"REST"},{"floor":24.0,"key":"REST"},{"data":"Battle Trance","floor":28.0,"key":"SMITH"},{"data":"Corruption","floor":32.0,"key":"SMITH"},{"floor":49,"key":"REST"}],"circlet_count":0,"master_deck":["AscendersBane","Defend_R","Defend_R","Defend_R","Defend_R","Bash+1","Hemokinesis","Shrug It Off","Twin Strike+1","Immolate+1","Anger+1","Battle Trance+1","Reaper+1","Whirlwind+1","Sword Boomerang+1","Entrench+1","Body Slam+1","RitualDagger+1","Pummel+1","Uppercut+1","Shrug It Off","Disarm+1","Shockwave+1","Corruption+1","Exhume","Twin Strike+1","Heavy Blade+1","Feel No Pain","Rage+1","Shrug It Off","Sentinel+1","Spot Weakness","Dropkick+1","Inflame+1"],"relics":["Burning Blood","Shuriken","Potion Belt","Orichalcum","Molten Egg 2","Vajra","Astrolabe","Bronze Scales","FaceOfCleric","Juzu Bracelet","CaptainsWheel","Eternal Feather","Nilry\u0027s Codex","Fusion Hammer","Turnip","Membership Card","Question Card","StoneCalendar","Gremlin Horn","Strawberry","War Paint","Mummified Hand"],"acts_visited":["TheCity","TheBeyond"],"potions_floor_usage":[41,41,48,50],"damage_taken":[{"damage":3.0,"enemies":"2 Louse","floor":1.0,"turns":2.0},{"damage":4.0,"enemies":"Jaw Worm","floor":4.0,"turns":3.0},{"damage":2.0,"enemies":"Small Slimes","floor":5.0,"turns":2.0},{"damage":34.0,"enemies":"Gremlin Nob","floor":6.0,"turns":5.0},{"damage":22.0,"enemies":"Lagavulin","floor":8.0,"turns":6.0},{"damage":9.0,"enemies":"Red Slaver","floor":11.0,"turns":2.0},{"damage":0.0,"enemies":"2 Fungi Beasts","floor":13.0,"turns":1.0},{"damage":19.0,"enemies":"Gremlin Nob","floor":14.0,"turns":4.0},{"damage":2.0,"enemies":"Slime Boss","floor":16.0,"turns":5.0},{"damage":10.0,"enemies":"3 Byrds","floor":18.0,"turns":4.0},{"damage":43.0,"enemies":"Book of Stabbing","floor":23.0,"turns":5.0},{"damage":27.0,"enemies":"Gremlin Leader","floor":25.0,"turns":6.0},{"damage":7.0,"enemies":"2 Thieves","floor":27.0,"turns":3.0},{"damage":9.0,"enemies":"Centurion and Healer","floor":30.0,"turns":5.0},{"damage":42.0,"enemies":"Collector","floor":33.0,"turns":9.0},{"damage":1.0,"enemies":"Orb Walker","floor":35.0,"turns":3.0},{"damage":0.0,"enemies":"3 Shapes","floor":37.0,"turns":2.0},{"damage":5.0,"enemies":"Giant Head","floor":40.0,"turns":8.0},{"damage":6,"enemies":"Jaw Worm Horde","floor":41,"turns":4},{"damage":35,"enemies":"Reptomancer","floor":42,"turns":7},{"damage":15,"enemies":"Giant Head","floor":44,"turns":8},{"damage":14,"enemies":"Nemesis","floor":47,"turns":7},{"damage":0,"enemies":"Sphere and 2 Shapes","floor":48,"turns":1},{"damage":7,"enemies":"Awakened One","floor":50,"turns":7}],"seed_played":"911374733260688407","potions_obtained":[{"floor":1.0,"key":"ColorlessPotion"},{"floor":4.0,"key":"Ancient Potion"},{"floor":23.0,"key":"Ancient Potion"},{"floor":39.0,"key":"SkillPotion"},{"floor":39.0,"key":"BlessingOfTheForge"},{"floor":47,"key":"Explosive Potion"},{"floor":48,"key":"SkillPotion"}],"is_trial":false,"path_per_floor":["M","?","$","M","M","E","R","E","T","R","M","R","M","E","R","B",null,"M","?","?","$","?","E","R","E","T","M","R","?","M","?","R","B",null,"M","T","M","$","?","E","M","E","T","E","?","$","E","M","R","B",null],"character_chosen":"IRONCLAD","items_purchased":["SteroidPotion","Membership Card","Feel No Pain","LiquidMemories","War Paint"],"campfire_rested":3,"item_purchase_floors":[21,38,38,38,46],"current_hp_per_floor":[71,71,71,73,75,47,47,31,31,31,28,28,34,21,43,47,68,64,58,58,58,58,40,62,54,54,54,66,45,50,50,65,58,75,81,81,82,82,82,83,84,66,66,65,65,65,67,74,95,95],"gold":63,"neow_bonus":"THREE_CARDS","is_daily":false,"chose_seed":false,"campfire_upgraded":5,"win_rate":0.0,"timestamp":1610349579,"path_taken":["M","?","$","M","M","E","R","E","T","R","M","R","M","E","R","BOSS","M","?","?","$","?","E","R","E","T","M","R","?","M","?","R","BOSS","M","?","M","$","?","E","M","E","T","E","?","?","E","M","R","BOSS"],"items_purchased_type":["Potion","Relic","Card","Potion","Relic"],"build_version":"2020-12-22","purchased_purges":4,"victory":true,"max_hp_per_floor":[75,75,75,75,75,75,75,75,75,75,75,75,75,75,75,75,75,75,75,75,75,75,76,76,77,77,78,78,78,79,79,79,80,80,81,81,82,82,82,83,84,85,85,93,93,93,94,95,95,96],"relic_stats":{"Gremlin Horn":[4,5],"counters":[24,109],"Astrolabe":["Whirlwind","Sword Boomerang","Entrench"],"Eternal Feather":45,"StoneCalendar":[85],"Juzu Bracelet":2,"Orichalcum":[120],"War Paint":["Shockwave","Sentinel"],"Question Card":5,"Burning Blood":132,"FaceOfCleric":14,"Shuriken":[32],"Mummified Hand":[5],"Bronze Scales":[195],"Turnip":[0],"obtain_stats":[{"Potion Belt":6,"Gremlin Horn":43,"Nilry\u0027s Codex":29,"Astrolabe":17,"Vajra":14,"Eternal Feather":26,"StoneCalendar":42,"Juzu Bracelet":23,"Orichalcum":8,"War Paint":46,"Question Card":40,"Burning Blood":0,"CaptainsWheel":25,"FaceOfCleric":22,"Shuriken":2,"Mummified Hand":47,"Bronze Scales":20,"Strawberry":44,"Molten Egg 2":9,"Fusion Hammer":34,"Turnip":36,"Membership Card":38},{"Potion Belt":4,"Gremlin Horn":20,"Nilry\u0027s Codex":13,"Astrolabe":9,"Vajra":8,"Eternal Feather":12,"StoneCalendar":20,"Juzu Bracelet":11,"Orichalcum":5,"War Paint":21,"Question Card":18,"Burning Blood":0,"CaptainsWheel":12,"FaceOfCleric":10,"Shuriken":1,"Mummified Hand":22,"Bronze Scales":10,"Strawberry":21,"Molten Egg 2":5,"Fusion Hammer":15,"Turnip":16,"Membership Card":17},{"Potion Belt":12,"Gremlin Horn":86,"Nilry\u0027s Codex":48,"Astrolabe":30,"Vajra":25,"Eternal Feather":45,"StoneCalendar":86,"Juzu Bracelet":39,"Orichalcum":18,"War Paint":94,"Question Card":75,"Burning Blood":0,"CaptainsWheel":45,"FaceOfCleric":34,"Shuriken":2,"Mummified Hand":101,"Bronze Scales":34,"Strawberry":94,"Molten Egg 2":18,"Fusion Hammer":62,"Turnip":65,"Membership Card":67}]},"card_choices":[{"not_picked":["Armaments","Havoc"],"picked":"Hemokinesis","floor":0.0},{"not_picked":["Burning Pact","Anger","Reckless Charge"],"picked":"SKIP","floor":1.0},{"not_picked":["Warcry","True Grit"],"picked":"Cleave","floor":4.0},{"not_picked":["Hemokinesis","Searing Blow"],"picked":"Shrug It Off","floor":5.0},{"not_picked":["Thunderclap","Havoc"],"picked":"Twin Strike","floor":6.0},{"not_picked":["Offering","Twin Strike"],"picked":"Immolate","floor":8.0},{"not_picked":["Iron Wave+1","Cleave+1"],"picked":"Anger+1","floor":11.0},{"not_picked":["Cleave+1","Twin Strike+1"],"picked":"Battle Trance","floor":13.0},{"not_picked":["Anger+1","Bloodletting","Thunderclap+1"],"picked":"SKIP","floor":14.0},{"not_picked":["Exhume","Barricade"],"picked":"Reaper+1","floor":16.0},{"not_picked":["Carnage+1","Perfected Strike+1"],"picked":"Body Slam+1","floor":18.0},{"not_picked":["Evolve+1","Pommel Strike+1"],"picked":"Pummel+1","floor":23.0},{"not_picked":["Wild Strike+1","Body Slam+1"],"picked":"Uppercut+1","floor":25.0},{"not_picked":["Clothesline+1","Havoc"],"picked":"Shrug It Off","floor":27.0},{"not_picked":["Body Slam+1","Twin Strike+1"],"picked":"Disarm+1","floor":30.0},{"not_picked":["Demon Form","Juggernaut"],"picked":"Exhume","floor":33.0},{"not_picked":["Wild Strike+1","Warcry"],"picked":"Twin Strike+1","floor":35.0},{"not_picked":["Havoc","True Grit"],"picked":"Heavy Blade+1","floor":37.0},{"not_picked":["Clash+1","Clothesline+1"],"picked":"Rage+1","floor":40.0},{"not_picked":["Evolve","Cleave+1","Intimidate+1"],"picked":"Shrug It Off","floor":41},{"not_picked":["Wild Strike+1","True Grit","Second Wind"],"picked":"Sentinel","floor":42},{"not_picked":["Blood for Blood+1","Flex","Clash+1"],"picked":"Spot Weakness","floor":44},{"not_picked":["Rage","Juggernaut","Second Wind"],"picked":"Dropkick+1","floor":47},{"not_picked":["Combust","Perfected Strike+1","Clothesline+1"],"picked":"Inflame+1","floor":48}],"player_experience":506045,"relics_obtained":[{"floor":6.0,"key":"Potion Belt"},{"floor":8.0,"key":"Orichalcum"},{"floor":9.0,"key":"Molten Egg 2"},{"floor":14.0,"key":"Vajra"},{"floor":23.0,"key":"Juzu Bracelet"},{"floor":25.0,"key":"CaptainsWheel"},{"floor":26.0,"key":"Eternal Feather"},{"floor":36.0,"key":"Turnip"},{"floor":40.0,"key":"Question Card"},{"floor":42,"key":"StoneCalendar"},{"floor":43,"key":"Gremlin Horn"},{"floor":44,"key":"Strawberry"},{"floor":47,"key":"Mummified Hand"}],"event_choices":[{"damage_healed":0.0,"max_hp_gain":0.0,"max_hp_loss":0.0,"gold_gain":0.0,"event_name":"Big Fish","player_choice":"Box","floor":2.0,"gold_loss":0.0,"damage_taken":0.0,"relics_obtained":["Shuriken"],"cards_obtained":["Regret"]},{"damage_healed":0.0,"max_hp_gain":0.0,"max_hp_loss":0.0,"gold_gain":0.0,"event_name":"Nest","player_choice":"Joined the Cult","floor":19.0,"gold_loss":0.0,"damage_taken":6.0,"cards_obtained":["RitualDagger"]},{"damage_healed":0.0,"max_hp_gain":0.0,"max_hp_loss":0.0,"gold_gain":0.0,"event_name":"Addict","player_choice":"Obtained Relic","floor":20.0,"gold_loss":85.0,"damage_taken":0.0,"relics_obtained":["Bronze Scales"]},{"damage_healed":0.0,"max_hp_gain":0.0,"max_hp_loss":0.0,"gold_gain":0.0,"event_name":"FaceTrader","player_choice":"Trade","floor":22.0,"gold_loss":0.0,"damage_taken":0.0,"relics_obtained":["FaceOfCleric"]},{"damage_healed":0.0,"max_hp_gain":0.0,"max_hp_loss":0.0,"gold_gain":0.0,"event_name":"Cursed Tome","player_choice":"Obtained Book","floor":29.0,"gold_loss":0.0,"damage_taken":21.0},{"damage_healed":0.0,"max_hp_gain":0.0,"max_hp_loss":0.0,"gold_gain":0.0,"event_name":"Match and Keep!","player_choice":"2 cards matched","floor":31.0,"gold_loss":0.0,"damage_taken":0.0,"cards_obtained":["Shockwave","Corruption"]},{"damage_healed":0.0,"max_hp_gain":0.0,"max_hp_loss":0.0,"gold_gain":0.0,"event_name":"Lab","player_choice":"Got Potions","floor":39.0,"gold_loss":0.0,"damage_taken":0.0},{"damage_healed":0,"gold_gain":50,"player_choice":"Pray","damage_taken":0,"max_hp_gain":0,"max_hp_loss":0,"event_name":"Golden Shrine","floor":45,"gold_loss":0}],"is_beta":false,"boss_relics":[{"not_picked":["Empty Cage","Snecko Eye"],"picked":"Astrolabe"},{"not_picked":["Sozu","Runic Pyramid"],"picked":"Fusion Hammer"}],"items_purged_floors":[3,21,38,46],"is_endless":false,"potions_floor_spawned":[1,4,23,47,48],"ascension_level":17}}