{"host":"aaqofma31c3gm2hj","time":1610362478,"event":{"mods":["BaseMod","GungeonMod","Minty Spire (QoL Compilation)","Replay The Spire","Spicy Shops","StSLib"],"gold_per_floor":[115,1,76,96,96,96,127,127,127,155,155,167,197,46,46,119,119,136,154,154,54,54,85,85,105,105,105,116,129,147,162,162,162],"floor_reached":32,"playtime":541,"items_purged":["Defend_P","Defend_P"],"score":710,"play_id":"9a423e1a-ce05-41e7-a758-bbced1be5566","local_time":"20210111185438","is_ascension_mode":true,"campfire_choices":[{"data":"Eruption","floor":6.0,"key":"SMITH"},{"floor":8.0,"key":"RECALL"},{"data":"Vigilance","floor":11.0,"key":"SMITH"},{"data":"Omniscience","floor":15.0,"key":"SMITH"},{"data":"Strike_P","floor":24,"key":"PURGE"},{"data":"Tantrum","floor":27,"key":"SMITH"}],"circlet_count":0,"master_deck":["AscendersBane","Strike_P","Strike_P","Defend_P","Defend_P","Eruption+1","Vigilance+1","SignatureMove+1","Omniscience+1","Tantrum+1","Ragnarok","Adaptation","Adaptation","DeusExMachina"],"relics":["PureWater","NeowsBlessing","Shuriken","DemoMod:ChaffGrenade","Art of War","Peace Pipe","Runic Pyramid","Incense Burner","Nloth\u0027s Gift","Replay:Bottled Flurry","DemoMod:GlassGuonStoneRelic"],"acts_visited":["Exordium","TheCity","TheCity"],"potions_floor_usage":[31,32],"damage_taken":[{"damage":0.0,"enemies":"2 Louse","floor":1.0,"turns":1.0},{"damage":0.0,"enemies":"Small Slimes","floor":4.0,"turns":1.0},{"damage":0.0,"enemies":"Gremlin Nob","floor":7.0,"turns":1.0},{"damage":0.0,"enemies":"Replay:BlueRogue","floor":10.0,"turns":2.0},{"damage":0.0,"enemies":"Cultist","floor":12.0,"turns":2.0},{"damage":0.0,"enemies":"Gremlin Nob","floor":13.0,"turns":1.0},{"damage":3.0,"enemies":"The Guardian","floor":16.0,"turns":5.0},{"damage":4.0,"enemies":"Shell Parasite","floor":18.0,"turns":2.0},{"damage":22.0,"enemies":"2 Thieves","floor":19.0,"turns":2.0},{"damage":10.0,"enemies":"Slavers","floor":23.0,"turns":2.0},{"damage":0,"enemies":"Cultist and Chosen","floor":25,"turns":2},{"damage":6,"enemies":"DemoMod:2_Veteran_bullet_kins_and_red_shotgun_kin","floor":28,"turns":1},{"damage":0,"enemies":"DemoMod:4_Bullet_Kins","floor":29,"turns":3},{"damage":10,"enemies":"DemoMod:Veteran_shot_gun_kin_and_blue_shotgun_kin","floor":30,"turns":2},{"damage":10,"enemies":"DemoMod:Veteran_shot_gun_kin_and_red_shotgun_kin_with_gunsinger","floor":31,"turns":5},{"damage":0,"enemies":"DemoMod:2_Mousers","floor":32,"turns":1}],"seed_played":"-8957064108133057774","potions_obtained":[{"floor":1.0,"key":"Ancient Potion"},{"floor":7.0,"key":"Languid Potion"},{"floor":12.0,"key":"DuplicationPotion"},{"floor":13.0,"key":"ColorlessPotion"},{"floor":23,"key":"SteroidPotion"},{"floor":30,"key":"DistilledChaos"},{"floor":31,"key":"Swift Potion"}],"is_trial":false,"path_per_floor":["M","$","?","M","?","R","E","R","T","E","R","M","E","$","R","B",null,"M","M","?","$","?","E","R","M","T","R","M","M","M","M","M"],"character_chosen":"WATCHER","items_purchased":["DemoMod:GnawedKey","Tantrum","Incense Burner"],"campfire_rested":0,"item_purchase_floors":[2,14,21],"current_hp_per_floor":[61,61,50,50,50,50,50,50,50,50,50,50,50,50,50,47,63,59,37,37,37,37,27,27,27,58,58,52,52,42,32,32,32],"gold":162,"neow_bonus":"THREE_ENEMY_KILL","is_daily":false,"chose_seed":false,"campfire_upgraded":4,"win_rate":0.0,"timestamp":1610362478,"path_taken":["M","$","?","M","?","R","E","R","T","E","R","M","E","$","R","BOSS","M","M","?","$","?","E","R","M","T","R","M","M","M","M","M"],"items_purchased_type":["Relic","Card","Relic"],"build_version":"2020-12-22","purchased_purges":2,"victory":false,"max_hp_per_floor":[68,68,68,68,68,68,68,68,68,68,68,68,68,68,68,68,68,68,68,68,68,68,68,68,68,68,68,68,68,68,68,68,68],"card_choices":[{"not_picked":["CutThroughFate","EmptyBody","CrushJoints"],"picked":"SKIP","floor":1.0},{"not_picked":["MentalFortress","Nirvana","Vengeance"],"picked":"SKIP","floor":4.0},{"not_picked":["ClearTheMind","EmptyFist","Consecrate"],"picked":"SKIP","floor":7.0},{"not_picked":["PathToVictory","WreathOfFlame","CrushJoints"],"picked":"SKIP","floor":10.0},{"not_picked":["Replay:Vibes","ClearTheMind","Wireheading"],"picked":"SKIP","floor":12.0},{"not_picked":["Consecrate","Weave"],"picked":"Omniscience","floor":13.0},{"not_picked":["Blasphemy","LessonLearned"],"picked":"Ragnarok","floor":16.0},{"not_picked":["Replay:AtTheReady","EmptyFist","FlyingSleeves"],"picked":"SKIP","floor":18.0},{"not_picked":["BowlingBash","LikeWater"],"picked":"Adaptation","floor":19.0},{"not_picked":["MasterReality","Devotion","DeceiveReality"],"picked":"SKIP","floor":23},{"not_picked":["Consecrate","CrushJoints+1","Evaluate"],"picked":"SKIP","floor":25},{"not_picked":["Evaluate","FlyingSleeves+1"],"picked":"DeusExMachina","floor":28},{"not_picked":["ClearTheMind","Indignation","Consecrate+1"],"picked":"SKIP","floor":29},{"not_picked":["Vengeance","Conclude","WheelKick"],"picked":"SKIP","floor":30},{"not_picked":["FollowUp+1","WindmillStrike","Replay:BluntJabs"],"picked":"SKIP","floor":31}],"player_experience":584243,"relics_obtained":[{"floor":7.0,"key":"Shuriken"},{"floor":9.0,"key":"DemoMod:ChaffGrenade"},{"floor":10.0,"key":"Art of War"},{"floor":13.0,"key":"Peace Pipe"},{"floor":23,"key":"Replay:Bottled Flurry"}],"event_choices":[{"damage_healed":0.0,"max_hp_gain":0.0,"max_hp_loss":0.0,"gold_gain":75.0,"event_name":"World of Goop","player_choice":"Gather Gold","floor":3.0,"gold_loss":0.0,"damage_taken":11.0},{"damage_healed":0.0,"max_hp_gain":0.0,"max_hp_loss":0.0,"gold_gain":0.0,"event_name":"The Library","player_choice":"Read","floor":20.0,"gold_loss":0.0,"damage_taken":0.0,"cards_obtained":["Adaptation"]},{"damage_healed":0.0,"max_hp_gain":0.0,"max_hp_loss":0.0,"gold_gain":0.0,"event_name":"N\u0027loth","player_choice":"Traded Relic","floor":22.0,"relics_lost":["DemoMod:GlassGuonStoneRelic"],"gold_loss":0.0,"damage_taken":0.0,"relics_obtained":["Nloth\u0027s Gift"]}],"is_beta":false,"boss_relics":[{"not_picked":["Velvet Choker","Painkiller Herb"],"picked":"Runic Pyramid"}],"items_purged_floors":[14,21],"is_endless":false,"potions_floor_spawned":[1,7,12,13,23,30,31],"killed_by":"DemoMod:2_Mousers","ascension_level":20}}