{"host":"b995t17pt6d05w8c","time":1610375878,"event":{"mods":["AchievementEnabler","BaseMod","Colored Map","Minty Spire (QoL Compilation)","SuperFastMode"],"gold_per_floor":[115,190,207,207,226,226,240,90,90,118,118,136,44,44,44,120,120,132,132,132,151,51,51,151,161,208,87,106,106,117,134,134,208,208,218,234,131,144,144,172,172,172,172,188,213,213,248,258,258,258],"floor_reached":51,"playtime":1807,"items_purged":["Strike_G","Strike_G","Strike_G","Defend_G"],"score":1159,"play_id":"f171db27-4986-44df-b16c-6ff972579be8","local_time":"20210111233758","is_ascension_mode":true,"campfire_choices":[{"data":"Poisoned Stab","floor":6.0,"key":"SMITH"},{"data":"Footwork","floor":11.0,"key":"SMITH"},{"floor":15.0,"key":"REST"},{"data":"Envenom","floor":23.0,"key":"SMITH"},{"floor":29.0,"key":"REST"},{"floor":32.0,"key":"REST"},{"floor":42,"key":"REST"},{"floor":49,"key":"REST"}],"circlet_count":0,"master_deck":["AscendersBane","Defend_G","Defend_G","Survivor+1","Neutralize+1","Well Laid Plans","Acrobatics","Blade Dance","Footwork+1","Accuracy","Cloak And Dagger","Envenom+1","Flechettes","Backflip","Corpse Explosion","Phantasmal Killer","Terror+1","Acrobatics"],"relics":["Ring of the Snake","Singing Bowl","Mummified Hand","Empty Cage","Enchiridion","Smiling Mask","HoveringKite","Snake Skull","Frozen Egg 2","Ice Cream","Ninja Scroll"],"acts_visited":["Exordium","TheCity","TheBeyond"],"potions_floor_usage":[40,50,50],"damage_taken":[{"damage":1.0,"enemies":"2 Louse","floor":1.0,"turns":4.0},{"damage":1.0,"enemies":"Cultist","floor":3.0,"turns":4.0},{"damage":13.0,"enemies":"Jaw Worm","floor":5.0,"turns":5.0},{"damage":1.0,"enemies":"Looter","floor":7.0,"turns":4.0},{"damage":16.0,"enemies":"Lagavulin","floor":10.0,"turns":7.0},{"damage":10.0,"enemies":"Lots of Slimes","floor":12.0,"turns":3.0},{"damage":14.0,"enemies":"Hexaghost","floor":16.0,"turns":11.0},{"damage":7.0,"enemies":"Shell Parasite","floor":18.0,"turns":5.0},{"damage":7.0,"enemies":"Chosen","floor":21.0,"turns":3.0},{"damage":18.0,"enemies":"Sentry and Sphere","floor":25.0,"turns":5.0},{"damage":8.0,"enemies":"Snake Plant","floor":28.0,"turns":5.0},{"damage":0.0,"enemies":"3 Cultists","floor":30.0,"turns":4.0},{"damage":3.0,"enemies":"Snecko","floor":31.0,"turns":5.0},{"damage":35.0,"enemies":"Automaton","floor":33.0,"turns":9.0},{"damage":9.0,"enemies":"3 Darklings","floor":35.0,"turns":3.0},{"damage":6,"enemies":"Orb Walker","floor":36,"turns":3},{"damage":1,"enemies":"4 Shapes","floor":38,"turns":6},{"damage":20,"enemies":"Reptomancer","floor":40,"turns":5},{"damage":4,"enemies":"Transient","floor":44,"turns":5},{"damage":16,"enemies":"Mind Bloom Boss Battle","floor":45,"turns":4},{"damage":1,"enemies":"Nemesis","floor":47,"turns":3},{"damage":16,"enemies":"Maw","floor":48,"turns":4},{"damage":73,"enemies":"Awakened One","floor":50,"turns":13}],"seed_played":"-3806307778050145835","potions_obtained":[{"floor":5.0,"key":"Regen Potion"},{"floor":12.0,"key":"LiquidMemories"},{"floor":21.0,"key":"ColorlessPotion"},{"floor":30.0,"key":"DistilledChaos"},{"floor":31.0,"key":"SkillPotion"},{"floor":40,"key":"EssenceOfSteel"},{"floor":47,"key":"Regen Potion"}],"is_trial":false,"path_per_floor":["M","?","M","?","M","R","M","$","T","E","R","M","$","?","R","B",null,"M","?","?","M","$","R","?","M","T","$","M","R","M","M","R","B",null,"M","M","$","M","?","E","?","R","T","M","?","?","E","M","R","B",null],"character_chosen":"THE_SILENT","items_purchased":["Footwork","Accuracy","Cloak And Dagger","Corpse Explosion","Acrobatics"],"campfire_rested":5,"item_purchase_floors":[8,13,13,27,37],"current_hp_per_floor":[62,51,50,50,37,37,36,36,36,35,35,27,27,13,34,20,59,54,38,38,31,31,31,31,15,15,15,9,32,34,33,57,22,67,58,54,54,55,55,37,37,63,63,61,47,47,48,34,62,4],"gold":258,"neow_bonus":"REMOVE_CARD","is_daily":false,"chose_seed":false,"campfire_upgraded":3,"win_rate":0.0,"timestamp":1610375878,"path_taken":["M","?","M","?","M","R","M","$","T","E","R","?","$","?","R","BOSS","BOSS","M","?","?","M","?","R","?","M","T","$","M","R","?","M","R","BOSS","M","M","$","M","?","E","?","R","T","M","?","?","E","?","R","BOSS"],"items_purchased_type":["Card","Card","Card","Card","Card"],"build_version":"2020-12-22","purchased_purges":4,"victory":true,"max_hp_per_floor":[70,70,70,70,70,70,70,70,70,70,70,72,72,72,72,72,72,74,74,74,74,74,74,74,76,76,76,78,78,80,82,82,82,82,82,84,84,86,86,88,88,88,88,90,92,92,94,96,96,96],"card_choices":[{"not_picked":["Deflect","Flying Knee"],"picked":"Well Laid Plans","floor":1.0},{"not_picked":["Slice","Dagger Spray"],"picked":"Acrobatics","floor":3.0},{"not_picked":["Doppelganger","PiercingWail"],"picked":"Poisoned Stab","floor":5.0},{"not_picked":["Prepared","Acrobatics"],"picked":"Blade Dance","floor":7.0},{"not_picked":["A Thousand Cuts","Riddle With Holes"],"picked":"Die Die Die","floor":10.0},{"not_picked":["Dagger Throw","Poisoned Stab","Choke"],"picked":"Singing Bowl","floor":12.0},{"not_picked":["Burst","Night Terror"],"picked":"Envenom","floor":16.0},{"not_picked":["Bane","Quick Slash","Poisoned Stab"],"picked":"Singing Bowl","floor":18.0},{"not_picked":["Cloak And Dagger","Bane"],"picked":"Backflip","floor":21.0},{"not_picked":["Dagger Throw+1","Setup","Bane+1"],"picked":"Singing Bowl","floor":25.0},{"not_picked":["Terror","Riddle With Holes","PiercingWail"],"picked":"Singing Bowl","floor":28.0},{"not_picked":["Deflect","Cloak And Dagger","Dash"],"picked":"Singing Bowl","floor":30.0},{"not_picked":["Glass Knife","Prepared","Outmaneuver"],"picked":"Singing Bowl","floor":31.0},{"not_picked":["Bullet Time","A Thousand Cuts"],"picked":"Phantasmal Killer","floor":33.0},{"not_picked":["Deflect","Prepared"],"picked":"Terror+1","floor":35},{"not_picked":["Flying Knee","Endless Agony","Predator"],"picked":"Singing Bowl","floor":36},{"not_picked":["Outmaneuver","Acrobatics","PiercingWail"],"picked":"Singing Bowl","floor":38},{"not_picked":["Sucker Punch","Poisoned Stab+1","PiercingWail+1"],"picked":"Singing Bowl","floor":40},{"not_picked":["Dagger Spray+1","Slice","Riddle With Holes+1"],"picked":"Singing Bowl","floor":44},{"not_picked":["Outmaneuver","Well Laid Plans+1","Venomology"],"picked":"Singing Bowl","floor":45},{"not_picked":["Deadly Poison","Choke","Quick Slash"],"picked":"Singing Bowl","floor":47},{"not_picked":["Underhanded Strike","Flechettes+1","Terror+1"],"picked":"Singing Bowl","floor":48}],"player_experience":98704,"relics_obtained":[{"floor":9.0,"key":"Singing Bowl"},{"floor":10.0,"key":"Mummified Hand"},{"floor":19.0,"key":"Enchiridion"},{"floor":26.0,"key":"Smiling Mask"},{"floor":40,"key":"Snake Skull"},{"floor":43,"key":"Frozen Egg 2"},{"floor":45,"key":"Ice Cream"},{"floor":47,"key":"Ninja Scroll"}],"event_choices":[{"damage_healed":0.0,"max_hp_gain":0.0,"max_hp_loss":0.0,"gold_gain":75.0,"event_name":"World of Goop","player_choice":"Gather Gold","floor":2.0,"gold_loss":0.0,"damage_taken":11.0},{"cards_removed":["Defend_G"],"damage_healed":0.0,"max_hp_gain":0.0,"max_hp_loss":0.0,"gold_gain":0.0,"event_name":"Purifier","player_choice":"Purged","floor":4.0,"gold_loss":0.0,"damage_taken":0.0},{"damage_healed":0.0,"max_hp_gain":0.0,"max_hp_loss":0.0,"gold_gain":0.0,"event_name":"Shining Light","player_choice":"Entered Light","floor":14.0,"gold_loss":0.0,"damage_taken":14.0,"cards_upgraded":["Survivor","Neutralize"]},{"damage_healed":0.0,"max_hp_gain":0.0,"max_hp_loss":0.0,"gold_gain":0.0,"event_name":"Cursed Tome","player_choice":"Obtained Book","floor":19.0,"gold_loss":0.0,"damage_taken":16.0},{"damage_healed":0.0,"max_hp_gain":0.0,"max_hp_loss":0.0,"gold_gain":0.0,"event_name":"The Library","player_choice":"Read","floor":20.0,"gold_loss":0.0,"damage_taken":0.0,"cards_obtained":["Flechettes"]},{"damage_healed":0.0,"max_hp_gain":0.0,"max_hp_loss":0.0,"gold_gain":100.0,"event_name":"Golden Shrine","player_choice":"Pray","floor":24.0,"gold_loss":0.0,"damage_taken":0.0},{"cards_removed":["Die Die Die"],"damage_healed":0,"gold_gain":0,"player_choice":"Removed Attack","damage_taken":0,"max_hp_gain":0,"max_hp_loss":0,"event_name":"Falling","floor":39,"gold_loss":0},{"damage_healed":0,"gold_gain":0,"player_choice":"Ignored","damage_taken":0,"max_hp_gain":0,"max_hp_loss":0,"event_name":"Tomb of Lord Red Mask","floor":41,"gold_loss":0},{"damage_healed":0,"gold_gain":0,"player_choice":"Fight","damage_taken":0,"max_hp_gain":0,"max_hp_loss":0,"event_name":"MindBloom","floor":45,"gold_loss":0},{"cards_removed":["Poisoned Stab"],"damage_healed":0,"gold_gain":0,"player_choice":"Purged","damage_taken":0,"max_hp_gain":0,"max_hp_loss":0,"event_name":"Purifier","floor":46,"gold_loss":0}],"is_beta":false,"boss_relics":[{"not_picked":["Calling Bell","Ring of the Serpent"],"picked":"Empty Cage"},{"not_picked":["Coffee Dripper","Philosopher\u0027s Stone"],"picked":"HoveringKite"}],"items_purged_floors":[8,22,27,37],"is_endless":false,"potions_floor_spawned":[5,12,21,30,31,33,40,47,48],"ascension_level":13}}