{"host":"g0h2b624hxmxacav","time":1610368087,"event":{"mods":["BaseMod","Colored Map","Downfall","Luminous","Marisa£®ÏF”Í°°ƒß¿Ì…≥£©","Minty Spire (QoL Compilation)","Replay The Spire","StSLib","°æ“≈ŒÔø®≈∆°øREMEMod"],"gold_per_floor":[99,99,99,99,99,99,150,176,26,41,59,159,170,7,25,127,127,127,33,44,61,73,73,73,90,120,120,120,120],"floor_reached":27,"playtime":1922,"items_purged":[],"score":281,"play_id":"9dc1f93b-b3a2-41f2-9368-f22205d2df27","local_time":"20210111202807","is_ascension_mode":false,"campfire_choices":[{"floor":1,"key":"RECALL"},{"data":"Slimebound:MassFeed","floor":9,"key":"SMITH"},{"data":"Slimebound:Overexert","floor":18,"key":"SMITH"},{"data":"Slimebound:Gluttony","floor":23,"key":"SMITH"}],"circlet_count":0,"master_deck":["Slimebound:Strike_Slimebound","Slimebound:Strike_Slimebound","Slimebound:Strike_Slimebound","Slimebound:Tackle","Slimebound:Defend_Slimebound","Slimebound:Defend_Slimebound+1","Slimebound:Defend_Slimebound","Slimebound:Defend_Slimebound","Slimebound:Split","Slimebound:CorrosiveSpit","Slimebound:Schlurp","Slimebound:FirmFortitude","Slimebound:SplitLeeching","Slimebound:MassFeed+1","Slimebound:LivingWall","Slimebound:SplitMire","Slimebound:PressTheAttack","Slimebound:Grow","Slimebound:SlimeTap","Slimebound:Overexert+1","Slimebound:SplitBruiser","Slimebound:Gluttony+1","Slimebound:ProtectTheBoss+1","Slimebound:RainOfGoop","Slimebound:Schlurp","Slimebound:SlimeBrawl+1","Slimebound:SpikyOuterGoop"],"relics":["Slimebound:AbsorbEndCombat","REME_ComplimentaryCards","downfall:HeartsMalice","Regal Pillow","Replay:Baseball","downfall:HeartBlessingRed","downfall:HeartBlessingBlue","Blue Doll","Painkiller Herb","Toxic Egg 2","Smiling Mask"],"acts_visited":["Exordium","TheCity"],"potions_floor_usage":[27],"damage_taken":[{"damage":0,"enemies":"Jaw Worm","floor":2,"turns":1},{"damage":0,"enemies":"2 Louse","floor":3,"turns":1},{"damage":0,"enemies":"Cultist","floor":6,"turns":1},{"damage":36,"enemies":"Lagavulin","floor":8,"turns":8},{"damage":19,"enemies":"2 Fungi Beasts","floor":10,"turns":2},{"damage":17,"enemies":"Lots of Slimes","floor":11,"turns":3},{"damage":20,"enemies":"Large Slime","floor":13,"turns":4},{"damage":4,"enemies":"downfall:FleeingMerchant","floor":14,"turns":4},{"damage":17,"enemies":"Gremlin Gang","floor":15,"turns":5},{"damage":92,"enemies":"downfall:Defect","floor":16,"turns":10},{"damage":9,"enemies":"downfall:FleeingMerchant","floor":19,"turns":4},{"damage":12,"enemies":"Chosen","floor":20,"turns":4},{"damage":12,"enemies":"Centurion and Healer","floor":21,"turns":5},{"damage":28,"enemies":"Cultist and Chosen","floor":22,"turns":4},{"damage":44,"enemies":"Shelled Parasite and Fungi","floor":25,"turns":6},{"damage":64,"enemies":"Slavers","floor":26,"turns":4},{"damage":88,"enemies":"3 Cultists","floor":27,"turns":5}],"seed_played":"5430419441084336506","potions_obtained":[{"floor":8,"key":"SkillPotion"},{"floor":10,"key":"Fire Potion"},{"floor":13,"key":"Venom Potion"},{"floor":21,"key":"ColorlessPotion"},{"floor":26,"key":"Regen Potion"}],"is_trial":false,"path_per_floor":["R_BF","M","M","?","?","M","T","E","R","M","M","?","M","$","M","B",null,"T","T","?","?","?","T","T","?","E","?"],"character_chosen":"SLIMEBOUND","items_purchased":["Blue Doll","Slimebound:Gluttony"],"campfire_rested":0,"item_purchase_floors":[14,19],"current_hp_per_floor":[60,60,60,60,48,48,48,40,50,47,60,60,56,76,91,31,102,102,102,102,102,92,92,92,76,44,0,0,0],"gold":120,"neow_bonus":"THREE_ENEMY_KILL","is_daily":false,"chose_seed":false,"campfire_upgraded":3,"win_rate":0.0,"timestamp":1610368087,"path_taken":["R_BF","M","M","?","?","M","T","E","R","M","M","?","M","$","M","BOSS","T","T","?","?","?","T","T","?","E","?"],"items_purchased_type":["Relic","Card"],"build_version":"2020-12-22","purchased_purges":0,"victory":false,"max_hp_per_floor":[60,60,60,60,60,60,60,60,70,78,94,94,94,94,102,102,102,102,102,102,102,102,102,102,102,102,102,102,102],"card_choices":[{"not_picked":["Slimebound:BestDefense","Slimebound:ComboTackle"],"picked":"Slimebound:Schlurp","floor":2},{"not_picked":["Slimebound:SamplingLick","Slimebound:FormOfPuddle"],"picked":"Slimebound:FirmFortitude","floor":3},{"not_picked":["Slimebound:FormOfPuddle","Slimebound:PressTheAttack"],"picked":"Slimebound:SplitLeeching","floor":6},{"not_picked":["Slimebound:GoopSpray","Slimebound:LeechingTouch"],"picked":"Slimebound:MassFeed","floor":8},{"not_picked":["Slimebound:SlimeBarrage","Slimebound:SplitAcid"],"picked":"Slimebound:LivingWall","floor":10},{"not_picked":["Slimebound:LivingWall","Slimebound:Dissolve"],"picked":"Slimebound:SplitMire","floor":11},{"not_picked":["Slimebound:ComboTackle","Slimebound:SlimeSpikes"],"picked":"Slimebound:PressTheAttack","floor":13},{"not_picked":["Slimebound:TongueLash","Slimebound:GrowthPunch"],"picked":"Slimebound:Grow","floor":14},{"not_picked":["Slimebound:Schlurp","Slimebound:Dissolve"],"picked":"Slimebound:SlimeTap","floor":15},{"not_picked":["Slimebound:OozeBath","Slimebound:MinionMaster"],"picked":"Slimebound:Overexert","floor":16},{"not_picked":["Slimebound:TongueLash","Slimebound:ComboTackle"],"picked":"Slimebound:SplitBruiser","floor":19},{"not_picked":["Slimebound:Chomp+1","Slimebound:ViciousTackle+1"],"picked":"Slimebound:ProtectTheBoss+1","floor":20},{"not_picked":["Slimebound:SamplingLick","Slimebound:ProtectTheBoss+1"],"picked":"Slimebound:RainOfGoop","floor":21},{"not_picked":["Slimebound:FinishingTackle","Slimebound:ViciousTackle"],"picked":"Slimebound:Schlurp","floor":22},{"not_picked":["Slimebound:SplitMire+1","Slimebound:LivingWall+1"],"picked":"Slimebound:SlimeBrawl+1","floor":25},{"not_picked":["Slimebound:LeechEnergy","Slimebound:SlimeSlap"],"picked":"Slimebound:SpikyOuterGoop","floor":26}],"player_experience":50715,"relics_obtained":[{"floor":8,"key":"Replay:Baseball"},{"floor":24,"key":"Toxic Egg 2"},{"floor":26,"key":"Smiling Mask"}],"event_choices":[{"damage_healed":0,"gold_gain":0,"player_choice":"Success","damage_taken":12,"relics_obtained":["Regal Pillow"],"max_hp_gain":0,"max_hp_loss":0,"event_name":"Scrap Ooze","floor":5,"gold_loss":0}],"is_beta":false,"boss_relics":[{"not_picked":["Replay:Drink Me","Philosopher\u0027s Stone"],"picked":"Painkiller Herb"}],"items_purged_floors":[],"is_endless":false,"potions_floor_spawned":[8,10,13,15,20,21,26],"killed_by":"3 Cultists","ascension_level":0}}