{"host":"0ueeacaatm8t6jyh","time":1610354005,"event":{"mods":["AchievementEnabler","BaseMod","Colored Powertips","Minty Spire (QoL Compilation)","Quick Restart","Rare Cards Sparkle","StSLib"],"gold_per_floor":[114,114,124,138,138,168,168,180,252,264,280,310,310,81,81,180,180,199,227,96,116,136,136,164,164,188,188,204,233,233,245,245,340,340,353,353,403,417,470,470,470,486,533,533,533,533,391,408,408,408,408],"floor_reached":50,"playtime":2220,"items_purged":["SpiritShield","Vigilance"],"score":794,"play_id":"81a12188-f483-44c8-9d77-befcf628f8e5","local_time":"20210111163325","is_ascension_mode":true,"campfire_choices":[{"data":"Eruption","floor":7.0,"key":"SMITH"},{"data":"Tantrum","floor":13.0,"key":"SMITH"},{"data":"BowlingBash","floor":15.0,"key":"SMITH"},{"floor":23.0,"key":"RECALL"},{"data":"Adaptation","floor":27.0,"key":"SMITH"},{"data":"WheelKick","floor":30.0,"key":"SMITH"},{"data":"Study","floor":32.0,"key":"SMITH"},{"data":"1","floor":40.0,"key":"LIFT"},{"data":"2","floor":41.0,"key":"LIFT"},{"data":"3","floor":44.0,"key":"LIFT"},{"floor":49.0,"key":"REST"}],"circlet_count":0,"master_deck":["Eruption+1","Scrawl+1","Indignation","Adaptation+1","Study+1","LikeWater","BowlingBash+1","Brilliance+1","Tantrum+1","Panacea+1","Blasphemy+1","WheelKick+1","CutThroughFate+1","Wallop","LessonLearned","InnerPeace+1","DeusExMachina+1","FearNoEvil","Madness","Madness","Protect"],"relics":["Pandora\u0027s Box","Turnip","Singing Bowl","Toy Ornithopter","Membership Card","Runic Pyramid","Red Mask","Mummified Hand","Unceasing Top","Enchiridion","Akabeko","Pocketwatch","Astrolabe","WingedGreaves","Girya","TheAbacus"],"acts_visited":["TheCity","TheBeyond"],"potions_floor_usage":[50],"damage_taken":[{"damage":2.0,"enemies":"2 Louse","floor":1.0,"turns":5.0},{"damage":0.0,"enemies":"Small Slimes","floor":3.0,"turns":6.0},{"damage":0.0,"enemies":"Jaw Worm","floor":4.0,"turns":4.0},{"damage":0.0,"enemies":"Gremlin Nob","floor":6.0,"turns":4.0},{"damage":0.0,"enemies":"Blue Slaver","floor":8.0,"turns":3.0},{"damage":12.0,"enemies":"Large Slime","floor":10.0,"turns":3.0},{"damage":0.0,"enemies":"2 Fungi Beasts","floor":11.0,"turns":2.0},{"damage":0.0,"enemies":"Lagavulin","floor":12.0,"turns":4.0},{"damage":36.0,"enemies":"Slime Boss","floor":16.0,"turns":4.0},{"damage":0.0,"enemies":"Spheric Guardian","floor":18.0,"turns":1.0},{"damage":0.0,"enemies":"Masked Bandits","floor":19.0,"turns":2.0},{"damage":0.0,"enemies":"3 Byrds","floor":21.0,"turns":3.0},{"damage":0.0,"enemies":"Cultist and Chosen","floor":22.0,"turns":1.0},{"damage":17.0,"enemies":"Gremlin Leader","floor":24.0,"turns":3.0},{"damage":0.0,"enemies":"Sentry and Sphere","floor":28.0,"turns":2.0},{"damage":10.0,"enemies":"Book of Stabbing","floor":29.0,"turns":3.0},{"damage":0.0,"enemies":"3 Cultists","floor":31.0,"turns":2.0},{"damage":0.0,"enemies":"Champ","floor":33.0,"turns":1.0},{"damage":0.0,"enemies":"3 Darklings","floor":35.0,"turns":1.0},{"damage":7.0,"enemies":"Mind Bloom Boss Battle","floor":37.0,"turns":3.0},{"damage":12.0,"enemies":"Orb Walker","floor":38.0,"turns":2.0},{"damage":16.0,"enemies":"2 Orb Walkers","floor":39.0,"turns":2.0},{"damage":0.0,"enemies":"Jaw Worm Horde","floor":42.0,"turns":1.0},{"damage":0.0,"enemies":"Sphere and 2 Shapes","floor":48.0,"turns":2.0},{"damage":94,"enemies":"Time Eater","floor":50,"turns":3}],"seed_played":"-1045460183209557993","potions_obtained":[{"floor":3.0,"key":"Energy Potion"},{"floor":8.0,"key":"Ambrosia"},{"floor":10.0,"key":"LiquidBronze"},{"floor":16.0,"key":"SteroidPotion"},{"floor":21.0,"key":"Dexterity Potion"},{"floor":22.0,"key":"BottledMiracle"},{"floor":28.0,"key":"StancePotion"},{"floor":38.0,"key":"Strength Potion"}],"is_trial":false,"path_per_floor":["M","?","M","M","?","E","R","M","T","M","M","E","R","$","R","B",null,"M","?","$","M","M","R","E","?","T","R","M","E","R","M","R","B",null,"M","?","?","M","?","R","R","M","T","R","$","?","$","M","R","B"],"character_chosen":"WATCHER","items_purchased":["Membership Card","Panacea","Mummified Hand","TheAbacus","Protect"],"campfire_rested":1,"item_purchase_floors":[14,14,20,47,47],"current_hp_per_floor":[70,75,75,75,60,60,60,60,60,50,52,52,52,52,52,16,65,67,67,67,69,74,74,57,41,41,41,48,40,40,42,42,42,79,81,81,76,66,52,52,52,52,52,52,52,40,40,42,72,0,0],"gold":408,"neow_bonus":"BOSS_RELIC","is_daily":false,"chose_seed":false,"campfire_upgraded":6,"win_rate":0.0,"timestamp":1610354005,"path_taken":["M","?","M","M","?","E","R","M","T","M","M","E","R","$","R","BOSS","M","?","$","M","M","R","E","?","T","R","M","E","R","M","R","BOSS","M","?","?","M","?","R","R","?","T","R","$","?","$","M","R","BOSS"],"items_purchased_type":["Relic","Card","Relic","Relic","Card"],"build_version":"2020-12-22","purchased_purges":2,"victory":false,"max_hp_per_floor":[72,77,77,77,77,77,77,77,77,79,81,81,81,81,81,81,81,83,83,83,85,85,85,85,85,85,85,87,89,89,91,91,91,91,93,93,95,97,99,99,99,99,99,99,99,99,99,101,101,101,101],"card_choices":[{"not_picked":["Weave","Protect"],"picked":"Crescendo","floor":1.0},{"not_picked":["FollowUp","EmptyFist"],"picked":"BowlingBash","floor":3.0},{"not_picked":["ClearTheMind","SignatureMove","WreathOfFlame"],"picked":"SKIP","floor":4.0},{"not_picked":["PathToVictory","Swivel","JustLucky"],"picked":"SKIP","floor":6.0},{"not_picked":["FlyingSleeves","Halt"],"picked":"Brilliance","floor":8.0},{"not_picked":["SashWhip","ThirdEye","FollowUp"],"picked":"Singing Bowl","floor":10.0},{"not_picked":["Protect","Weave","Collect"],"picked":"Singing Bowl","floor":11.0},{"not_picked":["CutThroughFate","WaveOfTheHand"],"picked":"Tantrum","floor":12.0},{"not_picked":["Omniscience","SpiritShield"],"picked":"Blasphemy","floor":16.0},{"not_picked":["Crescendo+1","PathToVictory","FlyingSleeves"],"picked":"Singing Bowl","floor":18.0},{"not_picked":["PathToVictory","WaveOfTheHand"],"picked":"WheelKick","floor":19.0},{"not_picked":["Crescendo","BowlingBash","Consecrate"],"picked":"Singing Bowl","floor":21.0},{"not_picked":["Scrawl","Prostrate"],"picked":"CutThroughFate","floor":22.0},{"not_picked":["Wireheading","ThirdEye"],"picked":"Wallop","floor":24.0},{"not_picked":["CrushJoints","CutThroughFate","Halt"],"picked":"Singing Bowl","floor":28.0},{"not_picked":["FlurryOfBlows","Vengeance","Indignation"],"picked":"Singing Bowl","floor":29.0},{"not_picked":["BowlingBash","Tantrum+1","Alpha"],"picked":"Singing Bowl","floor":31.0},{"not_picked":["ConjureBlade","DeusExMachina"],"picked":"LessonLearned","floor":33.0},{"not_picked":["ThirdEye+1","CrushJoints+1","JustLucky"],"picked":"Singing Bowl","floor":35.0},{"not_picked":["Protect+1","JustLucky+1","FlurryOfBlows"],"picked":"Singing Bowl","floor":37.0},{"not_picked":["WindmillStrike","Conclude+1","JustLucky+1"],"picked":"Singing Bowl","floor":38.0},{"not_picked":["JustLucky+1","Halt+1","Evaluate"],"picked":"Singing Bowl","floor":39.0},{"not_picked":["EmptyBody","Meditate+1"],"picked":"FearNoEvil","floor":42.0},{"not_picked":["FollowUp+1","ClearTheMind","Adaptation"],"picked":"Singing Bowl","floor":48.0}],"player_experience":341370,"relics_obtained":[{"floor":6.0,"key":"Turnip"},{"floor":9.0,"key":"Singing Bowl"},{"floor":12.0,"key":"Toy Ornithopter"},{"floor":19.0,"key":"Red Mask"},{"floor":24.0,"key":"Unceasing Top"},{"floor":25.0,"key":"Enchiridion"},{"floor":26.0,"key":"Akabeko"},{"floor":29.0,"key":"Pocketwatch"},{"floor":37.0,"key":"WingedGreaves"},{"floor":39.0,"key":"Girya"}],"event_choices":[{"damage_healed":0.0,"max_hp_gain":5.0,"max_hp_loss":0.0,"gold_gain":0.0,"event_name":"Big Fish","player_choice":"Donut","floor":2.0,"gold_loss":0.0,"damage_taken":0.0},{"damage_healed":0.0,"max_hp_gain":0.0,"max_hp_loss":0.0,"gold_gain":0.0,"event_name":"Shining Light","player_choice":"Entered Light","floor":5.0,"gold_loss":0.0,"damage_taken":15.0,"cards_upgraded":["Crescendo","Scrawl"]},{"damage_healed":0.0,"max_hp_gain":0.0,"max_hp_loss":0.0,"gold_gain":0.0,"event_name":"Masked Bandits","player_choice":"Fought Bandits","floor":19.0,"gold_loss":0.0,"damage_taken":0.0},{"damage_healed":0.0,"max_hp_gain":0.0,"max_hp_loss":0.0,"gold_gain":0.0,"event_name":"Cursed Tome","player_choice":"Obtained Book","floor":25.0,"gold_loss":0.0,"damage_taken":16.0},{"cards_removed":["EmptyMind"],"damage_healed":0.0,"max_hp_gain":0.0,"max_hp_loss":0.0,"gold_gain":0.0,"event_name":"Falling","player_choice":"Removed Skill","floor":36.0,"gold_loss":0.0,"damage_taken":0.0},{"damage_healed":0.0,"max_hp_gain":0.0,"max_hp_loss":0.0,"gold_gain":0.0,"event_name":"MindBloom","player_choice":"Fight","floor":37.0,"gold_loss":0.0,"damage_taken":0.0},{"damage_healed":0.0,"max_hp_gain":0.0,"max_hp_loss":0.0,"gold_gain":0.0,"event_name":"Mysterious Sphere","player_choice":"Fight","floor":39.0,"gold_loss":0.0,"damage_taken":0.0},{"damage_healed":0.0,"max_hp_gain":0.0,"max_hp_loss":0.0,"gold_gain":0.0,"event_name":"Winding Halls","player_choice":"Embrace Madness","floor":46.0,"gold_loss":0.0,"damage_taken":12.0,"cards_obtained":["Madness","Madness"]}],"is_beta":false,"boss_relics":[{"not_picked":["Velvet Choker","Busted Crown"],"picked":"Runic Pyramid"},{"not_picked":["Fusion Hammer","Sozu"],"picked":"Astrolabe"}],"items_purged_floors":[14,47],"is_endless":false,"potions_floor_spawned":[3,8,10,16,21,22,28,29,31,38,48],"killed_by":"Time Eater","ascension_level":5}}