{"host":"dowi7cgbhepuzvpj","time":1610388013,"event":{"mods":["AchievementEnabler","BaseMod","Colored Map","Highlight Path","Keyboard Shortcuts","Minty Spire (QoL Compilation)","Permanent Neow","Quick Restart","StSLib","SuperFastMode"],"gold_per_floor":[50,119,69,81,156,166,166,194,208,208,59,59,87,87,106,141,141,245,245,262,32,32,46,56,56,83,97,97,114,128,128,137,155,155,261,261,277,54,80,0,59,94,94,94,94,78,78,97,97,132,132,132],"floor_reached":52,"playtime":1644,"items_purged":["Strike_P"],"score":1137,"play_id":"54cfa741-1b10-47ea-9800-f2a190f2ea98","local_time":"20210112030013","is_ascension_mode":true,"campfire_choices":[{"data":"Eruption","floor":6.0,"key":"SMITH"},{"floor":16.0,"key":"DIG"},{"floor":24.0,"key":"DIG"},{"floor":30.0,"key":"DIG"},{"floor":33,"key":"DIG"},{"floor":42,"key":"DIG"},{"floor":46,"key":"DIG"},{"floor":48,"key":"DIG"},{"floor":50,"key":"REST"}],"circlet_count":0,"master_deck":["Strike_P+1","Defend_P+1","Eruption+1","Vigilance","ReachHeaven+1","Tantrum+1","Vengeance+1","ClearTheMind+1","EmptyBody","Wallop+1","CrushJoints+1","Perseverance+1","LessonLearned+1","Consecrate+1","Conclude","MentalFortress+1","TalkToTheHand","Crescendo","LikeWater","Halt+1","Adaptation","Meditate","DeusExMachina+1","Scrawl","EmptyMind","Evaluate+1","FollowUp","FlurryOfBlows","Vengeance","Scrawl"],"relics":["Astrolabe","Bronze Scales","InkBottle","Vajra","Shovel","Darkstone Periapt","Anchor","Fusion Hammer","Whetstone","Bird Faced Urn","Ancient Tea Set","White Beast Statue","CeramicFish","Shuriken","SacredBark","Happy Flower","Red Mask","Incense Burner","Bottled Tornado","Omamori","Ornamental Fan","Yang","The Courier","Eternal Feather","Strawberry"],"acts_visited":["Exordium","TheCity","TheBeyond"],"potions_floor_usage":[34,41,49,51],"damage_taken":[{"damage":0.0,"enemies":"Cultist","floor":1.0,"turns":2.0},{"damage":5.0,"enemies":"Small Slimes","floor":3.0,"turns":3.0},{"damage":1.0,"enemies":"2 Louse","floor":5.0,"turns":2.0},{"damage":13.0,"enemies":"3 Sentries","floor":7.0,"turns":4.0},{"damage":10.0,"enemies":"Large Slime","floor":8.0,"turns":2.0},{"damage":0.0,"enemies":"Gremlin Nob","floor":12.0,"turns":2.0},{"damage":1.0,"enemies":"Red Slaver","floor":14.0,"turns":2.0},{"damage":0.0,"enemies":"Lagavulin","floor":15.0,"turns":3.0},{"damage":3.0,"enemies":"The Guardian","floor":17.0,"turns":4.0},{"damage":4.0,"enemies":"3 Byrds","floor":19.0,"turns":3.0},{"damage":4.0,"enemies":"Shell Parasite","floor":22.0,"turns":4.0},{"damage":4.0,"enemies":"Shelled Parasite and Fungi","floor":23.0,"turns":2.0},{"damage":14.0,"enemies":"Slavers","floor":25.0,"turns":3.0},{"damage":0.0,"enemies":"Snecko","floor":26.0,"turns":4.0},{"damage":1.0,"enemies":"Chosen and Byrds","floor":28.0,"turns":2.0},{"damage":0.0,"enemies":"Snake Plant","floor":29.0,"turns":1.0},{"damage":0,"enemies":"Champ","floor":34,"turns":6},{"damage":12,"enemies":"3 Darklings","floor":36,"turns":3},{"damage":0,"enemies":"3 Shapes","floor":38,"turns":3},{"damage":26,"enemies":"Mind Bloom Boss Battle","floor":40,"turns":5},{"damage":5,"enemies":"Giant Head","floor":41,"turns":5},{"damage":0,"enemies":"Jaw Worm Horde","floor":47,"turns":2},{"damage":45,"enemies":"Reptomancer","floor":49,"turns":4},{"damage":55,"enemies":"Time Eater","floor":51,"turns":8}],"seed_played":"8136590457890266177","potions_obtained":[{"floor":3.0,"key":"Block Potion"},{"floor":7.0,"key":"LiquidMemories"},{"floor":14.0,"key":"StancePotion"},{"floor":15.0,"key":"Regen Potion"},{"floor":26.0,"key":"Fruit Juice"},{"floor":28.0,"key":"DuplicationPotion"},{"floor":29.0,"key":"Weak Potion"},{"floor":34,"key":"Dexterity Potion"},{"floor":36,"key":"SteroidPotion"},{"floor":38,"key":"PowerPotion"},{"floor":41,"key":"SmokeBomb"},{"floor":49,"key":"Swift Potion"}],"is_trial":false,"path_per_floor":["M","?","M","?","M","R","E","M","T","$","?","E","E","M","E","R","B",null,"M","$","?","M","M","R","E","M","T","M","M","R","?","?","R","B",null,"M","$","M","?","?","E","R","T","T","$","R","M","R","E","R","B",null],"character_chosen":"WATCHER","items_purchased":["Vajra","Whetstone","Happy Flower","EmptyMind","FlurryOfBlows"],"campfire_rested":1,"item_purchase_floors":[10,20,37,37,45],"current_hp_per_floor":[5,65,65,60,49,48,48,35,25,25,25,25,25,25,24,24,24,21,59,55,55,55,51,47,47,33,35,40,41,41,41,41,41,41,62,73,67,67,69,69,49,48,48,48,48,48,48,52,52,24,67,18],"gold":132,"neow_bonus":"BOSS_RELIC","is_daily":false,"chose_seed":false,"campfire_upgraded":1,"win_rate":0.0,"timestamp":1610388013,"path_taken":["M","?","M","?","M","R","E","M","T","$","?","E","E","M","E","R","BOSS","M","$","?","M","?","R","E","M","T","M","?","R","?","?","R","BOSS","M","$","M","?","?","E","R","?","T","$","R","M","R","E","R","BOSS"],"items_purchased_type":["Relic","Relic","Relic","Card","Card"],"build_version":"2020-12-22","purchased_purges":1,"victory":true,"max_hp_per_floor":[72,72,72,72,72,72,72,72,72,72,72,72,72,72,72,72,72,72,72,72,72,72,72,72,72,72,72,77,77,77,77,77,77,77,77,77,77,77,77,77,77,77,77,77,77,77,77,77,77,84,84,84],"card_choices":[{"not_picked":["Worship","Protect"],"picked":"ClearTheMind","floor":1.0},{"not_picked":["Consecrate","WheelKick","Halt"],"picked":"SKIP","floor":3.0},{"not_picked":["ClearTheMind","Fasting2"],"picked":"EmptyBody","floor":5.0},{"not_picked":["SashWhip","BowlingBash"],"picked":"Wallop","floor":7.0},{"not_picked":["Evaluate","Alpha"],"picked":"CrushJoints","floor":8.0},{"not_picked":["SashWhip","Halt","BowlingBash"],"picked":"SKIP","floor":12.0},{"not_picked":["JustLucky","CrushJoints"],"picked":"Perseverance","floor":14.0},{"not_picked":["EmptyFist","SignatureMove","WindmillStrike"],"picked":"SKIP","floor":15.0},{"not_picked":["Brilliance","Scrawl"],"picked":"LessonLearned","floor":17.0},{"not_picked":["Protect","FlyingSleeves"],"picked":"Consecrate+1","floor":19.0},{"not_picked":["ClearTheMind","Indignation"],"picked":"MentalFortress","floor":22.0},{"not_picked":["EmptyBody","CarveReality"],"picked":"TalkToTheHand","floor":23.0},{"not_picked":["EmptyBody","PathToVictory"],"picked":"Crescendo","floor":25.0},{"not_picked":["WindmillStrike","Nirvana","SashWhip"],"picked":"SKIP","floor":26.0},{"not_picked":["Crescendo","EmptyFist"],"picked":"LikeWater","floor":28.0},{"not_picked":["EmptyBody","Crescendo"],"picked":"Halt+1","floor":29.0},{"not_picked":["Brilliance","DeusExMachina"],"picked":"Scrawl","floor":34},{"not_picked":["CrushJoints+1","Wireheading","ThirdEye+1"],"picked":"SKIP","floor":36},{"not_picked":["Halt","BowlingBash"],"picked":"Evaluate+1","floor":38},{"not_picked":["Collect","ThirdEye"],"picked":"FollowUp","floor":40},{"not_picked":["EmptyFist+1","Scrawl","BowlingBash"],"picked":"SKIP","floor":41},{"not_picked":["InnerPeace+1","Crescendo"],"picked":"Vengeance","floor":47},{"not_picked":["CrushJoints","Crescendo"],"picked":"Scrawl","floor":49}],"player_experience":808520,"relics_obtained":[{"floor":7.0,"key":"Bronze Scales"},{"floor":9.0,"key":"InkBottle"},{"floor":12.0,"key":"Shovel"},{"floor":15.0,"key":"Darkstone Periapt"},{"floor":16.0,"key":"Anchor"},{"floor":24.0,"key":"Bird Faced Urn"},{"floor":25.0,"key":"Ancient Tea Set"},{"floor":27.0,"key":"White Beast Statue"},{"floor":30.0,"key":"CeramicFish"},{"floor":33,"key":"Shuriken"},{"floor":40,"key":"Incense Burner"},{"floor":41,"key":"Bottled Tornado"},{"floor":42,"key":"Omamori"},{"floor":43,"key":"Ornamental Fan"},{"floor":44,"key":"Yang"},{"floor":46,"key":"The Courier"},{"floor":48,"key":"Eternal Feather"},{"floor":49,"key":"Strawberry"}],"event_choices":[{"cards_removed":["Defend_P"],"damage_healed":0.0,"max_hp_gain":0.0,"max_hp_loss":0.0,"gold_gain":0.0,"event_name":"The Cleric","player_choice":"Card Removal","floor":2.0,"gold_loss":50.0,"damage_taken":0.0},{"damage_healed":0.0,"max_hp_gain":0.0,"max_hp_loss":0.0,"gold_gain":75.0,"event_name":"World of Goop","player_choice":"Gather Gold","floor":4.0,"gold_loss":0.0,"damage_taken":11.0},{"damage_healed":0.0,"max_hp_gain":0.0,"max_hp_loss":0.0,"gold_gain":0.0,"event_name":"Liars Game","player_choice":"Ignored","floor":11.0,"gold_loss":0.0,"damage_taken":0.0},{"damage_healed":0.0,"max_hp_gain":0.0,"max_hp_loss":0.0,"gold_gain":0.0,"cards_transformed":["Defend_P"],"event_name":"Transmorgrifier","player_choice":"Transformed","floor":21.0,"gold_loss":0.0,"damage_taken":0.0,"cards_obtained":["Conclude"]},{"damage_healed":0.0,"max_hp_gain":0.0,"max_hp_loss":0.0,"gold_gain":0.0,"event_name":"The Library","player_choice":"Read","floor":31.0,"gold_loss":0.0,"damage_taken":0.0,"cards_obtained":["Adaptation"]},{"damage_healed":0,"gold_gain":0,"player_choice":"2 cards matched","damage_taken":0,"max_hp_gain":0,"max_hp_loss":0,"event_name":"Match and Keep!","floor":32,"gold_loss":0,"cards_obtained":["Meditate","DeusExMachina"]},{"damage_healed":0,"gold_gain":0,"player_choice":"Paid","damage_taken":0,"relics_obtained":["Red Mask"],"max_hp_gain":0,"max_hp_loss":0,"event_name":"Tomb of Lord Red Mask","floor":39,"gold_loss":80},{"damage_healed":0,"gold_gain":0,"player_choice":"Fight","damage_taken":0,"max_hp_gain":0,"max_hp_loss":0,"event_name":"MindBloom","floor":40,"gold_loss":0}],"is_beta":false,"boss_relics":[{"not_picked":["Coffee Dripper","Busted Crown"],"picked":"Fusion Hammer"},{"not_picked":["Velvet Choker","Empty Cage"],"picked":"SacredBark"}],"items_purged_floors":[20],"is_endless":false,"potions_floor_spawned":[3,7,14,15,17,22,26,28,29,34,36,38,40,41,47,49],"ascension_level":6}}