{"host":"j9ki0s1dicmcfq9y","time":1610381040,"event":{"mods":["BaseMod","Minty Spire (QoL Compilation)","Prisma Mod","StSLib"],"gold_per_floor":[118,118,128,148,162,162,225,69,69,69,95,123,143,154,154,259,259,270,281,298,75,75,75,90,15,15,51,71,71,180,180,180,290,299,310,360,369,389,389,389,408,408,433,452,74,111,120,139,139,139,139,139,78,117,117,117],"floor_reached":55,"playtime":5174,"items_purged":[],"score":742,"play_id":"968d09d6-566e-4474-8fdb-efb09c57d402","local_time":"20210111110400","is_ascension_mode":false,"campfire_choices":[{"data":"PrismaMod:ChloeCaladbolg","floor":6,"key":"SMITH"},{"floor":15,"key":"RECALL"},{"data":"PrismaMod:ChloeExhaustOne","floor":23,"key":"SMITH"},{"floor":29,"key":"REST"},{"floor":32,"key":"REST"},{"data":"PrismaMod:ChloeExhaustOne","floor":40,"key":"SMITH"},{"floor":47,"key":"REST"},{"data":"PrismaMod:ChloeCarnivalAOEAttack","floor":49,"key":"SMITH"},{"data":"Dramatic Entrance","floor":52,"key":"SMITH"}],"circlet_count":0,"master_deck":["PrismaMod:ChloeCommonAttack+1","PrismaMod:ChloeCommonAttack+1","PrismaMod:ChloeCommonAttack+1","PrismaMod:ChloeCommonAttack+1","PrismaMod:ChloeCommonAttack+1","PrismaMod:ChloeCommonDefend+1","PrismaMod:ChloeCommonDefend+1","PrismaMod:ChloeCommonDefend+1","PrismaMod:ChloeCommonDefend+1","PrismaMod:ChloeCommonDefend+1","PrismaMod:ChloeCheapAttack","PrismaMod:ChloeCheapDefend","PrismaMod:ChloeCheapAttack","Parasite","PrismaMod:ChloeGaeBolg","PrismaMod:ChloeCaladbolg+1","PrismaMod:ChloeCommonAOEAttack","PrismaMod:ChloeExhaustOne+1","PrismaMod:ChloeCommonAOEAttack","PrismaMod:ChloeCarnivalAOEAttack+1","PrismaMod:ChloeCheapAttackTwo+1","PrismaMod:ChloeCarnivalAttack","PrismaMod:ChloeDiscardRecovery","PrismaMod:ChloeCheapDefendTwo","PrismaMod:ChloeExcalibur+1","PrismaMod:ChloeExhaustOne+1","PrismaMod:ChloeCarnivalDefend","CurseOfTheBell","Dark Shackles","PrismaMod:ChloeDemonicTutor","Dramatic Entrance+1","PrismaMod:ChloeGaeBolg","PrismaMod:ChloeCheapDefendTwo+1","PrismaMod:ChloeBetterTracePools+1","PrismaMod:ChloeDevil"],"relics":["PrismaMod:PrismaTraceOn","Thread and Needle","Vajra","Frozen Egg 2","Odd Mushroom","Pear","Black Star","Pen Nib","Pantograph","CeramicFish","Unceasing Top","Bottled Lightning","Calling Bell","Oddly Smooth Stone","Blue Candle","Turnip","Ice Cream","Regal Pillow","Happy Flower","Blood Vial","PreservedInsect","Dream Catcher","Sundial","StoneCalendar"],"acts_visited":["Exordium","TheCity","TheBeyond","TheEnding"],"potions_floor_usage":[16,27,30,33,46,48,48],"damage_taken":[{"damage":5,"enemies":"2 Louse","floor":1,"turns":3},{"damage":0,"enemies":"Cultist","floor":3,"turns":4},{"damage":0,"enemies":"Small Slimes","floor":4,"turns":3},{"damage":5,"enemies":"Exordium Wildlife","floor":5,"turns":4},{"damage":0,"enemies":"The Mushroom Lair","floor":11,"turns":2},{"damage":0,"enemies":"3 Sentries","floor":12,"turns":4},{"damage":0,"enemies":"Large Slime","floor":13,"turns":2},{"damage":2,"enemies":"Blue Slaver","floor":14,"turns":2},{"damage":17,"enemies":"The Guardian","floor":16,"turns":11},{"damage":0,"enemies":"Shell Parasite","floor":18,"turns":3},{"damage":0,"enemies":"Spheric Guardian","floor":19,"turns":3},{"damage":6,"enemies":"Cultist and Chosen","floor":20,"turns":4},{"damage":6,"enemies":"Sentry and Sphere","floor":24,"turns":3},{"damage":46,"enemies":"Book of Stabbing","floor":27,"turns":5},{"damage":0,"enemies":"Snake Plant","floor":28,"turns":1},{"damage":18,"enemies":"Colosseum Slavers","floor":30,"turns":4},{"damage":3,"enemies":"Colosseum Nobs","floor":30,"turns":2},{"damage":26,"enemies":"Collector","floor":33,"turns":7},{"damage":5,"enemies":"3 Shapes","floor":35,"turns":4},{"damage":1,"enemies":"Mind Bloom Boss Battle","floor":36,"turns":6},{"damage":7,"enemies":"Orb Walker","floor":38,"turns":2},{"damage":12,"enemies":"3 Darklings","floor":41,"turns":3},{"damage":18,"enemies":"Maw","floor":44,"turns":7},{"damage":9,"enemies":"Giant Head","floor":46,"turns":5},{"damage":0,"enemies":"Transient","floor":48,"turns":5},{"damage":61,"enemies":"Awakened One","floor":50,"turns":12},{"damage":1,"enemies":"Shield and Spear","floor":54,"turns":5},{"damage":124,"enemies":"The Heart","floor":55,"turns":6}],"seed_played":"-2833633248062933997","potions_obtained":[{"floor":5,"key":"Ancient Potion"},{"floor":12,"key":"Block Potion"},{"floor":14,"key":"SpeedPotion"},{"floor":19,"key":"Energy Potion"},{"floor":24,"key":"Energy Potion"},{"floor":28,"key":"SteroidPotion"},{"floor":33,"key":"FairyPotion"},{"floor":36,"key":"Explosive Potion"},{"floor":46,"key":"Explosive Potion"}],"is_trial":false,"path_per_floor":["M","?","M","M","M","R","?","$","T","$","?","E","M","M","R","B",null,"M","M","M","$","?","R","M","?","T","E","M","R","?","?","R","B",null,"M","?","?","M","?","R","M","?","T","M","$","E","R","M","R","B",null,"R","$","E","B"],"character_chosen":"CHLOE","items_purchased":["Vajra","PrismaMod:ChloeBetterTracePools+1","PrismaMod:ChloeCarnivalAttack","Dramatic Entrance","Happy Flower","Blood Vial","PrismaMod:ChloeBetterTracePools+1"],"campfire_rested":3,"item_purchase_floors":[8,21,21,45,45,45,53],"current_hp_per_floor":[70,70,70,70,65,65,65,65,65,65,65,75,75,73,73,56,85,85,85,79,79,79,79,73,73,73,27,27,52,31,31,56,55,85,80,85,85,78,78,78,66,66,66,48,48,41,81,83,83,24,85,85,85,84,0,0],"gold":117,"neow_bonus":"ONE_RARE_RELIC","is_daily":false,"chose_seed":false,"campfire_upgraded":5,"win_rate":0.0,"timestamp":1610381040,"path_taken":["M","?","M","M","?","R","?","$","T","?","?","E","M","M","R","BOSS","M","M","M","$","?","R","M","?","T","E","M","R","?","?","R","BOSS","M","?","?","M","?","R","M","?","T","M","$","E","R","?","R","BOSS","R","$","E","BOSS"],"items_purchased_type":["Relic","Card","Card","Card","Relic","Relic","Card"],"build_version":"2020-12-22","purchased_purges":0,"victory":false,"max_hp_per_floor":[75,75,75,75,75,75,75,75,75,75,75,85,85,85,85,85,85,85,85,85,85,85,85,85,85,85,85,85,85,85,85,85,85,85,85,85,85,85,85,85,85,85,85,85,85,85,85,85,85,85,85,85,85,85,85,85],"card_choices":[{"not_picked":["PrismaMod:ChloeCheapDefendTwo","PrismaMod:ChloeCheapDefend"],"picked":"PrismaMod:ChloeCheapAttack","floor":1},{"not_picked":["PrismaMod:ChloeUncommonAttack","PrismaMod:ChloeCheapDefend"],"picked":"PrismaMod:ChloeGaeBolg","floor":3},{"not_picked":["PrismaMod:ChloeCheapDefendTwo","PrismaMod:ChloeExcalibur"],"picked":"PrismaMod:ChloeCaladbolg","floor":4},{"not_picked":["PrismaMod:ChloeCheapAttack","PrismaMod:ChloeMaid"],"picked":"PrismaMod:ChloeCommonAOEAttack","floor":5},{"not_picked":["PrismaMod:ChloeCheapDefend","PrismaMod:ChloeCheapAttack"],"picked":"PrismaMod:ChloeExhaustOne","floor":11},{"not_picked":["PrismaMod:ChloeAnyUncommonTrace","PrismaMod:ChloeGaeBolg"],"picked":"PrismaMod:ChloeCommonAOEAttack","floor":12},{"not_picked":["PrismaMod:ChloeDiscardRecovery","PrismaMod:ChloeExhaustOne","PrismaMod:ChloeUncommonAOEAttack"],"picked":"SKIP","floor":13},{"not_picked":["PrismaMod:ChloeCommonAOEAttack","PrismaMod:ChloeExhaustOne","PrismaMod:ChloeCaladbolg"],"picked":"SKIP","floor":14},{"not_picked":["PrismaMod:ChloeAnyUncommonTrace","PrismaMod:ChloeUnlimitedBladeWorks"],"picked":"PrismaMod:ChloeCarnivalAOEAttack","floor":16},{"not_picked":["PrismaMod:ChloeExhaustTwo","PrismaMod:ChloeExhaustOne","PrismaMod:ChloeRuleBreaker"],"picked":"SKIP","floor":18},{"not_picked":["PrismaMod:ChloeCheapAttack","PrismaMod:ChloeExhaustOne+1"],"picked":"PrismaMod:ChloeCheapAttackTwo+1","floor":19},{"not_picked":["PrismaMod:ChloeUncommonAttack","PrismaMod:ChloeExhaustOne+1","PrismaMod:ChloeCheapAttackTwo"],"picked":"SKIP","floor":20},{"not_picked":["PrismaMod:ChloeCommonAOEAttack","PrismaMod:ChloeCheapAttackTwo"],"picked":"PrismaMod:ChloeDiscardRecovery","floor":24},{"not_picked":["PrismaMod:ChloeCheapDefend","PrismaMod:ChloeCommonAOEAttack"],"picked":"PrismaMod:ChloeCheapDefendTwo","floor":27},{"not_picked":["PrismaMod:ChloeGaeBolg","PrismaMod:ChloeExhaustOne"],"picked":"PrismaMod:ChloeExcalibur+1","floor":28},{"not_picked":["PrismaMod:ChloeDiscardRecovery+1","PrismaMod:ChloeCheapDefendTwo"],"picked":"PrismaMod:ChloeExhaustOne","floor":30},{"not_picked":["PrismaMod:ChloeAnyUncommonTrace","PrismaMod:ChloeReshuffleDiscard"],"picked":"PrismaMod:ChloeCarnivalDefend","floor":33},{"not_picked":["PrismaMod:ChloeDiscardRecovery","PrismaMod:ChloeCheapDefend","PrismaMod:ChloeExhaustOne"],"picked":"SKIP","floor":35},{"not_picked":["Secret Weapon","HandOfGreed"],"picked":"Dark Shackles","floor":37},{"not_picked":["PrismaMod:ChloeExhaustOne+1","PrismaMod:ChloeCheapDefendTwo+1","PrismaMod:ChloeCommonAOEAttack+1"],"picked":"SKIP","floor":38},{"not_picked":["PrismaMod:ChloeDiscardRecovery","PrismaMod:ChloeExhaustOne+1"],"picked":"PrismaMod:ChloeDemonicTutor","floor":41},{"not_picked":["PrismaMod:ChloeDiscardRecovery","PrismaMod:ChloeUncommonAttack","PrismaMod:ChloeExhaustTwo+1"],"picked":"SKIP","floor":44},{"not_picked":["PrismaMod:ChloeHalloween","PrismaMod:ChloeCheapDefend"],"picked":"PrismaMod:ChloeGaeBolg","floor":46},{"not_picked":["PrismaMod:ChloeCheapDefend","PrismaMod:ChloeCheapAttack+1"],"picked":"PrismaMod:ChloeCheapDefendTwo+1","floor":47},{"not_picked":["PrismaMod:ChloeExhaustOne","PrismaMod:ChloeCheapDefend+1","PrismaMod:ChloeCheapAttackTwo+1"],"picked":"SKIP","floor":48},{"not_picked":["PrismaMod:ChloeCheapDefendTwo+1","PrismaMod:ChloeCheapDefend"],"picked":"PrismaMod:ChloeDevil","floor":54}],"player_experience":646668,"relics_obtained":[{"floor":9,"key":"Frozen Egg 2"},{"floor":11,"key":"Odd Mushroom"},{"floor":12,"key":"Pear"},{"floor":27,"key":"Pantograph"},{"floor":27,"key":"CeramicFish"},{"floor":30,"key":"Unceasing Top"},{"floor":30,"key":"Bottled Lightning"},{"floor":34,"key":"Oddly Smooth Stone"},{"floor":34,"key":"Blue Candle"},{"floor":34,"key":"Turnip"},{"floor":36,"key":"Ice Cream"},{"floor":43,"key":"Regal Pillow"},{"floor":46,"key":"PreservedInsect"},{"floor":46,"key":"Dream Catcher"},{"floor":54,"key":"Sundial"},{"floor":54,"key":"StoneCalendar"}],"event_choices":[{"damage_healed":0,"gold_gain":0,"cards_transformed":["Regret"],"player_choice":"Transformed","damage_taken":0,"max_hp_gain":0,"max_hp_loss":0,"event_name":"Transmorgrifier","floor":2,"gold_loss":0,"cards_obtained":["Parasite"]},{"damage_healed":0,"gold_gain":63,"player_choice":"Gained Gold","damage_taken":0,"max_hp_gain":0,"max_hp_loss":0,"event_name":"Golden Wing","floor":7,"gold_loss":0},{"damage_healed":0,"gold_gain":0,"player_choice":"Fought Mushrooms","damage_taken":0,"max_hp_gain":0,"max_hp_loss":0,"event_name":"Mushrooms","floor":11,"gold_loss":0},{"damage_healed":0,"gold_gain":0,"player_choice":"Stole Relic","damage_taken":0,"relics_obtained":["Pen Nib"],"max_hp_gain":0,"max_hp_loss":0,"event_name":"Addict","floor":22,"gold_loss":0,"cards_obtained":["Shame"]},{"cards_removed":["Shame"],"damage_healed":0,"gold_gain":0,"player_choice":"Gave Gold","damage_taken":0,"max_hp_gain":0,"max_hp_loss":0,"event_name":"Beggar","floor":25,"gold_loss":75},{"damage_healed":0,"gold_gain":0,"player_choice":"Fight","damage_taken":0,"max_hp_gain":0,"max_hp_loss":0,"event_name":"Colosseum","floor":30,"gold_loss":0},{"damage_healed":0,"gold_gain":0,"player_choice":"Fought Nobs","damage_taken":0,"max_hp_gain":0,"max_hp_loss":0,"event_name":"Colosseum","floor":30,"gold_loss":0},{"damage_healed":0,"gold_gain":0,"player_choice":"Simplicity","damage_taken":0,"max_hp_gain":0,"max_hp_loss":0,"event_name":"Back to Basics","floor":31,"gold_loss":0,"cards_upgraded":["PrismaMod:ChloeCommonAttack","PrismaMod:ChloeCommonAttack","PrismaMod:ChloeCommonAttack","PrismaMod:ChloeCommonAttack","PrismaMod:ChloeCommonAttack","PrismaMod:ChloeCommonDefend","PrismaMod:ChloeCommonDefend","PrismaMod:ChloeCommonDefend","PrismaMod:ChloeCommonDefend","PrismaMod:ChloeCommonDefend"]},{"damage_healed":0,"gold_gain":0,"player_choice":"Fight","damage_taken":0,"max_hp_gain":0,"max_hp_loss":0,"event_name":"MindBloom","floor":36,"gold_loss":0},{"damage_healed":0,"gold_gain":0,"player_choice":"Memory 1","damage_taken":0,"max_hp_gain":0,"max_hp_loss":0,"event_name":"SensoryStone","floor":37,"gold_loss":0},{"cards_removed":["PrismaMod:ChloeBetterTracePools"],"damage_healed":0,"gold_gain":0,"player_choice":"Removed Power","damage_taken":0,"max_hp_gain":0,"max_hp_loss":0,"event_name":"Falling","floor":39,"gold_loss":0},{"damage_healed":0,"gold_gain":0,"player_choice":"Ignored","damage_taken":0,"max_hp_gain":0,"max_hp_loss":0,"event_name":"Tomb of Lord Red Mask","floor":42,"gold_loss":0}],"is_beta":false,"boss_relics":[{"not_picked":["Snecko Eye","Coffee Dripper"],"picked":"Black Star"},{"not_picked":["Busted Crown","Runic Dome"],"picked":"Calling Bell"}],"items_purged_floors":[],"is_endless":false,"potions_floor_spawned":[5,12,14,19,24,28,30,33,36,44,46],"killed_by":"The Heart","ascension_level":0}}