{"host":"xrbutm0tzv4qwo7u","time":1610397464,"event":{"mods":["AchievementEnabler","BaseMod","Colored Map","Colored Powertips","Dark Map","Hermit","Minty Spire (QoL Compilation)","Quick Restart","StSLib","The Cursed","The Marked"],"gold_per_floor":[110,128,128,147,166,166,52,52,79,107,117,127,145,158,158,259,259,273,273,39,39,39,71,71,71,71],"floor_reached":25,"playtime":999,"items_purged":[],"score":236,"play_id":"8cf5a178-b14a-49f9-8d1b-4da200c2e8ba","local_time":"20210111143744","is_ascension_mode":true,"campfire_choices":[{"floor":6,"key":"RECALL"},{"data":"Sunder","floor":8,"key":"SMITH"},{"data":"Zap","floor":15,"key":"SMITH"},{"floor":24,"key":"REST"}],"circlet_count":0,"master_deck":["Strike_B","Strike_B","Strike_B","Strike_B","Defend_B+1","Defend_B","Defend_B","Defend_B","Zap+1","Dualcast","Coolheaded","Sunder+1","Cold Snap","Blizzard","Capacitor","Coolheaded","Fission","Capacitor","Cold Snap","Conserve Battery+1","Redo","Echo Form","Conserve Battery","Double Energy","Shame","Melter+1"],"relics":["Cracked Core","NeowsBlessing","Smiling Mask","Orichalcum","Runic Pyramid","War Paint","Lantern","Molten Egg 2"],"acts_visited":["Exordium","TheCity"],"potions_floor_usage":[5,5,16,16,19,25],"damage_taken":[{"damage":0,"enemies":"Jaw Worm","floor":1,"turns":1},{"damage":0,"enemies":"Cultist","floor":2,"turns":1},{"damage":0,"enemies":"Small Slimes","floor":4,"turns":1},{"damage":19,"enemies":"Exordium Thugs","floor":5,"turns":5},{"damage":15,"enemies":"Lagavulin","floor":10,"turns":10},{"damage":3,"enemies":"Gremlin Gang","floor":11,"turns":4},{"damage":8,"enemies":"Red Slaver","floor":12,"turns":4},{"damage":0,"enemies":"Exordium Thugs","floor":13,"turns":5},{"damage":3,"enemies":"Looter","floor":14,"turns":2},{"damage":23,"enemies":"The Guardian","floor":16,"turns":14},{"damage":6,"enemies":"Shell Parasite","floor":18,"turns":10},{"damage":0,"enemies":"3 Byrds","floor":19,"turns":1},{"damage":60,"enemies":"Slavers","floor":23,"turns":7},{"damage":56,"enemies":"Book of Stabbing","floor":25,"turns":6}],"seed_played":"6877854570936538074","potions_obtained":[{"floor":3,"key":"Swift Potion"},{"floor":3,"key":"SmokeBomb"},{"floor":3,"key":"Strength Potion"},{"floor":4,"key":"FocusPotion"},{"floor":11,"key":"SpeedPotion"},{"floor":12,"key":"LiquidBronze"},{"floor":13,"key":"AttackPotion"},{"floor":23,"key":"Regen Potion"}],"is_trial":false,"path_per_floor":["M","M","?","M","M","R","$","R","T","E","M","M","M","M","R","B",null,"M","M","$","?","$","E","R","E"],"character_chosen":"DEFECT","items_purchased":["Capacitor","Coolheaded","Double Energy","War Paint"],"campfire_rested":1,"item_purchase_floors":[7,7,20,20],"current_hp_per_floor":[75,75,75,75,56,56,56,56,56,41,38,30,30,27,27,4,75,69,69,69,69,69,9,31,0,0],"gold":71,"neow_bonus":"THREE_ENEMY_KILL","is_daily":false,"chose_seed":false,"campfire_upgraded":2,"win_rate":0.0,"timestamp":1610397464,"path_taken":["M","M","?","?","?","R","?","R","T","E","M","?","M","M","R","BOSS","M","?","$","?","$","E","R","E"],"items_purchased_type":["Card","Card","Card","Relic"],"build_version":"2020-12-22","purchased_purges":0,"victory":false,"max_hp_per_floor":[75,75,75,75,75,75,75,75,75,75,75,75,75,75,75,75,75,75,75,75,75,75,75,75,75,75],"card_choices":[{"not_picked":["Stack","Steam"],"picked":"Coolheaded","floor":1},{"not_picked":["Turbo","Hologram"],"picked":"Sunder","floor":2},{"not_picked":["Ball Lightning","Compile Driver"],"picked":"Cold Snap","floor":4},{"not_picked":["Coolheaded","Tempest"],"picked":"Blizzard","floor":5},{"not_picked":["Compile Driver","Doom and Gloom"],"picked":"Fission","floor":10},{"not_picked":["Hologram","Leap"],"picked":"Capacitor","floor":11},{"not_picked":["Coolheaded","Leap"],"picked":"Cold Snap","floor":12},{"not_picked":["Sweeping Beam","Streamline"],"picked":"Conserve Battery","floor":13},{"not_picked":["Skim","Scrape"],"picked":"Redo","floor":14},{"not_picked":["All For One","Amplify"],"picked":"Echo Form","floor":16},{"not_picked":["Gash","Turbo"],"picked":"Conserve Battery","floor":18},{"not_picked":["Lockon+1","Aggregate"],"picked":"Melter+1","floor":23}],"player_experience":43359,"relics_obtained":[{"floor":9,"key":"Smiling Mask"},{"floor":10,"key":"Orichalcum"},{"floor":23,"key":"Molten Egg 2"}],"event_choices":[{"damage_healed":0,"gold_gain":0,"player_choice":"Got Potions","damage_taken":0,"max_hp_gain":0,"max_hp_loss":0,"event_name":"Lab","floor":3,"gold_loss":0},{"damage_healed":0,"gold_gain":0,"player_choice":"Stole Relic","damage_taken":0,"relics_obtained":["Lantern"],"max_hp_gain":0,"max_hp_loss":0,"event_name":"Addict","floor":21,"gold_loss":0,"cards_obtained":["Shame"]}],"is_beta":false,"boss_relics":[{"not_picked":["SacredBark","Snecko Eye"],"picked":"Runic Pyramid"}],"items_purged_floors":[],"is_endless":false,"potions_floor_spawned":[4,11,12,13,14,23],"killed_by":"Book of Stabbing","ascension_level":1}}