{"host":"fnk117zi8wf5078t","time":1610363279,"event":{"mods":["AchievementEnabler","BaseMod","Colored Map","Minty Spire (QoL Compilation)","Rare Cards Sparkle","SuperFastMode","everything is the same but u backflip on backflip"],"gold_per_floor":[109,109,121,133,148,148,198,217,217,234,249,249,266,284,284,358,358,368,382,408,408,226,244,169,169,169,200,18,38,53,67,67,67,67],"floor_reached":33,"playtime":910,"items_purged":["Strike_R"],"score":530,"play_id":"425c22fa-9c32-4724-8cef-d375d0b0aa89","local_time":"20210111200759","is_ascension_mode":true,"campfire_choices":[{"floor":6,"key":"REST"},{"data":"Shockwave","floor":12,"key":"SMITH"},{"data":"Fiend Fire","floor":15,"key":"SMITH"},{"floor":25,"key":"REST"},{"floor":32,"key":"REST"}],"circlet_count":0,"master_deck":["AscendersBane","Strike_R","Strike_R","Strike_R","Strike_R","Defend_R","Defend_R","Defend_R+1","Defend_R","Bash","Cleave+1","Battle Trance","Headbutt","Headbutt","Fiend Fire+1","Shockwave+1","Combust","Offering","Seeing Red","Mayhem","Battle Trance","Fiend Fire","Spot Weakness","Bloodletting","Inflame"],"relics":["Burning Blood","Mercury Hourglass","Runic Dome","Toy Ornithopter","Shuriken","MawBank","Membership Card"],"acts_visited":["Exordium","TheCity"],"potions_floor_usage":[16,16,16,29,30,33],"damage_taken":[{"damage":14,"enemies":"Jaw Worm","floor":1,"turns":4},{"damage":0,"enemies":"Cultist","floor":3,"turns":3},{"damage":0,"enemies":"2 Louse","floor":4,"turns":3},{"damage":11,"enemies":"Gremlin Gang","floor":5,"turns":4},{"damage":16,"enemies":"Exordium Wildlife","floor":8,"turns":5},{"damage":0,"enemies":"Lots of Slimes","floor":10,"turns":1},{"damage":17,"enemies":"Blue Slaver","floor":11,"turns":3},{"damage":0,"enemies":"2 Fungi Beasts","floor":13,"turns":2},{"damage":4,"enemies":"Exordium Wildlife","floor":14,"turns":2},{"damage":53,"enemies":"Hexaghost","floor":16,"turns":7},{"damage":0,"enemies":"Chosen","floor":18,"turns":2},{"damage":24,"enemies":"2 Thieves","floor":19,"turns":3},{"damage":20,"enemies":"Snecko","floor":23,"turns":5},{"damage":39,"enemies":"Book of Stabbing","floor":27,"turns":4},{"damage":23,"enemies":"Centurion and Healer","floor":29,"turns":3},{"damage":8,"enemies":"Shelled Parasite and Fungi","floor":30,"turns":2},{"damage":13,"enemies":"Snecko","floor":31,"turns":3},{"damage":49,"enemies":"Champ","floor":33,"turns":3}],"seed_played":"-9175633833589956388","potions_obtained":[{"floor":5,"key":"PowerPotion"},{"floor":10,"key":"Fire Potion"},{"floor":14,"key":"EntropicBrew"},{"floor":18,"key":"Strength Potion"},{"floor":29,"key":"AttackPotion"}],"is_trial":false,"path_per_floor":["M","?","M","M","M","R","?","M","T","M","M","R","M","M","R","B",null,"M","M","T","?","$","M","$","R","T","E","$","M","M","M","R","B"],"character_chosen":"IRONCLAD","items_purchased":["Mayhem","Membership Card","Spot Weakness"],"campfire_rested":3,"item_purchase_floors":[22,28,28],"current_hp_per_floor":[67,42,48,54,49,73,73,63,63,69,58,58,64,66,66,19,66,72,54,54,49,49,35,35,59,59,26,26,14,17,10,34,0,0],"gold":67,"neow_bonus":"TEN_PERCENT_HP_BONUS","is_daily":false,"chose_seed":false,"campfire_upgraded":2,"win_rate":0.0,"timestamp":1610363279,"path_taken":["M","?","M","M","M","R","?","M","T","M","M","R","M","M","R","BOSS","M","M","?","?","$","M","$","R","T","E","$","?","M","M","R","BOSS"],"items_purchased_type":["Card","Relic","Card"],"build_version":"2020-12-22","purchased_purges":1,"victory":false,"max_hp_per_floor":[82,82,82,82,82,82,82,82,82,82,82,82,82,82,82,82,82,82,82,82,82,82,82,82,82,82,82,82,82,82,82,82,82,82],"card_choices":[{"not_picked":["Shrug It Off","Thunderclap"],"picked":"Cleave","floor":1},{"not_picked":["Rampage","Burning Pact"],"picked":"Battle Trance","floor":3},{"not_picked":["Searing Blow","Pommel Strike"],"picked":"Headbutt","floor":4},{"not_picked":["Clash","Wild Strike"],"picked":"Headbutt","floor":5},{"not_picked":["Shrug It Off","Body Slam"],"picked":"Fiend Fire","floor":8},{"not_picked":["Shrug It Off","Flame Barrier"],"picked":"Shockwave","floor":10},{"not_picked":["Rupture","Flex"],"picked":"Combust","floor":11},{"not_picked":["Flex","Pommel Strike","Havoc"],"picked":"SKIP","floor":13},{"not_picked":["Iron Wave","Body Slam","Whirlwind"],"picked":"SKIP","floor":14},{"not_picked":["Fiend Fire","Juggernaut"],"picked":"Offering","floor":16},{"not_picked":["Evolve","Rampage"],"picked":"Seeing Red","floor":18},{"not_picked":["Perfected Strike","Clothesline","Warcry"],"picked":"SKIP","floor":19},{"not_picked":["Perfected Strike","Clothesline","Warcry"],"picked":"SKIP","floor":19},{"not_picked":["Disarm","Dark Embrace"],"picked":"Battle Trance","floor":23},{"not_picked":["Whirlwind","Dual Wield"],"picked":"Fiend Fire","floor":27},{"not_picked":["Pommel Strike","Armaments","Shrug It Off"],"picked":"SKIP","floor":29},{"not_picked":["Clash","Flex"],"picked":"Bloodletting","floor":30},{"not_picked":["Pommel Strike","Whirlwind"],"picked":"Inflame","floor":31}],"player_experience":376586,"relics_obtained":[{"floor":9,"key":"Mercury Hourglass"},{"floor":20,"key":"Toy Ornithopter"},{"floor":26,"key":"Shuriken"},{"floor":27,"key":"MawBank"}],"event_choices":[{"damage_healed":0,"gold_gain":0,"player_choice":"Entered Light","damage_taken":25,"max_hp_gain":0,"max_hp_loss":0,"event_name":"Shining Light","floor":2,"gold_loss":0,"cards_upgraded":["Cleave","Defend_R"]},{"damage_healed":0,"gold_gain":50,"player_choice":"Pray","damage_taken":0,"max_hp_gain":0,"max_hp_loss":0,"event_name":"Golden Shrine","floor":7,"gold_loss":0},{"damage_healed":0,"gold_gain":0,"player_choice":"Bought 0 Potions","damage_taken":0,"max_hp_gain":0,"max_hp_loss":0,"event_name":"The Woman in Blue","floor":21,"gold_loss":0}],"is_beta":false,"boss_relics":[{"not_picked":["Velvet Choker","Mark of Pain"],"picked":"Runic Dome"}],"items_purged_floors":[24],"is_endless":false,"potions_floor_spawned":[5,10,11,13,14,18,29],"killed_by":"Champ","ascension_level":20}}