{"host":"jhrqf0ynsob022h8","time":1610399011,"event":{"mods":["2.2 Compatiblity","Act Like it!","AlwaysNeverKeys","BaseMod","Better Altar","Better Match","Better Sensory Stone","Better Skull","Better Synergies","Better Third Choice","Better Vampires","Better-Laid Plans","Block Reminder","CapriCore","Colored Map","Colored Powertips","DNKmod","Defuse TimeMaze Blight","Displayed Cursed Tome","Downfall","Evolution","Friendly Minions","GifTheSpireLib","Gold Saver","Minty Spire (QoL Compilation)","Permanent Neow","Quick Restart","Rare Cards Sparkle","Relic Stats","Remove Card Discount Mod","Robot Space Explorer","Shop Mod","Spicy Shops","StSLib","The Marked","Transform Curses","Uncapped","slay the spire mod where everything is the same but ironclad has a cowboy hat"],"gold_per_floor":[1010,101,0,18,93,93,121,121,121,137,87,98,98,113,113,216,216,235,235,245,264,35,61,61,160,160,186,186,36,61,73,73,169,169,183,183,49,101,114,114,142,142,142,142,159,191,210,210,210,210,210,210,3,38,38,38],"floor_reached":55,"playtime":9499,"items_purged":["Strike_R","Strike_R","Bash","Strike_R","Strike_R","Strike_R","Defend_R","Defend_R","Writhe","Defend_R","Metallicize+1","Inflame","Infernal Blade+1"],"score":1151,"play_id":"e705c872-a5b6-425d-b63f-a67ae5c088a6","local_time":"20210111150331","is_ascension_mode":true,"campfire_choices":[{"data":"Body Slam","floor":6,"key":"SMITH"},{"data":"Entrench","floor":8,"key":"SMITH"},{"data":"Shrug It Off","floor":13,"key":"SMITH"},{"data":"Body Slam","floor":15,"key":"SMITH"},{"data":"Juggernaut","floor":24,"key":"SMITH"},{"data":"Metallicize","floor":32,"key":"SMITH"},{"floor":40,"key":"REST"},{"floor":42,"key":"RECALL"},{"floor":44,"key":"REST"},{"floor":49,"key":"REST"},{"floor":52,"key":"REST"}],"circlet_count":0,"master_deck":["Body Slam+1","Body Slam+1","Enlightenment+1","Entrench+1","Shrug It Off+1","Juggernaut+1","Shrug It Off+1","Barricade+1","Inflame+1","Rampage","Shrug It Off"],"relics":["Black Blood","EVO:Axolotl","HandDrill","Question Card","Paper Frog","InkBottle","Vajra","Lantern","Mark of Pain","GremlinMask","Brimstone","Eternal Feather","Singing Bowl","Frozen Egg 2","Membership Card","Boot","Bag of Preparation","Magic Flower","Bottled Lightning","Juzu Bracelet","Sundial","Chemical X","Strawberry"],"acts_visited":["Exordium","TheCity","TheBeyond","TheEnding"],"potions_floor_usage":[1,7,16,18,20,23,54],"damage_taken":[{"damage":0,"enemies":"Jaw Worm","floor":1,"turns":2},{"damage":0,"enemies":"2 Louse","floor":4,"turns":2},{"damage":2,"enemies":"Lagavulin","floor":7,"turns":4},{"damage":0,"enemies":"Cultist","floor":10,"turns":3},{"damage":0,"enemies":"Looter","floor":12,"turns":2},{"damage":0,"enemies":"Blue Slaver","floor":14,"turns":3},{"damage":0,"enemies":"Hexaghost","floor":16,"turns":3},{"damage":0,"enemies":"Chosen","floor":18,"turns":6},{"damage":3,"enemies":"Spheric Guardian","floor":20,"turns":3},{"damage":10,"enemies":"Snecko","floor":21,"turns":4},{"damage":26,"enemies":"Slavers","floor":23,"turns":5},{"damage":0,"enemies":"Gremlin Leader","floor":27,"turns":4},{"damage":27,"enemies":"Book of Stabbing","floor":30,"turns":4},{"damage":0,"enemies":"Snake Plant","floor":31,"turns":2},{"damage":25,"enemies":"Collector","floor":33,"turns":6},{"damage":23,"enemies":"3 Shapes","floor":35,"turns":3},{"damage":0,"enemies":"2 Orb Walkers","floor":38,"turns":3},{"damage":0,"enemies":"Orb Walker","floor":39,"turns":2},{"damage":0,"enemies":"Giant Head","floor":41,"turns":3},{"damage":0,"enemies":"Spire Growth","floor":45,"turns":1},{"damage":0,"enemies":"Nemesis","floor":46,"turns":3},{"damage":0,"enemies":"Transient","floor":47,"turns":3},{"damage":14,"enemies":"Time Eater","floor":50,"turns":4},{"damage":36,"enemies":"Shield and Spear","floor":54,"turns":4},{"damage":119,"enemies":"The Heart","floor":55,"turns":3}],"seed_played":"-4970739510066395984","potions_obtained":[{"floor":0,"key":"EssenceOfSteel"},{"floor":0,"key":"Weak Potion"},{"floor":0,"key":"SpeedPotion"},{"floor":1,"key":"FearPotion"},{"floor":16,"key":"Weak Potion"},{"floor":20,"key":"GamblersBrew"},{"floor":27,"key":"BlessingOfTheForge"},{"floor":30,"key":"Energy Potion"},{"floor":39,"key":"SteroidPotion"},{"floor":46,"key":"SkillPotion"}],"is_trial":false,"path_per_floor":["M","$","?","M","?","R","E","R","T","M","?","M","R","M","R","B",null,"M","?","M","M","$","E","R","?","T","E","?","$","E","M","R","B",null,"M","?","$","?","M","R","E","R","T","R","M","E","M","?","R","B",null,"R","$","E","B"],"character_chosen":"IRONCLAD","items_purchased":["Metallicize","Body Slam","HandDrill","Question Card","Paper Frog","InkBottle","Inflame","Brimstone","Membership Card","Inflame+1","Bag of Preparation","Sundial","Chemical X","Rampage","Shrug It Off"],"campfire_rested":4,"item_purchase_floors":[2,2,2,2,2,2,22,22,29,37,37,53,53,53,53],"current_hp_per_floor":[100,100,106,106,95,95,99,99,99,105,105,106,106,106,106,106,106,106,106,106,102,102,82,88,88,88,96,96,96,77,85,91,72,102,91,112,112,114,116,116,118,118,118,118,120,122,124,124,124,124,124,124,124,115,0,0],"gold":38,"neow_bonus":"THREE_SMALL_POTIONS","is_daily":false,"chose_seed":false,"campfire_upgraded":6,"win_rate":0.0,"timestamp":1610399011,"path_taken":["M","$","?","M","?","R","E","R","T","M","?","M","R","M","R","BOSS","M","?","M","?","$","E","R","?","T","E","?","?","E","M","R","BOSS","M","?","$","?","?","R","E","R","T","R","M","E","M","?","R","BOSS","R","$","E","BOSS"],"items_purchased_type":["Card","Card","Relic","Relic","Relic","Relic","Card","Relic","Relic","Card","Relic","Relic","Relic","Card","Card"],"build_version":"2020-12-22","purchased_purges":13,"victory":false,"max_hp_per_floor":[100,100,106,106,106,106,106,106,106,106,106,106,106,106,106,106,106,106,106,106,106,106,106,106,106,106,108,108,108,110,112,112,112,112,112,112,112,114,116,116,118,118,118,118,120,122,124,124,124,124,124,124,124,133,133,133],"relic_stats":{"Singing Bowl":20,"counters":[25,82],"Black Blood":96,"Magic Flower":[8],"Eternal Feather":12,"Bag of Preparation":[18],"Juzu Bracelet":0,"Question Card":22,"Boot":[0],"Sundial":[2],"HandDrill":[16],"Chemical X":[1],"obtain_stats":[{"Lantern":9,"Singing Bowl":26,"Vajra":7,"Black Blood":34,"Magic Flower":38,"GremlinMask":19,"Eternal Feather":23,"Bag of Preparation":37,"Juzu Bracelet":46,"EVO:Axolotl":0,"Frozen Egg 2":27,"Question Card":2,"Boot":30,"Burning Blood":0,"Brimstone":22,"Sundial":53,"Strawberry":54,"Mark of Pain":17,"HandDrill":2,"Membership Card":29,"Bottled Lightning":41,"Chemical X":53,"InkBottle":2,"Paper Frog":2},{"Lantern":3,"Singing Bowl":11,"Vajra":3,"Black Blood":15,"Magic Flower":17,"GremlinMask":8,"Eternal Feather":11,"Bag of Preparation":16,"Juzu Bracelet":21,"EVO:Axolotl":0,"Frozen Egg 2":12,"Question Card":1,"Boot":13,"Burning Blood":0,"Brimstone":10,"Sundial":23,"Strawberry":24,"Mark of Pain":7,"HandDrill":1,"Membership Card":12,"Bottled Lightning":19,"Chemical X":23,"InkBottle":1,"Paper Frog":1},{"Lantern":8,"Singing Bowl":37,"Vajra":8,"Black Blood":53,"Magic Flower":59,"GremlinMask":25,"Eternal Feather":37,"Bag of Preparation":56,"Juzu Bracelet":68,"EVO:Axolotl":0,"Frozen Egg 2":41,"Question Card":2,"Boot":45,"Burning Blood":0,"Brimstone":32,"Sundial":75,"Strawberry":79,"Mark of Pain":19,"HandDrill":2,"Membership Card":41,"Bottled Lightning":64,"Chemical X":75,"InkBottle":2,"Paper Frog":2}],"InkBottle":[37]},"card_choices":[{"not_picked":["Cleave","Combust"],"picked":"Body Slam","floor":1},{"not_picked":["Clothesline","Heavy Blade","Flex","Thunderclap"],"picked":"SKIP","floor":4},{"not_picked":["Intimidate","True Grit","Thunderclap"],"picked":"Entrench","floor":7},{"not_picked":["Havoc","Armaments","Wild Strike"],"picked":"Shrug It Off","floor":10},{"not_picked":["Second Wind","Armaments","Dual Wield","Feel No Pain"],"picked":"SKIP","floor":12},{"not_picked":["Disarm","Warcry","Carnage","Pommel Strike"],"picked":"SKIP","floor":14},{"not_picked":["Offering","Bludgeon","Exhume"],"picked":"Juggernaut","floor":16},{"not_picked":["Heavy Blade","Combust+1","Seeing Red","Sword Boomerang"],"picked":"SKIP","floor":18},{"not_picked":["Heavy Blade+1","Dark Embrace","Evolve"],"picked":"Infernal Blade+1","floor":20},{"not_picked":["Carnage","Metallicize","Clothesline"],"picked":"Shrug It Off+1","floor":21},{"not_picked":["Pommel Strike","Disarm+1","Evolve+1","Dual Wield"],"picked":"SKIP","floor":23},{"not_picked":["Warcry","Sword Boomerang","Battle Trance","Disarm+1"],"picked":"Singing Bowl","floor":27},{"not_picked":["Whirlwind","Havoc","Sentinel","Pummel"],"picked":"Singing Bowl","floor":30},{"not_picked":["Anger","Carnage","Havoc","Inflame+1"],"picked":"Singing Bowl","floor":31},{"not_picked":["Brutality+1","Fiend Fire","Corruption+1"],"picked":"Barricade+1","floor":33},{"not_picked":["Cleave+1","Warcry+1","Anger"],"picked":"Shrug It Off+1","floor":35},{"not_picked":["Hemokinesis+1","True Grit","Havoc+1","Sword Boomerang+1"],"picked":"Singing Bowl","floor":38},{"not_picked":["Demon Form+1","Combust+1","Flex","Clash"],"picked":"Singing Bowl","floor":39},{"not_picked":["Iron Wave","Flex+1","Battle Trance+1","Sword Boomerang+1"],"picked":"Singing Bowl","floor":41},{"not_picked":["Body Slam+1","Sword Boomerang","Combust+1","Hemokinesis+1"],"picked":"Singing Bowl","floor":45},{"not_picked":["Warcry+1","Blood for Blood","Rampage+1","Whirlwind"],"picked":"Singing Bowl","floor":46},{"not_picked":["Whirlwind+1","Seeing Red+1","Intimidate","Bludgeon"],"picked":"Singing Bowl","floor":47},{"not_picked":["Anger+1","Shockwave","Thunderclap","Twin Strike"],"picked":"Singing Bowl","floor":54}],"player_experience":258050,"relics_obtained":[{"floor":7,"key":"Vajra"},{"floor":9,"key":"Lantern"},{"floor":23,"key":"Eternal Feather"},{"floor":26,"key":"Singing Bowl"},{"floor":27,"key":"Frozen Egg 2"},{"floor":30,"key":"Boot"},{"floor":38,"key":"Magic Flower"},{"floor":41,"key":"Bottled Lightning"},{"floor":46,"key":"Juzu Bracelet"},{"floor":54,"key":"Strawberry"}],"event_choices":[{"damage_healed":0,"gold_gain":0,"player_choice":"RENOUNCE","damage_taken":101,"max_hp_gain":0,"max_hp_loss":0,"event_name":"betterThird:BetterSerpent","floor":3,"gold_loss":101,"cards_obtained":["Enlightenment"]},{"damage_healed":0,"gold_gain":75,"player_choice":"Gold","damage_taken":11,"max_hp_gain":0,"max_hp_loss":0,"event_name":"betterThird:BetterGoop","floor":5,"gold_loss":0},{"cards_removed":["Defend_R"],"damage_healed":0,"gold_gain":0,"player_choice":"Card Removal","damage_taken":0,"max_hp_gain":0,"max_hp_loss":0,"event_name":"The Cleric","floor":11,"gold_loss":50},{"damage_healed":0,"gold_gain":0,"player_choice":"Trade","damage_taken":0,"relics_obtained":["GremlinMask"],"max_hp_gain":0,"max_hp_loss":0,"event_name":"FaceTrader","floor":19,"gold_loss":0},{"damage_healed":0,"gold_gain":99,"player_choice":"Steal","damage_taken":0,"max_hp_gain":0,"max_hp_loss":0,"event_name":"betterThird:BetterNest","floor":25,"gold_loss":0},{"damage_healed":0,"gold_gain":0,"player_choice":"Serpent","damage_taken":0,"max_hp_gain":0,"max_hp_loss":0,"event_name":"BanditSerpent","floor":28,"gold_loss":0},{"damage_healed":28,"gold_gain":0,"player_choice":"Writhe","damage_taken":0,"max_hp_gain":0,"max_hp_loss":0,"event_name":"Winding Halls","floor":36,"gold_loss":0,"cards_obtained":["Writhe"]},{"damage_healed":0,"gold_gain":0,"player_choice":"Fight","damage_taken":0,"max_hp_gain":0,"max_hp_loss":0,"event_name":"Mysterious Sphere","floor":38,"gold_loss":0},{"cards_removed":["Shrug It Off"],"damage_healed":0,"gold_gain":0,"player_choice":"Removed Skill","damage_taken":0,"max_hp_gain":0,"max_hp_loss":0,"event_name":"Falling","floor":48,"gold_loss":0}],"is_beta":false,"boss_relics":[{"not_picked":["Fusion Hammer","Ectoplasm"],"picked":"Mark of Pain"},{"not_picked":["Tiny House","SacredBark"],"picked":"Black Blood"}],"items_purged_floors":[2,2,2,2,2,2,22,22,37,37,37,37,53],"is_endless":false,"potions_floor_spawned":[1,16,20,27,30,39,41,46],"killed_by":"The Heart","ascension_level":5}}