{"host":"5apxsqgkueisybsc","time":1610334014,"event":{"mods":["A Magickal Journey","BaseMod","Better Third Choice","DeckTracker","Hermit","Hero for Fun","Hubris","Hunter ??","Lobotomy","Mimic Mod","Minty Spire (QoL Compilation)","Random Character Button","Rare Cards Sparkle","Replay The Spire","Robot Space Explorer","SOS???????","Shade Mod","StSLib","The Blackbeard","The Bladedancer","The Bug Knight","The Clintock","The Cursed","The Disciple","The Druid","The Exalted","The Forsaken","The Hierophant","The Problem Sleuth","The Servant 0.9.4","The Valiant","The Witch"],"gold_per_floor":[119,44,44,63,38,73,93,93,93],"floor_reached":8,"playtime":376,"items_purged":["Wellcheers"],"score":67,"play_id":"1e99a6dd-4fcc-445a-81a4-3d8d24b687a4","local_time":"20210110220014","is_ascension_mode":true,"campfire_choices":[],"circlet_count":0,"master_deck":["Strike_G","Strike_G","Strike_G","Strike_G","Strike_G","Defend_G","Defend_G","Defend_G","Defend_G","Defend_G","Survivor","Neutralize","hubris:Counter","Scarecrow","Replay:Poison Smokescreen","Prepared","BeautyBeast","Cloak And Dagger","OSAHOGD","Toxin Wave"],"relics":["Ring of the Snake","CogitoBucket","ReplayFunnel","Tiny Chest"],"acts_visited":["Exordium"],"potions_floor_usage":[6],"damage_taken":[{"damage":9,"enemies":"Small Slimes","floor":1,"turns":8},{"damage":5,"enemies":"Cultist","floor":4,"turns":4},{"damage":40,"enemies":"Lagavulin","floor":6,"turns":9},{"damage":5,"enemies":"Jaw Worm","floor":7,"turns":7},{"damage":15,"enemies":"3 Sentries","floor":8,"turns":2}],"seed_played":"4188679324628089897","potions_obtained":[{"floor":1,"key":"Fire Potion"},{"floor":4,"key":"Milkshake"}],"is_trial":false,"path_per_floor":["M","$","?","M","$","E","M","E"],"character_chosen":"THE_SILENT","items_purchased":["Prepared"],"campfire_rested":0,"item_purchase_floors":[5],"current_hp_per_floor":[61,61,61,56,56,16,11,0,0],"gold":93,"neow_bonus":"","is_daily":false,"chose_seed":false,"campfire_upgraded":0,"win_rate":0.0,"timestamp":1610334014,"path_taken":["M","$","?","M","?","E","M","E"],"items_purchased_type":["Card"],"build_version":"2020-12-22","purchased_purges":1,"victory":false,"max_hp_per_floor":[70,70,70,70,70,70,70,70,70],"card_choices":[{"not_picked":["Murderer","DreamingCurrent"],"picked":"Wellcheers","floor":1},{"not_picked":["Choke","Toxin Wave"],"picked":"hubris:Counter","floor":1},{"not_picked":["ShyLook","CherryBlossoms"],"picked":"Scarecrow","floor":4},{"not_picked":["Hidden Blade","Distraction"],"picked":"Replay:Poison Smokescreen","floor":4},{"not_picked":["HappyTeddy","Wellcheers"],"picked":"BeautyBeast","floor":6},{"not_picked":["hubris:SlightOfHand","Slice"],"picked":"Cloak And Dagger","floor":6},{"not_picked":["Yin","Murderer"],"picked":"OSAHOGD","floor":7},{"not_picked":["Sucker Punch","hubris:SlightOfHand"],"picked":"Toxin Wave","floor":7}],"player_experience":118921,"relics_obtained":[{"floor":6,"key":"Tiny Chest"}],"event_choices":[{"damage_healed":0,"gold_gain":0,"player_choice":"Gave Potion","damage_taken":0,"relics_obtained":["ReplayFunnel"],"max_hp_gain":0,"max_hp_loss":0,"event_name":"WeMeetAgain","floor":3,"gold_loss":0}],"is_beta":false,"boss_relics":[],"items_purged_floors":[2],"is_endless":false,"potions_floor_spawned":[1,4],"killed_by":"3 Sentries","ascension_level":4}}