{"host":"hl2lcm3kcu0x5jvn","time":1610380339,"event":{"mods":["AchievementEnabler","BaseMod","Conspire","Downfall","Friendly Minions","Highlight Path","Hubris","Infinite Spire","Lobotomy","Minty Spire (QoL Compilation)","Replay The Spire","Shop Mod","StSLib","everything is the same but u backflip on backflip","vexMod"],"gold_per_floor":[99,115,132,132,145,180,205,205,205,205,205,215,231,244,169,200,125,144,171,272,272,272,287,359,459,476,508,532,87,104,132,132,166,166,198,214,312,312,237,250,418,429,206,219,242,273,323,323,323,349,383,397,415,515,515,515,535,552,581,594,623,646,660,692,724,758,774,800,820,836,931,931,931,943,943,943,974,1007,1032,391,424,424,424,455,455,468,468,483,433,560,1226,1226,1226,1226],"floor_reached":93,"playtime":7426,"items_purged":["sneckomod:Bewildered"],"score":2350,"play_id":"e714fd0d-614e-4b8b-bf20-42be9fe3170a","local_time":"20210111225219","daily_mods":["Heirloom","DeadlyEvents"],"is_ascension_mode":true,"campfire_choices":[{"floor":1,"key":"RECALL"},{"floor":15,"key":"REST"},{"data":"sneckomod:UnknownClassINFINITE_BLACK","floor":17,"key":"SMITH"},{"data":"sneckomod:UnknownRareSkill","floor":22,"key":"SMITH"},{"floor":34,"key":"REST"},{"floor":39,"key":"DIG"},{"data":"sneckomod:CheapStock","floor":49,"key":"SMITH"},{"data":"Spreading Infection","floor":56,"key":"PURGE"},{"data":"sneckomod:UnknownRarePower","floor":73,"key":"SMITH"},{"data":"sneckomod:DiceBoulder","floor":85,"key":"SMITH"},{"data":"infinitespire:UltimateForm","floor":87,"key":"SMITH"},{"data":"sneckomod:DiceBoulder+1","floor":92,"key":"SMITH"}],"circlet_count":0,"master_deck":["sneckomod:Strike+1","sneckomod:Strike+1","sneckomod:Defend","sneckomod:Defend+1","sneckomod:Defend+1","sneckomod:TailWhip+1","sneckomod:SnekBite+1","sneckomod:Unknown+2","sneckomod:Unknown","hexamod:FirstSeal","sneckomod:ImprovisedAttack+1","sneckomod:SerpentIdol+1","sneckomod:UnknownClassHEXA_GHOST_PURPLE+2","sneckomod:SnekBeam+1","sneckomod:UnknownStrike+2","sneckomod:IronFang","sneckomod:UnknownUncommonPower","sneckomod:DiceBlock","sneckomod:UnknownCommonSkill","sneckomod:Unknown0Cost+2","sneckomod:UnknownClassINFINITE_BLACK+1","sneckomod:UnknownClassINFINITE_BLACK+2","sneckomod:UnknownBlock+2","sneckomod:SnakeSap","sneckomod:SoulRoll","sneckomod:IronFang","sneckomod:UnknownRareSkill+1","hexamod:SixthSeal","sneckomod:UnknownCommonSkill","sneckomod:UnknownCommonAttack","sneckomod:DiceCrush+1","sneckomod:UnknownUncommonAttack","sneckomod:QuickBite+1","sneckomod:UnknownStrike+1","sneckomod:SnekBeam+1","sneckomod:DiceCrush","sneckomod:DiceCrush","sneckomod:SnakeSap+1","sneckomod:Nope+1","sneckomod:Unknown1Cost+1","sneckomod:Restock+1","infinitespire:Oblivion+1","sneckomod:UnknownCommonSkill+1","sneckomod:UnknownBlock+1","sneckomod:SoulDraw+1","sneckomod:UnknownRarePower","sneckomod:Mudshield+1","sneckomod:Unknown2Cost+1","sneckomod:RainOfDice+1","sneckomod:DiceBoulder+2","sneckomod:UnknownStrike+1","sneckomod:UnknownCommonSkill+1","sneckomod:CheapStock+1","sneckomod:WideSting+1","ReplayTheSpireMod:Black Plague+1","sneckomod:UnknownCommonAttack+1","sneckomod:UnknownClassLobotomy+1","sneckomod:UnknownRareAttack","sneckomod:UnknownStrike+1","sneckomod:UnknownBlock+1","sneckomod:UnknownClassHEXA_GHOST_PURPLE+1","sneckomod:IronFang+1","sneckomod:Unknown1Cost+1","sneckomod:UnknownColorless+1","sneckomod:DiceBoulder","sneckomod:UnknownClassLobotomy+1","sneckomod:ImprovisedAttack","sneckomod:SoulRoll+1","sneckomod:UnknownClassAngela+1","sneckomod:SnakeSap","sneckomod:UnknownRarePower+1","sneckomod:UnknownBlock+1","hexamod:FourthSeal","sneckomod:UnknownRarePower+2","sneckomod:UnknownBlock+1","sneckomod:UnknownDexterity+1","sneckomod:Unknown0Cost+1","sneckomod:UnknownWeak+1","ReplayTheSpireMod:Black Plague+1","sneckomod:UnknownRareSkill+1","Delirium","Bash","infinitespire:UltimateForm+1","Trip+1","sneckomod:SerpentMind","sneckomod:UnknownClassTHE_CHAMP_GRAY+1","infinitespire:Gouge","sneckomod:UnknownClassSLIMEBOUND+1","sneckomod:UnknownWeak+1","sneckomod:UnknownClassGREEN+1","sneckomod:UnknownColorless+1","sneckomod:UnknownStrength+1","sneckomod:UnknownClassAngela+1","conspire:SpireCoStock+1","sneckomod:Cheat+1"],"relics":["sneckomod:SneckoSoul","Ring of Chaos","Guardian:GemstoneGun","Prayer Wheel","m_SnakeBloodCore","Tiny Chest","Anchor","downfall:HeartBlessingRed","vexMod:MemoryStick","downfall:HeartBlessingBlue","hubris:ToyBattleship","Ring of Chaos","Mercury Hourglass","infinitespire:Joker Card","Mummified Hand","hubris:SlimyHat","ReplayTheSpireMod:Lightbulb","ReplayTheSpireMod:Shallot","infinitespire:Lucky Rock","Strawberry","Toxic Egg 2","Replay:Rubber Ducky","Replay:Baseball","SacredBark","downfall:HeartBlessingGreen","Incense Burner","Gremlin Food","sneckomod:BlankCard","Regal Pillow","Pet Ghost","infinitespire:Lychee Nut","Torii","Replay:Wax Seal","MealTicket","expansioncontent:StudyCardRelic","Ring of Chaos","Akabeko","ReplayTheSpireMod:SealedPack","m_SnakeBloodCore","Ancient Tea Set","champ:Barbells","Replay:Accelerometer","MerchantsRug","vexMod:RockOfEvil"],"acts_visited":["Exordium","TheCity","TheBeyond","Exordium","TheCity","TheBeyond"],"potions_floor_usage":[20,25,37,47,54,54,71,90],"damage_taken":[{"damage":16,"enemies":"Jaw Worm","floor":2,"turns":4},{"damage":3,"enemies":"2 Louse","floor":3,"turns":3},{"damage":0,"enemies":"Cultist","floor":5,"turns":2},{"damage":55,"enemies":"Lagavulin","floor":6,"turns":7},{"damage":0,"enemies":"3 Louse","floor":12,"turns":2},{"damage":0,"enemies":"Gremlin Gang","floor":13,"turns":1},{"damage":9,"enemies":"Exordium Wildlife","floor":14,"turns":3},{"damage":16,"enemies":"Gremlin Nob","floor":16,"turns":3},{"damage":0,"enemies":"Lots of Slimes","floor":18,"turns":1},{"damage":2,"enemies":"3 Sentries","floor":19,"turns":6},{"damage":6,"enemies":"downfall:Watcher","floor":20,"turns":6},{"damage":24,"enemies":"Chosen","floor":23,"turns":7},{"damage":54,"enemies":"downfall:Silent","floor":25,"turns":8},{"damage":15,"enemies":"Snake Plant","floor":26,"turns":3},{"damage":0,"enemies":"conspire:Head Lice","floor":27,"turns":4},{"damage":1,"enemies":"downfall:FleeingMerchant","floor":29,"turns":4},{"damage":15,"enemies":"Snecko","floor":30,"turns":4},{"damage":43,"enemies":"Slavers","floor":31,"turns":5},{"damage":0,"enemies":"conspire:SneckoGhost","floor":33,"turns":3},{"damage":16,"enemies":"Nightmare","floor":35,"turns":6},{"damage":0,"enemies":"Centurion and Healer","floor":36,"turns":2},{"damage":32,"enemies":"downfall:Ironclad","floor":37,"turns":7},{"damage":20,"enemies":"3 Darklings","floor":40,"turns":4},{"damage":0,"enemies":"downfall:FleeingMerchant","floor":41,"turns":5},{"damage":10,"enemies":"3 Shapes","floor":42,"turns":2},{"damage":0,"enemies":"Spire Growth","floor":44,"turns":3},{"damage":86,"enemies":"Nightmare","floor":46,"turns":10},{"damage":0,"enemies":"Mind Bloom Boss Battle","floor":47,"turns":3},{"damage":0,"enemies":"Nemesis","floor":50,"turns":3},{"damage":0,"enemies":"R_Hoarder","floor":51,"turns":3},{"damage":15,"enemies":"Transient","floor":52,"turns":5},{"damage":0,"enemies":"Jaw Worm Horde","floor":53,"turns":2},{"damage":30,"enemies":"downfall:Silent","floor":54,"turns":7},{"damage":0,"enemies":"Cultist","floor":57,"turns":1},{"damage":0,"enemies":"2 Louse","floor":58,"turns":2},{"damage":0,"enemies":"Gremlin Nob","floor":59,"turns":2},{"damage":0,"enemies":"Jaw Worm","floor":60,"turns":3},{"damage":0,"enemies":"Lagavulin","floor":61,"turns":2},{"damage":0,"enemies":"Red Slaver","floor":63,"turns":2},{"damage":0,"enemies":"Gremlin Nob","floor":64,"turns":3},{"damage":13,"enemies":"3 Sentries","floor":65,"turns":3},{"damage":0,"enemies":"Lagavulin","floor":66,"turns":3},{"damage":1,"enemies":"Lots of Slimes","floor":67,"turns":2},{"damage":0,"enemies":"3 Sentries","floor":68,"turns":1},{"damage":0,"enemies":"Blue Slaver","floor":69,"turns":1},{"damage":0,"enemies":"2 Fungi Beasts","floor":70,"turns":2},{"damage":31,"enemies":"Fading Forest","floor":71,"turns":11},{"damage":0,"enemies":"Chosen","floor":74,"turns":1},{"damage":33,"enemies":"Slavers","floor":77,"turns":3},{"damage":0,"enemies":"conspire:SneckoGhost","floor":78,"turns":2},{"damage":1,"enemies":"Gremlin Leader","floor":79,"turns":3},{"damage":0,"enemies":"Book of Stabbing","floor":81,"turns":3},{"damage":37,"enemies":"Slavers","floor":84,"turns":4},{"damage":0,"enemies":"Shell Parasite","floor":86,"turns":2},{"damage":0,"enemies":"Centurion and Healer","floor":88,"turns":1},{"damage":73,"enemies":"hubris:MusketHawk","floor":90,"turns":7},{"damage":0,"enemies":"3 Darklings","floor":93,"turns":1}],"seed_played":"8067233643168838106","potions_obtained":[{"floor":12,"key":"Energy Potion"},{"floor":13,"key":"ColorlessPotion"},{"floor":14,"key":"Strength Potion"},{"floor":20,"key":"ColorlessPotion"},{"floor":25,"key":"SmokeBomb"},{"floor":27,"key":"Strength Potion"},{"floor":40,"key":"FearPotion"},{"floor":44,"key":"Guardian:BlockOnCardUsePotion"},{"floor":53,"key":"Block Potion"},{"floor":61,"key":"Dexterity Potion"},{"floor":77,"key":"Venom Potion"},{"floor":86,"key":"Strength Potion"}],"is_trial":true,"path_per_floor":["R","M","M","?","M","E","T","?","PTL","PTL","T","M","M","M","R","E","R","M","E","B",null,"R","M","T","?","M","E","T","$","M","E","T","E","R","NM","M","B",null,"R","M","$","M","$","M","T","NM","?","T","R","E","E","M","M","B",null,"R","M","M","E","M","E","T","M","E","E","E","M","E","M","M","B",null,"R","M","?","AVR","E","E","E","$","E","PTL","PTL","E","R","M","R","M","?","B",null,"R","M"],"character_chosen":"THE_SNECKO","items_purchased":["ReplayTheSpireMod:Shallot","infinitespire:Lucky Rock","sneckomod:DiceCrush","Gremlin Food","sneckomod:BlankCard","sneckomod:CheapStock","champ:Barbells","Replay:Accelerometer","sneckomod:UnknownClassGREEN+1","MerchantsRug"],"campfire_rested":2,"item_purchase_floors":[29,29,29,41,43,43,80,80,80,80],"current_hp_per_floor":[90,74,79,79,83,38,38,38,38,38,38,49,61,57,86,81,91,94,102,100,109,109,97,97,53,53,57,57,59,84,63,63,66,102,97,101,80,124,124,115,125,120,120,127,127,52,56,56,56,65,74,70,79,73,103,103,103,104,104,105,106,106,107,107,97,108,109,110,112,112,85,113,113,114,114,114,93,103,113,117,118,118,118,90,90,106,106,114,114,53,120,120,120,120],"gold":1226,"neow_bonus":"","is_daily":false,"chose_seed":false,"campfire_upgraded":7,"win_rate":0.0,"timestamp":1610380339,"path_taken":["R","M","M","?","M","E","T","?","PTL","PTL","T","?","M","M","R","E","R","M","?","BOSS","R","M","?","?","?","?","T","$","M","E","?","?","R","NM","M","BOSS","R","M","$","M","?","M","T","NM","?","?","R","?","?","?","M","BOSS","R","M","M","?","?","?","T","M","?","E","?","M","?","M","?","BOSS","R","M","?","AVR","?","?","E","$","E","PTL","PTL","E","R","M","R","?","?","BOSS","R","M"],"items_purchased_type":["Relic","Relic","Card","Relic","Relic","Card","Relic","Relic","Card","Relic"],"build_version":"2020-12-22","purchased_purges":1,"victory":false,"max_hp_per_floor":[90,90,91,91,92,92,92,92,92,92,92,93,95,97,97,98,108,108,108,109,109,109,111,111,111,112,113,113,113,113,121,121,121,121,122,123,124,124,124,125,125,127,127,127,127,128,97,97,97,98,99,101,102,103,103,103,103,104,104,105,106,106,107,107,107,108,109,110,112,112,113,113,113,114,114,114,115,116,116,117,118,118,118,118,118,118,118,120,120,120,120,120,120,120],"card_choices":[{"not_picked":["hexamod:ThirdSeal","hexamod:SecondSeal"],"picked":"hexamod:FirstSeal","floor":2},{"not_picked":["sneckomod:PureSnecko","sneckomod:UnknownCommonAttack"],"picked":"sneckomod:ImprovisedAttack","floor":2},{"not_picked":["sneckomod:UnknownCommonSkill","sneckomod:QuickBite"],"picked":"sneckomod:SerpentIdol","floor":3},{"not_picked":["sneckomod:WideSting","sneckomod:UnknownClassSLIMEBOUND"],"picked":"sneckomod:UnknownClassHEXA_GHOST_PURPLE","floor":3},{"not_picked":["sneckomod:IronFang","sneckomod:UnknownClassTHE_CHAMP_GRAY"],"picked":"sneckomod:SnekBeam","floor":5},{"not_picked":["sneckomod:UnknownClassSLIMEBOUND","sneckomod:SoulDraw"],"picked":"sneckomod:UnknownStrike","floor":5},{"not_picked":["ReplayTheSpireMod:LeadingStrike","sneckomod:DefensiveFlair"],"picked":"sneckomod:IronFang","floor":6},{"not_picked":["sneckomod:UnknownExhaust","Eclipse"],"picked":"sneckomod:UnknownUncommonPower","floor":12},{"not_picked":["Distraction","Perfected Strike"],"picked":"sneckomod:DiceBlock","floor":12},{"not_picked":["ReplayTheSpireMod:GoodbyeWorld","sneckomod:UnknownWeak"],"picked":"sneckomod:UnknownCommonSkill","floor":13},{"not_picked":["sneckomod:DiceBlock","sneckomod:QuickMove"],"picked":"sneckomod:Unknown0Cost","floor":13},{"not_picked":["sneckomod:CheapStock","sneckomod:SoulRoll"],"picked":"sneckomod:UnknownClassINFINITE_BLACK","floor":14},{"not_picked":["sneckomod:UnknownClassSLIMEBOUND","sneckomod:Unknown2Cost"],"picked":"sneckomod:UnknownClassINFINITE_BLACK","floor":14},{"not_picked":["sneckomod:RainOfDice","sneckomod:Nope"],"picked":"sneckomod:UnknownBlock","floor":16},{"not_picked":["sneckomod:UnknownBlock","sneckomod:UnknownCommonSkill"],"picked":"sneckomod:SnakeSap","floor":18},{"not_picked":["Night Terror","sneckomod:QuickMove"],"picked":"sneckomod:SoulRoll","floor":18},{"not_picked":["sneckomod:DiceCrush","ReplayTheSpireMod:LeadingStrike"],"picked":"sneckomod:IronFang","floor":19},{"not_picked":["Reboot","Eclipse"],"picked":"sneckomod:UnknownRareSkill","floor":20},{"not_picked":["hexamod:ThirdSeal","hexamod:FourthSeal"],"picked":"hexamod:SixthSeal","floor":23},{"not_picked":["sneckomod:QuickBite","sneckomod:SerpentIdol"],"picked":"sneckomod:UnknownCommonSkill","floor":23},{"not_picked":["sneckomod:ImprovisedGuard+1","sneckomod:RainOfDice"],"picked":"sneckomod:UnknownCommonAttack","floor":23},{"not_picked":["sneckomod:QuickBite","sneckomod:DangerNoodle"],"picked":"sneckomod:DiceCrush+1","floor":25},{"not_picked":["sneckomod:RainOfDice","sneckomod:UnknownCommonSkill"],"picked":"sneckomod:UnknownUncommonAttack","floor":26},{"not_picked":["sneckomod:UnknownCommonSkill","sneckomod:UnknownWeak"],"picked":"sneckomod:QuickBite+1","floor":26},{"not_picked":["sneckomod:SoulRoll","sneckomod:SoulDraw+1"],"picked":"sneckomod:UnknownStrike+1","floor":27},{"not_picked":["sneckomod:Nope+1","sneckomod:UnknownCommonSkill"],"picked":"sneckomod:SnekBeam+1","floor":29},{"not_picked":["sneckomod:DangerNoodle","sneckomod:UnknownClassPURPLE"],"picked":"sneckomod:SnakeSap","floor":30},{"not_picked":["sneckomod:RainOfDice","sneckomod:SerpentIdol"],"picked":"sneckomod:Nope+1","floor":30},{"not_picked":["sneckomod:Unknown2Cost","sneckomod:UnknownClassRED+1"],"picked":"sneckomod:Unknown1Cost+1","floor":31},{"not_picked":["sneckomod:MasterEye","sneckomod:UnknownClassGUARDIAN+1"],"picked":"sneckomod:Restock+1","floor":33},{"not_picked":["infinitespire:Punishment","infinitespire:Menacing"],"picked":"infinitespire:Oblivion","floor":35},{"not_picked":["sneckomod:UnknownClassGREEN+1","sneckomod:UnknownWeak+1"],"picked":"sneckomod:UnknownCommonSkill+1","floor":35},{"not_picked":["sneckomod:UnknownCommonSkill+1","sneckomod:SoulRoll+1"],"picked":"sneckomod:UnknownBlock+1","floor":36},{"not_picked":["sneckomod:ImprovisedAttack","sneckomod:UnknownClassPURPLE+1"],"picked":"sneckomod:SoulDraw+1","floor":36},{"not_picked":["sneckomod:Restock+1","sneckomod:DangerNoodle"],"picked":"sneckomod:UnknownRarePower","floor":37},{"not_picked":["sneckomod:UnlimitedRolls","sneckomod:SoulExchange+1"],"picked":"sneckomod:Mudshield","floor":37},{"not_picked":["sneckomod:RainOfDice","sneckomod:SoulDraw+1"],"picked":"sneckomod:Unknown2Cost+1","floor":40},{"not_picked":["sneckomod:Nope+1","sneckomod:UnknownCommonSkill+1"],"picked":"sneckomod:RainOfDice+1","floor":40},{"not_picked":["sneckomod:QuickMove+1","sneckomod:UnknownClassPURPLE+1"],"picked":"sneckomod:DiceBoulder","floor":41},{"not_picked":["sneckomod:Nope+1","sneckomod:UnknownClassTHE_CHAMP_GRAY+1"],"picked":"sneckomod:UnknownStrike+1","floor":42},{"not_picked":["sneckomod:TrashToTreasure+1","sneckomod:IronFang"],"picked":"sneckomod:UnknownCommonSkill+1","floor":42},{"not_picked":["sneckomod:UnknownStrike","sneckomod:UnknownBlock+1"],"picked":"sneckomod:WideSting+1","floor":44},{"not_picked":["sneckomod:QuickBite+1","sneckomod:RainOfDice","sneckomod:UnknownCommonSkill+1"],"picked":"SKIP","floor":44},{"not_picked":["infinitespire:Execution","infinitespire:Fortify"],"picked":"ReplayTheSpireMod:Black Plague","floor":46},{"not_picked":["sneckomod:DefensiveFlair+1","sneckomod:QuickBite"],"picked":"sneckomod:UnknownCommonAttack+1","floor":46},{"not_picked":["sneckomod:UnknownCommonSkill+1","sneckomod:UnknownClassGUARDIAN+1"],"picked":"sneckomod:UnknownClassLobotomy+1","floor":47},{"not_picked":["sneckomod:RainOfDice+1","sneckomod:UnknownWeak+1"],"picked":"sneckomod:UnknownRareAttack","floor":50},{"not_picked":["sneckomod:DiceBoulder+1","sneckomod:Rotation+1"],"picked":"sneckomod:UnknownStrike+1","floor":51},{"not_picked":["sneckomod:UnknownStrike","sneckomod:QuickMove+1"],"picked":"sneckomod:UnknownBlock+1","floor":52},{"not_picked":["sneckomod:SoulRoll+1","sneckomod:UnknownCommonAttack"],"picked":"sneckomod:UnknownClassHEXA_GHOST_PURPLE+1","floor":52},{"not_picked":["sneckomod:Unknown1Cost+1","sneckomod:UnknownCommonAttack"],"picked":"sneckomod:IronFang","floor":53},{"not_picked":["sneckomod:RainOfDice","sneckomod:QuickMove+1"],"picked":"sneckomod:Unknown1Cost+1","floor":53},{"not_picked":["sneckomod:Cheat+1","sneckomod:UnknownRareAttack"],"picked":"sneckomod:UnknownColorless+1","floor":54},{"not_picked":["sneckomod:WideSting","sneckomod:DiceBlock+1"],"picked":"sneckomod:DiceBoulder","floor":57},{"not_picked":["sneckomod:Nope+1","sneckomod:IronFang","sneckomod:UnknownCommonSkill+1"],"picked":"SKIP","floor":57},{"not_picked":["sneckomod:SerpentIdol+1","sneckomod:RainOfDice"],"picked":"sneckomod:UnknownClassLobotomy+1","floor":58},{"not_picked":["sneckomod:IronFang","sneckomod:UnknownClassRED+1"],"picked":"sneckomod:ImprovisedAttack","floor":58},{"not_picked":["sneckomod:DiceBlock+1","sneckomod:QuickMove+1"],"picked":"sneckomod:SoulRoll+1","floor":59},{"not_picked":["sneckomod:WideSting","sneckomod:QuickMove+1"],"picked":"sneckomod:UnknownClassAngela+1","floor":60},{"not_picked":["sneckomod:UnknownClassTHE_CHAMP_GRAY+1","sneckomod:UnknownClassSLIMEBOUND+1"],"picked":"sneckomod:SnakeSap","floor":60},{"not_picked":["sneckomod:UnknownClassLobotomy+1","sneckomod:UnknownClassRED+1"],"picked":"sneckomod:UnknownRarePower","floor":61},{"not_picked":["sneckomod:PureSnecko+1","sneckomod:UnknownClassAngela+1"],"picked":"sneckomod:UnknownBlock+1","floor":63},{"not_picked":["sneckomod:QuickBite","sneckomod:DiceCrush","sneckomod:UnknownBlock+1"],"picked":"SKIP","floor":63},{"not_picked":["hexamod:FirstSeal","hexamod:ThirdSeal"],"picked":"hexamod:FourthSeal","floor":64},{"not_picked":["sneckomod:UnknownCommonAttack","sneckomod:Unknown1Cost+1","sneckomod:DiceBlock+1"],"picked":"SKIP","floor":64},{"not_picked":["sneckomod:RainOfDice","sneckomod:UnknownCommonSkill+1","sneckomod:IronFang"],"picked":"SKIP","floor":65},{"not_picked":["sneckomod:UnknownBlock+1","sneckomod:UnknownVulnerable+1"],"picked":"sneckomod:UnknownRarePower","floor":66},{"not_picked":["sneckomod:UnknownStrike","sneckomod:RainOfDice"],"picked":"sneckomod:UnknownBlock+1","floor":67},{"not_picked":["sneckomod:RainOfDice","sneckomod:QuickBite","sneckomod:IronFang"],"picked":"SKIP","floor":67},{"not_picked":["sneckomod:Unknown0Cost+1","sneckomod:UnknownClassSLIMEBOUND+1"],"picked":"sneckomod:UnknownDexterity+1","floor":68},{"not_picked":["sneckomod:Unknown1Cost+1","sneckomod:Mudshield"],"picked":"sneckomod:Unknown0Cost+1","floor":69},{"not_picked":["sneckomod:UnknownCommonAttack","sneckomod:QuickMove+1"],"picked":"sneckomod:UnknownWeak+1","floor":69},{"not_picked":["sneckomod:Unknown1Cost+1","sneckomod:UnknownClassGUARDIAN+1","sneckomod:IronFang"],"picked":"SKIP","floor":70},{"not_picked":["sneckomod:UnknownClassPURPLE+1","sneckomod:UnknownClassTHE_CHAMP_GRAY+1","sneckomod:UnknownStrike"],"picked":"SKIP","floor":70},{"not_picked":["infinitespire:Execution","infinitespire:SealOfDarkness+"],"picked":"ReplayTheSpireMod:Black Plague","floor":71},{"not_picked":["sneckomod:Restock+1","sneckomod:SoulExchange+1"],"picked":"sneckomod:UnknownRareSkill+1","floor":71},{"not_picked":["Neutralize","ExecuteAim"],"picked":"Bash","floor":72},{"not_picked":["infinitespire:TheBestDefense","infinitespire:Starlight"],"picked":"infinitespire:UltimateForm","floor":72},{"not_picked":["Specialist","Bandage Up"],"picked":"Trip","floor":72},{"not_picked":["sneckomod:SoulExchange","sneckomod:Restock"],"picked":"sneckomod:SerpentMind","floor":72},{"not_picked":["sneckomod:DiceCrush+1","sneckomod:UnknownCommonAttack"],"picked":"sneckomod:UnknownClassTHE_CHAMP_GRAY+1","floor":74},{"not_picked":["sneckomod:SoulCleanse+1","sneckomod:UnknownCommonAttack+1","sneckomod:QuickMove+1"],"picked":"SKIP","floor":74},{"not_picked":["sneckomod:RainOfDice","sneckomod:UnknownCommonSkill+1"],"picked":"sneckomod:UnknownClassSLIMEBOUND+1","floor":77},{"not_picked":["sneckomod:UnknownExhaust+1","sneckomod:UnknownVulnerable+1"],"picked":"sneckomod:UnknownWeak+1","floor":78},{"not_picked":["sneckomod:WideSting","sneckomod:QuickBite","sneckomod:ImprovisedAttack+1"],"picked":"SKIP","floor":79},{"not_picked":["sneckomod:UnknownStrike","sneckomod:UnknownClassTHE_CHAMP_GRAY+1"],"picked":"sneckomod:UnknownColorless+1","floor":81},{"not_picked":["sneckomod:WideSting","sneckomod:UnknownVulnerable+1","sneckomod:Restock+1"],"picked":"SKIP","floor":84},{"not_picked":["sneckomod:UnknownDexterity+1","sneckomod:Nope+1","Dual Wield+1"],"picked":"SKIP","floor":86},{"not_picked":["Reflex+1","Havoc+1","sneckomod:DiceCrush"],"picked":"SKIP","floor":86},{"not_picked":["Dagger Throw+1","sneckomod:WideSting"],"picked":"sneckomod:UnknownStrength+1","floor":88},{"not_picked":["Perfected Strike","sneckomod:SoulRoll+1"],"picked":"sneckomod:UnknownClassAngela+1","floor":88},{"not_picked":["sneckomod:Mudshield","Night Terror+1"],"picked":"sneckomod:Cheat+1","floor":90}],"player_experience":93893,"relics_obtained":[{"floor":6,"key":"Tiny Chest"},{"floor":11,"key":"Anchor"},{"floor":16,"key":"vexMod:MemoryStick"},{"floor":19,"key":"hubris:ToyBattleship"},{"floor":24,"key":"Mercury Hourglass"},{"floor":25,"key":"infinitespire:Joker Card"},{"floor":25,"key":"Mummified Hand"},{"floor":27,"key":"hubris:SlimyHat"},{"floor":28,"key":"ReplayTheSpireMod:Lightbulb"},{"floor":31,"key":"Strawberry"},{"floor":32,"key":"Toxic Egg 2"},{"floor":33,"key":"Replay:Rubber Ducky"},{"floor":35,"key":"Replay:Baseball"},{"floor":39,"key":"Incense Burner"},{"floor":45,"key":"Regal Pillow"},{"floor":46,"key":"Pet Ghost"},{"floor":47,"key":"infinitespire:Lychee Nut"},{"floor":48,"key":"Torii"},{"floor":50,"key":"Replay:Wax Seal"},{"floor":51,"key":"MealTicket"},{"floor":62,"key":"Akabeko"}],"event_choices":[{"damage_healed":0,"gold_gain":0,"player_choice":"Invest 1","damage_taken":0,"max_hp_gain":0,"max_hp_loss":0,"event_name":"conspire:Investor","floor":89,"gold_loss":0}],"is_beta":false,"boss_relics":[{"not_picked":["Velvet Choker","hubris:Stopwatch"],"picked":"Ring of Chaos"},{"not_picked":["hubris:BlackHole","ReplayTheSpireMod:DimensionalGlitch"],"picked":"SacredBark"},{"not_picked":["Empty Cage","infinitespire:Cupcake"],"picked":"expansioncontent:StudyCardRelic"},{"not_picked":["Sozu","vexMod:CursedCompass"],"picked":"ReplayTheSpireMod:SealedPack"},{"not_picked":["conspire:SlowCooker","Runic Pyramid"],"picked":"vexMod:RockOfEvil"}],"items_purged_floors":[80],"is_endless":true,"potions_floor_spawned":[12,13,14,19,20,25,27,36,40,42,44,53,54,61,63,64,65,66,67,77,81,84,86,88],"killed_by":"3 Darklings","ascension_level":1}}