{"host":"hcg1n1zeml53gytb","time":1610325016,"event":{"mods":["BaseMod","Better Third Choice","Colored Powertips","Displayed Cursed Tome","Hermit","Highlight Path","Minty Spire (QoL Compilation)","Quick Restart","Rare Cards Sparkle","Relic Stats","Replay The Spire","StSLib","The Cursed"],"gold_per_floor":[111,286,312,324,324,324,324,357,410,430,440,440,440,18,18,117,117,136,153,165,165,185,185,202,231,231,249,280,280,296,310,310,310,310],"floor_reached":33,"playtime":1716,"items_purged":["Doubt"],"score":377,"play_id":"c99fcddd-76fd-4efe-bd02-cb7b1212c96e","local_time":"20210110183016","is_ascension_mode":true,"campfire_choices":[{"data":"Carnage","floor":6,"key":"SMITH"},{"data":"Bash","floor":12,"key":"SMITH"},{"data":"Disarm","floor":15,"key":"SMITH"},{"data":"Feel No Pain","floor":15,"key":"SMITH"},{"data":"Combust","floor":23,"key":"SMITH"},{"data":"Shockwave","floor":23,"key":"SMITH"},{"floor":29,"key":"REST"},{"floor":32,"key":"REST"}],"circlet_count":0,"master_deck":["Strike_R","Strike_R","Strike_R","Strike_R","Defend_R","Defend_R","Defend_R+1","Bash+1","Carnage+1","Feel No Pain+1","Abandon+1","Pommel Strike","Disarm+1","Corruption","Ghostly Armor+1","Combust+1","Evolve+1","Shockwave+1","Spot Weakness+1","Sentinel+1","Spot Weakness"],"relics":["Burning Blood","NeowsBlessing","Centennial Puzzle","Magic Flower","Replay:Arrowhead","Painkiller Herb","Bottled Tornado","Omamori","War Paint"],"acts_visited":["Exordium","TheCity"],"potions_floor_usage":[22,24,24,25,25,31],"damage_taken":[{"damage":0,"enemies":"Cultist","floor":1,"turns":1},{"damage":0,"enemies":"Jaw Worm","floor":4,"turns":1},{"damage":0,"enemies":"Lagavulin","floor":8,"turns":1},{"damage":1,"enemies":"2 Louse","floor":10,"turns":3},{"damage":10,"enemies":"Large Slime","floor":11,"turns":5},{"damage":94,"enemies":"Fading Forest","floor":16,"turns":11},{"damage":15,"enemies":"3 Byrds","floor":18,"turns":6},{"damage":1,"enemies":"Chosen","floor":19,"turns":4},{"damage":5,"enemies":"Snecko","floor":20,"turns":4},{"damage":31,"enemies":"Cultist and Chosen","floor":22,"turns":7},{"damage":3,"enemies":"Sentry and Sphere","floor":24,"turns":6},{"damage":23,"enemies":"Book of Stabbing","floor":25,"turns":5},{"damage":0,"enemies":"Centurion and Healer","floor":27,"turns":4},{"damage":55,"enemies":"Slavers","floor":28,"turns":6},{"damage":23,"enemies":"Chosen and Byrds","floor":30,"turns":4},{"damage":9,"enemies":"Shelled Parasite and Fungi","floor":31,"turns":4},{"damage":52,"enemies":"Collector","floor":33,"turns":8}],"seed_played":"-8596698988493754312","potions_obtained":[{"floor":1,"key":"Elixir"},{"floor":10,"key":"Block Potion"},{"floor":16,"key":"Strength Potion"},{"floor":22,"key":"LiquidBronze"},{"floor":24,"key":"Weak Potion"},{"floor":28,"key":"Milkshake"},{"floor":30,"key":"HeartOfIron"},{"floor":31,"key":"GamblersBrew"}],"is_trial":false,"path_per_floor":["M","?","T","M","?","R","?","E","T","M","M","R","?","$","R","B",null,"?","?","?","?","?","T","?","E","T","?","E","T","?","?","T","B"],"character_chosen":"IRONCLAD","items_purchased":["Replay:Arrowhead","Disarm"],"campfire_rested":2,"item_purchase_floors":[14,14],"current_hp_per_floor":[80,80,80,80,80,80,85,85,85,85,84,84,84,84,84,23,85,79,85,85,85,63,63,69,55,55,64,18,43,29,29,54,2,2],"gold":310,"neow_bonus":"THREE_ENEMY_KILL","is_daily":false,"chose_seed":false,"campfire_upgraded":6,"win_rate":0.0,"timestamp":1610325016,"path_taken":["M","?","?","?","?","R","?","E","T","M","M","R","?","$","R","BOSS","?","?","?","?","?","T","?","E","T","?","E","T","?","?","T","BOSS"],"items_purchased_type":["Relic","Card"],"build_version":"2020-12-22","purchased_purges":1,"victory":false,"max_hp_per_floor":[80,80,80,80,80,80,85,85,85,85,85,85,85,85,85,85,85,85,85,85,85,85,85,85,85,85,85,85,85,85,85,85,85,85],"relic_stats":{"Centennial Puzzle":[39],"counters":[17,80],"Magic Flower":[39],"War Paint":["Spot Weakness","Defend_R"],"obtain_stats":[{"Centennial Puzzle":3,"NeowsBlessing":0,"Magic Flower":8,"Painkiller Herb":17,"Omamori":26,"Bottled Tornado":25,"War Paint":28,"Burning Blood":0,"Replay:Arrowhead":14},{"Centennial Puzzle":1,"NeowsBlessing":0,"Magic Flower":3,"Painkiller Herb":6,"Omamori":12,"Bottled Tornado":12,"War Paint":14,"Burning Blood":0,"Replay:Arrowhead":5},{"Centennial Puzzle":1,"NeowsBlessing":0,"Magic Flower":3,"Painkiller Herb":22,"Omamori":54,"Bottled Tornado":54,"War Paint":64,"Burning Blood":0,"Replay:Arrowhead":11}],"Burning Blood":103},"card_choices":[{"not_picked":["Flame Barrier","Thunderclap"],"picked":"Carnage","floor":1},{"not_picked":["Sword Boomerang","Armaments"],"picked":"Feel No Pain","floor":4},{"not_picked":["ReplayTheSpireMod:Limb From Limb","ReplayTheSpireMod:Corrosion Curse"],"picked":"Pommel Strike","floor":8},{"not_picked":["Wild Strike","Armaments","Clash"],"picked":"SKIP","floor":10},{"not_picked":["Replay:Undeath\u0027s Touch","Flex","Iron Wave"],"picked":"SKIP","floor":11},{"not_picked":["Hemogenesis","Barricade"],"picked":"Corruption","floor":16},{"not_picked":["Cleave","Heavy Blade"],"picked":"Ghostly Armor+1","floor":18},{"not_picked":["Heavy Blade","Sever Soul"],"picked":"Combust","floor":19},{"not_picked":["ReplayTheSpireMod:Corrosion Curse","Replay:Undeath\u0027s Touch"],"picked":"Evolve+1","floor":20},{"not_picked":["Havoc","Fire Breathing"],"picked":"Shockwave","floor":22},{"not_picked":["Cleave","Havoc+1","Heavy Blade"],"picked":"SKIP","floor":24},{"not_picked":["Hemokinesis","Clash"],"picked":"Spot Weakness","floor":25},{"not_picked":["Warcry","Run Through+1","ReplayTheSpireMod:Strike From Hell+1"],"picked":"SKIP","floor":27},{"not_picked":["Headbutt+1","Twin Strike+1","Warcry"],"picked":"SKIP","floor":28},{"not_picked":["Exhume","Run Through"],"picked":"Sentinel+1","floor":30},{"not_picked":["Dual Wield","Thunderclap"],"picked":"Spot Weakness","floor":31}],"player_experience":471793,"relics_obtained":[{"floor":3,"key":"Centennial Puzzle"},{"floor":8,"key":"Magic Flower"},{"floor":25,"key":"Bottled Tornado"},{"floor":26,"key":"Omamori"},{"floor":28,"key":"War Paint"}],"event_choices":[{"damage_healed":0,"gold_gain":175,"player_choice":"AGREE","damage_taken":111,"max_hp_gain":0,"max_hp_loss":0,"event_name":"betterThird:BetterSerpent","floor":2,"gold_loss":0},{"damage_healed":0,"gold_gain":0,"player_choice":"Donut","damage_taken":0,"max_hp_gain":5,"max_hp_loss":0,"event_name":"Big Fish","floor":7,"gold_loss":0},{"damage_healed":0,"gold_gain":0,"player_choice":"Bought 0 Potions","damage_taken":0,"max_hp_gain":0,"max_hp_loss":0,"event_name":"The Woman in Blue","floor":21,"gold_loss":0}],"is_beta":false,"boss_relics":[{"not_picked":["Ring of Chaos","Runic Dome"],"picked":"Painkiller Herb"}],"items_purged_floors":[14],"is_endless":false,"potions_floor_spawned":[1,10,16,18,22,24,28,30,31],"killed_by":"Collector","ascension_level":4}}