{"host":"6749gst1gzuv21qf","time":1610333953,"event":{"mods":["Aspiration","BaseMod","Better Altar","Better Match","Better Note","Better Sensory Stone","Better Skull","Better Third Choice","BetterRewards","Colored Map","Colored Powertips","Downfall","Highlight Path","Minty Spire (QoL Compilation)","Permanent Neow","Replay The Spire","Shop Mod","Spicy Shops","StSLib","The Cursed"],"gold_per_floor":[0,18,18,37,52,52,52,67,67,97,97,109,122,107,119,119,119],"floor_reached":16,"playtime":784,"items_purged":[],"score":104,"play_id":"6e19336e-d4c7-48f1-9d2a-8b6d1dc2190c","local_time":"20210110215913","is_ascension_mode":false,"campfire_choices":[{"floor":9,"key":"RECALL"}],"circlet_count":0,"master_deck":["sneckomod:Strike","sneckomod:Strike","sneckomod:Strike","sneckomod:Defend","sneckomod:Defend","sneckomod:Defend","sneckomod:TailWhip","sneckomod:SnekBite+1","sneckomod:Unknown","sneckomod:Unknown","sneckomod:SerpentIdol","sneckomod:Unknown2Cost","sneckomod:CheapStock","Replay:SS_hec_4","sneckomod:DiceCrush","sneckomod:UnknownClassGREEN","sneckomod:DiceCrush","sneckomod:SerpentMind","sneckomod:UnknownUncommonAttack","sneckomod:SerpentIdol"],"relics":["sneckomod:SneckoSoul","Ice Cream","HornCleat","Replay:Accelerometer"],"acts_visited":["Exordium"],"potions_floor_usage":[],"damage_taken":[{"damage":1,"enemies":"Jaw Worm","floor":2,"turns":3},{"damage":0,"enemies":"2 Louse","floor":4,"turns":2},{"damage":0,"enemies":"Cultist","floor":5,"turns":2},{"damage":37,"enemies":"Lots of Slimes","floor":8,"turns":5},{"damage":29,"enemies":"Lagavulin","floor":10,"turns":8},{"damage":16,"enemies":"Large Slime","floor":12,"turns":3},{"damage":12,"enemies":"Blue Slaver","floor":13,"turns":4},{"damage":0,"enemies":"downfall:FleeingMerchant","floor":14,"turns":4},{"damage":5,"enemies":"Exordium Thugs","floor":15,"turns":3},{"damage":1,"enemies":"downfall:Ironclad","floor":16,"turns":2}],"seed_played":"-3008289137220054230","potions_obtained":[{"floor":2,"key":"PowerPotion"},{"floor":4,"key":"DistilledChaos"},{"floor":10,"key":"Swift Potion"}],"is_trial":false,"path_per_floor":["R_BF","M","?","M","M","?","T","M","R","E","T","M","M","$","M","B"],"character_chosen":"THE_SNECKO","items_purchased":[],"campfire_rested":0,"item_purchase_floors":[],"current_hp_per_floor":[90,89,89,90,90,90,90,61,61,33,33,17,5,6,1,0,0],"gold":119,"neow_bonus":"ONE_RARE_RELIC","is_daily":false,"chose_seed":false,"campfire_upgraded":0,"win_rate":0.0,"timestamp":1610333953,"path_taken":["R_BF","M","?","M","?","?","T","M","R","E","?","?","M","?","M","BOSS"],"items_purchased_type":[],"build_version":"2020-12-22","purchased_purges":0,"victory":false,"max_hp_per_floor":[90,90,90,91,91,91,91,91,91,92,92,92,92,93,93,93,93],"card_choices":[{"not_picked":["sneckomod:Nope","sneckomod:UnknownCommonSkill"],"picked":"sneckomod:SerpentIdol","floor":2},{"not_picked":["sneckomod:UnknownClassTHE_CURSED_PURPLE","sneckomod:SoulRoll"],"picked":"sneckomod:Unknown2Cost","floor":4},{"not_picked":["sneckomod:Nope","sneckomod:UnknownCommonSkill"],"picked":"sneckomod:CheapStock","floor":5},{"not_picked":["expansioncontent:CaCaw","Sadistic Nature"],"picked":"Replay:SS_hec_4","floor":6},{"not_picked":["sneckomod:QuickBite","sneckomod:UnknownWeak"],"picked":"sneckomod:DiceCrush","floor":8},{"not_picked":["sneckomod:Nope","sneckomod:SoulDraw"],"picked":"sneckomod:UnknownClassGREEN","floor":10},{"not_picked":["sneckomod:UnknownCommonAttack","sneckomod:SoulDraw"],"picked":"sneckomod:DiceCrush","floor":12},{"not_picked":["sneckomod:QuickBite","sneckomod:Unknown1Cost"],"picked":"sneckomod:SerpentMind","floor":13},{"not_picked":["sneckomod:UnknownVulnerable","sneckomod:SoulDraw"],"picked":"sneckomod:UnknownUncommonAttack","floor":14},{"not_picked":["sneckomod:UnknownCommonSkill","sneckomod:Nope"],"picked":"sneckomod:SerpentIdol","floor":15}],"player_experience":659940,"relics_obtained":[{"floor":10,"key":"HornCleat"},{"floor":11,"key":"Replay:Accelerometer"}],"event_choices":[{"damage_healed":0,"gold_gain":0,"player_choice":"Upgraded","damage_taken":0,"max_hp_gain":0,"max_hp_loss":0,"event_name":"Upgrade Shrine","floor":3,"gold_loss":0,"cards_upgraded":["sneckomod:SnekBite"]},{"damage_healed":0,"gold_gain":1,"player_choice":"1","damage_taken":0,"max_hp_gain":0,"max_hp_loss":0,"event_name":"betterStone:BetterStone","floor":6,"gold_loss":0}],"is_beta":false,"boss_relics":[],"items_purged_floors":[],"is_endless":false,"potions_floor_spawned":[2,4,10,15],"killed_by":"downfall:Ironclad","ascension_level":0}}