{"host":"jx3f6ezc0g3s9edc","time":1610332277,"event":{"mods":["AchievementEnabler","BaseMod","Bestiary","Colored Map","Highlight Path","Minty Spire (QoL Compilation)","StSLib"],"gold_per_floor":[115,115,115,125,145,145,170,183,183,211,211,229,229,248,248,343,343,358,376,103,114,39,39,66,82,82,82,82,82,82,30,30,131,131,142,65,76,76,76,76],"floor_reached":39,"playtime":2716,"items_purged":["Strike_B"],"score":532,"play_id":"7848c56d-9553-4323-b7d5-a512dc0f289a","local_time":"20210110213117","is_ascension_mode":true,"campfire_choices":[{"data":"Beam Cell","floor":6.0,"key":"SMITH"},{"data":"Redo","floor":11.0,"key":"SMITH"},{"data":"Self Repair","floor":13.0,"key":"SMITH"},{"floor":15.0,"key":"REST"},{"data":"Consume","floor":23,"key":"SMITH"},{"data":"Redo","floor":28,"key":"SMITH"},{"data":"Coolheaded","floor":30,"key":"SMITH"},{"floor":32,"key":"REST"}],"circlet_count":0,"master_deck":["Defend_B","Defend_B","Defend_B","Zap","Dualcast+1","Auto Shields","Cold Snap","Beam Cell+1","Self Repair+1","Cold Snap","Redo+1","Gash","Coolheaded+1","All For One","Gash","Barrage+1","Gash","Redo+1","Consume+1","Go for the Eyes+1","Hologram","Melter+1","Defragment+1","Coolheaded+1","Echo Form+1"],"relics":["Cracked Core","Sundial","Cables","Frozen Egg 2","Empty Cage","DollysMirror","Molten Egg 2","InkBottle","Black Star"],"acts_visited":["Exordium","TheCity","TheBeyond"],"potions_floor_usage":[33,33],"damage_taken":[{"damage":12.0,"enemies":"Jaw Worm","floor":1.0,"turns":3.0},{"damage":0.0,"enemies":"Small Slimes","floor":4.0,"turns":3.0},{"damage":0.0,"enemies":"Cultist","floor":5.0,"turns":4.0},{"damage":15.0,"enemies":"3 Sentries","floor":7.0,"turns":10.0},{"damage":0.0,"enemies":"2 Fungi Beasts","floor":8.0,"turns":4.0},{"damage":14.0,"enemies":"Lagavulin","floor":10.0,"turns":6.0},{"damage":6.0,"enemies":"Large Slime","floor":12.0,"turns":6.0},{"damage":5.0,"enemies":"Looter","floor":14.0,"turns":2.0},{"damage":7.0,"enemies":"The Guardian","floor":16.0,"turns":11.0},{"damage":14.0,"enemies":"3 Byrds","floor":18.0,"turns":6.0},{"damage":0.0,"enemies":"Spheric Guardian","floor":19.0,"turns":3.0},{"damage":30.0,"enemies":"Snake Plant","floor":21.0,"turns":5.0},{"damage":48,"enemies":"Slavers","floor":24,"turns":5},{"damage":18,"enemies":"Snecko","floor":25,"turns":6},{"damage":17,"enemies":"Champ","floor":33,"turns":11},{"damage":46,"enemies":"3 Darklings","floor":35,"turns":7},{"damage":24,"enemies":"Orb Walker","floor":37,"turns":4},{"damage":35,"enemies":"Spire Growth","floor":39,"turns":5}],"seed_played":"6937051445877569118","potions_obtained":[{"floor":1.0,"key":"FocusPotion"},{"floor":14.0,"key":"Fruit Juice"},{"floor":16.0,"key":"PotionOfCapacity"},{"floor":18.0,"key":"AttackPotion"},{"floor":19.0,"key":"Block Potion"},{"floor":25,"key":"DistilledChaos"},{"floor":33,"key":"SpeedPotion"},{"floor":37,"key":"AttackPotion"}],"is_trial":false,"path_per_floor":["M","?","?","M","M","R","E","M","T","E","R","M","R","M","R","B",null,"M","M","$","M","?","R","E","M","T","?","R","$","R","$","R","B",null,"M","$","M","?","M"],"character_chosen":"DEFECT","items_purchased":["DollysMirror","Redo","Hologram","Defragment+1"],"campfire_rested":2,"item_purchase_floors":[20,20,31,36],"current_hp_per_floor":[63,56,56,56,56,56,41,48,48,41,41,42,42,42,68,71,83,79,87,87,67,67,67,29,21,21,50,50,50,50,50,76,69,83,47,47,33,33,0,0],"gold":76,"neow_bonus":"TEN_PERCENT_HP_BONUS","is_daily":false,"chose_seed":false,"campfire_upgraded":6,"win_rate":0.0,"timestamp":1610332277,"path_taken":["M","?","?","M","M","R","E","M","T","E","R","?","R","M","R","BOSS","M","M","$","M","?","R","E","M","T","?","R","$","R","$","R","BOSS","M","$","M","?","?"],"items_purchased_type":["Relic","Card","Card","Card"],"build_version":"2020-12-22","purchased_purges":1,"victory":false,"max_hp_per_floor":[82,82,82,82,82,82,82,82,82,82,82,82,82,87,87,87,87,87,87,87,87,87,87,87,87,87,87,87,87,87,87,87,87,87,87,87,87,87,87,87],"card_choices":[{"not_picked":["Rip and Tear","Go for the Eyes"],"picked":"Auto Shields","floor":1.0},{"not_picked":["Coolheaded","Sweeping Beam"],"picked":"Cold Snap","floor":4.0},{"not_picked":["Scrape","Rebound"],"picked":"Beam Cell","floor":5.0},{"not_picked":["Reinforced Body","Core Surge"],"picked":"Self Repair","floor":7.0},{"not_picked":["Redo","Hello World"],"picked":"Cold Snap","floor":8.0},{"not_picked":["Reprogram","Turbo"],"picked":"Redo","floor":10.0},{"not_picked":["Go for the Eyes","Force Field"],"picked":"Gash","floor":12.0},{"not_picked":["Sweeping Beam","Cold Snap"],"picked":"Coolheaded","floor":14.0},{"not_picked":["Thunder Strike","Amplify"],"picked":"All For One","floor":16.0},{"not_picked":["Blizzard+1","Redo"],"picked":"Gash","floor":18.0},{"not_picked":["Turbo","Stack"],"picked":"Barrage+1","floor":19.0},{"not_picked":["Gash","Beam Cell"],"picked":"Consume","floor":21.0},{"not_picked":["Steam","Skim","Barrage+1"],"picked":"SKIP","floor":24},{"not_picked":["Streamline+1","Compile Driver+1"],"picked":"Go for the Eyes+1","floor":25},{"not_picked":["Rip and Tear+1","Conserve Battery"],"picked":"Melter+1","floor":35},{"not_picked":["Hello World+1","Genetic Algorithm+1"],"picked":"Coolheaded+1","floor":37}],"player_experience":749535,"relics_obtained":[{"floor":7.0,"key":"Sundial"},{"floor":9.0,"key":"Cables"},{"floor":10.0,"key":"Frozen Egg 2"},{"floor":24,"key":"Molten Egg 2"},{"floor":26,"key":"InkBottle"}],"event_choices":[{"cards_removed":["Strike_B"],"damage_healed":0.0,"max_hp_gain":0.0,"max_hp_loss":0.0,"gold_gain":0.0,"event_name":"Golden Wing","player_choice":"Card Removal","floor":2.0,"gold_loss":0.0,"damage_taken":7.0},{"damage_healed":0.0,"max_hp_gain":0.0,"max_hp_loss":0.0,"gold_gain":0.0,"event_name":"Accursed Blacksmith","player_choice":"Forge","floor":3.0,"gold_loss":0.0,"damage_taken":0.0,"cards_upgraded":["Dualcast"]},{"cards_removed":["Strike_B"],"damage_healed":0.0,"max_hp_gain":0.0,"max_hp_loss":0.0,"gold_gain":0.0,"event_name":"Beggar","player_choice":"Gave Gold","floor":22.0,"gold_loss":75.0,"damage_taken":0.0},{"damage_healed":29,"gold_gain":0,"player_choice":"Heal","damage_taken":0,"max_hp_gain":0,"max_hp_loss":0,"event_name":"The Library","floor":27,"gold_loss":0},{"damage_healed":0,"gold_gain":0,"player_choice":"1 cards matched","damage_taken":0,"max_hp_gain":0,"max_hp_loss":0,"event_name":"Match and Keep!","floor":38,"gold_loss":0,"cards_obtained":["Echo Form"]}],"is_beta":false,"boss_relics":[{"not_picked":["Nuclear Battery","SlaversCollar"],"picked":"Empty Cage"},{"not_picked":["Coffee Dripper","Tiny House"],"picked":"Black Star"}],"items_purged_floors":[20],"is_endless":false,"potions_floor_spawned":[1,14,16,18,19,25,33,37],"killed_by":"Spire Growth","ascension_level":6}}