{"host":"i0avyit1s6jb1siw","time":1610402930,"event":{"mods":["BaseMod","DeckTracker","Dota2Spire","Highlight Path","Minty Spire (QoL Compilation)","Quick Restart","StSLib","SuperFastMode"],"gold_per_floor":[113,125,125,140,155,155,187,200,200,226,226,62,75,100,100,176,176,196,196,246,246,266,293,311,33,60,60,70,84,110,25,37,122,134,163,175,200,227,256,302,314,344,356,368,380,403,415,415],"floor_reached":47,"playtime":1098,"items_purged":["Strike_R","Strike_R+1"],"score":1188,"play_id":"0b4cae32-5040-4415-b483-23e08911d649","local_time":"20210111230850","is_ascension_mode":true,"campfire_choices":[{"data":"Flex","floor":6,"key":"SMITH"},{"floor":11,"key":"REST"},{"floor":15,"key":"REST"},{"floor":27,"key":"REST"},{"floor":32,"key":"REST"},{"floor":41,"key":"RECALL"}],"circlet_count":0,"master_deck":["AscendersBane","Strike_R+1","Defend_R","Defend_R","Defend_R","Defend_R","Bash+1","Flex+1","Pummel","Flame Barrier","Impervious","Whirlwind+1","Corruption","Inflame","Bloodletting","Dark Embrace","Flex","The Bomb","Armaments+1","Body Slam+1","Entrench","Limit Break","CurseOfTheBell","Power Through","Second Wind","Seeing Red","True Grit+1"],"relics":["Burning Blood","Dota2Spire:UrnOfShadows","Molten Egg 2","Sundial","Dota2Spire:EchoSabre","Dota2Spire:Bloodstone","Enchiridion","MealTicket","Toy Ornithopter","Dota2Spire:CrimsonGuard","MawBank","Calling Bell","Ancient Tea Set","Paper Frog","Lizard Tail"],"acts_visited":["Exordium","TheCity","TheBeyond"],"potions_floor_usage":[14,14,23,23,37,47],"damage_taken":[{"damage":8,"enemies":"2 Louse","floor":1,"turns":3},{"damage":7,"enemies":"Small Slimes","floor":2,"turns":3},{"damage":7,"enemies":"Jaw Worm","floor":4,"turns":3},{"damage":8,"enemies":"Blue Slaver","floor":5,"turns":3},{"damage":8,"enemies":"Gremlin Nob","floor":7,"turns":3},{"damage":7,"enemies":"2 Fungi Beasts","floor":8,"turns":4},{"damage":30,"enemies":"Lagavulin","floor":10,"turns":5},{"damage":1,"enemies":"Looter","floor":13,"turns":4},{"damage":45,"enemies":"3 Sentries","floor":14,"turns":16},{"damage":0,"enemies":"Slime Boss","floor":16,"turns":4},{"damage":17,"enemies":"2 Thieves","floor":18,"turns":4},{"damage":13,"enemies":"Spheric Guardian","floor":22,"turns":5},{"damage":12,"enemies":"Gremlin Leader","floor":23,"turns":4},{"damage":15,"enemies":"Centurion and Healer","floor":24,"turns":5},{"damage":0,"enemies":"Cultist and Chosen","floor":28,"turns":3},{"damage":21,"enemies":"Snake Plant","floor":29,"turns":3},{"damage":19,"enemies":"Book of Stabbing","floor":30,"turns":4},{"damage":42,"enemies":"Collector","floor":33,"turns":6},{"damage":20,"enemies":"3 Darklings","floor":35,"turns":5},{"damage":0,"enemies":"Orb Walker","floor":37,"turns":1},{"damage":0,"enemies":"Spire Growth","floor":38,"turns":2},{"damage":24,"enemies":"4 Shapes","floor":39,"turns":6},{"damage":33,"enemies":"Giant Head","floor":40,"turns":5},{"damage":20,"enemies":"Transient","floor":42,"turns":6},{"damage":5,"enemies":"Writhing Mass","floor":46,"turns":4},{"damage":147,"enemies":"Reptomancer","floor":47,"turns":9}],"seed_played":"-3305456326956978220","potions_obtained":[{"floor":4,"key":"Dota2Spire:Clarity"},{"floor":7,"key":"Fire Potion"},{"floor":10,"key":"Dota2Spire:HealingSalve"},{"floor":16,"key":"SteroidPotion"},{"floor":18,"key":"Weak Potion"},{"floor":24,"key":"Strength Potion"},{"floor":29,"key":"FairyPotion"},{"floor":35,"key":"Fruit Juice"},{"floor":37,"key":"LiquidMemories"}],"is_trial":false,"path_per_floor":["M","M","?","M","M","R","E","M","T","E","R","$","M","E","R","B",null,"M","?","?","?","M","E","M","$","T","R","M","M","E","?","R","B",null,"M","?","M","M","M","E","R","M","T","?","?","M","E"],"character_chosen":"IRONCLAD","items_purchased":["Flame Barrier","The Bomb"],"campfire_rested":4,"item_purchase_floors":[12,25],"current_hp_per_floor":[66,65,42,41,39,39,37,36,36,12,34,34,39,18,40,52,69,58,58,58,37,30,24,15,30,30,52,58,43,30,30,52,22,62,48,48,64,70,52,25,25,11,11,11,62,62,0,0],"gold":415,"neow_bonus":"UPGRADE_CARD","is_daily":false,"chose_seed":false,"campfire_upgraded":1,"win_rate":0.0,"timestamp":1610402930,"path_taken":["M","M","?","M","M","R","E","M","T","E","R","$","M","E","R","BOSS","M","?","?","?","M","E","M","$","T","R","M","M","E","?","R","BOSS","M","?","M","M","M","E","R","M","T","?","?","M","E"],"items_purchased_type":["Card","Card"],"build_version":"2020-12-22","purchased_purges":2,"victory":false,"max_hp_per_floor":[75,75,75,75,75,75,75,75,75,75,75,75,75,75,75,75,75,75,75,75,75,75,75,75,75,75,75,75,75,75,75,75,75,75,75,71,76,76,76,76,76,76,76,76,62,62,62,62],"card_choices":[{"not_picked":["Iron Wave","Clash"],"picked":"Flex","floor":1},{"not_picked":["Heavy Blade","Clothesline","Fiend Fire"],"picked":"SKIP","floor":2},{"not_picked":["Iron Wave","Heavy Blade","Warcry"],"picked":"SKIP","floor":4},{"not_picked":["Cleave","Burning Pact"],"picked":"Pummel","floor":5},{"not_picked":["Dropkick","Iron Wave","Intimidate"],"picked":"SKIP","floor":7},{"not_picked":["True Grit","Havoc","Cleave"],"picked":"SKIP","floor":8},{"not_picked":["Anger+1","Warcry","Flex"],"picked":"SKIP","floor":10},{"not_picked":["Intimidate","Bloodletting"],"picked":"Impervious","floor":13},{"not_picked":["True Grit","Havoc"],"picked":"Whirlwind+1","floor":14},{"not_picked":["Impervious","Reaper+1"],"picked":"Corruption","floor":16},{"not_picked":["Heavy Blade+1","Infernal Blade","True Grit"],"picked":"SKIP","floor":18},{"not_picked":["Wild Strike+1","Feel No Pain"],"picked":"Dark Embrace","floor":22},{"not_picked":["Ghostly Armor","Armaments"],"picked":"Flex","floor":23},{"not_picked":["Havoc","Thunderclap+1","Headbutt+1"],"picked":"SKIP","floor":24},{"not_picked":["Warcry","Havoc"],"picked":"Armaments+1","floor":28},{"not_picked":["Searing Blow+1","Twin Strike+1"],"picked":"Body Slam+1","floor":29},{"not_picked":["Headbutt+1","Armaments"],"picked":"Entrench","floor":30},{"not_picked":["Feed+1","Demon Form"],"picked":"Limit Break","floor":33},{"not_picked":["Fire Breathing","Ghostly Armor+1"],"picked":"Power Through","floor":35},{"not_picked":["Pommel Strike+1","Thunderclap+1"],"picked":"Second Wind","floor":37},{"not_picked":["Clothesline+1","Bloodletting","Headbutt+1"],"picked":"SKIP","floor":38},{"not_picked":["Sword Boomerang+1","Cleave+1","Rupture"],"picked":"SKIP","floor":39},{"not_picked":["Iron Wave+1","Brutality"],"picked":"Seeing Red","floor":40},{"not_picked":["Clothesline+1","Metallicize+1"],"picked":"True Grit+1","floor":42},{"not_picked":["Havoc+1","Intimidate","Sword Boomerang+1"],"picked":"SKIP","floor":46}],"player_experience":2212348,"relics_obtained":[{"floor":7,"key":"Dota2Spire:UrnOfShadows"},{"floor":9,"key":"Molten Egg 2"},{"floor":10,"key":"Sundial"},{"floor":14,"key":"Dota2Spire:EchoSabre"},{"floor":21,"key":"Enchiridion"},{"floor":23,"key":"MealTicket"},{"floor":26,"key":"Toy Ornithopter"},{"floor":30,"key":"Dota2Spire:CrimsonGuard"},{"floor":34,"key":"Ancient Tea Set"},{"floor":34,"key":"Paper Frog"},{"floor":34,"key":"Lizard Tail"}],"event_choices":[{"damage_healed":0,"gold_gain":0,"player_choice":"Entered Light","damage_taken":23,"max_hp_gain":0,"max_hp_loss":0,"event_name":"Shining Light","floor":3,"gold_loss":0,"cards_upgraded":["Strike_R","Strike_R"]},{"damage_healed":0,"gold_gain":0,"cards_transformed":["Strike_R","Strike_R"],"player_choice":"Became Test Subject","damage_taken":0,"max_hp_gain":0,"max_hp_loss":0,"event_name":"Drug Dealer","floor":19,"gold_loss":0,"cards_obtained":["Inflame","Bloodletting"]},{"damage_healed":0,"gold_gain":50,"player_choice":"Stole From Cult","damage_taken":0,"max_hp_gain":0,"max_hp_loss":0,"event_name":"Nest","floor":20,"gold_loss":0},{"damage_healed":0,"gold_gain":0,"player_choice":"Obtained Book","damage_taken":21,"max_hp_gain":0,"max_hp_loss":0,"event_name":"Cursed Tome","floor":21,"gold_loss":0},{"damage_healed":0,"gold_gain":0,"player_choice":"Obtained Relic","damage_taken":0,"relics_obtained":["MawBank"],"max_hp_gain":0,"max_hp_loss":0,"event_name":"Addict","floor":31,"gold_loss":85},{"damage_healed":0,"gold_gain":0,"player_choice":"Max HP","damage_taken":0,"max_hp_gain":0,"max_hp_loss":4,"event_name":"Winding Halls","floor":36,"gold_loss":0},{"damage_healed":0,"gold_gain":0,"player_choice":"Ignored","damage_taken":0,"max_hp_gain":0,"max_hp_loss":0,"event_name":"Tomb of Lord Red Mask","floor":44,"gold_loss":0},{"damage_healed":62,"gold_gain":0,"player_choice":"Heal","damage_taken":0,"max_hp_gain":0,"max_hp_loss":14,"event_name":"The Moai Head","floor":45,"gold_loss":0}],"is_beta":false,"boss_relics":[{"not_picked":["Cursed Key","Tiny House"],"picked":"Dota2Spire:Bloodstone"},{"not_picked":["Philosopher\u0027s Stone","Velvet Choker"],"picked":"Calling Bell"}],"items_purged_floors":[12,25],"is_endless":false,"potions_floor_spawned":[4,7,8,10,16,18,24,29,33,35,37,40],"killed_by":"Reptomancer","ascension_level":20}}