{"host":"fevvm7bbzuh4s1jc","time":1610324202,"event":{"mods":["BaseMod","Highlight Path","Minty Spire (QoL Compilation)","Relic Stats"],"gold_per_floor":[115,80,80,91,105,131,131,131,131,149,169,203,203,234,234,305,305,320,333,365,365,365,398,398,425,425,425,439,490,516,268,268,345,345,361,28,28,48,48,73,89,123,196,209,242,242,464,498,498,498,498,498,498,159,187,187],"floor_reached":57,"playtime":3926,"items_purged":["Strike_P+1","Defend_P+1"],"score":3113,"play_id":"e674dc2c-ac8e-4a5b-b61a-5ecc8bd276a3","local_time":"20210110191642","is_ascension_mode":true,"campfire_choices":[{"data":"TalkToTheHand","floor":8,"key":"SMITH"},{"data":"Wallop","floor":13,"key":"SMITH"},{"data":"Tantrum","floor":15,"key":"SMITH"},{"data":"Meditate","floor":24,"key":"SMITH"},{"data":"CutThroughFate","floor":27,"key":"SMITH"},{"data":"Eruption","floor":32,"key":"SMITH"},{"floor":46,"key":"RECALL"},{"data":"MentalFortress","floor":49,"key":"SMITH"},{"data":"Wallop","floor":53,"key":"SMITH"}],"circlet_count":0,"master_deck":["AscendersBane","Strike_P+1","Defend_P+1","Defend_P+1","Eruption+1","Vigilance","Tantrum+1","CarveReality","JustLucky+1","TalkToTheHand+1","ThirdEye","Wallop+1","FollowUp","CutThroughFate+1","Halt","FearNoEvil+1","DeusExMachina","JustLucky+1","Meditate+1","DeceiveReality","Indignation","WheelKick+1","JustLucky+1","Blasphemy","Wallop+1","PanicButton","Wallop+1","InnerPeace","MentalFortress+1","CutThroughFate+1","FlurryOfBlows+1"],"relics":["HolyWater","Strawberry","Eternal Feather","Damaru","Toy Ornithopter","Red Mask","Regal Pillow","Happy Flower","Art of War","MealTicket","ClockworkSouvenir","Coffee Dripper","Incense Burner","Calipers","Nunchaku","Blood Vial","White Beast Statue","TeardropLocket","Du-Vu Doll","Bronze Scales","Whetstone"],"acts_visited":["Exordium","TheCity","TheBeyond","TheEnding"],"potions_floor_usage":[12,14,23,42,48,50,55,56,56],"damage_taken":[{"damage":2.0,"enemies":"Jaw Worm","floor":1.0,"turns":3.0},{"damage":0.0,"enemies":"Small Slimes","floor":4.0,"turns":2.0},{"damage":0.0,"enemies":"2 Louse","floor":5.0,"turns":2.0},{"damage":6,"enemies":"Gremlin Nob","floor":6,"turns":3},{"damage":0,"enemies":"Lots of Slimes","floor":10,"turns":3},{"damage":5,"enemies":"Exordium Wildlife","floor":11,"turns":2},{"damage":1,"enemies":"3 Sentries","floor":12,"turns":4},{"damage":0,"enemies":"Lagavulin","floor":14,"turns":4},{"damage":0,"enemies":"Slime Boss","floor":16,"turns":3},{"damage":0,"enemies":"Spheric Guardian","floor":18,"turns":1},{"damage":0,"enemies":"3 Byrds","floor":19,"turns":4},{"damage":0,"enemies":"Masked Bandits","floor":20,"turns":3},{"damage":21,"enemies":"Book of Stabbing","floor":23,"turns":5},{"damage":9,"enemies":"Gremlin Leader","floor":25,"turns":6},{"damage":0,"enemies":"Sentry and Sphere","floor":28,"turns":4},{"damage":6,"enemies":"Book of Stabbing","floor":30,"turns":4},{"damage":54,"enemies":"Automaton","floor":33,"turns":10},{"damage":0,"enemies":"3 Shapes","floor":35,"turns":9},{"damage":0,"enemies":"Orb Walker","floor":38,"turns":3},{"damage":2,"enemies":"Giant Head","floor":40,"turns":5},{"damage":0,"enemies":"Spire Growth","floor":41,"turns":4},{"damage":0,"enemies":"Reptomancer","floor":42,"turns":4},{"damage":0,"enemies":"Maw","floor":44,"turns":5},{"damage":1,"enemies":"Nemesis","floor":45,"turns":5},{"damage":5,"enemies":"Reptomancer","floor":48,"turns":5},{"damage":0,"enemies":"Donu and Deca","floor":50,"turns":7},{"damage":19,"enemies":"Time Eater","floor":51,"turns":7},{"damage":19,"enemies":"Shield and Spear","floor":55,"turns":12},{"damage":31,"enemies":"The Heart","floor":56,"turns":9}],"seed_played":"-4438202939382713920","potions_obtained":[{"floor":1.0,"key":"Dexterity Potion"},{"floor":10,"key":"SpeedPotion"},{"floor":11,"key":"Strength Potion"},{"floor":20,"key":"AttackPotion"},{"floor":23,"key":"SteroidPotion"},{"floor":28,"key":"SmokeBomb"},{"floor":38,"key":"BlessingOfTheForge"},{"floor":44,"key":"Swift Potion"},{"floor":45,"key":"Strength Potion"},{"floor":48,"key":"ColorlessPotion"},{"floor":55,"key":"Ancient Potion"}],"is_trial":false,"path_per_floor":["M","?","?","M","M","E","?","R","T","M","M","E","R","E","R","B",null,"M","M","?","?","?","E","R","E","T","R","M","T","E","$","R","B",null,"M","$","?","M","T","E","M","E","T","M","E","R","?","E","R","B","B",null,"R","$","E","B",null],"character_chosen":"WATCHER","items_purchased":["ClockworkSouvenir","Incense Burner","Bronze Scales","LiquidMemories"],"campfire_rested":0,"item_purchase_floors":[31,36,54,54],"current_hp_per_floor":[41,58,51,51,51,45,34,34,34,34,29,28,37,37,46,46,68,68,68,68,68,68,52,64,55,55,67,67,67,61,75,75,21,62,62,75,65,65,65,63,63,68,68,70,71,75,75,70,75,75,56,70,75,75,60,41],"gold":187,"neow_bonus":"TRANSFORM_TWO_CARDS","is_daily":false,"chose_seed":false,"campfire_upgraded":8,"win_rate":0.0,"timestamp":1610324202,"path_taken":["M","?","?","M","M","E","?","R","T","?","M","E","R","E","R","BOSS","M","M","?","?","?","E","R","E","T","R","M","?","E","$","R","BOSS","M","?","?","M","?","E","?","E","T","M","E","R","?","E","R","BOSS","BOSS","R","$","E","BOSS"],"items_purchased_type":["Relic","Relic","Relic","Potion"],"build_version":"2020-12-22","purchased_purges":2,"victory":true,"max_hp_per_floor":[68,68,68,68,68,68,75,75,75,75,75,75,75,75,75,75,75,75,75,75,75,75,75,75,75,75,75,75,75,75,75,75,75,75,75,75,75,75,75,75,75,75,75,75,75,75,75,75,75,75,75,75,75,75,75,75],"relic_stats":{"Blood Vial":6,"Regal Pillow":0,"Nunchaku":[20],"Happy Flower":[31],"counters":[29,138],"Bronze Scales":[126],"Eternal Feather":56,"MealTicket":27,"Art of War":[5],"Whetstone":["FearNoEvil","JustLucky"],"obtain_stats":[{"Regal Pillow":23,"Calipers":39,"Happy Flower":25,"Damaru":12,"Eternal Feather":9,"Incense Burner":36,"TeardropLocket":45,"Whetstone":55,"White Beast Statue":43,"ClockworkSouvenir":31,"Blood Vial":42,"Du-Vu Doll":48,"Nunchaku":40,"Strawberry":7,"Bronze Scales":54,"HolyWater":17,"MealTicket":30,"Red Mask":20,"Art of War":29,"Coffee Dripper":34,"PureWater":0,"Toy Ornithopter":14},{"Regal Pillow":13,"Calipers":19,"Happy Flower":14,"Damaru":7,"Eternal Feather":4,"Incense Burner":18,"TeardropLocket":24,"Whetstone":28,"White Beast Statue":22,"ClockworkSouvenir":16,"Blood Vial":22,"Du-Vu Doll":25,"Nunchaku":20,"Strawberry":4,"Bronze Scales":27,"HolyWater":9,"MealTicket":16,"Red Mask":12,"Art of War":15,"Coffee Dripper":17,"PureWater":0,"Toy Ornithopter":8},{"Regal Pillow":39,"Calipers":75,"Happy Flower":45,"Damaru":19,"Eternal Feather":10,"Incense Burner":72,"TeardropLocket":98,"Whetstone":129,"White Beast Statue":88,"ClockworkSouvenir":53,"Blood Vial":88,"Du-Vu Doll":103,"Nunchaku":80,"Strawberry":10,"Bronze Scales":117,"HolyWater":26,"MealTicket":53,"Red Mask":34,"Art of War":49,"Coffee Dripper":63,"PureWater":0,"Toy Ornithopter":23}],"Toy Ornithopter":24},"card_choices":[{"not_picked":["LikeWater","PathToVictory"],"picked":"JustLucky","floor":1.0},{"not_picked":["FollowUp","FlurryOfBlows"],"picked":"TalkToTheHand","floor":4.0},{"not_picked":["Pray","SignatureMove"],"picked":"ThirdEye","floor":5.0},{"not_picked":["FollowUp","FlurryOfBlows"],"picked":"Wallop","floor":6},{"not_picked":["Prostrate","MasterReality"],"picked":"FollowUp","floor":10},{"not_picked":["Prostrate","Halt"],"picked":"CutThroughFate","floor":11},{"not_picked":["SandsOfTime","Perseverance"],"picked":"Halt","floor":12},{"not_picked":["ThirdEye","WreathOfFlame"],"picked":"FearNoEvil","floor":14},{"not_picked":["Judgement","Brilliance"],"picked":"DeusExMachina","floor":16},{"not_picked":["EmptyBody+1","ThirdEye"],"picked":"JustLucky+1","floor":18},{"not_picked":["CrushJoints","BowlingBash"],"picked":"Meditate","floor":19},{"not_picked":["EmptyMind","InnerPeace"],"picked":"DeceiveReality","floor":23},{"not_picked":["Halt","FollowUp"],"picked":"Indignation","floor":25},{"not_picked":["FollowUp","ForeignInfluence"],"picked":"WheelKick+1","floor":28},{"not_picked":["Perseverance","Evaluate"],"picked":"JustLucky+1","floor":30},{"not_picked":["ConjureBlade","DeusExMachina"],"picked":"Blasphemy","floor":33},{"not_picked":["ThirdEye","FollowUp+1"],"picked":"Wallop","floor":35},{"not_picked":["Chrysalis","Trip"],"picked":"PanicButton","floor":37},{"not_picked":["Protect","EmptyBody","Halt"],"picked":"SKIP","floor":38},{"not_picked":["ClearTheMind","Pray"],"picked":"Wallop+1","floor":40},{"not_picked":["Halt","Prostrate"],"picked":"InnerPeace","floor":41},{"not_picked":["Prostrate","EmptyBody"],"picked":"MentalFortress","floor":42},{"not_picked":["Conclude","Consecrate+1","SpiritShield"],"picked":"SKIP","floor":44},{"not_picked":["Collect","Halt"],"picked":"CutThroughFate+1","floor":45},{"not_picked":["DeceiveReality","SashWhip","PathToVictory"],"picked":"SKIP","floor":48},{"not_picked":["CrushJoints","FollowUp+1"],"picked":"FlurryOfBlows+1","floor":55}],"player_experience":2686551,"relics_obtained":[{"floor":9,"key":"Eternal Feather"},{"floor":12,"key":"Damaru"},{"floor":14,"key":"Toy Ornithopter"},{"floor":20,"key":"Red Mask"},{"floor":23,"key":"Regal Pillow"},{"floor":25,"key":"Happy Flower"},{"floor":29,"key":"Art of War"},{"floor":30,"key":"MealTicket"},{"floor":39,"key":"Calipers"},{"floor":40,"key":"Nunchaku"},{"floor":42,"key":"Blood Vial"},{"floor":43,"key":"White Beast Statue"},{"floor":45,"key":"TeardropLocket"},{"floor":48,"key":"Du-Vu Doll"},{"floor":55,"key":"Whetstone"}],"event_choices":[{"damage_healed":17.0,"max_hp_gain":0.0,"max_hp_loss":0.0,"gold_gain":0.0,"event_name":"The Cleric","player_choice":"Healed","floor":2.0,"gold_loss":35.0,"damage_taken":0.0},{"cards_removed":["Strike_P"],"damage_healed":0.0,"max_hp_gain":0.0,"max_hp_loss":0.0,"gold_gain":0.0,"event_name":"Golden Wing","player_choice":"Card Removal","floor":3.0,"gold_loss":0.0,"damage_taken":7.0},{"damage_healed":0,"gold_gain":0,"player_choice":"Success","damage_taken":18,"relics_obtained":["Strawberry"],"max_hp_gain":0,"max_hp_loss":0,"event_name":"Scrap Ooze","floor":7,"gold_loss":0},{"damage_healed":0,"gold_gain":0,"player_choice":"Fought Bandits","damage_taken":0,"max_hp_gain":0,"max_hp_loss":0,"event_name":"Masked Bandits","floor":20,"gold_loss":0},{"damage_healed":0,"gold_gain":0,"player_choice":"Ignored","damage_taken":0,"max_hp_gain":0,"max_hp_loss":0,"event_name":"Vampires","floor":21,"gold_loss":0},{"damage_healed":0,"gold_gain":0,"player_choice":"Simplicity","damage_taken":0,"max_hp_gain":0,"max_hp_loss":0,"event_name":"Back to Basics","floor":22,"gold_loss":0,"cards_upgraded":["Strike_P","Strike_P","Defend_P","Defend_P","Defend_P"]},{"damage_healed":0,"gold_gain":0,"player_choice":"Memory 3","damage_taken":10,"max_hp_gain":0,"max_hp_loss":0,"event_name":"SensoryStone","floor":37,"gold_loss":0},{"damage_healed":0,"gold_gain":222,"player_choice":"Wore Mask","damage_taken":0,"max_hp_gain":0,"max_hp_loss":0,"event_name":"Tomb of Lord Red Mask","floor":47,"gold_loss":0}],"is_beta":false,"boss_relics":[{"not_picked":["Busted Crown","Astrolabe"],"picked":"HolyWater"},{"not_picked":["Runic Dome","Calling Bell"],"picked":"Coffee Dripper"}],"items_purged_floors":[31,54],"is_endless":false,"potions_floor_spawned":[1,10,11,20,23,28,38,40,41,44,45,48,55],"ascension_level":20}}