{"host":"474oh00kq6ni8dn3","time":1610393826,"event":{"mods":["AchievementEnabler","Aspiration","BaseMod","Colored Map","Colored Powertips","Conspire","Downfall","Duelist Mod","GifTheSpireLib","Googly Eyes","GungeonMod","Halation","Hubris","Infinite Spire","Jedi Mod","Minty Spire (QoL Compilation)","Permanent Neow","Quick Restart","Replay The Spire","Shop Mod","StSLib","Stuff the Spire","The Factory","The Jungle","Trackpad","vexMod"],"gold_per_floor":[140,156,156,36,51,82,82,107,107,107,132,160,160,160,160,255,255,267,287,44,57,77,77,106,106,133,133,149,175,175,201,201,303,303,314,110,110,110,128,128,139,151,174,203,203,230,230,256,256,256,256,256,38,69,69,69],"floor_reached":55,"playtime":3607,"items_purged":["theDuelist:SummoningCurse","theDuelist:Sparks","Normality","theDuelist:Sparks","Delirium"],"score":1474,"play_id":"06d91286-dc8b-498e-b2bd-7e3f2895b4b2","local_time":"20210111193706","is_ascension_mode":true,"campfire_choices":[{"data":"theDuelist:FutureFusion","floor":10.0,"key":"SMITH"},{"data":"theDuelist:NaturiaSacredTree","floor":13.0,"key":"SMITH"},{"data":"Crow Ritual","floor":15.0,"key":"SMITH"},{"data":"theDuelist:SummoningSwarm","floor":23.0,"key":"SMITH"},{"data":"Panache","floor":25.0,"key":"SMITH"},{"data":"Decay","floor":32.0,"key":"PURGE"},{"floor":40.0,"key":"RECALL"},{"data":"theDuelist:Nameless:War:AssaultArmor","floor":45.0,"key":"SMITH"},{"data":"theDuelist:NaturiaMarron","floor":47.0,"key":"SMITH"},{"data":"theDuelist:NaturiaMarron","floor":49.0,"key":"SMITH"},{"data":"theDuelist:NaturiaStinkbug","floor":52.0,"key":"SMITH"}],"circlet_count":0,"master_deck":["theDuelist:CastleWalls","theDuelist:CastleWalls","theDuelist:CastleWalls","theDuelist:NaturiaBeast","theDuelist:NaturiaCliff","theDuelist:NaturiaRock","theDuelist:NaturiaTulip","theDuelist:Sparks","Crow Ritual+1","Panache+1","theDuelist:NaturiaSacredTree+1","theDuelist:FutureFusion+1","theDuelist:NaturiaRosewhip+1","theDuelist:NaturiaEggplant","theDuelist:NaturiaHorneedle","theDuelist:SummoningSwarm+1","theDuelist:NaturiaMarron+1","theDuelist:NaturiaEggplant","theDuelist:NaturiaBeans+1","theDuelist:ConvulsionNature+1","theDuelist:NaturiaMarron+1","theDuelist:NaturiaMarron","theDuelist:NaturiaStinkbug+1","theDuelist:Nameless:War:AssaultArmor+1","theDuelist:NaturiaMarron+1","Trip+1","theDuelist:NaturiaPineapple","theDuelist:NaturiaSunflower+1"],"relics":["theDuelist:MillenniumPuzzle","theDuelist:MillenniumSymbol","MerchantsRug","jedi:matchstick","halation:QuantumPhysicsTextbook","aspiration:HatOfInfinitePower","trackpad:WindUpAutoDealer","Question Card","halation:Trompette","halation:EternalFortune","Cursed Key","Replay:Rubber Ducky","Gremlin Horn","Blue Doll","Bird Faced Urn","Replay:Baseball","theDuelist:ElectricKey","hubris:SlimyHat","theDuelist:NaturiaRelic","Happy Flower","trackpad:Mousetrap","StuffTheSpire:Rhapsscallions"],"acts_visited":["Exordium","Exordium","TheBeyond","TheEnding"],"potions_floor_usage":[],"damage_taken":[{"damage":0.0,"enemies":"conspire:RoseBush","floor":1.0,"turns":4.0},{"damage":9.0,"enemies":"Cultist","floor":2.0,"turns":4.0},{"damage":8.0,"enemies":"Small Slimes","floor":5.0,"turns":3.0},{"damage":8.0,"enemies":"Lagavulin","floor":6.0,"turns":5.0},{"damage":0.0,"enemies":"Replay:BlueRogue","floor":8.0,"turns":4.0},{"damage":0.0,"enemies":"Lagavulin","floor":11.0,"turns":6.0},{"damage":0.0,"enemies":"3 Sentries","floor":12.0,"turns":4.0},{"damage":0.0,"enemies":"Fading Forest","floor":16.0,"turns":11.0},{"damage":4.0,"enemies":"theJungle:MUSHROOMGANG","floor":18.0,"turns":3.0},{"damage":0.0,"enemies":"theJungle:GiantWrat","floor":19.0,"turns":4.0},{"damage":0.0,"enemies":"Snake Plant","floor":21.0,"turns":4.0},{"damage":0.0,"enemies":"theJungle:Lyon","floor":22.0,"turns":4.0},{"damage":0.0,"enemies":"theJungle:2_Phrogs","floor":24.0,"turns":4.0},{"damage":8.0,"enemies":"theJungle:Snecko_Cultist_And_Trap","floor":28.0,"turns":4.0},{"damage":0.0,"enemies":"theJungle:MamaSnecko","floor":29.0,"turns":4.0},{"damage":0.0,"enemies":"theJungle:Cassacara","floor":31.0,"turns":4.0},{"damage":0.0,"enemies":"theJungle:QueenSpyder","floor":33.0,"turns":6.0},{"damage":0.0,"enemies":"3 Darklings","floor":35.0,"turns":3.0},{"damage":0.0,"enemies":"3 Shapes","floor":39.0,"turns":2.0},{"damage":0.0,"enemies":"Writhing Mass","floor":41.0,"turns":5.0},{"damage":0.0,"enemies":"Jaw Worm Horde","floor":42.0,"turns":3.0},{"damage":14.0,"enemies":"Giant Head","floor":44.0,"turns":8.0},{"damage":0.0,"enemies":"Reptomancer","floor":46.0,"turns":4.0},{"damage":0.0,"enemies":"Giant Head","floor":48.0,"turns":7.0},{"damage":12.0,"enemies":"Donu and Deca","floor":50.0,"turns":8.0},{"damage":0.0,"enemies":"Shield and Spear","floor":54.0,"turns":4.0},{"damage":84,"enemies":"The Heart","floor":55,"turns":3}],"seed_played":"4390322244643450052","potions_obtained":[{"floor":1.0,"key":"SteroidPotion"},{"floor":12.0,"key":"Fruit Juice"},{"floor":16.0,"key":"PowerPotion"},{"floor":22.0,"key":"jedi:StrikingPotion"},{"floor":42.0,"key":"sneckomod:MuddlingPotion"},{"floor":44.0,"key":"theDuelist:StunPotion"}],"is_trial":false,"path_per_floor":["M","M","?","$","M","E","?","E","T","R","E","E","R","?","R","B",null,"M","M","$","M","M","R","E","R","T","?","M","E","AVR","E","R_BF","B",null,"M","$","?","?","M","R","M","M","T","E","R","E","R","E","R","B",null,"R","$","E","B"],"character_chosen":"THE_DUELIST","items_purchased":["MerchantsRug","jedi:matchstick","theDuelist:FutureFusion","theDuelist:NaturiaRosewhip+1","Replay:Rubber Ducky","theDuelist:NaturiaMarron","theDuelist:NaturiaStinkbug","theDuelist:NaturiaPineapple"],"campfire_rested":0,"item_purchase_floors":[4,4,4,4,20,36,36,53],"current_hp_per_floor":[72,63,63,63,55,47,47,47,47,47,47,52,52,55,55,55,74,70,70,70,70,70,70,70,70,70,70,62,62,62,68,68,74,79,80,80,80,80,83,83,83,83,83,69,69,77,77,83,83,79,82,82,82,82,0,0],"gold":69,"neow_bonus":"RANDOM_COLORLESS_2","is_daily":false,"chose_seed":false,"campfire_upgraded":9,"win_rate":0.0,"timestamp":1610393826,"path_taken":["M","M","?","$","?","E","?","E","T","R","E","E","R","?","R","BOSS","M","M","$","M","M","R","E","R","T","?","M","E","AVR","E","R_BF","BOSS","M","$","?","?","M","R","?","M","T","E","R","E","R","E","R","BOSS","R","$","E","BOSS"],"items_purchased_type":["Relic","Relic","Card","Card","Relic","Card","Card","Card"],"build_version":"2020-12-22","purchased_purges":5,"victory":false,"max_hp_per_floor":[72,72,72,72,72,72,72,72,72,72,72,77,77,80,80,80,80,80,80,80,80,80,80,80,80,80,80,80,80,80,80,80,80,80,80,80,80,80,83,83,83,83,83,83,83,83,83,83,83,83,83,83,83,82,82,82],"card_choices":[{"not_picked":["theDuelist:OrbMetronome","Metamorphosis"],"picked":"Crow Ritual","floor":0.0},{"not_picked":["Blind","Sadistic Nature","Thinking Ahead"],"picked":"Panache","floor":1.0},{"not_picked":["theDuelist:FuryFire","theDuelist:AfterGenocide","theDuelist:ConvulsionNature","theDuelist:FrozenRose"],"picked":"theDuelist:NaturiaSacredTree","floor":2.0},{"not_picked":["theDuelist:NaturiaCliff","theDuelist:NaturiaTulip","theDuelist:NaturiaRagweed","theDuelist:NaturiaParadizo"],"picked":"theDuelist:NaturiaEggplant","floor":5.0},{"not_picked":["theDuelist:Alpacaribou","theDuelist:NaturiaRosewhip","theDuelist:LonefireBlossom","theDuelist:CopyPlant","theDuelist:SurvivalInstinct"],"picked":"SKIP","floor":6.0},{"not_picked":["theDuelist:FuryFire","theDuelist:VenomShot","theDuelist:SpacetimeTranscendence","theDuelist:AfterGenocide","theDuelist:ExterioFang"],"picked":"SKIP","floor":8.0},{"not_picked":["theDuelist:DemiseLand","theDuelist:SeismicShockwave","theDuelist:NaturiaVein","theDuelist:ClosedForest","theDuelist:Canyon"],"picked":"SKIP","floor":11.0},{"not_picked":["theDuelist:Fissure","theDuelist:MudGolem","theDuelist:MudragonSwamp","theDuelist:BigFire","theDuelist:DestroyerGolem"],"picked":"SKIP","floor":12.0},{"not_picked":["theDuelist:DemiseLand","theDuelist:SeismicShockwave","theDuelist:NaturiaVein","theDuelist:MultiplicationOfAnts"],"picked":"theDuelist:NaturiaHorneedle","floor":16.0},{"not_picked":["theDuelist:Sangan","theDuelist:Wiretap","theDuelist:GemArmadillo","theDuelist:ReleaseFromStone","theDuelist:Fissure"],"picked":"SKIP","floor":18.0},{"not_picked":["theDuelist:NaturiaEggplant+1","theDuelist:Spore+1","theDuelist:NaturiaMarron","theDuelist:NaturiaRosewhip"],"picked":"theDuelist:SummoningSwarm","floor":19.0},{"not_picked":["theDuelist:NaturiaHydrangea","theDuelist:NaturiaEggplant+1","theDuelist:NaturiaMantis","theDuelist:LuminousMoss"],"picked":"theDuelist:NaturiaMarron","floor":21.0},{"not_picked":["theDuelist:NaturiaHydrangea","theDuelist:NaturiaDragonfly","theDuelist:NaturiaCliff+1","theDuelist:NaturiaGaiastrio+1"],"picked":"theDuelist:NaturiaEggplant","floor":22.0},{"not_picked":["theDuelist:NaturiaHydrangea","theDuelist:NaturiaEggplant","theDuelist:NaturiaDragonfly+1","theDuelist:NaturiaCliff","theDuelist:BottomlessTrapHole"],"picked":"SKIP","floor":24.0},{"not_picked":["theDuelist:BottomlessTrapHole","theDuelist:NaturiaCosmobeet","theDuelist:NaturiaBrambi","theDuelist:PotDuality","theDuelist:LairWire"],"picked":"SKIP","floor":28.0},{"not_picked":["theDuelist:NaturiaExterio+1","theDuelist:NaturiaGuardian","theDuelist:NaturiaButterfly","theDuelist:NaturiaBarkion"],"picked":"theDuelist:NaturiaBeans+1","floor":29.0},{"not_picked":["theDuelist:AttackTheMoon+1","theDuelist:DianKeto","theDuelist:EarthEffigy+1","theDuelist:DarkHole","theDuelist:BigEye"],"picked":"SKIP","floor":31.0},{"not_picked":["theDuelist:NaturiaLeodrake+1","theDuelist:NatureReflection+1","theDuelist:NaturalDisaster+1"],"picked":"theDuelist:ConvulsionNature+1","floor":35.0},{"not_picked":["theDuelist:Sangan","theDuelist:Fissure+1","theDuelist:GraniteLoyalist+1","theDuelist:WingedKuriboh+1","theDuelist:Blockman+1"],"picked":"SKIP","floor":39.0},{"not_picked":["theDuelist:SeismicShockwave+1","theDuelist:NaturiaBrambi+1","theDuelist:NaturiaBambooShoot+1"],"picked":"SKIP","floor":41.0},{"not_picked":["theDuelist:NaturiaCliff","theDuelist:NaturiaBeast","theDuelist:NaturiaEggplant+1","theDuelist:NaturiaBeans"],"picked":"theDuelist:NaturiaMarron+1","floor":42.0},{"not_picked":["theDuelist:NaturiaMosquito+1","theDuelist:NaturiaBambooShoot","theDuelist:NaturiaStagBeetle","theDuelist:CrystalRose","theDuelist:NaturiaRagweed+1"],"picked":"SKIP","floor":44.0},{"not_picked":["Dark Shackles","Enlightenment+1","Sadistic Nature"],"picked":"Trip+1","floor":46.0},{"not_picked":["theDuelist:NaturiaStrawberry","theDuelist:NaturiaExterio","theDuelist:NaturiaBeetle+1","theDuelist:NaturiaLandoise","theDuelist:Wildfire"],"picked":"SKIP","floor":48.0},{"not_picked":["theDuelist:NaturiaHydrangea+1","theDuelist:NaturiaEggplant+1","theDuelist:NaturiaRosewhip+1","theDuelist:VenomShot+4"],"picked":"theDuelist:NaturiaSunflower+1","floor":54.0}],"player_experience":101585,"relics_obtained":[{"floor":6.0,"key":"halation:QuantumPhysicsTextbook"},{"floor":8.0,"key":"aspiration:HatOfInfinitePower"},{"floor":9.0,"key":"trackpad:WindUpAutoDealer"},{"floor":11.0,"key":"Question Card"},{"floor":12.0,"key":"DemoMod:WeirdEgg"},{"floor":24.0,"key":"Gremlin Horn"},{"floor":29.0,"key":"Blue Doll"},{"floor":31.0,"key":"Replay:Baseball"},{"floor":39.0,"key":"halation:EternalFortune"},{"floor":43.0,"key":"hubris:SlimyHat"},{"floor":44.0,"key":"theDuelist:NaturiaRelic"},{"floor":46.0,"key":"Happy Flower"},{"floor":48.0,"key":"trackpad:Mousetrap"},{"floor":54.0,"key":"StuffTheSpire:Rhapsscallions"}],"event_choices":[{"damage_healed":0.0,"max_hp_gain":0.0,"max_hp_loss":0.0,"gold_gain":0.0,"event_name":"Millennium Items","player_choice":"Took item - Received: Millennium Symbol","duelist":true,"floor":3.0,"gold_loss":0.0,"damage_taken":0.0},{"damage_healed":0.0,"max_hp_gain":0.0,"max_hp_loss":0.0,"gold_gain":0.0,"event_name":"Wheel of Change","player_choice":"Cursed","floor":27.0,"gold_loss":0.0,"damage_taken":0.0,"cards_obtained":["Decay"]},{"damage_healed":0.0,"max_hp_gain":0.0,"max_hp_loss":0.0,"gold_gain":0.0,"event_name":"Relic Duplicator","player_choice":"Leave","duelist":true,"floor":37.0,"gold_loss":0.0,"damage_taken":0.0},{"total_magic_score":76.0,"gold_gain":0.0,"duelist":true,"damage_taken":0.0,"relics_obtained":[],"points":4.0,"war_reward":4.0,"max_hp_gain":0.0,"max_hp_loss":0.0,"spent_points":{"magic":0.0,"greed":0.0,"war":4.0,"power":0.0,"hunger":0.0},"event_name":"Nameless Tomb","floor":38.0,"gold_loss":0.0,"cards_obtained":["theDuelist:Nameless:War:AssaultArmor"]}],"is_beta":false,"boss_relics":[{"not_picked":["Ooze Armor","halation:MonkeysPaw"],"picked":"Cursed Key"},{"not_picked":["trackpad:Coffee","Runic Pyramid"],"picked":"theDuelist:ElectricKey"}],"items_purged_floors":[4,20,30,36,53],"is_endless":false,"potions_floor_spawned":[1,12,16,22,24,28,33,39,42,44],"killed_by":"The Heart","ascension_level":5}}