{"host":"Connor","time":1610392776,"event":{"mods":["Aspiration","BaseMod","Downfall","Hubris","Marisa????????","Minty Spire (QoL Compilation)","Replay The Spire","StSLib","The Cursed","The Jungle","The Servant 0.9.4"],"gold_per_floor":[115,8,83,96,96,96,127,127,154,167,184,184,184,203,203,203,203],"floor_reached":16,"playtime":418,"items_purged":[],"score":190,"play_id":"71354da9-4912-4592-bd70-d0a5f5dd5493","local_time":"20210111111936","is_ascension_mode":true,"campfire_choices":[{"data":"Replay:SS_forest_2","floor":6,"key":"SMITH"},{"data":"Shrug It Off","floor":8,"key":"SMITH"},{"data":"Hologram","floor":12,"key":"SMITH"},{"data":"Bash","floor":15,"key":"SMITH"}],"circlet_count":0,"master_deck":["AscendersBane","Strike_R","Strike_R","Strike_R","Strike_R","Strike_R","Defend_R","Defend_R","Defend_R","Defend_R","Bash+1","Shrug It Off+1","Replay:SS_forest_2+1","Twin Strike","Self Repair+1","Hologram+1","Decay"],"relics":["aspiration:Nostalgia","Cracked Core","Iron Core","Centennial Puzzle"],"acts_visited":["Exordium"],"potions_floor_usage":[7,11],"damage_taken":[{"damage":1,"enemies":"Cultist","floor":1,"turns":3},{"damage":0,"enemies":"2 Louse","floor":4,"turns":4},{"damage":21,"enemies":"3 Sentries","floor":7,"turns":6},{"damage":2,"enemies":"Small Slimes","floor":10,"turns":4},{"damage":11,"enemies":"3 Louse","floor":11,"turns":5},{"damage":18,"enemies":"Exordium Wildlife","floor":14,"turns":6},{"damage":60,"enemies":"Hexaghost","floor":16,"turns":9}],"seed_played":"-6971339685281108903","potions_obtained":[{"floor":4,"key":"PowerPotion"},{"floor":7,"key":"Swift Potion"}],"is_trial":false,"path_per_floor":["M","$","?","M","?","R","E","R","T","M","M","R","?","M","R","B"],"character_chosen":"IRONCLAD","items_purchased":["Replay:SS_forest_2"],"campfire_rested":0,"item_purchase_floors":[2],"current_hp_per_floor":[73,73,62,68,68,68,57,57,57,65,64,64,64,56,56,0,0],"gold":203,"neow_bonus":"NOSTALGIA","is_daily":false,"chose_seed":false,"campfire_upgraded":4,"win_rate":0.0,"timestamp":1610392776,"path_taken":["M","?","?","M","?","R","E","R","T","?","M","R","?","M","R","BOSS"],"items_purchased_type":["Card"],"build_version":"2020-12-18","purchased_purges":0,"victory":false,"max_hp_per_floor":[75,75,75,75,75,75,75,75,75,75,75,75,75,75,75,75,75],"card_choices":[{"not_picked":["Thunderclap","True Grit"],"picked":"Shrug It Off","floor":1},{"not_picked":["Sword Boomerang","Hemokinesis"],"picked":"Twin Strike","floor":4},{"not_picked":["Perfected Strike","Turbo"],"picked":"Hologram","floor":7},{"not_picked":["hubris:ReadiedAction","Replay:Many Hands","Anger"],"picked":"SKIP","floor":10},{"not_picked":["Gash","Heavy Blade","Run Through"],"picked":"SKIP","floor":11},{"not_picked":["Whirlwind","Twin Strike","hubris:CleavingFinish"],"picked":"SKIP","floor":14}],"player_experience":604004,"relics_obtained":[{"floor":7,"key":"Centennial Puzzle"}],"event_choices":[{"damage_healed":0,"gold_gain":75,"player_choice":"Gather Gold","damage_taken":11,"max_hp_gain":0,"max_hp_loss":0,"event_name":"World of Goop","floor":3,"gold_loss":0},{"damage_healed":0,"gold_gain":0,"player_choice":"Cursed","damage_taken":0,"max_hp_gain":0,"max_hp_loss":0,"event_name":"Wheel of Change","floor":13,"gold_loss":0,"cards_obtained":["Decay"]}],"is_beta":true,"boss_relics":[],"items_purged_floors":[],"is_endless":false,"potions_floor_spawned":[4,7],"killed_by":"Hexaghost","ascension_level":18}}