{"host":"ekyl8r8j8fco3zlk","time":1610362248,"event":{"mods":["ATMod(∞¢Ë™Mod)","Act Like it!","Arknights The Spire","BaseMod","CapriCore","Friendly Minions","Gensokyo","Hallownest","Luminous","Marisa£®ÏF”Í°°ƒß¿Ì…≥£©","Minty Spire (QoL Compilation)","READ ME - Guardian Mod","Rare Cards Sparkle","Reimu£®≤©¿ˆ¡È√Œ£©","StSLib","The Alterego","The Bug Knight","The Immortal","The Jungle","Waifu the Spire","WarShipGirlsR/’ΩΩ¢…Ÿ≈ÆR mod","°æ“≈ŒÔø®≈∆°øREMEMod"],"gold_per_floor":[119,136,154,164,177,177,208,208,235,235,246,211,211,270,270,370,370,380,395,395,395,66,66,93,106,188,188,202,220,220,233,233,338,338,352,369,419,419,419,450,62,62,62,94,112,112,128,143,143,143],"floor_reached":51,"playtime":2299,"items_purged":[],"score":754,"play_id":"a0f56228-fd5c-44bb-9268-ee7d8939542b","local_time":"20210111185048","is_ascension_mode":false,"campfire_choices":[{"data":"AT_MachinaRedman","floor":6,"key":"SMITH"},{"data":"MokouMod:RisingSunBarrier","floor":8,"key":"SMITH"},{"data":"MokouMod:InfernalWave","floor":10,"key":"SMITH"},{"data":"MokouMod:Overheat","floor":13,"key":"SMITH"},{"data":"Exhume","floor":15,"key":"SMITH"},{"data":"Apotheosis","floor":23,"key":"SMITH"},{"data":"MokouMod:PhoenixForm","floor":27,"key":"SMITH"},{"data":"MokouMod:HouraiForge","floor":30,"key":"SMITH"},{"floor":32,"key":"REST"},{"floor":46,"key":"REST"},{"floor":49,"key":"REST"}],"circlet_count":0,"master_deck":["MokouMod:Strike","MokouMod:Strike","MokouMod:Strike","MokouMod:Strike","MokouMod:Defend","MokouMod:Defend","MokouMod:Defend","MokouMod:Defend","MokouMod:HeatSpark","AT_MachinaRedman+1","Exhume+1","MokouMod:UncontrollableSolarReaction","MokouMod:TemporalFireSeal","MokouMod:Firecracker","MokouMod:Singe","MokouMod:SearingShot","MokouMod:RisingSunBarrier+1","MokouMod:InfernalWave+1","MokouMod:FlamingFireTalons","MokouMod:Overheat+1","MokouMod:Sear","MokouMod:HouraiForge+1","MokouMod:PhoenixForm+1","MokouMod:SpontaneousHumanCombustion","MokouMod:IndiscriminateIgnition+1","MokouMod:Combust+1","Apotheosis+1","MokouMod:AdaptivePyromancy+1","MokouMod:Ember","Regret","MokouMod:Refresh+1","MokouMod:IgnitionBlast+1","MokouMod:SacredFire","AT_EmpoweredMortalDraw","MokouMod:Stoke+1","MokouMod:FusionFlare+1","MokouMod:WarmUp+1","Normality","Pain","SpringWay:ReiMu+1","Luminous:Photic_Meditation_Luminous+1","Luminous:Photic_Meditation_Luminous+1","AT_BodySlamDance+1","Amulet:ReiMu+1"],"relics":["MokouMod:PhoenixFeather","AT_ATBox","REME_ComplimentaryCards","REME_IWantAll","AT_EbonyIvory","Cursed Key","Tiny Chest","Ancient Tea Set","Sundial","AT_MortalBlade","AT_RabadonDeathcap","Frozen Egg 2","AT_BladeRuinedKing","Bottled Tornado","PrismaticShard","Eternal Feather","Potion Belt"],"acts_visited":["Exordium","TheCity","TheBeyond"],"potions_floor_usage":[4,18,24,33,33,37,40,45,48,50],"damage_taken":[{"damage":11,"enemies":"Jaw Worm","floor":1,"turns":2},{"damage":0,"enemies":"2 Louse","floor":2,"turns":3},{"damage":6,"enemies":"Cultist","floor":3,"turns":3},{"damage":12,"enemies":"Exordium Thugs","floor":4,"turns":3},{"damage":9,"enemies":"Looter","floor":5,"turns":3},{"damage":25,"enemies":"Gremlin Nob","floor":7,"turns":4},{"damage":4,"enemies":"3 Louse","floor":11,"turns":2},{"damage":24,"enemies":"The Guardian","floor":16,"turns":9},{"damage":5,"enemies":"Spheric Guardian","floor":18,"turns":3},{"damage":15,"enemies":"Centurion and Healer","floor":19,"turns":7},{"damage":2,"enemies":"HollowMod:Nosk","floor":24,"turns":2},{"damage":0,"enemies":"Snecko","floor":25,"turns":3},{"damage":4,"enemies":"Cultist and Chosen","floor":28,"turns":3},{"damage":0,"enemies":"3 Cultists","floor":29,"turns":2},{"damage":24,"enemies":"Centurion and Healer","floor":31,"turns":4},{"damage":42,"enemies":"Automaton","floor":33,"turns":7},{"damage":10,"enemies":"Orb Walker","floor":35,"turns":2},{"damage":13,"enemies":"3 Shapes","floor":36,"turns":3},{"damage":24,"enemies":"Mind Bloom Boss Battle","floor":37,"turns":4},{"damage":20,"enemies":"Giant Head","floor":40,"turns":6},{"damage":16,"enemies":"Reptomancer","floor":44,"turns":4},{"damage":2,"enemies":"Maw","floor":45,"turns":5},{"damage":6,"enemies":"Transient","floor":47,"turns":5},{"damage":15,"enemies":"Writhing Mass","floor":48,"turns":2},{"damage":115,"enemies":"Awakened One","floor":50,"turns":8}],"seed_played":"1707294556695048610","potions_obtained":[{"floor":3,"key":"GamblersBrew"},{"floor":11,"key":"DuplicationPotion"},{"floor":16,"key":"Energy Potion"},{"floor":19,"key":"DistilledChaos"},{"floor":29,"key":"DuplicationPotion"},{"floor":35,"key":"PowerPotion"},{"floor":36,"key":"GamblersBrew"},{"floor":42,"key":"PowerPotion"},{"floor":42,"key":"LiquidMemories"},{"floor":42,"key":"SteroidPotion"},{"floor":47,"key":"Swift Potion"}],"is_trial":false,"path_per_floor":["M","M","M","M","M","R","E","R","T","R","M","?","R","?","R","B",null,"M","M","?","?","$","R","E","M","T","R","M","M","R","M","R","B",null,"M","M","?","?","T","E","$","?","T","E","M","R","M","M","R","B",null],"character_chosen":"MKU","items_purchased":["Tiny Chest","Apotheosis","Bottled Tornado","PrismaticShard"],"campfire_rested":3,"item_purchase_floors":[22,22,41,41],"current_hp_per_floor":[64,64,58,46,37,37,15,15,15,15,14,34,34,34,34,13,84,79,64,64,64,64,64,62,62,62,62,58,58,58,34,59,17,84,74,61,37,37,37,17,17,17,17,1,20,66,60,45,84,7],"gold":143,"neow_bonus":"TRANSFORM_CARD","is_daily":false,"chose_seed":false,"campfire_upgraded":8,"win_rate":0.0,"timestamp":1610362248,"path_taken":["M","M","M","M","M","R","E","R","T","R","M","?","R","?","R","BOSS","M","M","?","?","$","R","E","M","T","R","?","M","R","M","R","BOSS","M","M","?","?","?","E","$","?","T","E","M","R","M","M","R","BOSS"],"items_purchased_type":["Relic","Card","Relic","Relic"],"build_version":"2020-12-22","purchased_purges":0,"victory":true,"max_hp_per_floor":[75,75,75,75,75,75,78,78,78,78,81,81,81,81,81,84,84,84,84,84,84,84,84,84,84,84,84,84,84,84,84,84,84,84,84,84,84,84,84,84,84,84,84,84,84,84,84,84,84,87],"card_choices":[{"not_picked":["MokouMod:FujiyamaVolcano","MokouMod:ScorchedEarth","MokouMod:CrimsonFlare"],"picked":"SKIP","floor":1},{"not_picked":["MokouMod:ShiftIgnition","MokouMod:CrimsonArmoury"],"picked":"MokouMod:UncontrollableSolarReaction","floor":2},{"not_picked":["MokouMod:FlareStarter","MokouMod:Afterburner"],"picked":"MokouMod:TemporalFireSeal","floor":3},{"not_picked":["MokouMod:IllusoryBattlefield","MokouMod:ImperishableFlame"],"picked":"MokouMod:Firecracker","floor":4},{"not_picked":["MokouMod:EternalBurstReactor","MokouMod:Overheat"],"picked":"MokouMod:Singe","floor":5},{"not_picked":["MokouMod:SearingShot","MokouMod:RisingSunBarrier","MokouMod:InfernalWave"],"picked":"Singing Bowl","floor":7},{"not_picked":["MokouMod:FlamingFireTalons","MokouMod:Overheat","MokouMod:Sear"],"picked":"Singing Bowl","floor":11},{"not_picked":["MokouMod:HouraiForge","MokouMod:PhoenixForm","MokouMod:SpontaneousHumanCombustion"],"picked":"Singing Bowl","floor":16},{"not_picked":["MokouMod:Firecracker","MokouMod:SubterraneanCore"],"picked":"MokouMod:IndiscriminateIgnition+1","floor":18},{"not_picked":["MokouMod:Firecracker","MokouMod:HeatFactory"],"picked":"MokouMod:Combust+1","floor":19},{"not_picked":["MokouMod:FlamingFireTalons+1","MokouMod:HeatTransfer"],"picked":"MokouMod:AdaptivePyromancy+1","floor":24},{"not_picked":["MokouMod:Sear","MokouMod:SubterraneanCore"],"picked":"MokouMod:Ember","floor":25},{"not_picked":["MokouMod:EternalBurstReactor","MokouMod:ProfanedFlare"],"picked":"MokouMod:Refresh+1","floor":28},{"not_picked":["MokouMod:InfernalWave+1","MokouMod:RoaringFlare","MokouMod:HeatFactory"],"picked":"SKIP","floor":29},{"not_picked":["MokouMod:SubterraneanCore","MokouMod:Singe"],"picked":"MokouMod:IgnitionBlast+1","floor":31},{"not_picked":["MokouMod:ResonatingAura","MokouMod:ProfanedFlare"],"picked":"MokouMod:SacredFire","floor":33},{"not_picked":["MokouMod:Firecracker+1","MokouMod:FlickeringFlame"],"picked":"MokouMod:Stoke+1","floor":35},{"not_picked":["MokouMod:Afterburner","MokouMod:UncontrollableSolarReaction+1"],"picked":"MokouMod:FusionFlare+1","floor":36},{"not_picked":["MokouMod:PhoenixFeathers","MokouMod:Afterburner+1"],"picked":"MokouMod:WarmUp+1","floor":37},{"not_picked":["MokouMod:SearingShot","MokouMod:IgnitionBlast+1","MokouMod:FlareStarter"],"picked":"SKIP","floor":40},{"not_picked":["Doppelganger","AT_ArcaneSupremacy+1","Luminous:Phantom_Treasure_Luminous"],"picked":"SKIP","floor":44},{"not_picked":["Steam+1","AT_ArcaneSupremacy+1","Backstab"],"picked":"SKIP","floor":45},{"not_picked":["Sword Boomerang+1","alterego_mod:1TonWallop"],"picked":"SpringWay:ReiMu+1","floor":47},{"not_picked":["AT_BodySlamDance+1","Amulet:ReiMu+1"],"picked":"Luminous:Photic_Meditation_Luminous+1","floor":48},{"not_picked":["MokouMod:PhoenixForm","MokouMod:HeartofFire","MokouMod:Meltdown"],"picked":"Singing Bowl","floor":50}],"player_experience":473270,"relics_obtained":[{"floor":7,"key":"REME_IWantAll"},{"floor":9,"key":"AT_EbonyIvory"},{"floor":24,"key":"Ancient Tea Set"},{"floor":26,"key":"Sundial"},{"floor":37,"key":"AT_RabadonDeathcap"},{"floor":39,"key":"Frozen Egg 2"},{"floor":40,"key":"AT_BladeRuinedKing"},{"floor":43,"key":"Eternal Feather"},{"floor":44,"key":"Potion Belt"}],"event_choices":[{"damage_healed":20,"gold_gain":0,"player_choice":"Healed","damage_taken":0,"max_hp_gain":0,"max_hp_loss":0,"event_name":"The Cleric","floor":12,"gold_loss":35},{"damage_healed":0,"gold_gain":59,"player_choice":"Gained Gold","damage_taken":0,"max_hp_gain":0,"max_hp_loss":0,"event_name":"Golden Wing","floor":14,"gold_loss":0},{"damage_healed":0,"gold_gain":0,"player_choice":"Ignored","damage_taken":0,"max_hp_gain":0,"max_hp_loss":0,"event_name":"Vampires","floor":20,"gold_loss":0},{"cards_removed":["MokouMod:Cataclysm"],"damage_healed":0,"gold_gain":0,"player_choice":"Purged","damage_taken":0,"max_hp_gain":0,"max_hp_loss":0,"event_name":"Purifier","floor":21,"gold_loss":0},{"damage_healed":0,"gold_gain":0,"player_choice":"Fight","damage_taken":0,"max_hp_gain":0,"max_hp_loss":0,"event_name":"MindBloom","floor":37,"gold_loss":0},{"damage_healed":0,"gold_gain":0,"player_choice":"Memory 1","damage_taken":0,"max_hp_gain":0,"max_hp_loss":0,"event_name":"SensoryStone","floor":38,"gold_loss":0},{"damage_healed":0,"gold_gain":0,"player_choice":"Got Potions","damage_taken":0,"max_hp_gain":0,"max_hp_loss":0,"event_name":"Lab","floor":42,"gold_loss":0}],"is_beta":false,"boss_relics":[{"not_picked":["Ectoplasm","Runic Dome"],"picked":"Cursed Key"},{"not_picked":["Philosopher\u0027s Stone","REME_LowDesire"],"picked":"AT_MortalBlade"}],"items_purged_floors":[],"is_endless":false,"potions_floor_spawned":[3,11,16,19,29,35,36,47],"ascension_level":0}}