{"host":"ss2ocoam53r2lno0","time":1610365762,"event":{"mods":["Act Like it!","BaseMod","ChefMod","Clockwork Mod","Colored Powertips","Curses Come First","Dark Map","Displayed Cursed Tome","Downfall","Evolution","Googly Eyes","Hallownest","Highlight Path","Minty Spire (QoL Compilation)","Poor People Problems","Rare Cards Sparkle","Robot Space Explorer","Shade Mod","Shop Mod","Spicy Shops","StSLib","The Marked"],"gold_per_floor":[115,115,126,143,160,193,193,220,220,220,220],"floor_reached":10,"playtime":890,"items_purged":[],"score":82,"play_id":"f5facac0-9a09-4c2c-97d2-b3cede4dcd90","local_time":"20210111124922","is_ascension_mode":true,"campfire_choices":[{"data":"Clockwork:Pluck","floor":7,"key":"SMITH"}],"circlet_count":0,"master_deck":["Clockwork:Strike","Clockwork:Strike","Clockwork:Strike+1","Clockwork:Strike","Clockwork:Shield","Clockwork:Shield","Clockwork:Shield","Clockwork:Shield","Clockwork:Tinker","Clockwork:WarmUp+1","Clockwork:PerfectForm","Clockwork:Pluck+1","Clockwork:Minimalism","Clockwork:RevUp","Clockwork:SystemHardening","Clockwork:ChargingShield"],"relics":["Clockwork:MomentumEngine","EVO:Axolotl","Clockwork:SomewhatSmoothStone","WingedGreaves","Shuriken","Pantograph"],"acts_visited":["Exordium"],"potions_floor_usage":[10],"damage_taken":[{"damage":12,"enemies":"Jaw Worm","floor":1,"turns":6},{"damage":8,"enemies":"Small Slimes","floor":3,"turns":7},{"damage":10,"enemies":"Cultist","floor":4,"turns":5},{"damage":0,"enemies":"Blue Slaver","floor":5,"turns":6},{"damage":9,"enemies":"3 Sentries","floor":6,"turns":9},{"damage":7,"enemies":"Lagavulin","floor":8,"turns":7},{"damage":53,"enemies":"Gremlin Nob","floor":10,"turns":5}],"seed_played":"-4181371862320062520","potions_obtained":[{"floor":1,"key":"PowerPotion"},{"floor":5,"key":"Block Potion"}],"is_trial":false,"path_per_floor":["M","?","M","M","M","E","R","E","T","E"],"character_chosen":"CLOCKWORK","items_purchased":[],"campfire_rested":0,"item_purchase_floors":[],"current_hp_per_floor":[73,56,48,38,38,29,29,22,22,0,0],"gold":220,"neow_bonus":"ONE_RANDOM_RARE_CARD","is_daily":false,"chose_seed":false,"campfire_upgraded":1,"win_rate":0.0,"timestamp":1610365762,"path_taken":["M","?","M","M","M","E","R","E","T","E"],"items_purchased_type":[],"build_version":"2020-12-22","purchased_purges":0,"victory":false,"max_hp_per_floor":[85,85,85,85,85,85,85,85,85,85,85],"card_choices":[{"not_picked":["Clockwork:AdaptiveCannon","Clockwork:MechanicalMass"],"picked":"Clockwork:CraftSomewhatSmoothStone","floor":1},{"not_picked":["Clockwork:Improve","Clockwork:Friction"],"picked":"Clockwork:Pluck","floor":3},{"not_picked":["Clockwork:Redundancy","Clockwork:AdaptiveShield"],"picked":"Clockwork:Minimalism","floor":4},{"not_picked":["Clockwork:ForgeStrike","Clockwork:PerfectedShield"],"picked":"Clockwork:RevUp","floor":5},{"not_picked":["Clockwork:SystemScan","Clockwork:Halt"],"picked":"Clockwork:SystemHardening","floor":6},{"not_picked":["Clockwork:AdaptiveCannon","Clockwork:SystemHardening"],"picked":"Clockwork:ChargingShield","floor":8}],"player_experience":657855,"relics_obtained":[{"floor":6,"key":"WingedGreaves"},{"floor":8,"key":"Shuriken"},{"floor":9,"key":"Pantograph"}],"event_choices":[{"damage_healed":0,"gold_gain":0,"player_choice":"Entered Light","damage_taken":17,"max_hp_gain":0,"max_hp_loss":0,"event_name":"Shining Light","floor":2,"gold_loss":0,"cards_upgraded":["Clockwork:WarmUp","Clockwork:Strike"]}],"is_beta":false,"boss_relics":[],"items_purged_floors":[],"is_endless":false,"potions_floor_spawned":[1,5],"killed_by":"Gremlin Nob","ascension_level":1}}