{"host":"chv1qanoipyt46jc","time":1610394247,"event":{"mods":["2.2 Compatiblity","AchievementEnabler","Bartender","BaseMod","BetterRewards","CapriCore","Card Filter","Evolution","Gold Saver","Grow up Mod","Minty Spire (QoL Compilation)","Rare Cards Sparkle","Relic Filter","Remove Card Discount Mod","Reorder Act Four","StSLib"],"gold_per_floor":[926,943,956,974,988,988,1018,1018,1018,1038,1038,1051,1062,1078,1078,1182,1182,1199,1199,1214,1214,1225,1225,1238,1238,1238,1338,1351,1381,1397,1416,1416,1517,1517,1534,1534,1552,1552,1570,1570,1570,1598,1598,1598,1613,1613,1488,1502,1502,1502,1502,1502,1502,1531,1531],"floor_reached":56,"playtime":1267,"items_purged":["Dragonkick","Center_Self","Dragonkick","Dragonkick","Dragonkick","Somersault","Center_Self","Center_Self","Center_Self"],"score":1782,"play_id":"4c610a1d-680f-4e08-a2a0-a9a48a9a20f9","local_time":"20210111134407","is_ascension_mode":false,"campfire_choices":[{"data":"Dolphin_Blow","floor":6.0,"key":"SMITH"},{"data":"Power_Up_Punch","floor":11.0,"key":"SMITH"},{"data":"Bitters","floor":15.0,"key":"SMITH"},{"floor":23.0,"key":"RECALL"},{"data":"Dolphin_Blow","floor":32.0,"key":"SMITH"},{"floor":40,"key":"REST"},{"data":"Madness","floor":46,"key":"SMITH"},{"data":"Madness","floor":49,"key":"SMITH"},{"floor":53,"key":"REST"}],"circlet_count":0,"master_deck":["Power_Up_Punch+1","Dolphin_Blow+1","Dolphin_Blow+1","Madness+1","Madness+1","Greased_Lightning+1"],"relics":["Sneakers","EVO:Axolotl","Bronze Scales","TungstenRod","TheAbacus","Lizard Tail","Shuriken","Torii","The Courier","Ancient Tea Set","Black Star","Art of War","Anchor","Cleaning_Rag","Medical Kit","Protect_Vest","Akabeko"],"acts_visited":["Exordium","TheCity","TheBeyond","TheEnding"],"potions_floor_usage":[],"damage_taken":[{"damage":0.0,"enemies":"Jaw Worm","floor":1.0,"turns":2.0},{"damage":0.0,"enemies":"Cultist","floor":2.0,"turns":2.0},{"damage":0.0,"enemies":"2 Louse","floor":3.0,"turns":2.0},{"damage":0.0,"enemies":"Large Slime","floor":4.0,"turns":3.0},{"damage":0.0,"enemies":"3 Louse","floor":5.0,"turns":2.0},{"damage":5.0,"enemies":"3 Sentries","floor":7.0,"turns":4.0},{"damage":0.0,"enemies":"Exordium Wildlife","floor":10.0,"turns":2.0},{"damage":0.0,"enemies":"Exordium Thugs","floor":12.0,"turns":3.0},{"damage":0.0,"enemies":"Large Slime","floor":13.0,"turns":2.0},{"damage":0.0,"enemies":"Looter","floor":14.0,"turns":2.0},{"damage":0.0,"enemies":"The Guardian","floor":16.0,"turns":3.0},{"damage":0.0,"enemies":"3 Byrds","floor":18.0,"turns":2.0},{"damage":0.0,"enemies":"2 Thieves","floor":20.0,"turns":2.0},{"damage":0.0,"enemies":"Centurion and Healer","floor":22.0,"turns":3.0},{"damage":0.0,"enemies":"Shelled Parasite and Fungi","floor":24.0,"turns":2.0},{"damage":1.0,"enemies":"Colosseum Slavers","floor":27.0,"turns":2.0},{"damage":0.0,"enemies":"Colosseum Nobs","floor":27.0,"turns":2.0},{"damage":0.0,"enemies":"Cultist and Chosen","floor":28.0,"turns":3.0},{"damage":0.0,"enemies":"Gremlin Leader","floor":29.0,"turns":2.0},{"damage":0.0,"enemies":"Sentry and Sphere","floor":30.0,"turns":2.0},{"damage":0.0,"enemies":"Centurion and Healer","floor":31.0,"turns":2.0},{"damage":0.0,"enemies":"Champ","floor":33.0,"turns":2.0},{"damage":0.0,"enemies":"Orb Walker","floor":35.0,"turns":2.0},{"damage":0,"enemies":"3 Darklings","floor":37,"turns":2},{"damage":0,"enemies":"Spire Growth","floor":39,"turns":2},{"damage":0,"enemies":"Giant Head","floor":42,"turns":1},{"damage":0,"enemies":"4 Shapes","floor":45,"turns":1},{"damage":0,"enemies":"Jaw Worm Horde","floor":48,"turns":1},{"damage":0,"enemies":"Donu and Deca","floor":50,"turns":1},{"damage":0,"enemies":"Shield and Spear","floor":54,"turns":1},{"damage":11,"enemies":"The Heart","floor":55,"turns":4}],"seed_played":"-6137680781912753499","potions_obtained":[{"floor":3.0,"key":"DuplicationPotion"},{"floor":4.0,"key":"EssenceOfSteel"},{"floor":13.0,"key":"SteroidPotion"},{"floor":29.0,"key":"FairyPotion"},{"floor":45,"key":"Energy Potion"}],"is_trial":false,"path_per_floor":["M","M","M","M","M","R","E","?","T","M","R","M","M","M","R","B",null,"M","?","M","$","M","R","M","$","T","?","M","E","M","M","R","B",null,"M","$","M","?","M","R","?","E","T","?","M","R","$","M","R","B",null,"$","R","E","B",null],"character_chosen":"BARTENDER","items_purchased":["Power_Up_Punch","Power_Up_Punch","Dolphin_Blow","Bronze Scales","TungstenRod","TheAbacus","Medical Kit"],"campfire_rested":2,"item_purchase_floors":[0,0,0,0,0,0,47],"current_hp_per_floor":[53,63,73,83,93,103,108,123,133,143,153,163,173,183,193,203,266,276,286,296,306,316,326,336,346,356,365,375,385,395,405,415,425,436,446,456,466,476,486,496,445,455,465,475,485,495,505,515,525,535,606,616,626,636,635],"gold":1531,"neow_bonus":"","is_daily":false,"chose_seed":false,"campfire_upgraded":6,"win_rate":0.0,"timestamp":1610394247,"path_taken":["M","M","M","M","M","R","E","?","T","M","R","?","M","M","R","BOSS","M","?","M","$","M","R","M","$","T","?","M","E","M","M","R","BOSS","M","$","M","?","M","R","?","E","T","?","?","R","$","M","R","BOSS","$","R","E","BOSS"],"items_purchased_type":["Card","Card","Card","Relic","Relic","Relic","Relic"],"build_version":"2020-12-22","purchased_purges":9,"victory":true,"max_hp_per_floor":[106,116,126,136,146,156,166,176,186,196,206,216,226,236,246,256,266,276,286,296,306,316,326,336,346,356,366,376,386,396,406,416,426,436,446,456,466,476,486,496,506,516,526,536,546,556,566,576,586,596,606,616,626,636,646],"card_choices":[{"not_picked":["Power_Up_Punch","On_The_Rocks","Greased_Lightning"],"picked":"SKIP","floor":1.0},{"not_picked":["Power_Up_Punch","Cross","With_A_Twist"],"picked":"SKIP","floor":2.0},{"not_picked":["Dragonkick","Power_Up_Punch","On_The_Rocks"],"picked":"SKIP","floor":3.0},{"not_picked":["Glare","Center_Self","Ripple"],"picked":"SKIP","floor":4.0},{"not_picked":["Snap_Punch","OpoOpo_Form","Windup"],"picked":"SKIP","floor":5.0},{"not_picked":["Step_Of_The_Wind","Surge","Fight_Dirty"],"picked":"SKIP","floor":7.0},{"not_picked":["On_The_Rocks","Glare","ThreeSidedStar"],"picked":"SKIP","floor":10.0},{"not_picked":["Coeurl_Form","Alacrity"],"picked":"Bitters","floor":12.0},{"not_picked":["Cross","Well_Drinks","Step_Of_The_Wind"],"picked":"SKIP","floor":13.0},{"not_picked":["Center_Self","Form_Shift","Fading_Blow"],"picked":"SKIP","floor":14.0},{"not_picked":["Raptor_Form+1","Hook+1","Sucker_Punch"],"picked":"SKIP","floor":18.0},{"not_picked":["Stick_and_Move","Free_Pour","Pony_Shot+1"],"picked":"SKIP","floor":20.0},{"not_picked":["Ball_Of_Ice+1","Snap_Punch","Raptor_Form+1"],"picked":"SKIP","floor":22.0},{"not_picked":["Bicycle_Kick","Alacrity","Free_Pour+1"],"picked":"SKIP","floor":24.0},{"not_picked":["On_The_Rocks","Scowl"],"picked":"Dolphin_Blow","floor":27.0},{"not_picked":["On_The_Rocks+1","Step_Of_The_Wind+1","Foot_Thrust"],"picked":"SKIP","floor":28.0},{"not_picked":["Waterkick","Greased_Lightning","Dragonkick+1"],"picked":"SKIP","floor":29.0},{"not_picked":["Snap_Punch","Hook+1","Fight_Dirty"],"picked":"SKIP","floor":30.0},{"not_picked":["Ball_Of_Ice","Raptor_Form+1","Greased_Lightning"],"picked":"SKIP","floor":31.0},{"not_picked":["Elbow_Slash+1","Free_Pour","Stick_and_Move+1"],"picked":"SKIP","floor":35},{"not_picked":["Center_Self+1","Waterkick","Pony_Shot+1"],"picked":"SKIP","floor":37},{"not_picked":["Vortex+","Cross","Surge"],"picked":"SKIP","floor":39},{"not_picked":["Free_Pour+1","Fading_Blow"],"picked":"Greased_Lightning+1","floor":42},{"not_picked":["Patience","With_A_Twist","Meteodrive+1"],"picked":"SKIP","floor":45},{"not_picked":["With_A_Twist+1","Wall_of_Ice+1","Dragonkick"],"picked":"SKIP","floor":48},{"not_picked":["Sucker_Punch+1","Coeurl_Form","Foot_Thrust+1"],"picked":"SKIP","floor":54}],"player_experience":388938,"relics_obtained":[{"floor":7.0,"key":"Lizard Tail"},{"floor":26.0,"key":"Shuriken"},{"floor":27.0,"key":"Torii"},{"floor":27.0,"key":"The Courier"},{"floor":29.0,"key":"Ancient Tea Set"},{"floor":42,"key":"Art of War"},{"floor":42,"key":"Anchor"},{"floor":43,"key":"Cleaning_Rag"},{"floor":54,"key":"Protect_Vest"},{"floor":54,"key":"Akabeko"}],"event_choices":[{"cards_removed":["Power_Up_Punch"],"damage_healed":5.0,"max_hp_gain":0.0,"max_hp_loss":0.0,"gold_gain":0.0,"event_name":"Bonfire Elementals","player_choice":"Offered Common","floor":8.0,"gold_loss":0.0,"damage_taken":0.0},{"cards_removed":["Power_Up_Punch"],"damage_healed":5.0,"max_hp_gain":0.0,"max_hp_loss":0.0,"gold_gain":0.0,"event_name":"Bonfire Elementals","player_choice":"Offered Special","floor":8.0,"gold_loss":0.0,"damage_taken":0.0},{"damage_healed":0.0,"max_hp_gain":0.0,"max_hp_loss":0.0,"gold_gain":0.0,"event_name":"Beggar","player_choice":"Ignored","floor":19.0,"gold_loss":0.0,"damage_taken":0.0},{"damage_healed":0.0,"max_hp_gain":0.0,"max_hp_loss":0.0,"gold_gain":0.0,"event_name":"Colosseum","player_choice":"Fight","floor":27.0,"gold_loss":0.0,"damage_taken":0.0},{"damage_healed":0.0,"max_hp_gain":0.0,"max_hp_loss":0.0,"gold_gain":0.0,"event_name":"Colosseum","player_choice":"Fought Nobs","floor":27.0,"gold_loss":0.0,"damage_taken":0.0},{"damage_healed":0,"gold_gain":0,"player_choice":"Memory 1","damage_taken":0,"max_hp_gain":0,"max_hp_loss":0,"event_name":"SensoryStone","floor":38,"gold_loss":0},{"damage_healed":0,"gold_gain":0,"player_choice":"Embrace Madness","damage_taken":62,"max_hp_gain":0,"max_hp_loss":0,"event_name":"Winding Halls","floor":41,"gold_loss":0,"cards_obtained":["Madness","Madness"]},{"cards_removed":["Bitters"],"damage_healed":0,"gold_gain":0,"player_choice":"Removed Skill","damage_taken":0,"max_hp_gain":0,"max_hp_loss":0,"event_name":"Falling","floor":44,"gold_loss":0}],"is_beta":false,"boss_relics":[{"not_picked":["Cursed Key","Calling Bell","Empty Cage"]},{"not_picked":["Busted Crown","Pandora\u0027s Box"],"picked":"Black Star"}],"items_purged_floors":[0,0,0,0,0,0,0,0,0],"is_endless":false,"potions_floor_spawned":[3,4,13,14,22,27,28,29,30,33,35,37,39,45],"ascension_level":0}}