{"host":"egskdxp2q9kv48xe","time":1610408985,"event":{"mods":["BaseMod","Colored Powertips","Minty Spire (QoL Compilation)","Slay the Relics Exporter","StSLib"],"gold_per_floor":[111,124,124,136,311,311,338,338,338,355,202,202,221,236,236,341,341,360,285,301,311,311,311,311],"floor_reached":23,"playtime":801,"items_purged":["Defend_G"],"score":212,"play_id":"4a97903a-634a-43e0-a48d-19d827f9dd02","local_time":"20210111164945","is_ascension_mode":true,"campfire_choices":[{"data":"Poisoned Stab","floor":6,"key":"SMITH"},{"data":"Poisoned Stab","floor":8,"key":"SMITH"},{"floor":12,"key":"REST"},{"floor":15,"key":"REST"}],"circlet_count":0,"master_deck":["Strike_G","Strike_G","Strike_G","Strike_G","Defend_G","Defend_G","Defend_G","Defend_G","Survivor","Neutralize","Poisoned Stab+1","Blade Dance+1","Poisoned Stab+1","Doubt","Deadly Poison","Distraction","Bouncing Flask","Blade Dance","Cloak And Dagger","Adrenaline","Blade Dance","Dagger Throw+1","Heel Hook"],"relics":["Ring of the Snake","NeowsBlessing","Sundial","Ginger","SacredBark"],"acts_visited":["Exordium","TheCity"],"potions_floor_usage":[13,18,21],"damage_taken":[{"damage":0,"enemies":"Small Slimes","floor":1,"turns":1},{"damage":0,"enemies":"Cultist","floor":2,"turns":1},{"damage":0,"enemies":"2 Louse","floor":4,"turns":1},{"damage":32,"enemies":"Gremlin Nob","floor":7,"turns":4},{"damage":6,"enemies":"Exordium Wildlife","floor":10,"turns":4},{"damage":14,"enemies":"Exordium Thugs","floor":13,"turns":4},{"damage":12,"enemies":"Looter","floor":14,"turns":3},{"damage":23,"enemies":"Slime Boss","floor":16,"turns":8},{"damage":11,"enemies":"Shell Parasite","floor":18,"turns":4},{"damage":16,"enemies":"Chosen","floor":20,"turns":6},{"damage":0,"enemies":"Shelled Parasite and Fungi","floor":21,"turns":1},{"damage":46,"enemies":"Book of Stabbing","floor":23,"turns":5}],"seed_played":"2963929808444059719","potions_obtained":[{"floor":7,"key":"Ancient Potion"},{"floor":10,"key":"Poison Potion"},{"floor":16,"key":"Strength Potion"},{"floor":20,"key":"AttackPotion"},{"floor":21,"key":"GamblersBrew"}],"is_trial":false,"path_per_floor":["M","M","?","M","?","R","E","R","T","M","$","R","M","M","R","B",null,"M","?","M","M","?","E"],"character_chosen":"THE_SILENT","items_purchased":["Bouncing Flask"],"campfire_rested":2,"item_purchase_floors":[11],"current_hp_per_floor":[70,70,70,70,70,70,38,38,38,32,32,53,39,27,48,25,70,59,59,43,43,43,0,0],"gold":311,"neow_bonus":"THREE_ENEMY_KILL","is_daily":false,"chose_seed":false,"campfire_upgraded":2,"win_rate":0.0,"timestamp":1610408985,"path_taken":["M","M","?","?","?","R","E","R","T","M","?","R","?","M","R","BOSS","M","?","M","M","?","E"],"items_purchased_type":["Card"],"build_version":"2020-12-22","purchased_purges":1,"victory":false,"max_hp_per_floor":[70,70,70,70,70,70,70,70,70,70,70,70,70,70,70,70,70,70,70,70,70,70,70,70],"card_choices":[{"not_picked":["Flying Knee","Dodge and Roll"],"picked":"Poisoned Stab","floor":1},{"not_picked":["Accuracy","PiercingWail"],"picked":"Blade Dance","floor":2},{"not_picked":["Heel Hook","Noxious Fumes"],"picked":"Poisoned Stab","floor":4},{"not_picked":["Concentrate","Outmaneuver"],"picked":"Deadly Poison","floor":7},{"not_picked":["Grand Finale","Flying Knee"],"picked":"Distraction","floor":10},{"not_picked":["Dagger Spray","Sucker Punch"],"picked":"Blade Dance","floor":13},{"not_picked":["Reflex","Terror"],"picked":"Cloak And Dagger","floor":14},{"not_picked":["A Thousand Cuts","Doppelganger"],"picked":"Adrenaline","floor":16},{"not_picked":["Slice+1","Eviscerate+1"],"picked":"Blade Dance","floor":18},{"not_picked":["Outmaneuver+1","Masterful Stab"],"picked":"Dagger Throw+1","floor":20},{"not_picked":["All Out Attack","PiercingWail"],"picked":"Heel Hook","floor":21}],"player_experience":442690,"relics_obtained":[{"floor":7,"key":"Sundial"},{"floor":9,"key":"Ginger"}],"event_choices":[{"damage_healed":0,"gold_gain":0,"player_choice":"Upgraded","damage_taken":0,"max_hp_gain":0,"max_hp_loss":0,"event_name":"Upgrade Shrine","floor":3,"gold_loss":0,"cards_upgraded":["Blade Dance"]},{"damage_healed":0,"gold_gain":175,"player_choice":"AGREE","damage_taken":0,"max_hp_gain":0,"max_hp_loss":0,"event_name":"Liars Game","floor":5,"gold_loss":0,"cards_obtained":["Doubt"]},{"cards_removed":["Strike_G"],"damage_healed":0,"gold_gain":0,"player_choice":"Gave Gold","damage_taken":0,"max_hp_gain":0,"max_hp_loss":0,"event_name":"Beggar","floor":19,"gold_loss":75},{"damage_healed":0,"gold_gain":0,"player_choice":"Ignored","damage_taken":0,"max_hp_gain":0,"max_hp_loss":0,"event_name":"Ghosts","floor":22,"gold_loss":0}],"is_beta":false,"boss_relics":[{"not_picked":["HoveringKite","Ectoplasm"],"picked":"SacredBark"}],"items_purged_floors":[11],"is_endless":false,"potions_floor_spawned":[7,10,16,20,21],"killed_by":"Book of Stabbing","ascension_level":2}}