{"host":"d9m9v0h6vo0edadb","time":1610346382,"event":{"mods":["BaseMod","Hermit","Keyboard Shortcuts","Minty Spire (QoL Compilation)","StSLib","SuperFastMode","The Cursed"],"gold_per_floor":[19,36,48,59,69,95,95,95,95],"floor_reached":8,"playtime":104,"items_purged":[],"score":120,"play_id":"cd32f5c9-46e7-4e35-89c6-ef5ebd9c42de","local_time":"20210111152622","is_ascension_mode":true,"campfire_choices":[{"data":"Dualcast","floor":7,"key":"SMITH"}],"circlet_count":0,"master_deck":["AscendersBane","Strike_B","Strike_B","Strike_B","Strike_B","Defend_B","Defend_B","Defend_B","Defend_B","Zap","Dualcast+1","Biased Cognition","Ball Lightning","Capacitor","Cold Snap","Gash","All For One","Go for the Eyes"],"relics":["Cracked Core","Gambling Chip"],"acts_visited":["Exordium"],"potions_floor_usage":[8],"damage_taken":[{"damage":1,"enemies":"Cultist","floor":1,"turns":3},{"damage":0,"enemies":"2 Louse","floor":2,"turns":2},{"damage":7,"enemies":"Jaw Worm","floor":3,"turns":2},{"damage":6,"enemies":"2 Fungi Beasts","floor":4,"turns":2},{"damage":0,"enemies":"Large Slime","floor":5,"turns":3},{"damage":36,"enemies":"Lagavulin","floor":6,"turns":5},{"damage":15,"enemies":"3 Sentries","floor":8,"turns":2}],"seed_played":"1295534128834257193","potions_obtained":[{"floor":2,"key":"PotionOfCapacity"},{"floor":3,"key":"Swift Potion"}],"is_trial":false,"path_per_floor":["M","M","M","M","M","E","R","E"],"character_chosen":"DEFECT","items_purchased":[],"campfire_rested":0,"item_purchase_floors":[],"current_hp_per_floor":[63,63,56,50,50,14,14,0,0],"gold":95,"neow_bonus":"THREE_RARE_CARDS","is_daily":false,"chose_seed":false,"campfire_upgraded":1,"win_rate":0.0,"timestamp":1610346382,"path_taken":["M","M","M","?","M","E","R","E"],"items_purchased_type":[],"build_version":"2020-12-22","purchased_purges":0,"victory":false,"max_hp_per_floor":[71,71,71,71,71,71,71,71,71],"card_choices":[{"not_picked":["Reboot","Buffer"],"picked":"Biased Cognition","floor":0},{"not_picked":["Gash","Sunder"],"picked":"Ball Lightning","floor":1},{"not_picked":["Self Repair","FTL"],"picked":"Capacitor","floor":2},{"not_picked":["Double Energy","Recycle"],"picked":"Cold Snap","floor":3},{"not_picked":["Steam","Tempest"],"picked":"Gash","floor":4},{"not_picked":["Rebound","Turbo"],"picked":"All For One","floor":5},{"not_picked":["Capacitor","Rip and Tear"],"picked":"Go for the Eyes","floor":6}],"player_experience":960944,"relics_obtained":[{"floor":6,"key":"Gambling Chip"}],"event_choices":[],"is_beta":false,"boss_relics":[],"items_purged_floors":[],"is_endless":false,"potions_floor_spawned":[2,3,5],"killed_by":"3 Sentries","ascension_level":20}}