{"host":"dyggtcpod2kd5hqt","time":1610389569,"event":{"mods":["2.2 Compatiblity","AchievementEnabler","BaseMod","Bestiary","Block Reminder","Colored Map","Colored Powertips","Minty Spire (QoL Compilation)","Quick Restart","Rare Cards Sparkle","Relic Stats","Unknown Chances"],"gold_per_floor":[114,27,27,37,37,37,66,66,66,76,102,102,114,127,127,127,127],"floor_reached":16,"playtime":358,"items_purged":[],"score":203,"play_id":"fb32745f-e130-4941-a997-772d8d657d8e","local_time":"20210111132609","is_ascension_mode":true,"campfire_choices":[{"data":"Zap","floor":6,"key":"SMITH"},{"data":"Dualcast","floor":8,"key":"SMITH"},{"floor":15,"key":"REST"}],"circlet_count":0,"master_deck":["AscendersBane","Strike_B","Strike_B","Strike_B","Strike_B","Defend_B","Defend_B","Defend_B","Zap+1","Dualcast+1","Conserve Battery","Double Energy","Ball Lightning","Seek","Gash","Regret","Self Repair","Steam","White Noise","Beam Cell"],"relics":["Cracked Core","NeowsBlessing","Sundial","Vajra","Turnip","Lizard Tail"],"acts_visited":["Exordium"],"potions_floor_usage":[16,16,16],"damage_taken":[{"damage":0,"enemies":"Small Slimes","floor":1,"turns":1},{"damage":0,"enemies":"Jaw Worm","floor":4,"turns":1},{"damage":0,"enemies":"Gremlin Nob","floor":7,"turns":1},{"damage":0,"enemies":"Cultist","floor":10,"turns":3},{"damage":29,"enemies":"Lagavulin","floor":11,"turns":7},{"damage":22,"enemies":"Large Slime","floor":13,"turns":4},{"damage":25,"enemies":"Exordium Thugs","floor":14,"turns":3},{"damage":33,"enemies":"Hexaghost","floor":16,"turns":7}],"seed_played":"5784341202544433146","potions_obtained":[{"floor":7,"key":"Dexterity Potion"},{"floor":10,"key":"AttackPotion"},{"floor":11,"key":"PowerPotion"}],"is_trial":false,"path_per_floor":["M","$","?","M","?","R","E","R","T","M","E","?","M","M","R","B"],"character_chosen":"DEFECT","items_purchased":["Double Energy","Ball Lightning"],"campfire_rested":1,"item_purchase_floors":[2,2],"current_hp_per_floor":[68,68,68,68,68,68,68,68,68,75,53,53,38,20,42,9,9],"gold":127,"neow_bonus":"THREE_ENEMY_KILL","is_daily":false,"chose_seed":false,"campfire_upgraded":2,"win_rate":0.0,"timestamp":1610389569,"path_taken":["M","$","?","M","?","R","E","R","T","M","E","?","M","M","R","BOSS"],"items_purchased_type":["Card","Card"],"build_version":"2020-12-22","purchased_purges":0,"victory":false,"max_hp_per_floor":[75,75,75,75,75,75,75,75,75,75,75,75,75,75,75,75,75],"relic_stats":{"Lizard Tail":0,"counters":[8,27],"Sundial":[2],"Turnip":[0],"obtain_stats":[{"Lizard Tail":11,"NeowsBlessing":0,"Sundial":5,"Vajra":7,"Turnip":9,"Cracked Core":0},{"Lizard Tail":5,"NeowsBlessing":0,"Sundial":2,"Vajra":3,"Turnip":3,"Cracked Core":0},{"Lizard Tail":13,"NeowsBlessing":0,"Sundial":2,"Vajra":3,"Turnip":3,"Cracked Core":0}]},"card_choices":[{"not_picked":["Compile Driver","Cold Snap"],"picked":"Conserve Battery","floor":1},{"not_picked":["Sweeping Beam","Seek"],"picked":"Gash","floor":4},{"not_picked":["Cold Snap","Barrage"],"picked":"Self Repair","floor":7},{"not_picked":["Fusion","Redo"],"picked":"Steam","floor":10},{"not_picked":["Turbo","Compile Driver"],"picked":"White Noise","floor":11},{"not_picked":["Barrage","Conserve Battery"],"picked":"Beam Cell","floor":13},{"not_picked":["Stack","Force Field","Hello World"],"picked":"SKIP","floor":14}],"player_experience":613426,"relics_obtained":[{"floor":7,"key":"Vajra"},{"floor":9,"key":"Turnip"},{"floor":11,"key":"Lizard Tail"}],"event_choices":[{"damage_healed":0,"gold_gain":0,"cards_transformed":["Defend_B"],"player_choice":"Change","damage_taken":0,"max_hp_gain":0,"max_hp_loss":0,"event_name":"Living Wall","floor":3,"gold_loss":0,"cards_obtained":["Seek"]},{"damage_healed":0,"gold_gain":0,"player_choice":"Box","damage_taken":0,"relics_obtained":["Sundial"],"max_hp_gain":0,"max_hp_loss":0,"event_name":"Big Fish","floor":5,"gold_loss":0,"cards_obtained":["Regret"]},{"damage_healed":0,"gold_gain":0,"player_choice":"Bought 0 Potions","damage_taken":0,"max_hp_gain":0,"max_hp_loss":0,"event_name":"The Woman in Blue","floor":12,"gold_loss":0}],"is_beta":false,"boss_relics":[],"items_purged_floors":[],"is_endless":false,"potions_floor_spawned":[7,10,11,14],"killed_by":"Hexaghost","ascension_level":10}}