{"host":"ilrepnd391jk07a9","time":1610352445,"event":{"mods":["Act Like it!","Aspiration","BaseMod","Better Altar","Better Note","Better Skull","Better Third Choice","BetterRewards","Colored Powertips","DeckTracker","Defuse TimeMaze Blight","Downfall","Elementarium","GifTheSpireLib","Gremlin Skip","Halation","Highlight Path","Hubris","Infinite Spire","Minty Spire (QoL Compilation)","Quick Restart","Relic Stats","Replay The Spire","StSLib","Stuff the Spire","everything is the same but u backflip on backflip","vexMod"],"gold_per_floor":[117,135,152,163,23,23,23,23],"floor_reached":7,"playtime":241,"items_purged":[],"score":86,"play_id":"e37743d8-e253-492f-b970-bedc2417d5f2","local_time":"20210111210725","is_ascension_mode":true,"campfire_choices":[{"floor":6,"key":"REST"}],"circlet_count":0,"master_deck":["AscendersBane","Strike_R","Strike_R","Strike_R","Strike_R","Strike_R","Defend_R","Defend_R","Defend_R","Defend_R","Bash","Cleave","hubris:ReadiedAction","Twin Strike","Shrug It Off","Fire Breathing","Fire Breathing","Flame Barrier"],"relics":["vexMod:TanglingVine"],"acts_visited":["Exordium"],"potions_floor_usage":[4],"damage_taken":[{"damage":0,"enemies":"2 Louse","floor":1,"turns":4},{"damage":4,"enemies":"Jaw Worm","floor":2,"turns":3},{"damage":9,"enemies":"Small Slimes","floor":3,"turns":3},{"damage":51,"enemies":"Exordium Thugs","floor":4,"turns":5},{"damage":36,"enemies":"Gremlin Nob","floor":7,"turns":3}],"seed_played":"3436446174261064143","potions_obtained":[{"floor":2,"key":"Adrenaline Potion"}],"is_trial":false,"path_per_floor":["M","M","M","M","$","R","E"],"character_chosen":"IRONCLAD","items_purchased":["Fire Breathing","Flame Barrier"],"campfire_rested":1,"item_purchase_floors":[5,5],"current_hp_per_floor":[68,64,55,4,4,26,0,0],"gold":23,"neow_bonus":"BOSS_RELIC","is_daily":false,"chose_seed":false,"campfire_upgraded":0,"win_rate":0.0,"timestamp":1610352445,"path_taken":["M","M","M","M","$","R","E"],"items_purchased_type":["Card","Card"],"build_version":"2020-12-22","purchased_purges":0,"victory":false,"max_hp_per_floor":[75,75,75,75,75,75,75,75],"relic_stats":{"counters":[31,140],"obtain_stats":[{"halation:OrihimeAndHikoboshiSamaAndTears":0,"Lantern":4,"Replay:PocketPolymizer":2,"NeowsBlessing":0,"Happy Flower":9,"Golden Idol":13,"Quantum Egg":21,"Blue Doll":8,"hubris:FruitBowl":14,"King of Hearts":30,"halation:Thesaurus":21,"vexMod:TanglingVine":0,"Replay:Mystery Machine":7,"Burning Blood":0,"Centennial Puzzle":5,"halation:SwordOfLegend":0,"Elementarium:ElementariumTrophy":33,"hubris:Stopwatch":34,"StuffTheSpire:RubySignet":10,"aspiration:RitualDagger":17,"Membership Card":0,"Mirror":26,"hubris:GlazedTorus":0,"Pocketwatch":11},{"halation:OrihimeAndHikoboshiSamaAndTears":19,"Lantern":21,"Replay:PocketPolymizer":1,"NeowsBlessing":0,"Happy Flower":3,"Golden Idol":25,"Quantum Egg":9,"Blue Doll":23,"hubris:FruitBowl":25,"King of Hearts":14,"halation:Thesaurus":9,"vexMod:TanglingVine":26,"Replay:Mystery Machine":3,"Burning Blood":0,"Centennial Puzzle":2,"halation:SwordOfLegend":19,"Elementarium:ElementariumTrophy":16,"hubris:Stopwatch":16,"StuffTheSpire:RubySignet":4,"aspiration:RitualDagger":8,"Membership Card":19,"Mirror":11,"hubris:GlazedTorus":19,"Pocketwatch":25},{"halation:OrihimeAndHikoboshiSamaAndTears":95,"Lantern":102,"Replay:PocketPolymizer":1,"NeowsBlessing":0,"Happy Flower":3,"Golden Idol":114,"Quantum Egg":38,"Blue Doll":109,"hubris:FruitBowl":114,"King of Hearts":66,"halation:Thesaurus":38,"vexMod:TanglingVine":122,"Replay:Mystery Machine":3,"Burning Blood":0,"Centennial Puzzle":2,"halation:SwordOfLegend":95,"Elementarium:ElementariumTrophy":81,"hubris:Stopwatch":81,"StuffTheSpire:RubySignet":9,"aspiration:RitualDagger":35,"Membership Card":95,"Mirror":48,"hubris:GlazedTorus":95,"Pocketwatch":114}]},"card_choices":[{"not_picked":["Abandon","Flex"],"picked":"Cleave","floor":1},{"not_picked":["Shrug It Off","StuffTheSpire:RockThrow"],"picked":"hubris:ReadiedAction","floor":2},{"not_picked":["ReplayTheSpireMod:Limb From Limb","Sword Boomerang"],"picked":"Twin Strike","floor":3},{"not_picked":["Headbutt","StuffTheSpire:RockThrow"],"picked":"Shrug It Off","floor":4}],"player_experience":851881,"relics_obtained":[],"event_choices":[],"is_beta":false,"boss_relics":[],"items_purged_floors":[],"is_endless":false,"potions_floor_spawned":[2],"killed_by":"Gremlin Nob","ascension_level":20}}