{"host":"xu0zbcebhy6w9mdv","time":1610393758,"event":{"mods":["AchievementEnabler","Act Like it!","Aspiration","BaseMod","Better Match","Better Third Choice","BetterRewards","Colored Powertips","Downfall","Duelist Mod","Friendly Minions","Gensokyo","Hallownest","Hubris","Infinite Spire","Marisa????????","Minty Spire (QoL Compilation)","Potionbrewer","Quick Restart","READ ME - Guardian Mod","READ ME - Snecko Mod","Rare Cards Sparkle","Replay The Spire","Shop Mod","StSLib","The Animator","The Blackbeard","The Bug Knight","The Cursed","The Hierophant","The Necromancer","The Runesmith","The Servant 0.9.4"],"gold_per_floor":[142,152,152,163,182,212,212,212,258,269,103,103,103,115,115,196,196,214,233,253,253,265,293,293,313,313,327,347,347,360,393,393,465,465,479,494,494,494,494,533,553,553,553,553,264,276,296,322,322,324,330],"floor_reached":52,"playtime":6498,"items_purged":["theDuelist:CastleWalls"],"score":2481,"play_id":"347cc89c-3bca-4e82-a88e-f1e49c609e25","local_time":"20210111143558","is_ascension_mode":true,"campfire_choices":[{"floor":8,"key":"REST"},{"floor":12,"key":"REST"},{"floor":15,"key":"REST"},{"data":"theDuelist:CallGrave","floor":24,"key":"SMITH"},{"floor":32,"key":"REST"},{"floor":42,"key":"REST"},{"data":"theDuelist:KamionTimelord","floor":44,"key":"SMITH"}],"circlet_count":0,"master_deck":["theDuelist:RainbowKuribohBasic","theDuelist:Sparks","theDuelist:OrbMetronome+1","theDuelist:CallGrave+1","AscendersBane","theDuelist:DunamesDarkWitch","hubris:EnhanceAbility+1","theDuelist:WhiteHowling","theDuelist:RainbowKuriboh","theDuelist:DunamesDarkWitch","theDuelist:IrisEarthMother+1","theDuelist:Hayate+1","theDuelist:Metronome+1","theDuelist:CastleWalls+1","theDuelist:Eva+1","theDuelist:HappyLover+1","theDuelist:KamionTimelord+1","theDuelist:RainbowNeos","theDuelist:IceQueen"],"relics":["theDuelist:MillenniumPuzzle","theDuelist:CardPoolRelic","theDuelist:CardPoolBasicRelic","theDuelist:BoosterPackPoolRelic","theDuelist:CardPoolAddRelic","theDuelist:CardPoolMinusRelic","theDuelist:CardPoolSaveRelic","theDuelist:CardPoolOptionsRelic","Replay:Wax Seal","Bag of Marbles","theDuelist:MetronomeRelicB","HollowMod:StagPassRelic","hubris:SlimyHat","Orichalcum","aspiration:IroncladSkillbook","infinitespire:CheckeredPen","Tiny Chest","Replay:Bottled Flurry","Darkstone Periapt","theDuelist:MillenniumSymbol","Gremlin Food","hubris:ScarierMask","infinitespire:Midas Blood","infinitespire:Satchel","ReplayTheSpireMod:TigerMarble","Blood Vial","aspiration:TomeofQuesting"],"acts_visited":["Exordium","TheCity","TheBeyond"],"potions_floor_usage":[16,16,20,27,50],"damage_taken":[{"damage":0,"enemies":"Cultist","floor":1,"turns":1},{"damage":4,"enemies":"Jaw Worm","floor":2,"turns":3},{"damage":0,"enemies":"Small Slimes","floor":4,"turns":1},{"damage":12,"enemies":"3 Louse","floor":5,"turns":4},{"damage":10,"enemies":"Gremlin Nob","floor":6,"turns":4},{"damage":0,"enemies":"Gremlin Gang","floor":10,"turns":4},{"damage":0,"enemies":"Exordium Thugs","floor":14,"turns":6},{"damage":26,"enemies":"Fading Forest","floor":16,"turns":13},{"damage":4,"enemies":"2 Thieves","floor":18,"turns":4},{"damage":19,"enemies":"3 Byrds","floor":19,"turns":6},{"damage":18,"enemies":"Snake Plant","floor":20,"turns":5},{"damage":0,"enemies":"Chosen and Byrds","floor":22,"turns":6},{"damage":4,"enemies":"Book of Stabbing","floor":23,"turns":4},{"damage":9,"enemies":"Centurion and Healer","floor":25,"turns":5},{"damage":0,"enemies":"3 Cultists","floor":27,"turns":4},{"damage":0,"enemies":"Cultist and Chosen","floor":28,"turns":6},{"damage":0,"enemies":"Sentry and Sphere","floor":30,"turns":4},{"damage":33,"enemies":"Gremlin Leader","floor":31,"turns":5},{"damage":10,"enemies":"hubris:MusketHawk","floor":33,"turns":8},{"damage":12,"enemies":"3 Darklings","floor":35,"turns":3},{"damage":0,"enemies":"Orb Walker","floor":36,"turns":4},{"damage":20,"enemies":"Nemesis","floor":40,"turns":5},{"damage":0,"enemies":"Spire Growth","floor":41,"turns":4},{"damage":0,"enemies":"Writhing Mass","floor":46,"turns":2},{"damage":0,"enemies":"Jaw Worm Horde","floor":47,"turns":3},{"damage":11,"enemies":"Donu and Deca","floor":50,"turns":4},{"damage":24,"enemies":"Time Eater","floor":51,"turns":5}],"seed_played":"7536058612745190739","potions_obtained":[{"floor":4,"key":"FocusPotion"},{"floor":14,"key":"potionbrewer:FireTonic"},{"floor":16,"key":"Milkshake"},{"floor":19,"key":"FairyPotion"},{"floor":20,"key":"theDuelist:DestructPotionPotB"},{"floor":28,"key":"theDuelist:BigTributeBottle"}],"is_trial":false,"path_per_floor":["M","M","?","M","M","E","?","R","T","M","$","R","?","M","R","B",null,"M","M","M","T","M","E","R","M","T","M","M","AVR","M","E","R","B",null,"M","M","?","?","T","E","M","R","T","R","$","M","M","T","R","B","B",null],"character_chosen":"THE_DUELIST","items_purchased":["Replay:Wax Seal","Bag of Marbles","theDuelist:MetronomeRelicB","hubris:EnhanceAbility","Orichalcum","theDuelist:IrisEarthMother+1","Blood Vial"],"campfire_rested":5,"item_purchase_floors":[0,0,0,0,11,45,45],"current_hp_per_floor":[63,59,38,38,26,16,16,37,37,37,37,58,58,58,70,60,68,68,53,39,39,43,43,43,38,38,42,46,46,50,21,42,36,62,54,58,58,58,58,42,46,67,67,67,67,70,70,70,70,63,45],"gold":330,"neow_bonus":"","is_daily":false,"chose_seed":false,"campfire_upgraded":2,"win_rate":0.0,"timestamp":1610393758,"path_taken":["M","?","?","M","M","E","?","R","T","M","$","R","?","M","R","BOSS","M","?","?","?","M","E","R","M","T","M","M","AVR","?","E","R","BOSS","M","M","?","?","?","E","?","R","T","R","?","?","M","?","R","BOSS","BOSS"],"items_purchased_type":["Relic","Relic","Relic","Card","Relic","Card","Relic"],"build_version":"2020-12-22","purchased_purges":1,"victory":true,"max_hp_per_floor":[70,70,70,70,70,70,70,70,70,70,70,70,70,70,70,70,70,70,70,70,70,70,70,70,70,70,70,70,70,70,70,70,70,70,70,70,70,70,70,70,70,70,70,70,70,70,70,70,70,70,70],"card_choices":[{"not_picked":["theDuelist:Kasha","theDuelist:GravityBlaster","theDuelist:SangaEarth","theDuelist:MaleficRainbowDragon","theDuelist:GoldenBlastJuggler"],"picked":"SKIP","floor":1},{"not_picked":["theDuelist:HeartUnderdog","theDuelist:QueenDragunDjinn","theDuelist:StardustDragon","theDuelist:WingedKuribohLv10"],"picked":"theDuelist:IceQueen","floor":2},{"not_picked":["theDuelist:FuryFire","theDuelist:GilfordLegend","theDuelist:HammerShot","theDuelist:PowerGiant","theDuelist:SolemnStrike"],"picked":"SKIP","floor":4},{"not_picked":["theDuelist:IronDraw","theDuelist:OhFish","theDuelist:TyrantWing","theDuelist:RainbowGravity"],"picked":"theDuelist:WhiteHowling","floor":5},{"not_picked":["theDuelist:BeastTalwar","theDuelist:VampireFraulein","theDuelist:KingYami","theDuelist:ShallowGrave","theDuelist:Eva"],"picked":"SKIP","floor":6},{"not_picked":["theDuelist:DragonZombie","theDuelist:FabledAshenveil","theDuelist:FrillerRabca","theDuelist:RainbowDarkDragon"],"picked":"theDuelist:RainbowKuriboh","floor":10},{"not_picked":["theDuelist:MonsterReborn","theDuelist:SangaWater"],"picked":"theDuelist:OrbMetronome","floor":14},{"not_picked":["theDuelist:RainbowNeos","theDuelist:HappyLover","theDuelist:MaleficRainbowDragon","theDuelist:RainbowKuriboh"],"picked":"theDuelist:KamionTimelord","floor":16},{"not_picked":["theDuelist:FearFromDark","theDuelist:GemKnightAmethyst","theDuelist:DesLacooda+1","theDuelist:GammaMagnet","theDuelist:ZombieMammoth"],"picked":"SKIP","floor":18},{"not_picked":["theDuelist:LabyrinthNightmareMetronome","theDuelist:BugMetronome","theDuelist:ArcaneSpellMetronome","theDuelist:RareSkillMetronome","theDuelist:OverflowMetronome+1"],"picked":"SKIP","floor":19},{"not_picked":["theDuelist:SangaThunder","theDuelist:WhiteMagicalHat","theDuelist:MaskedDragon","theDuelist:NeoMagic","theDuelist:DeepDiver"],"picked":"SKIP","floor":20},{"not_picked":["theDuelist:GauntletWarrior","theDuelist:PotAvarice","theDuelist:EarthGiant","theDuelist:RainbowBridge","theDuelist:FeatherPho"],"picked":"SKIP","floor":22},{"not_picked":["theDuelist:WhiteHowling","theDuelist:OhFish","theDuelist:RainbowGravity","theDuelist:RainbowJar"],"picked":"theDuelist:CallGrave","floor":23},{"not_picked":["theDuelist:DestroyerGolem","theDuelist:Fissure","theDuelist:MudGolem","theDuelist:Mudora","theDuelist:SmashingGround"],"picked":"SKIP","floor":25},{"not_picked":["theDuelist:ArchfiendSoldier","theDuelist:IslandTurtle","theDuelist:Illusionist","theDuelist:ShallowGrave","theDuelist:SangaThunder"],"picked":"SKIP","floor":27},{"not_picked":["theDuelist:ZombieWarrior+1","theDuelist:FlyingSaucer","theDuelist:Illusionist","theDuelist:SummonedSkull","theDuelist:WhiteNinja"],"picked":"SKIP","floor":28},{"not_picked":["theDuelist:WhiteHowling","theDuelist:VioletCrystal","theDuelist:Yami","theDuelist:RainbowRuins"],"picked":"SKIP","floor":30},{"not_picked":["theDuelist:ClearKuriboh","theDuelist:HorusServant","theDuelist:FrillerRabca","theDuelist:GemKnightAmethyst","theDuelist:GarbageLord"],"picked":"SKIP","floor":31},{"not_picked":["theDuelist:RainbowNeos+1","theDuelist:MaleficRainbowDragon","theDuelist:RainbowDarkDragon","theDuelist:RainbowOverdragon"],"picked":"theDuelist:HappyLover","floor":33},{"not_picked":["theDuelist:GoldenBlastJuggler+1","theDuelist:QueenDragunDjinn","theDuelist:StardustDragon","theDuelist:RainbowJar"],"picked":"theDuelist:Metronome+1","floor":35},{"not_picked":["theDuelist:CardSafeReturn+1","theDuelist:Jinzo","theDuelist:WhiteHornDragon+1","theDuelist:RainbowRefraction"],"picked":"SKIP","floor":36},{"not_picked":["theDuelist:PatricianDarkness","theDuelist:KingYami+1","theDuelist:SuperSolarNutrient+1","theDuelist:BabyDragon","theDuelist:Wingedtortoise"],"picked":"SKIP","floor":40},{"not_picked":["theDuelist:NeoMagic","theDuelist:Illusionist+1","theDuelist:Eva","theDuelist:RainbowKuriboh+1","theDuelist:IceQueen"],"picked":"SKIP","floor":41},{"not_picked":["theDuelist:Hinotama","theDuelist:BattleFootballer","theDuelist:GreenGraveOni+1","theDuelist:FluteKuriboh","theDuelist:EarthEffigy"],"picked":"SKIP","floor":46},{"not_picked":["theDuelist:Fissure","theDuelist:WormBarses+1","theDuelist:GemArmadillo+1","theDuelist:GiantTrapHole","theDuelist:WormWarlord"],"picked":"SKIP","floor":47}],"player_experience":599630,"relics_obtained":[{"floor":6,"key":"HollowMod:StagPassRelic"},{"floor":9,"key":"hubris:SlimyHat"},{"floor":21,"key":"infinitespire:CheckeredPen"},{"floor":23,"key":"Tiny Chest"},{"floor":26,"key":"Replay:Bottled Flurry"},{"floor":31,"key":"Gremlin Food"},{"floor":39,"key":"infinitespire:Midas Blood"},{"floor":40,"key":"infinitespire:Satchel"},{"floor":43,"key":"ReplayTheSpireMod:TigerMarble"},{"floor":48,"key":"aspiration:TomeofQuesting"}],"event_choices":[{"damage_healed":59,"gold_gain":0,"player_choice":"Upgrade","damage_taken":21,"max_hp_gain":0,"max_hp_loss":70,"event_name":"betterThird:BetterShining","floor":3,"gold_loss":0,"cards_upgraded":["theDuelist:CastleWalls","theDuelist:Eva"]},{"damage_healed":0,"gold_gain":0,"player_choice":"Upgraded","damage_taken":0,"max_hp_gain":0,"max_hp_loss":0,"event_name":"Upgrade Shrine","floor":13,"gold_loss":0,"cards_upgraded":["hubris:EnhanceAbility"]},{"damage_healed":0,"gold_gain":0,"player_choice":"Memory 1","damage_taken":0,"max_hp_gain":0,"max_hp_loss":0,"event_name":"SensoryStone","floor":38,"gold_loss":0}],"is_beta":false,"boss_relics":[{"not_picked":["infinitespire:Cupcake","Kintsugi"],"picked":"aspiration:IroncladSkillbook"},{"not_picked":["Replay:Ancient Bell","Replay:Bronze Core"],"picked":"hubris:ScarierMask"}],"items_purged_floors":[29],"is_endless":false,"potions_floor_spawned":[4,14,16,19,20,25,28,31,36,40],"ascension_level":20}}