{"host":"bpkhhmvsfrvlto2l","time":1610396840,"event":{"mods":["2.2 Compatiblity","AchievementEnabler","Act Like it!","AlwaysNeverKeys","Aspiration","BaseMod","Better Silent Start","Challenge The Spire","Colored Map","Colored Powertips","Custom Start","Downfall","Energized Spire","Friendly Minions","GifTheSpireLib","Halation","Hubris","Infinite Spire","Ironclad Rager","Mimic Mod","Minty Spire (QoL Compilation)","Permanent Neow","Quick Restart","Random Character Button","Relic Sorter","Replay The Spire","Spikes Relics","StSLib","Stuff the Spire","Swap Starting Deck Mod","Trackpad"],"gold_per_floor":[115,125,100,100,0,0,25,25,25,56,56,156,184,137,137,237,237,247,263,188,198,198,198,216,216,216,216,216,235,235,255,255,352,352,369,369,369],"floor_reached":36,"playtime":681,"items_purged":["Rip and Tear"],"score":654,"play_id":"5892eee2-b952-47d2-a434-fdb4b2dc13c3","local_time":"20210111152720","is_ascension_mode":true,"campfire_choices":[{"data":"All For One","floor":6.0,"key":"SMITH"},{"data":"Gash","floor":8.0,"key":"SMITH"},{"data":"Gash","floor":11.0,"key":"SMITH"},{"data":"Gash","floor":15.0,"key":"SMITH"},{"data":"Gash","floor":23.0,"key":"SMITH"},{"data":"Gash","floor":25.0,"key":"SMITH"},{"data":"Gash","floor":28.0,"key":"SMITH"},{"data":"Reprogram","floor":32,"key":"SMITH"}],"circlet_count":0,"master_deck":["Gash+1","Gash+1","Gash+1","Gash+1","Reprogram+1","Steam","Steam","Steam","All For One+1","Gash+1","Gash+1"],"relics":["Cracked Core","hubris:Icosahedron","Frozen Egg 2","Solar Panel","StuffTheSpire:Tea","Durian","SlaversCollar","energizedSpire:DeadBattery","Lee\u0027s Waffle","hubris:ScarierMask"],"acts_visited":["Exordium","TheCity","TheBeyond"],"potions_floor_usage":[29,29,29,33],"damage_taken":[{"damage":0.0,"enemies":"Small Slimes","floor":1.0,"turns":2.0},{"damage":0.0,"enemies":"2 Louse","floor":2.0,"turns":2.0},{"damage":0.0,"enemies":"3 Sentries","floor":7.0,"turns":4.0},{"damage":0.0,"enemies":"Gremlin Nob","floor":10.0,"turns":2.0},{"damage":0.0,"enemies":"3 Sentries","floor":13.0,"turns":4.0},{"damage":1.0,"enemies":"The Guardian","floor":16.0,"turns":6.0},{"damage":0.0,"enemies":"Shell Parasite","floor":18.0,"turns":2.0},{"damage":3.0,"enemies":"2 Thieves","floor":19.0,"turns":3.0},{"damage":4.0,"enemies":"Chosen and Byrds","floor":21.0,"turns":2.0},{"damage":0.0,"enemies":"3 Cultists","floor":24.0,"turns":3.0},{"damage":9,"enemies":"Snake Plant","floor":29,"turns":2},{"damage":1,"enemies":"Chosen and Byrds","floor":31,"turns":3},{"damage":10,"enemies":"hubris:MusketHawk","floor":33,"turns":4},{"damage":11,"enemies":"3 Darklings","floor":35,"turns":2},{"damage":9,"enemies":"infinitespire:Three Voidlings","floor":36,"turns":3},{"damage":60,"enemies":"Nightmare_Alpha","floor":36,"turns":10}],"seed_played":"436602656565325785","potions_obtained":[{"floor":1.0,"key":"Swift Potion"},{"floor":16.0,"key":"AttackPotion"},{"floor":19.0,"key":"SkillPotion"},{"floor":29,"key":"SteroidPotion"},{"floor":35,"key":"Explosive Potion"}],"is_trial":false,"path_per_floor":["M","M","?","?","$","R","E","R","T","E","R","?","E","$","R","B",null,"M","M","$","M","AVR","R","M","R","T","?","R","M","?","M","R","B",null,"M","?"],"character_chosen":"DEFECT","items_purchased":["All For One","Gash"],"campfire_rested":0,"item_purchase_floors":[5,14],"current_hp_per_floor":[57,57,57,57,57,57,57,57,57,57,57,57,62,62,62,62,62,62,61,61,59,69,69,69,69,69,69,69,64,69,69,69,61,67,58,0,0],"gold":369,"neow_bonus":"","is_daily":false,"chose_seed":false,"campfire_upgraded":8,"win_rate":0.0,"timestamp":1610396840,"path_taken":["M","M","?","?","$","R","E","R","T","E","R","?","E","$","R","BOSS","M","?","$","M","AVR","R","M","R","T","?","R","M","?","?","R","BOSS","M","?"],"items_purchased_type":["Card","Card"],"build_version":"2020-12-22","purchased_purges":1,"victory":false,"max_hp_per_floor":[57,57,57,57,57,57,57,57,57,57,57,57,62,62,62,62,62,62,62,62,62,69,69,69,69,69,69,69,69,69,69,69,69,69,69,69,69],"card_choices":[{"not_picked":["Compile Driver","Go for the Eyes","Undo"],"picked":"SKIP","floor":1.0},{"not_picked":["StuffTheSpire:Synthwave","Conserve Battery","Compile Driver"],"picked":"SKIP","floor":2.0},{"not_picked":["Steam","Defragment+1","Panic Button"],"picked":"SKIP","floor":7.0},{"not_picked":["StuffTheSpire:Plugnplay","Sunder","Steam"],"picked":"SKIP","floor":10.0},{"not_picked":["Core Surge","StuffTheSpire:ShieldGenerator","StuffTheSpire:NuclearReactor"],"picked":"SKIP","floor":13.0},{"not_picked":["Stack+1","Leap","ReplayTheSpireMod:Repulse"],"picked":"SKIP","floor":18.0},{"not_picked":["Undo+1","hubris:PowerSurge+1"],"picked":"Gash","floor":19.0},{"not_picked":["Force Field","BasicCrystalCard","Reinforced Body"],"picked":"SKIP","floor":21.0},{"not_picked":["Chaos+1","Rebound+1","Conserve Battery+1"],"picked":"SKIP","floor":24.0},{"not_picked":["BasicCrystalCard","Steam","StuffTheSpire:Plugnplay"],"picked":"SKIP","floor":29},{"not_picked":["Consume","Turbo+1","Sweeping Beam"],"picked":"SKIP","floor":31},{"not_picked":["ReplayGash","Stack","Compile Driver"],"picked":"SKIP","floor":35}],"player_experience":70176,"relics_obtained":[{"floor":7.0,"key":"Frozen Egg 2"},{"floor":9.0,"key":"Solar Panel"},{"floor":10.0,"key":"StuffTheSpire:Tea"},{"floor":13.0,"key":"Durian"}],"event_choices":[{"damage_healed":0.0,"max_hp_gain":0.0,"max_hp_loss":0.0,"gold_gain":0.0,"event_name":"World of Goop","player_choice":"Left Gold","floor":3.0,"gold_loss":25.0,"damage_taken":0.0},{"damage_healed":0.0,"max_hp_gain":0.0,"max_hp_loss":0.0,"gold_gain":0.0,"event_name":"Liars Game","player_choice":"Ignored","floor":4.0,"gold_loss":0.0,"damage_taken":0.0},{"damage_healed":0.0,"max_hp_gain":0.0,"max_hp_loss":0.0,"gold_gain":100.0,"event_name":"Golden Shrine","player_choice":"Pray","floor":12.0,"gold_loss":0.0,"damage_taken":0.0},{"cards_removed":["Steam"],"damage_healed":5,"gold_gain":0,"player_choice":"Offered Common","damage_taken":0,"max_hp_gain":0,"max_hp_loss":0,"event_name":"Bonfire Elementals","floor":30,"gold_loss":0},{"cards_removed":["Steam"],"damage_healed":5,"gold_gain":0,"player_choice":"Offered Special","damage_taken":0,"max_hp_gain":0,"max_hp_loss":0,"event_name":"Bonfire Elementals","floor":30,"gold_loss":0}],"is_beta":false,"boss_relics":[{"not_picked":["Fusion Hammer","energizedSpire:UnstableMolecules"],"picked":"SlaversCollar"},{"not_picked":["StuffTheSpire:RunicConfusion","halation:HeavySnake"],"picked":"hubris:ScarierMask"}],"items_purged_floors":[20],"is_endless":false,"potions_floor_spawned":[1,16,19,24,29,35],"killed_by":"Nightmare_Alpha","ascension_level":5}}