{"host":"fhq3k2nq5elnbks3","time":1610353634,"event":{"mods":["100% Spire Juice","2.2 Compatiblity","AchievementEnabler","Act Like it!","AlwaysNeverKeys","Aspiration","BaseMod","Better-Laid Plans","Block Reminder","Card Filter","Colored Powertips","Displayed Cursed Tome","GifTheSpireLib","Gremlin Skip","HololiveMod","Minty Spire (QoL Compilation)","Permanent Neow","Prisma Mod","Quick Restart","Reimu??????","Relic Filter","Shop Mod","Spikes Relics","StSLib","SuperFastMode","The Animator","The Gatherer","The Wild Card","TheBandit","Transform Curses","Uncapped","Unknown Chances","thorton","vexMod"],"gold_per_floor":[85,101,116,116,134,134,59,83,83,83,93,104,104,121,121,229,229,254,69,88,88,88,92,92],"floor_reached":23,"playtime":1129,"items_purged":[],"score":294,"play_id":"615860ca-0b81-4c94-bac6-8f3ca7ff81fc","local_time":"20210111022714","is_ascension_mode":true,"campfire_choices":[{"data":"Hololive_CallUsadaPekora","floor":6,"key":"SMITH"},{"data":"Hololive_CallShishiroBotan","floor":10,"key":"SMITH"},{"data":"Hololive_CallOzoraSubaru","floor":13,"key":"SMITH"},{"data":"Hololive_CallYuzukiChoco","floor":15,"key":"SMITH"}],"circlet_count":0,"master_deck":["Hololive_CallMinatoAqua","Hololive_CallUsadaPekora+1","Hololive_CallMurasakiShion","Hololive_CallShiranuiFlare","Hololive_CallSpadeEcho+1","Hololive_Breathe","Hololive_Strike","Hololive_Strike","Hololive_Defend","Hololive_Defend","Hololive_CallShishiroBotan+1","Hololive_FlyingPonyTail","Hololive_CallOzoraSubaru+1","Hololive_CallYuzukiChoco+1","Hololive_CallUruhaRushia","Hololive_CallShiroganeNoel","Hololive_Thief","Hololive_CallFriendA","Hololive_CallTokinoSora"],"relics":["Hololive_TheStar","Ancient Tea Set","thethorton:CrushedCigarette","MerchantsRug","Enchiridion"],"acts_visited":["Exordium","TheCity"],"potions_floor_usage":[],"damage_taken":[{"damage":0,"enemies":"Small Slimes","floor":1,"turns":3},{"damage":0,"enemies":"2 Louse","floor":2,"turns":2},{"damage":0,"enemies":"Jaw Worm","floor":3,"turns":3},{"damage":0,"enemies":"Looter","floor":5,"turns":3},{"damage":3,"enemies":"Lots of Slimes","floor":8,"turns":4},{"damage":0,"enemies":"Blue Slaver","floor":11,"turns":2},{"damage":0,"enemies":"Looter","floor":12,"turns":3},{"damage":0,"enemies":"Large Slime","floor":14,"turns":4},{"damage":0,"enemies":"The Guardian","floor":16,"turns":5},{"damage":0,"enemies":"Shell Parasite","floor":18,"turns":3},{"damage":0,"enemies":"2 Thieves","floor":20,"turns":4},{"damage":27,"enemies":"Gremlin Leader","floor":23,"turns":8}],"seed_played":"5744891378936253926","potions_obtained":[{"floor":2,"key":"Fire Potion"},{"floor":12,"key":"PowerPotion"},{"floor":14,"key":"Energy Potion"}],"is_trial":false,"path_per_floor":["M","M","M","$","M","R","$","M","T","R","M","M","R","M","R","B",null,"M","$","M","?","?","E"],"character_chosen":"Hololive_HololiveCharacter","items_purchased":["Hololive_CallYuzukiChoco","MerchantsRug","Hololive_CallFriendA"],"campfire_rested":0,"item_purchase_floors":[7,19,19],"current_hp_per_floor":[35,35,35,35,35,35,35,32,32,32,32,32,32,32,32,32,34,34,34,34,30,14,0,0],"gold":92,"neow_bonus":"UPGRADE_CARD","is_daily":false,"chose_seed":false,"campfire_upgraded":4,"win_rate":0.0,"timestamp":1610353634,"path_taken":["M","M","M","$","M","R","$","M","T","R","M","M","R","M","R","BOSS","M","$","M","?","?","E"],"items_purchased_type":["Card","Relic","Card"],"build_version":"2020-12-22","purchased_purges":0,"victory":false,"max_hp_per_floor":[35,35,35,35,35,35,35,35,35,35,35,35,35,35,35,35,35,35,35,35,40,40,40,40],"card_choices":[{"not_picked":["Hololive_LuckPotion","Hololive_FlyingPonyTail","Hololive_Rebound"],"picked":"Hololive_CallShishiroBotan","floor":1},{"not_picked":["Hololive_OvertimeWork","Hololive_HuntDinosaur","Hololive_Rebound"],"picked":"Hololive_FlyingPonyTail","floor":2},{"not_picked":["Hololive_SoulCatcher","Hololive_Sequa","Hololive_OvertimeWork","Hololive_LuckPotion"],"picked":"SKIP","floor":3},{"not_picked":["Hololive_StrengthChampion","Hololive_Spy","Hololive_DurableLive"],"picked":"Hololive_CallOzoraSubaru","floor":5},{"not_picked":["Hololive_LuckPotion","Hololive_StrengthChampion","Hololive_HuntDinosaur","Hololive_DurableLive"],"picked":"SKIP","floor":8},{"not_picked":["Hololive_StrengthChampion","Hololive_LuckPotion","Hololive_Breathe","Hololive_OvertimeWork"],"picked":"SKIP","floor":11},{"not_picked":["Hololive_LuckPotion","Hololive_OvertimeWork","Hololive_StrengthChampion"],"picked":"Hololive_CallUruhaRushia","floor":12},{"not_picked":["Hololive_CallManoAloe","Hololive_Breathe","Hololive_Sequa"],"picked":"Hololive_CallShiroganeNoel","floor":14},{"not_picked":["Hololive_Recruit","Hololive_DDD","Hololive_IdolExercise"],"picked":"Hololive_Thief","floor":16},{"not_picked":["Hololive_HuntDinosaur","Hololive_Breathe","Hololive_StrengthChampion","Hololive_Rebound+1"],"picked":"SKIP","floor":18},{"not_picked":["Hololive_FlyingPonyTail","Hololive_Trident","Hololive_OvertimeWork"],"picked":"Hololive_CallTokinoSora","floor":20}],"player_experience":473529,"relics_obtained":[{"floor":9,"key":"Ancient Tea Set"}],"event_choices":[{"damage_healed":0,"gold_gain":0,"player_choice":"Shed Blood","damage_taken":9,"max_hp_gain":5,"max_hp_loss":0,"event_name":"Forgotten Altar","floor":21,"gold_loss":0},{"damage_healed":0,"gold_gain":0,"player_choice":"Obtained Book","damage_taken":16,"max_hp_gain":0,"max_hp_loss":0,"event_name":"Cursed Tome","floor":22,"gold_loss":0}],"is_beta":false,"boss_relics":[{"not_picked":["aspiration:WatcherSkillbook","Runic Dome"],"picked":"thethorton:CrushedCigarette"}],"items_purged_floors":[],"is_endless":false,"potions_floor_spawned":[2,12,14,16],"killed_by":"Gremlin Leader","ascension_level":5}}