{"host":"cjmwurvrz00ml9vd","time":1610402905,"event":{"mods":["2.2 Compatiblity","AchievementEnabler","Act Like it!","Aspiration","BaseMod","Beaked The Cultist","Better Third Choice","BetterRewards","Colored Powertips","Conspire","Downfall","Energized Spire","Infinite Spire","Marisa????????","Marked Mod","Minty Spire (QoL Compilation)","Replay The Spire","Say the Spire","StSLib","The Blackbeard","The Cursed","The Disciple","The Hierophant","The Jungle","The Necromancer","The Servant 0.9.4","TheFirefly","vexMod"],"gold_per_floor":[128,128,162,162,190,190,231,261,286,313,339,373,227,227,227,344,344,372,401,433,94,126,169,169,216,216,250,250,279,279,322,322,449,449,481,516,157,192,227,227,274,317,317,317,350,350,350,350,350,371],"floor_reached":51,"playtime":2134,"items_purged":[],"score":1097,"play_id":"1379c05f-98cb-469b-9585-b8ae98ded759","local_time":"20210111230825","is_ascension_mode":true,"campfire_choices":[{"data":"blackbeard:Cutlass","floor":6,"key":"SMITH"},{"floor":24,"key":"REST"},{"floor":30,"key":"REST"},{"floor":32,"key":"DIG"},{"floor":40,"key":"REST"},{"floor":44,"key":"REST"},{"data":"blackbeard:Salvager","floor":49,"key":"SMITH"}],"circlet_count":0,"master_deck":["blackbeard:BlackbeardStrike","blackbeard:BlackbeardStrike+1","blackbeard:BlackbeardStrike","blackbeard:BlackbeardStrike+1","blackbeard:IntimidatingStrike+1","blackbeard:BlackbeardDefend","blackbeard:BlackbeardDefend","blackbeard:BlackbeardDefend","blackbeard:BlackbeardDefend","blackbeard:Cutlass+1","blackbeard:AgileStrike","blackbeard:CaptainsCabin+1","blackbeard:RearmingStrike","blackbeard:WiseDefense","blackbeard:BlindAttacks","blackbeard:Spear","blackbeard:BoostMorale","blackbeard:BoostMorale","blackbeard:Dagger","blackbeard:CloakAndCannonball","Impatience","blackbeard:GoldenStrike+1","blackbeard:FieryDefense","blackbeard:WeaponMastery","blackbeard:Dagger+1","blackbeard:ReapersScythe+1","blackbeard:Recklessness+1","blackbeard:GoldenDefense+1","blackbeard:Salvager+1","blackbeard:Scrap","infinitespire:FutureSight"],"relics":["blackbeard:LoadTheCannons","blackbeard:TreasureChest","Art of War","Whetstone","Vajra","Mirror","Counterbalance","infinitespire:Midas Blood","BranchBurnRelic","Toy Ornithopter","Pen Nib","conspire:RunicOctahedron","vexMod:ScavengeHelm","Unceasing Top","conspire:GlowingRock"],"acts_visited":["Exordium","TheCity","TheBeyond"],"potions_floor_usage":[16,20,25,27,31,33,36,41,42,42],"damage_taken":[{"damage":2,"enemies":"2 Louse","floor":1,"turns":2},{"damage":0,"enemies":"Jaw Worm","floor":3,"turns":2},{"damage":0,"enemies":"Cultist","floor":5,"turns":2},{"damage":9,"enemies":"3 Sentries","floor":7,"turns":6},{"damage":0,"enemies":"Looter","floor":8,"turns":2},{"damage":3,"enemies":"Large Slime","floor":10,"turns":4},{"damage":0,"enemies":"Exordium Wildlife","floor":11,"turns":3},{"damage":0,"enemies":"3 Louse","floor":12,"turns":1},{"damage":0,"enemies":"Slime Boss","floor":16,"turns":6},{"damage":0,"enemies":"Chosen","floor":18,"turns":3},{"damage":5,"enemies":"3 Byrds","floor":19,"turns":5},{"damage":6,"enemies":"3 Cultists","floor":20,"turns":4},{"damage":7,"enemies":"Chosen and Byrds","floor":22,"turns":5},{"damage":52,"enemies":"Slavers","floor":23,"turns":4},{"damage":10,"enemies":"conspire:MimicChest","floor":25,"turns":5},{"damage":1,"enemies":"Cultist and Chosen","floor":27,"turns":4},{"damage":4,"enemies":"Snake Plant","floor":29,"turns":3},{"damage":7,"enemies":"conspire:Head Lice","floor":31,"turns":5},{"damage":36,"enemies":"conspire:MysteriousRune","floor":33,"turns":10},{"damage":0,"enemies":"Orb Walker","floor":35,"turns":2},{"damage":17,"enemies":"3 Darklings","floor":36,"turns":5},{"damage":26,"enemies":"4 Shapes","floor":38,"turns":5},{"damage":36,"enemies":"Transient","floor":39,"turns":5},{"damage":6,"enemies":"beaked:SuperParasite","floor":41,"turns":5},{"damage":22,"enemies":"Writhing Mass","floor":42,"turns":4},{"damage":1,"enemies":"3 Darklings","floor":45,"turns":3},{"damage":19,"enemies":"infinitespire:MassOfShapes","floor":50,"turns":3}],"seed_played":"7541285139273806113","potions_obtained":[{"floor":1,"key":"Dexterity Potion"},{"floor":3,"key":"Toxic Potion"},{"floor":8,"key":"blackbeard:RumPotion"},{"floor":11,"key":"SteroidPotion"},{"floor":20,"key":"AttackPotion"},{"floor":23,"key":"Adrenaline Potion"},{"floor":25,"key":"Dexterity Potion"},{"floor":29,"key":"Explosive Potion"},{"floor":31,"key":"FairyPotion"},{"floor":33,"key":"LiquidMemories"},{"floor":35,"key":"champ:CounterPotion"},{"floor":39,"key":"Swift Potion"},{"floor":41,"key":"blackbeard:OrangeJuicePotion"}],"is_trial":false,"path_per_floor":["M","?","M","?","M","R","E","M","T","M","M","M","$","?","R","B",null,"M","M","M","$","M","E","R","?","T","M","?","M","R","E","R","B",null,"M","M","$","M","M","R","E","M","T","R","M","?","AVR","?","R","B",null],"character_chosen":"BLACKBEARD_CLASS","items_purchased":["blackbeard:TreasureChest","blackbeard:AgileStrike","Vajra","Impatience","Mirror","blackbeard:ReapersScythe+1","vexMod:ScavengeHelm"],"campfire_rested":4,"item_purchase_floors":[0,0,13,21,21,37,37],"current_hp_per_floor":[62,47,47,47,47,47,38,38,38,35,35,35,35,43,43,43,75,75,70,64,64,57,5,27,17,17,16,16,12,34,41,41,25,75,75,63,63,37,1,23,36,32,32,54,62,62,62,62,62,52],"gold":371,"neow_bonus":"","is_daily":false,"chose_seed":false,"campfire_upgraded":2,"win_rate":0.0,"timestamp":1610402905,"path_taken":["M","?","M","?","M","R","E","?","T","M","M","M","$","?","R","BOSS","M","M","M","$","M","E","R","?","T","M","?","M","R","E","R","BOSS","M","M","$","M","M","R","E","M","T","R","M","?","AVR","?","R","BOSS"],"items_purchased_type":["Relic","Card","Relic","Card","Relic","Card","Relic"],"build_version":"2020-12-22","purchased_purges":0,"victory":true,"max_hp_per_floor":[75,75,75,75,75,75,75,75,75,75,75,75,75,75,75,75,75,75,75,75,75,75,75,75,75,75,75,75,75,75,75,75,75,75,75,75,75,75,75,75,75,75,75,75,75,75,75,75,75,75],"card_choices":[{"not_picked":["blackbeard:DoubleBottom","blackbeard:Fencing"],"picked":"blackbeard:CaptainsCabin","floor":1},{"not_picked":["blackbeard:Provisioning","blackbeard:WeaponProficiency"],"picked":"blackbeard:RearmingStrike","floor":3},{"not_picked":["blackbeard:Shrapnel","blackbeard:ArmorUp","blackbeard:Sword"],"picked":"SKIP","floor":5},{"not_picked":["blackbeard:Scrap","blackbeard:Spear","blackbeard:RearmingStrike"],"picked":"SKIP","floor":7},{"not_picked":["blackbeard:GhostInTheRum","blackbeard:PowerHungry"],"picked":"blackbeard:WiseDefense","floor":8},{"not_picked":["blackbeard:AgileStrike","blackbeard:Sharpening"],"picked":"blackbeard:BlindAttacks","floor":10},{"not_picked":["blackbeard:WiseDefense","blackbeard:BrownPants"],"picked":"blackbeard:Spear","floor":11},{"not_picked":["blackbeard:WeaponProficiency","blackbeard:RearmingStrike"],"picked":"blackbeard:BoostMorale","floor":12},{"not_picked":["blackbeard:HumongousCannonball","blackbeard:Lifeboat"],"picked":"blackbeard:BoostMorale","floor":16},{"not_picked":["blackbeard:TacticalRetreat","blackbeard:WiseDefense+1","blackbeard:Upgrade"],"picked":"SKIP","floor":18},{"not_picked":["blackbeard:WiseDefense","blackbeard:PiratesWill"],"picked":"blackbeard:Dagger","floor":19},{"not_picked":["blackbeard:TacticalRetreat","blackbeard:Toast"],"picked":"blackbeard:CloakAndCannonball","floor":20},{"not_picked":["blackbeard:WoodenLeg","blackbeard:Toast"],"picked":"blackbeard:GoldenStrike+1","floor":22},{"not_picked":["blackbeard:BlindAttacks+1","blackbeard:BeatUp","blackbeard:GhostInTheRum+1"],"picked":"SKIP","floor":23},{"not_picked":["blackbeard:CloakAndCannonball+1","blackbeard:BeatUp","blackbeard:DoubleBottom"],"picked":"SKIP","floor":27},{"not_picked":["blackbeard:Shrapnel","blackbeard:CaptainsCabin"],"picked":"blackbeard:FieryDefense","floor":29},{"not_picked":["blackbeard:TacticalRetreat+1","blackbeard:Sword+1","blackbeard:Lifeboat"],"picked":"SKIP","floor":31},{"not_picked":["blackbeard:CaptainsHat","blackbeard:PowerHungry"],"picked":"blackbeard:WeaponMastery","floor":33},{"not_picked":["blackbeard:Shrapnel+1","blackbeard:CloakAndCannonball","blackbeard:TerrorOfTheSeas"],"picked":"SKIP","floor":35},{"not_picked":["blackbeard:BlindAttacks","blackbeard:CloakAndCannonball"],"picked":"blackbeard:Dagger+1","floor":36},{"not_picked":["blackbeard:RearmingStrike","blackbeard:Shrapnel+1"],"picked":"blackbeard:Recklessness+1","floor":38},{"not_picked":["blackbeard:Toast","blackbeard:GoldenStrike+1"],"picked":"blackbeard:GoldenDefense+1","floor":39},{"not_picked":["blackbeard:WiseDefense","blackbeard:Shrapnel+1","blackbeard:VengefulSpirit"],"picked":"SKIP","floor":41},{"not_picked":["blackbeard:CloakAndCannonball","blackbeard:PirateHook"],"picked":"blackbeard:Salvager","floor":42},{"not_picked":["blackbeard:Revenge","blackbeard:Fencing"],"picked":"blackbeard:Scrap","floor":45}],"player_experience":636451,"relics_obtained":[{"floor":7,"key":"Art of War"},{"floor":9,"key":"Whetstone"},{"floor":23,"key":"Dead Branch"},{"floor":25,"key":"Counterbalance"},{"floor":26,"key":"infinitespire:Midas Blood"},{"floor":31,"key":"Toy Ornithopter"},{"floor":32,"key":"Pen Nib"},{"floor":41,"key":"Unceasing Top"},{"floor":43,"key":"conspire:GlowingRock"}],"event_choices":[{"damage_healed":62,"gold_gain":0,"player_choice":"Upgrade","damage_taken":15,"max_hp_gain":0,"max_hp_loss":75,"event_name":"betterThird:BetterShining","floor":2,"gold_loss":0,"cards_upgraded":["blackbeard:BlackbeardStrike","blackbeard:CaptainsCabin"]},{"damage_healed":0,"gold_gain":0,"player_choice":"Bought 0 Potions","damage_taken":0,"max_hp_gain":0,"max_hp_loss":0,"event_name":"The Woman in Blue","floor":4,"gold_loss":0},{"damage_healed":0,"gold_gain":0,"player_choice":"Ignored","damage_taken":0,"max_hp_gain":0,"max_hp_loss":0,"event_name":"Beggar","floor":28,"gold_loss":0}],"is_beta":false,"boss_relics":[{"not_picked":["vexMod:EndlessSickness","Velvet Choker","infinitespire:Cupcake"]},{"not_picked":["Abe\u0027s Treasure","Fusion Hammer"],"picked":"conspire:RunicOctahedron"}],"items_purged_floors":[],"is_endless":false,"potions_floor_spawned":[1,3,8,11,20,23,25,29,31,33,35,39,41],"ascension_level":1}}