{"host":"g01l53quoe6lrer0","time":1610365384,"event":{"mods":["2.2 Compatiblity","AchievementEnabler","BaseMod","Colored Map","Highlight Path","Keyboard Shortcuts","Minty Spire (QoL Compilation)","Permanent Neow","StSLib","SuperFastMode","everything is the same but u backflip on backflip"],"gold_per_floor":[110,127,144,219,60,60,60,60,60,94,3,29,49,59,59,133,133,145,164,190,237,237,237,49,61,112,137,93,106,31,31,31,105,105,119,119,130,45,72,72,105,105,105,105,116,116,59,69,69,69,69],"floor_reached":52,"playtime":2455,"items_purged":["Regret","Regret"],"score":1847,"play_id":"fb780fdd-6899-44a6-83ac-5a4d3f7f046d","local_time":"20210111204304","is_ascension_mode":true,"campfire_choices":[{"data":"Apotheosis","floor":6.0,"key":"SMITH"},{"data":"Immolate","floor":8.0,"key":"SMITH"},{"floor":15.0,"key":"REST"},{"floor":23.0,"key":"REST"},{"floor":32.0,"key":"REST"},{"data":"Barricade","floor":40.0,"key":"SMITH"},{"data":"Bandage Up","floor":42.0,"key":"SMITH"},{"data":"Madness","floor":46.0,"key":"SMITH"},{"floor":49.0,"key":"REST"}],"circlet_count":0,"master_deck":["AscendersBane","Defend_R","Defend_R","Defend_R","Defend_R","Bash","Apotheosis+1","Shockwave","Pommel Strike","Immolate+1","Entrench","Battle Trance","Bandage Up+1","True Grit","Rampage","Reaper","Warcry","Impervious","Bite","Bite","Bite","Bite","Barricade+1","Flame Barrier","Entrench","Battle Trance","Headbutt","Sever Soul","Madness","Madness+1","Purity","Body Slam+1","True Grit"],"relics":["Black Blood","Centennial Puzzle","Bottled Lightning","Bag of Preparation","Tiny Chest","Red Mask","Strawberry","Oddly Smooth Stone","MealTicket","Runic Pyramid","Toy Ornithopter","Akabeko","Blue Candle"],"acts_visited":["Exordium","TheCity","TheBeyond"],"potions_floor_usage":[50],"damage_taken":[{"damage":6.0,"enemies":"Small Slimes","floor":1.0,"turns":4.0},{"damage":15.0,"enemies":"Jaw Worm","floor":2.0,"turns":6.0},{"damage":10.0,"enemies":"2 Louse","floor":3.0,"turns":3.0},{"damage":27.0,"enemies":"3 Sentries","floor":10.0,"turns":6.0},{"damage":25.0,"enemies":"Lagavulin","floor":12.0,"turns":6.0},{"damage":2.0,"enemies":"Exordium Wildlife","floor":13.0,"turns":2.0},{"damage":11.0,"enemies":"Large Slime","floor":14.0,"turns":6.0},{"damage":46.0,"enemies":"Hexaghost","floor":16.0,"turns":10.0},{"damage":32.0,"enemies":"Spheric Guardian","floor":18.0,"turns":5.0},{"damage":32.0,"enemies":"Shell Parasite","floor":19.0,"turns":7.0},{"damage":23.0,"enemies":"Masked Bandits","floor":20.0,"turns":3.0},{"damage":66.0,"enemies":"Shelled Parasite and Fungi","floor":25.0,"turns":9.0},{"damage":12.0,"enemies":"Cultist and Chosen","floor":29.0,"turns":7.0},{"damage":16.0,"enemies":"Automaton","floor":33.0,"turns":23.0},{"damage":18.0,"enemies":"3 Shapes","floor":35.0,"turns":10.0},{"damage":20.0,"enemies":"Orb Walker","floor":37.0,"turns":8.0},{"damage":0.0,"enemies":"Giant Head","floor":41.0,"turns":19.0},{"damage":46.0,"enemies":"Sphere and 2 Shapes","floor":45.0,"turns":17.0},{"damage":17.0,"enemies":"3 Darklings","floor":48.0,"turns":4.0},{"damage":58,"enemies":"Time Eater","floor":50,"turns":15},{"damage":35,"enemies":"Donu and Deca","floor":51,"turns":10}],"seed_played":"-9199103289584898183","potions_obtained":[{"floor":1.0,"key":"EssenceOfSteel"},{"floor":3.0,"key":"Ancient Potion"},{"floor":12.0,"key":"SpeedPotion"},{"floor":16.0,"key":"Weak Potion"},{"floor":18.0,"key":"Strength Potion"},{"floor":29.0,"key":"Strength Potion"},{"floor":37.0,"key":"LiquidMemories"}],"is_trial":false,"path_per_floor":["M","M","M","?","$","R","?","R","T","E","$","E","M","M","R","B",null,"M","M","?","T","?","R","$","M","T","T","$","M","?","?","R","B",null,"M","?","M","$","T","R","E","R","T","?","M","R","$","M","R","B","B",null],"character_chosen":"IRONCLAD","items_purchased":["Entrench","Bandage Up","Barricade","Entrench","Sever Soul","True Grit"],"campfire_rested":4,"item_purchase_floors":[5,11,24,28,38,47],"current_hp_per_floor":[68,59,55,44,44,44,44,44,44,23,23,10,20,21,43,9,59,45,29,24,31,31,48,48,21,21,21,36,51,51,36,54,62,62,62,62,62,62,62,62,62,62,62,52,62,62,62,62,62,40,26],"gold":69,"neow_bonus":"RANDOM_COLORLESS_2","is_daily":false,"chose_seed":false,"campfire_upgraded":5,"win_rate":0.0,"timestamp":1610365384,"path_taken":["M","M","M","?","$","R","?","R","T","E","?","E","M","M","R","BOSS","M","M","?","?","?","R","$","M","T","?","$","M","?","?","R","BOSS","M","?","M","$","?","R","E","R","T","?","M","R","?","?","R","BOSS","BOSS"],"items_purchased_type":["Card","Card","Card","Card","Card","Card"],"build_version":"2020-12-22","purchased_purges":2,"victory":true,"max_hp_per_floor":[75,75,75,75,75,75,75,75,75,75,75,75,75,75,75,75,75,75,75,75,82,57,57,57,57,57,57,57,57,57,62,62,62,62,62,62,62,62,62,62,62,62,62,62,62,62,62,62,62,62,62],"card_choices":[{"not_picked":["Secret Technique","Panache"],"picked":"Apotheosis","floor":0.0},{"not_picked":["Shrug It Off","Dark Embrace"],"picked":"Shockwave","floor":1.0},{"not_picked":["Heavy Blade","Thunderclap"],"picked":"Pommel Strike","floor":2.0},{"not_picked":["Body Slam","Iron Wave"],"picked":"Immolate","floor":3.0},{"not_picked":["Thunderclap","Havoc"],"picked":"Battle Trance","floor":10.0},{"not_picked":["Sword Boomerang","Iron Wave"],"picked":"True Grit","floor":12.0},{"not_picked":["Inflame","Rupture"],"picked":"Rampage","floor":13.0},{"not_picked":["Rupture","Anger","Sword Boomerang"],"picked":"SKIP","floor":14.0},{"not_picked":["Exhume","Immolate"],"picked":"Reaper","floor":16.0},{"not_picked":["Uppercut","Sword Boomerang"],"picked":"Warcry","floor":18.0},{"not_picked":["Flex","Thunderclap"],"picked":"Impervious","floor":19.0},{"not_picked":["Twin Strike","Pummel+1"],"picked":"Flame Barrier","floor":25.0},{"not_picked":["Carnage","Fire Breathing"],"picked":"Battle Trance","floor":29.0},{"not_picked":["Iron Wave","Armaments"],"picked":"Headbutt","floor":35.0},{"not_picked":["Thunderclap","Dark Embrace","Blood for Blood+1"],"picked":"SKIP","floor":37.0},{"not_picked":["Brutality","Warcry","Battle Trance"],"picked":"SKIP","floor":41.0},{"not_picked":["Flash of Steel","Master of Strategy"],"picked":"Madness","floor":44.0},{"not_picked":["Sadistic Nature","Secret Weapon"],"picked":"Madness","floor":44.0},{"not_picked":["Flash of Steel","Blind"],"picked":"Purity","floor":44.0},{"not_picked":["Hemokinesis","Inflame"],"picked":"Body Slam+1","floor":45.0},{"not_picked":["Clash","Metallicize","Blood for Blood"],"picked":"SKIP","floor":48.0}],"player_experience":133992,"relics_obtained":[{"floor":9.0,"key":"Bottled Lightning"},{"floor":10.0,"key":"Bag of Preparation"},{"floor":12.0,"key":"Tiny Chest"},{"floor":20.0,"key":"Red Mask"},{"floor":21.0,"key":"Strawberry"},{"floor":26.0,"key":"Oddly Smooth Stone"},{"floor":27.0,"key":"MealTicket"},{"floor":39.0,"key":"Toy Ornithopter"},{"floor":41.0,"key":"Akabeko"},{"floor":43.0,"key":"Blue Candle"}],"event_choices":[{"damage_healed":0.0,"max_hp_gain":0.0,"max_hp_loss":0.0,"gold_gain":75.0,"event_name":"World of Goop","player_choice":"Gather Gold","floor":4.0,"gold_loss":0.0,"damage_taken":11.0},{"damage_healed":0.0,"max_hp_gain":0.0,"max_hp_loss":0.0,"gold_gain":0.0,"event_name":"Big Fish","player_choice":"Box","floor":7.0,"gold_loss":0.0,"damage_taken":0.0,"relics_obtained":["Centennial Puzzle"],"cards_obtained":["Regret"]},{"damage_healed":0.0,"max_hp_gain":0.0,"max_hp_loss":0.0,"gold_gain":0.0,"event_name":"Masked Bandits","player_choice":"Fought Bandits","floor":20.0,"gold_loss":0.0,"damage_taken":0.0},{"damage_healed":0.0,"max_hp_gain":0.0,"max_hp_loss":25.0,"gold_gain":0.0,"event_name":"Vampires","player_choice":"Became a vampire","floor":22.0,"gold_loss":0.0,"damage_taken":0.0,"cards_obtained":["Bite","Bite","Bite","Bite","Bite"]},{"cards_removed":["Bite"],"damage_healed":0.0,"max_hp_gain":0.0,"max_hp_loss":0.0,"gold_gain":0.0,"event_name":"Beggar","player_choice":"Gave Gold","floor":30.0,"gold_loss":75.0,"damage_taken":0.0},{"damage_healed":0.0,"max_hp_gain":5.0,"max_hp_loss":0.0,"gold_gain":0.0,"event_name":"Forgotten Altar","player_choice":"Shed Blood","floor":31.0,"gold_loss":0.0,"damage_taken":20.0},{"damage_healed":0.0,"max_hp_gain":0.0,"max_hp_loss":0.0,"gold_gain":0.0,"event_name":"Mysterious Sphere","player_choice":"Ignored","floor":36.0,"gold_loss":0.0,"damage_taken":0.0},{"damage_healed":0.0,"max_hp_gain":0.0,"max_hp_loss":0.0,"gold_gain":0.0,"event_name":"SensoryStone","player_choice":"Memory 3","floor":44.0,"gold_loss":0.0,"damage_taken":10.0}],"is_beta":false,"boss_relics":[{"not_picked":["Velvet Choker","Ectoplasm"],"picked":"Black Blood"},{"not_picked":["Runic Cube","Runic Dome"],"picked":"Runic Pyramid"}],"items_purged_floors":[5,24],"is_endless":false,"potions_floor_spawned":[1,3,12,16,18,29,37],"ascension_level":20}}