{"host":"lgow17wc5wawziz1","time":1610365379,"event":{"mods":["Act Like it!","Aspiration","BaseMod","Better Third Choice","Colored Map","Colored Powertips","Hubris","Keyboard Shortcuts","Minty Spire (QoL Compilation)","MostiFishMod","Quick Restart","Relic Stats","Replay The Spire","StSLib","¡¼?Úª?ø«¡½REMEMod"],"gold_per_floor":[116,86,97,111,203,229,229,243,243,278,295,305,305,316,316,316,316],"floor_reached":16,"playtime":1259,"items_purged":[],"score":143,"play_id":"9dc66984-8314-4ae2-9517-be586f05ad89","local_time":"20210111204259","is_ascension_mode":true,"campfire_choices":[{"data":"Cloak And Dagger","floor":7.0,"key":"SMITH"}],"circlet_count":0,"master_deck":["Strike_G","Strike_G","Strike_G","Strike_G","Strike_G","Defend_G","Defend_G","Defend_G","Defend_G","Defend_G","Survivor","Neutralize","Eviscerate","Cloak And Dagger","Dagger Spray","Blade Dance","Cloak And Dagger+1","Finisher","Blade Dance","Blade Dance+1","MostiFishMod:PerfectParry"],"relics":["Ring of the Snake","DaveBox","REME_ComplimentaryCards","SynthV:TestCard","ReplayFunnel","aspiration:HatOfInfinitePower","Mummified Hand","Matryoshka"],"acts_visited":["Exordium"],"potions_floor_usage":[16,16],"damage_taken":[{"damage":0.0,"enemies":"Jaw Worm","floor":1.0,"turns":3.0},{"damage":0.0,"enemies":"Cultist","floor":3.0,"turns":4.0},{"damage":6.0,"enemies":"Small Slimes","floor":4.0,"turns":3.0},{"damage":27.0,"enemies":"3 Sentries","floor":6.0,"turns":9.0},{"damage":1.0,"enemies":"3 Louse","floor":8.0,"turns":4.0},{"damage":18.0,"enemies":"Gremlin Nob","floor":10.0,"turns":4.0},{"damage":10.0,"enemies":"Large Slime","floor":11.0,"turns":4.0},{"damage":0.0,"enemies":"2 Fungi Beasts","floor":12.0,"turns":2.0},{"damage":0,"enemies":"3 Louse","floor":14,"turns":2},{"damage":26,"enemies":"The Guardian","floor":16,"turns":12}],"seed_played":"6150983383721360334","potions_obtained":[{"floor":1.0,"key":"FairyPotion"},{"floor":2.0,"key":"FairyPotion"},{"floor":2.0,"key":"Ancient Potion"},{"floor":11.0,"key":"Swift Potion"},{"floor":12.0,"key":"BlessingOfTheForge"}],"is_trial":false,"path_per_floor":["M","?","M","M","?","E","R","M","T","E","M","M","?","M","R_BF","B"],"character_chosen":"THE_SILENT","items_purchased":[],"campfire_rested":0,"item_purchase_floors":[],"current_hp_per_floor":[77,77,77,71,41,14,14,13,13,23,13,13,13,13,36,10,10],"gold":316,"neow_bonus":"TEN_PERCENT_HP_BONUS","is_daily":false,"chose_seed":false,"campfire_upgraded":1,"win_rate":0.0,"timestamp":1610365379,"path_taken":["M","?","?","M","?","E","R","M","T","E","M","M","?","M","R_BF","BOSS"],"items_purchased_type":[],"build_version":"2020-12-22","purchased_purges":0,"victory":false,"max_hp_per_floor":[77,77,77,77,77,77,77,77,77,77,77,77,77,77,77,77,77],"relic_stats":{"counters":[10,47],"Mummified Hand":[0],"obtain_stats":[{"ReplayFunnel":5,"SynthV:TestCard":1,"Matryoshka":10,"DaveBox":0,"Mummified Hand":9,"aspiration:HatOfInfinitePower":6,"Ring of the Snake":0,"REME_ComplimentaryCards":0},{"ReplayFunnel":3,"SynthV:TestCard":1,"Matryoshka":6,"DaveBox":0,"Mummified Hand":5,"aspiration:HatOfInfinitePower":4,"Ring of the Snake":0,"REME_ComplimentaryCards":0},{"ReplayFunnel":10,"SynthV:TestCard":3,"Matryoshka":27,"DaveBox":0,"Mummified Hand":23,"aspiration:HatOfInfinitePower":19,"Ring of the Snake":0,"REME_ComplimentaryCards":0}],"Ring of the Snake":[20]},"card_choices":[{"not_picked":["Poisoned Stab","PiercingWail"],"picked":"Cloak And Dagger","floor":1.0},{"not_picked":["PiercingWail","hubris:Counter","Poisoned Stab","ReplayTheSpireMod:The Works"],"picked":"Dagger Spray","floor":3.0},{"not_picked":["Sucker Punch","Backstab","Deflect","ReplayTheSpireMod:Shiv Toss"],"picked":"Blade Dance","floor":4.0},{"not_picked":["Blade Dance","MostiFishMod:HiddenBlade","Dodge and Roll","Calculated Gamble"],"picked":"Cloak And Dagger","floor":5.0},{"not_picked":["Eviscerate","MostiFishMod:InvigoratingSolution","hubris:SlightOfHand","Blur"],"picked":"Finisher","floor":5.0},{"not_picked":["MostiFishMod:FrostNova","Deflect","REME_GreenPollution","Heel Hook","REME_ShadowStrike"],"picked":"SKIP","floor":6.0},{"not_picked":["Backflip","hubris:SlightOfHand","Bane","Slice"],"picked":"Blade Dance","floor":8.0},{"not_picked":["Deflect","All Out Attack","Tools of the Trade","Predator"],"picked":"Blade Dance","floor":10.0},{"not_picked":["MostiFishMod:PreservedThorns","Blur","Underhanded Strike","Slice"],"picked":"MostiFishMod:PerfectParry","floor":11.0},{"not_picked":["Blade Dance","Dagger Spray","Outmaneuver","Deflect","Bane"],"picked":"SKIP","floor":12.0},{"not_picked":["Distraction","Quick Slash","Dodge and Roll","MostiFishMod:ThornCasing","Slice"],"picked":"SKIP","floor":14}],"player_experience":312406,"relics_obtained":[{"floor":1.0,"key":"SynthV:TestCard"},{"floor":5.0,"key":"ReplayFunnel"},{"floor":6.0,"key":"aspiration:HatOfInfinitePower"},{"floor":9.0,"key":"Mummified Hand"},{"floor":10.0,"key":"Matryoshka"}],"event_choices":[{"damage_healed":0.0,"max_hp_gain":0.0,"max_hp_loss":0.0,"gold_gain":0.0,"event_name":"The Woman in Blue","player_choice":"Bought 2 Potions","floor":2.0,"gold_loss":0.0,"damage_taken":0.0}],"is_beta":false,"boss_relics":[],"items_purged_floors":[],"is_endless":false,"potions_floor_spawned":[1,4,11,12],"killed_by":"The Guardian","ascension_level":5}}