{"host":"1c17lcvl7acx821p","time":1610365549,"event":{"mods":["AchievementEnabler","BaseMod","Colored Map","Minty Spire (QoL Compilation)","StSLib"],"gold_per_floor":[109,128,143,156,175,207,207,232,232,250,270,345,60,72,72,170,170,184,195,72,72,86,86,112,112,112,123,223,223,322,332,332,428,428,442,442,24,74,74,74,101,101,152,152,177,197,197,207,207,207],"floor_reached":51,"playtime":3267,"items_purged":["Strike_G","Strike_G","Defend_G"],"score":787,"play_id":"3008fe76-4896-44cb-b89f-6b0f10674425","local_time":"20210111134549","is_ascension_mode":false,"campfire_choices":[{"floor":7.0,"key":"REST"},{"floor":15.0,"key":"REST"},{"data":"Night Terror","floor":23,"key":"SMITH"},{"data":"Footwork","floor":25,"key":"SMITH"},{"data":"1","floor":29,"key":"LIFT"},{"data":"2","floor":32,"key":"LIFT"},{"data":"3","floor":40,"key":"LIFT"},{"data":"A Thousand Cuts","floor":42,"key":"SMITH"},{"data":"Well Laid Plans","floor":44,"key":"SMITH"},{"floor":49,"key":"REST"}],"circlet_count":0,"master_deck":["Defend_G","Defend_G","Survivor","Neutralize","Choke","Prepared","PiercingWail","Endless Agony","Malaise","Reflex","Dodge and Roll","After Image","Noxious Fumes","Poisoned Stab","Night Terror+1","Distraction+1","Envenom","Footwork+1","Distraction","After Image","Well Laid Plans+1","Deadly Poison+1","A Thousand Cuts+1","Tools of the Trade+1","Endless Agony+1","Night Terror+1","Crippling Poison","Footwork","Tactician","Expertise+1","Tactician","Backflip","Purity","Flash of Steel","Enlightenment","Deflect+1","Calculated Gamble+1"],"relics":["Ring of the Snake","NeowsBlessing","White Beast Statue","Bronze Scales","HornCleat","Membership Card","Philosopher\u0027s Stone","Anchor","Letter Opener","Girya","Calipers","Paper Crane","Astrolabe","Ice Cream","Sling","Regal Pillow","Prayer Wheel","Mercury Hourglass","Happy Flower","Gremlin Horn"],"acts_visited":["Exordium","TheCity","TheBeyond"],"potions_floor_usage":[16,16,19,31,33,48,50,50],"damage_taken":[{"damage":0.0,"enemies":"Small Slimes","floor":1.0,"turns":1.0},{"damage":0.0,"enemies":"2 Louse","floor":2.0,"turns":1.0},{"damage":0.0,"enemies":"Jaw Worm","floor":3.0,"turns":1.0},{"damage":2.0,"enemies":"Large Slime","floor":4.0,"turns":8.0},{"damage":4.0,"enemies":"3 Louse","floor":5.0,"turns":3.0},{"damage":36.0,"enemies":"Lagavulin","floor":6.0,"turns":10.0},{"damage":25.0,"enemies":"3 Sentries","floor":8.0,"turns":8.0},{"damage":0.0,"enemies":"2 Fungi Beasts","floor":10.0,"turns":2.0},{"damage":1.0,"enemies":"Exordium Wildlife","floor":11.0,"turns":2.0},{"damage":1.0,"enemies":"Looter","floor":14.0,"turns":3.0},{"damage":11,"enemies":"Slime Boss","floor":16,"turns":9},{"damage":14,"enemies":"Spheric Guardian","floor":18,"turns":4},{"damage":0,"enemies":"3 Byrds","floor":19,"turns":3},{"damage":0,"enemies":"Cultist and Chosen","floor":22,"turns":8},{"damage":8,"enemies":"Gremlin Leader","floor":24,"turns":10},{"damage":0,"enemies":"Centurion and Healer","floor":27,"turns":7},{"damage":0,"enemies":"Colosseum Slavers","floor":28,"turns":5},{"damage":3,"enemies":"Colosseum Nobs","floor":28,"turns":5},{"damage":0,"enemies":"Sentry and Sphere","floor":31,"turns":7},{"damage":4,"enemies":"Champ","floor":33,"turns":12},{"damage":15,"enemies":"3 Darklings","floor":35,"turns":6},{"damage":0,"enemies":"Mind Bloom Boss Battle","floor":38,"turns":9},{"damage":0,"enemies":"Giant Head","floor":41,"turns":10},{"damage":0,"enemies":"Nemesis","floor":45,"turns":7},{"damage":19,"enemies":"3 Shapes","floor":46,"turns":4},{"damage":8,"enemies":"Spire Growth","floor":48,"turns":7},{"damage":40,"enemies":"Time Eater","floor":50,"turns":13}],"seed_played":"-7330627008661936223","potions_obtained":[{"floor":1.0,"key":"Energy Potion"},{"floor":3.0,"key":"Poison Potion"},{"floor":8.0,"key":"Dexterity Potion"},{"floor":10.0,"key":"ColorlessPotion"},{"floor":14.0,"key":"BlessingOfTheForge"},{"floor":16,"key":"FairyPotion"},{"floor":18,"key":"Fire Potion"},{"floor":19,"key":"EntropicBrew"},{"floor":22,"key":"GamblersBrew"},{"floor":24,"key":"Strength Potion"},{"floor":31,"key":"BlessingOfTheForge"},{"floor":33,"key":"Fire Potion"},{"floor":41,"key":"Swift Potion"},{"floor":46,"key":"DuplicationPotion"},{"floor":48,"key":"Fire Potion"}],"is_trial":false,"path_per_floor":["M","M","M","M","M","E","R","E","T","M","M","?","$","M","R","B",null,"M","M","$","?","M","R","E","R","T","M","?","R","?","M","R","B",null,"M","?","$","?","?","R","E","R","T","R","E","M","?","M","R","B",null],"character_chosen":"THE_SILENT","items_purchased":["Membership Card","Noxious Fumes","Poisoned Stab","Anchor","Crippling Poison","Ice Cream","Sling","Regal Pillow","Footwork"],"campfire_rested":3,"item_purchase_floors":[13,13,13,20,37,37,37,37,37],"current_hp_per_floor":[70,70,70,68,64,28,49,24,24,24,23,12,12,11,32,21,70,56,56,56,56,56,56,48,48,48,48,45,45,45,45,45,41,70,55,55,55,55,55,55,55,55,55,55,55,36,26,18,52,12],"gold":207,"neow_bonus":"THREE_ENEMY_KILL","is_daily":false,"chose_seed":false,"campfire_upgraded":4,"win_rate":0.0,"timestamp":1610365549,"path_taken":["M","M","M","M","M","E","R","E","T","M","M","?","$","M","R","BOSS","M","M","$","?","M","R","E","R","T","M","?","R","?","M","R","BOSS","M","?","$","?","?","R","E","R","T","R","E","M","?","M","R","BOSS"],"items_purchased_type":["Relic","Card","Card","Relic","Card","Relic","Relic","Relic","Card"],"build_version":"2020-12-22","purchased_purges":3,"victory":true,"max_hp_per_floor":[70,70,70,70,70,70,70,70,70,70,70,70,70,70,70,70,70,70,70,70,70,70,70,70,70,70,70,70,70,70,70,70,70,70,70,70,70,70,66,66,66,66,66,66,66,66,66,66,66,66],"card_choices":[{"not_picked":["Blur","Backflip"],"picked":"Choke","floor":1.0},{"not_picked":["Tactician","Backflip"],"picked":"Dagger Spray","floor":2.0},{"not_picked":["Distraction","Dagger Spray"],"picked":"Prepared","floor":3.0},{"not_picked":["Sucker Punch","Quick Slash"],"picked":"PiercingWail","floor":4.0},{"not_picked":["PiercingWail","Blur"],"picked":"Endless Agony","floor":5.0},{"not_picked":["Dagger Spray","Blade Dance"],"picked":"Malaise","floor":6.0},{"not_picked":["Prepared","Caltrops"],"picked":"Reflex","floor":8.0},{"not_picked":["Prepared","PiercingWail"],"picked":"Dodge and Roll","floor":10.0},{"not_picked":["Deflect","Outmaneuver"],"picked":"After Image","floor":11.0},{"not_picked":["Finisher","Caltrops","Acrobatics"],"picked":"SKIP","floor":14.0},{"not_picked":["Glass Knife","Unload"],"picked":"Night Terror","floor":16},{"not_picked":["Dagger Throw","Underhanded Strike"],"picked":"Distraction+1","floor":18},{"not_picked":["Quick Slash","Backflip"],"picked":"Envenom","floor":19},{"not_picked":["Dodge and Roll","Slice","Backstab"],"picked":"SKIP","floor":22},{"not_picked":["Underhanded Strike+1","Flying Knee"],"picked":"After Image","floor":24},{"not_picked":["Choke","Deadly Poison"],"picked":"Well Laid Plans","floor":27},{"not_picked":["Slice","Flying Knee+1"],"picked":"Deadly Poison+1","floor":31},{"not_picked":["Wraith Form v2","Doppelganger"],"picked":"A Thousand Cuts","floor":33},{"not_picked":["Deflect","Quick Slash","Prepared"],"picked":"SKIP","floor":35},{"not_picked":["Blade Dance","Heel Hook"],"picked":"Tactician","floor":38},{"not_picked":["Outmaneuver+1","Flechettes+1"],"picked":"Expertise+1","floor":41},{"not_picked":["Underhanded Strike","Burst","Slice"],"picked":"SKIP","floor":45},{"not_picked":["Sucker Punch","Dagger Throw+1"],"picked":"Tactician","floor":46},{"not_picked":["Predator","Sucker Punch"],"picked":"Backflip","floor":46},{"not_picked":["Blind","The Bomb"],"picked":"Purity","floor":47},{"not_picked":["Magnetism","Mind Blast"],"picked":"Flash of Steel","floor":47},{"not_picked":["Mind Blast","Secret Weapon"],"picked":"Enlightenment","floor":47},{"not_picked":["Dash","Dagger Throw"],"picked":"Deflect+1","floor":48},{"not_picked":["Outmaneuver+1","Underhanded Strike+1"],"picked":"Calculated Gamble+1","floor":48}],"player_experience":32462,"relics_obtained":[{"floor":6.0,"key":"White Beast Statue"},{"floor":8.0,"key":"Bronze Scales"},{"floor":9.0,"key":"HornCleat"},{"floor":24,"key":"Letter Opener"},{"floor":26,"key":"Girya"},{"floor":28,"key":"Calipers"},{"floor":28,"key":"Paper Crane"},{"floor":38,"key":"Prayer Wheel"},{"floor":41,"key":"Mercury Hourglass"},{"floor":43,"key":"Happy Flower"},{"floor":45,"key":"Gremlin Horn"}],"event_choices":[{"damage_healed":0.0,"max_hp_gain":0.0,"max_hp_loss":0.0,"gold_gain":75.0,"event_name":"World of Goop","player_choice":"Gather Gold","floor":12.0,"gold_loss":0.0,"damage_taken":11.0},{"damage_healed":0,"gold_gain":0,"cards_transformed":["Strike_G","Strike_G"],"player_choice":"Became Test Subject","damage_taken":0,"max_hp_gain":0,"max_hp_loss":0,"event_name":"Drug Dealer","floor":21,"gold_loss":0,"cards_obtained":["Footwork","Distraction"]},{"damage_healed":0,"gold_gain":0,"player_choice":"Fight","damage_taken":0,"max_hp_gain":0,"max_hp_loss":0,"event_name":"Colosseum","floor":28,"gold_loss":0},{"damage_healed":0,"gold_gain":0,"player_choice":"Fought Nobs","damage_taken":0,"max_hp_gain":0,"max_hp_loss":0,"event_name":"Colosseum","floor":28,"gold_loss":0},{"damage_healed":0,"gold_gain":99,"player_choice":"Stole From Cult","damage_taken":0,"max_hp_gain":0,"max_hp_loss":0,"event_name":"Nest","floor":30,"gold_loss":0},{"cards_removed":["Dagger Spray"],"damage_healed":0,"gold_gain":0,"player_choice":"Removed Attack","damage_taken":0,"max_hp_gain":0,"max_hp_loss":0,"event_name":"Falling","floor":36,"gold_loss":0},{"damage_healed":0,"gold_gain":0,"player_choice":"Fight","damage_taken":0,"max_hp_gain":0,"max_hp_loss":0,"event_name":"MindBloom","floor":38,"gold_loss":0},{"damage_healed":0,"gold_gain":0,"player_choice":"Max HP","damage_taken":0,"max_hp_gain":0,"max_hp_loss":4,"event_name":"Winding Halls","floor":39,"gold_loss":0},{"damage_healed":0,"gold_gain":0,"player_choice":"Memory 3","damage_taken":10,"max_hp_gain":0,"max_hp_loss":0,"event_name":"SensoryStone","floor":47,"gold_loss":0}],"is_beta":false,"boss_relics":[{"not_picked":["Cursed Key","Fusion Hammer"],"picked":"Philosopher\u0027s Stone"},{"not_picked":["SacredBark","Runic Dome"],"picked":"Astrolabe"}],"items_purged_floors":[13,20,37],"is_endless":false,"potions_floor_spawned":[1,3,8,10,11,14,16,18,19,22,24,27,28,28,31,33,35,38,41,45,46,48],"ascension_level":0}}