{"host":"38maufg2dcy7va3m","time":1610394889,"event":{"mods":["Act Like it!","BaseMod","Downfall","GifTheSpireLib","Hubris","Infinite Spire","Minty Spire (QoL Compilation)","Replay The Spire","StSLib","The Construct","The Cursed","The Hierophant","The Necromancer","The Poker Player","The Runesmith","everything is the same but u backflip on backflip"],"gold_per_floor":[109,109,34,47,111,111,111,111,121,71,97,97,108,108,108,120,120,215,265,280,31,31,43,43,43,78,90,140,151,77,77,88,100,100,198,198,208,208,258,36,49,49,49,64,64,64,82,98,109,109,109,109],"floor_reached":53,"playtime":2908,"items_purged":["Defend_R"],"score":494,"play_id":"19064b79-0d89-4885-aac0-30daa7e27b98","local_time":"20210111115449","is_ascension_mode":false,"campfire_choices":[{"data":"Iron Wave","floor":8,"key":"SMITH"},{"data":"Replay:Undeath\u0027s Touch","floor":12,"key":"SMITH"},{"data":"Metallicize","floor":14,"key":"SMITH"},{"data":"Barricade","floor":17,"key":"SMITH"},{"floor":25,"key":"REST"},{"floor":34,"key":"REST"},{"data":"Flex","floor":42,"key":"SMITH"},{"data":"Iron Wave","floor":42,"key":"SMITH"},{"data":"Juggernaut","floor":46,"key":"SMITH"},{"data":"Armaments","floor":46,"key":"SMITH"},{"data":"Inflame","floor":51,"key":"SMITH"},{"data":"All Out Attack","floor":51,"key":"SMITH"}],"circlet_count":0,"master_deck":["Strike_R","Strike_R","Strike_R","Defend_R","Defend_R","Defend_R+1","Bash","Heavy Blade","Battle Trance","Inflame+1","Iron Wave+1","Replay:Undeath\u0027s Touch+1","Metallicize+1","Barricade+1","Juggernaut+1","Shrug It Off","Metallicize+1","Infernal Blade+1","Flex+1","Uppercut+1","Armaments+1","Clash","Metallicize+1","Headbutt","Reaper","Shrug It Off+1","Iron Wave+1","Guardian:Gem_Cyan","ThirdEye+1","TheCursedMod:Torture+1","All Out Attack+1","hexamod:HauntingEcho+1","Writhe"],"relics":["Burning Blood","ReplayTheSpireMod:TigerMarble","hubris:Towel","Tiny House","Onion Ring","infinitespire:Golems Mask","Anchor","hubris:BottledRain","Replay:Bronze Core","Replay:Arrowhead","PrismaticShard","Another Sword"],"acts_visited":["Exordium","TheCity","TheBeyond"],"potions_floor_usage":[4,4,4,20,20,26,27,32,32,39,48,48,52],"damage_taken":[{"damage":0,"enemies":"2 Louse","floor":1,"turns":4},{"damage":1,"enemies":"Jaw Worm","floor":4,"turns":1},{"damage":1,"enemies":"Small Slimes","floor":9,"turns":4},{"damage":17,"enemies":"Blue Slaver","floor":13,"turns":4},{"damage":0,"enemies":"Large Slime","floor":16,"turns":6},{"damage":8,"enemies":"The Guardian","floor":18,"turns":16},{"damage":15,"enemies":"2 Thieves","floor":20,"turns":4},{"damage":0,"enemies":"Shell Parasite","floor":23,"turns":6},{"damage":28,"enemies":"Slavers","floor":26,"turns":8},{"damage":25,"enemies":"Shelled Parasite and Fungi","floor":27,"turns":8},{"damage":0,"enemies":"Snake Plant","floor":29,"turns":3},{"damage":0,"enemies":"Sentry and Sphere","floor":32,"turns":4},{"damage":7,"enemies":"Snecko","floor":33,"turns":6},{"damage":16,"enemies":"Champ","floor":35,"turns":15},{"damage":0,"enemies":"3 Shapes","floor":37,"turns":7},{"damage":0,"enemies":"Mind Bloom Boss Battle","floor":39,"turns":5},{"damage":6,"enemies":"3 Darklings","floor":41,"turns":8},{"damage":0,"enemies":"Writhing Mass","floor":44,"turns":7},{"damage":0,"enemies":"Spire Growth","floor":47,"turns":5},{"damage":10,"enemies":"Jaw Worm Horde","floor":48,"turns":3},{"damage":7,"enemies":"Transient","floor":49,"turns":5},{"damage":55,"enemies":"Donu and Deca","floor":52,"turns":12}],"seed_played":"6482001102468421306","potions_obtained":[{"floor":0,"key":"SneckoOil"},{"floor":0,"key":"champ:CounterPotion"},{"floor":0,"key":"hexamod:EctoCoolerPotion"},{"floor":18,"key":"Fruit Juice"},{"floor":19,"key":"CultistPotion"},{"floor":23,"key":"Energy Potion"},{"floor":26,"key":"BlessingOfTheForge"},{"floor":27,"key":"SteroidPotion"},{"floor":35,"key":"SteroidPotion"},{"floor":44,"key":"Reflective Coating"},{"floor":47,"key":"Energy Potion"},{"floor":49,"key":"LifebloodPotion"}],"is_trial":false,"path_per_floor":["M","?","$","M","?","PTL","PTL","R","M","?","T","R","M","R","?","M","R","B",null,"M","$","?","M","$","R","E","M","T","M","$","T","M","M","R","B",null,"M","?","?","$","M","R","?","M","T","R","M","M","M","?","R","B",null],"character_chosen":"IRONCLAD","items_purchased":["Inflame","Onion Ring","Clash","AttackPotion","PrismaticShard"],"campfire_rested":2,"item_purchase_floors":[3,21,30,30,40],"current_hp_per_floor":[80,80,80,80,80,80,80,80,80,80,80,80,69,69,69,75,75,73,85,81,81,69,75,75,90,72,53,53,59,59,59,65,64,90,80,90,90,90,90,90,90,90,90,90,90,90,90,86,85,90,90,41],"gold":109,"neow_bonus":"THREE_SMALL_POTIONS","is_daily":false,"chose_seed":false,"campfire_upgraded":10,"win_rate":0.0,"timestamp":1610394889,"path_taken":["M","?","$","M","?","PTL","PTL","R","M","?","T","R","?","R","?","M","R","BOSS","M","$","?","M","$","R","E","?","T","M","?","?","M","M","R","BOSS","M","?","?","$","M","R","?","M","T","R","M","M","M","?","R","BOSS"],"items_purchased_type":["Card","Relic","Card","Potion","Relic"],"build_version":"2020-12-22","purchased_purges":1,"victory":true,"max_hp_per_floor":[80,80,80,80,80,80,80,80,80,80,80,80,80,80,80,80,80,80,85,90,90,90,90,90,90,90,90,90,90,90,90,90,90,90,90,90,90,90,90,90,90,90,90,90,90,90,90,90,90,90,90,90],"card_choices":[{"not_picked":["Life Link","Sever Soul"],"picked":"Heavy Blade","floor":1},{"not_picked":["Dropkick","Bloodletting"],"picked":"Iron Wave","floor":4},{"not_picked":["Evolve","Blood for Blood"],"picked":"Replay:Undeath\u0027s Touch","floor":9},{"not_picked":["Shockwave","ReplayTheSpireMod:Corrosion Curse"],"picked":"Metallicize","floor":13},{"not_picked":["Entrench","Heavy Blade"],"picked":"Barricade","floor":16},{"not_picked":["Barricade","Fiend Fire"],"picked":"Juggernaut","floor":18},{"not_picked":["hubris:ReadiedAction","Rampage"],"picked":"Shrug It Off","floor":19},{"not_picked":["Intimidate","Body Slam"],"picked":"Metallicize+1","floor":20},{"not_picked":["Havoc","Sword Boomerang"],"picked":"Infernal Blade+1","floor":23},{"not_picked":["ReplayTheSpireMod:Strike From Hell+1","Second Wind"],"picked":"Flex","floor":26},{"not_picked":["Combust","Armaments"],"picked":"Uppercut+1","floor":27},{"not_picked":["Havoc+1","Clothesline"],"picked":"Armaments","floor":29},{"not_picked":["Iron Wave","Warcry"],"picked":"Metallicize+1","floor":32},{"not_picked":["hubris:CleavingFinish","True Grit"],"picked":"Headbutt","floor":33},{"not_picked":["Demonic Infusion","Barricade"],"picked":"Reaper","floor":35},{"not_picked":["Wild Strike+1","Replay:Undeath\u0027s Touch"],"picked":"Shrug It Off+1","floor":37},{"not_picked":["Uppercut+1","Feel No Pain"],"picked":"Iron Wave","floor":39},{"not_picked":["Panic Button","Bones_to_Steel+1"],"picked":"Guardian:Gem_Cyan","floor":41},{"not_picked":["hexamod:PhantomCloak+1","Sweeping Beam"],"picked":"ThirdEye+1","floor":44},{"not_picked":["BowlingBash","ReplayTheSpireMod:Necrogeddon"],"picked":"TheCursedMod:Torture+1","floor":47},{"not_picked":["Replay:BluntJabs","Slimebound:GoopSpray"],"picked":"All Out Attack","floor":48},{"not_picked":["Runesmith:RunicBlueprint+1","Guardian:Incinerate"],"picked":"hexamod:HauntingEcho+1","floor":49}],"player_experience":245725,"relics_obtained":[{"floor":11,"key":"ReplayTheSpireMod:TigerMarble"},{"floor":26,"key":"infinitespire:Golems Mask"},{"floor":28,"key":"Anchor"},{"floor":31,"key":"hubris:BottledRain"},{"floor":39,"key":"Replay:Arrowhead"},{"floor":45,"key":"Another Sword"}],"event_choices":[{"damage_healed":0,"gold_gain":0,"cards_transformed":["Strike_R"],"player_choice":"Change","damage_taken":0,"max_hp_gain":0,"max_hp_loss":0,"event_name":"Living Wall","floor":2,"gold_loss":0,"cards_obtained":["Battle Trance"]},{"damage_healed":0,"gold_gain":64,"player_choice":"Gained Gold","damage_taken":0,"max_hp_gain":0,"max_hp_loss":0,"event_name":"Golden Wing","floor":5,"gold_loss":0},{"cards_removed":["Strike_R"],"damage_healed":0,"gold_gain":0,"player_choice":"Card Removal","damage_taken":0,"max_hp_gain":0,"max_hp_loss":0,"event_name":"The Cleric","floor":10,"gold_loss":50},{"damage_healed":0,"gold_gain":0,"player_choice":"CARD ","damage_taken":12,"max_hp_gain":0,"max_hp_loss":0,"event_name":"Knowing Skull","floor":22,"potions_obtained":[],"gold_loss":0,"cards_obtained":["expansioncontent:Sear"]},{"cards_removed":["expansioncontent:Sear"],"damage_healed":0,"gold_gain":0,"player_choice":"Removed Attack","damage_taken":0,"max_hp_gain":0,"max_hp_loss":0,"event_name":"Falling","floor":38,"gold_loss":0},{"damage_healed":0,"gold_gain":0,"player_choice":"Fight","damage_taken":0,"max_hp_gain":0,"max_hp_loss":0,"event_name":"MindBloom","floor":39,"gold_loss":0},{"damage_healed":0,"gold_gain":0,"player_choice":"Ignored","damage_taken":0,"max_hp_gain":0,"max_hp_loss":0,"event_name":"Mysterious Sphere","floor":43,"gold_loss":0},{"damage_healed":23,"gold_gain":0,"player_choice":"Writhe","damage_taken":0,"max_hp_gain":0,"max_hp_loss":0,"event_name":"Winding Halls","floor":50,"gold_loss":0,"cards_obtained":["Writhe"]}],"is_beta":false,"boss_relics":[{"not_picked":["Runesmith:UraniumAnvil","Astrolabe"],"picked":"Tiny House"},{"not_picked":["Kintsugi","ChewingGum"],"picked":"Replay:Bronze Core"}],"items_purged_floors":[40],"is_endless":false,"potions_floor_spawned":[18,23,26,27,35,44,47,49],"ascension_level":0}}