{"host":"56ghxnzsglgdq727","time":1610384939,"event":{"mods":["AchievementEnabler","BaseMod","Downfall","Duelist Mod","Minty Spire (QoL Compilation)","Rare Cards Sparkle","StSLib","The Bug Knight","The Exalted","The Senshi","The Wild Card"],"gold_per_floor":[143,143,208,208,228,261,261,294,294,26,37,37,56,74,74,174,174,185,202,50,50,0,16,16,16],"floor_reached":24,"playtime":1100,"items_purged":["theDuelist:FairyBox","theDuelist:DarkMagician"],"score":216,"play_id":"7f29e511-3062-4ede-a952-fa8e04223ae3","local_time":"20210111120859","is_ascension_mode":true,"campfire_choices":[{"floor":7,"key":"REST"},{"floor":15,"key":"REST"}],"circlet_count":0,"master_deck":["theDuelist:MysticalElf","theDuelist:MysticalElf","theDuelist:NeoMagic+1","theDuelist:NeoMagic+1","theDuelist:Sparks","theDuelist:FrontierWiseman","theDuelist:VoidVanishment","theDuelist:Yami","theDuelist:InvitationDarkSleep","theDuelist:PotForbidden","theDuelist:Nameless:Magic:AssaultArmor","theDuelist:GiantTrapHole","theDuelist:ExodiaHead","theDuelist:ContractExodia+1","theDuelist:ExodiaLL"],"relics":["theDuelist:MillenniumPuzzle","theDuelist:CardPoolRelic","theDuelist:CardPoolBasicRelic","theDuelist:BoosterPackPoolRelic","theDuelist:CardPoolAddRelic","theDuelist:CardPoolMinusRelic","theDuelist:CardPoolSaveRelic","theDuelist:CardPoolOptionsRelic","Bromod:ArcaneVictory","champ:DuelingGlove","theDuelist:DuelistLetterOpener","Empty Cage","theDuelist:DuelistLetterOpener"],"acts_visited":["Exordium","TheCity"],"potions_floor_usage":[6,16,16,23],"damage_taken":[{"damage":0,"enemies":"2 Louse","floor":1,"turns":3},{"damage":3,"enemies":"Small Slimes","floor":5,"turns":4},{"damage":29,"enemies":"Lagavulin","floor":6,"turns":7},{"damage":12,"enemies":"Gremlin Nob","floor":8,"turns":4},{"damage":0,"enemies":"Cultist","floor":11,"turns":3},{"damage":0,"enemies":"Looter","floor":13,"turns":4},{"damage":15,"enemies":"2 Fungi Beasts","floor":14,"turns":5},{"damage":23,"enemies":"Hexaghost","floor":16,"turns":10},{"damage":10,"enemies":"Shell Parasite","floor":18,"turns":6},{"damage":18,"enemies":"2 Thieves","floor":19,"turns":5},{"damage":47,"enemies":"Chosen and Byrds","floor":23,"turns":11},{"damage":14,"enemies":"Slavers","floor":24,"turns":1}],"seed_played":"-4159011779740885569","potions_obtained":[{"floor":1,"key":"hexamod:EctoCoolerPotion"},{"floor":8,"key":"SkillPotion"},{"floor":14,"key":"Strength Potion"},{"floor":19,"key":"theDuelist:TokenPotionB"}],"is_trial":false,"path_per_floor":["M","?","?","?","M","E","R","E","T","$","M","?","M","M","R","B",null,"M","M","$","?","?","M","E"],"character_chosen":"THE_DUELIST","items_purchased":["theDuelist:PotForbidden","theDuelist:ExodiaLL"],"campfire_rested":2,"item_purchase_floors":[10,20],"current_hp_per_floor":[56,56,56,40,37,8,32,21,21,21,22,25,26,13,37,15,83,74,58,58,58,58,13,0,0],"gold":16,"neow_bonus":"TRANSFORM_TWO_CARDS","is_daily":false,"chose_seed":false,"campfire_upgraded":0,"win_rate":0.0,"timestamp":1610384939,"path_taken":["M","?","?","?","M","E","R","E","T","$","M","?","?","M","R","BOSS","M","M","$","?","?","M","E"],"items_purchased_type":["Card","Card"],"build_version":"2020-12-22","purchased_purges":2,"victory":false,"max_hp_per_floor":[80,80,80,80,80,80,80,80,80,80,80,83,83,83,83,83,83,83,83,83,83,83,83,83,83],"card_choices":[{"not_picked":["theDuelist:RainbowMagician","theDuelist:ThousandEyesRestrict"],"picked":"theDuelist:VoidVanishment","floor":1},{"not_picked":["theDuelist:BlizzardWarrior","theDuelist:CallAtlanteans","theDuelist:FairyBox"],"picked":"SKIP","floor":5},{"not_picked":["theDuelist:StatueAnguishPattern","theDuelist:BadReaction","theDuelist:WonderWand"],"picked":"theDuelist:Yami","floor":6},{"not_picked":["theDuelist:Illusionist","theDuelist:MysticalElf"],"picked":"theDuelist:InvitationDarkSleep","floor":8},{"not_picked":["theDuelist:ClearKuriboh","theDuelist:DestroyerGolem","theDuelist:ShardGreed"],"picked":"SKIP","floor":11},{"not_picked":["theDuelist:WormKing","theDuelist:FutureFusion"],"picked":"theDuelist:GiantTrapHole","floor":13},{"not_picked":["theDuelist:BigFire","theDuelist:PowerGiant","theDuelist:DestroyerGolem"],"picked":"SKIP","floor":14},{"not_picked":["theDuelist:DarkPaladin","theDuelist:ThousandEyesRestrict"],"picked":"theDuelist:ExodiaHead","floor":16},{"not_picked":["theDuelist:Mudballman","theDuelist:SwordsRevealing"],"picked":"theDuelist:ContractExodia+1","floor":18},{"not_picked":["theDuelist:DarkMagician","theDuelist:Mudballman","theDuelist:PowerKaishin"],"picked":"SKIP","floor":19},{"not_picked":["theDuelist:BlackPendant","theDuelist:PotDichotomy","theDuelist:PreventRat+1"],"picked":"SKIP","floor":23}],"player_experience":224746,"relics_obtained":[{"floor":6,"key":"Bromod:ArcaneVictory"},{"floor":8,"key":"champ:DuelingGlove"},{"floor":9,"key":"theDuelist:DuelistLetterOpener"}],"event_choices":[{"total_magic_score":24,"gold_gain":0,"duelist":true,"damage_taken":0,"relics_obtained":[],"points":2,"max_hp_gain":0,"max_hp_loss":0,"spent_points":{"magic":0,"greed":0,"war":0,"power":0,"hunger":0},"event_name":"Nameless Tomb","floor":2,"gold_loss":0,"cards_obtained":[]},{"damage_healed":0,"gold_gain":65,"player_choice":"Gained Gold","damage_taken":0,"max_hp_gain":0,"max_hp_loss":0,"event_name":"Golden Wing","floor":3,"gold_loss":0},{"damage_healed":0,"gold_gain":0,"player_choice":"Entered Light","damage_taken":16,"max_hp_gain":0,"max_hp_loss":0,"event_name":"Shining Light","floor":4,"gold_loss":0,"cards_upgraded":["theDuelist:NeoMagic","theDuelist:NeoMagic"]},{"total_magic_score":44,"gold_gain":0,"duelist":true,"damage_taken":0,"relics_obtained":[],"points":14,"max_hp_gain":3,"max_hp_loss":0,"spent_points":{"magic":4,"greed":0,"war":0,"power":4,"hunger":4},"event_name":"Nameless Tomb","hunger_reward":4,"floor":12,"gold_loss":0,"magic_reward":4,"cards_obtained":["theDuelist:Nameless:Magic:AssaultArmor"]},{"damage_healed":0,"gold_gain":0,"player_choice":"Ignored","damage_taken":0,"max_hp_gain":0,"max_hp_loss":0,"event_name":"Vampires","floor":21,"gold_loss":0},{"damage_healed":0,"gold_gain":0,"player_choice":"Duplicated Relic - Paladin Scrollcleaver","duelist":true,"damage_taken":0,"max_hp_gain":0,"max_hp_loss":0,"event_name":"Relic Duplicator","floor":22,"gold_loss":0}],"is_beta":false,"boss_relics":[{"not_picked":["Pandora\u0027s Box","Runic Dome"],"picked":"Empty Cage"}],"items_purged_floors":[10,20],"is_endless":false,"potions_floor_spawned":[1,8,14,19],"killed_by":"Slavers","ascension_level":1}}