{"host":"xckb594ox0nz108y","time":1610382529,"event":{"mods":["ATMod(阿瑾Mod)","Act Like it!","BaseMod","Colored Powertips","Conspire","Downfall","Friendly Minions","Gensokyo","Kiyohime（清姬）","Koishi","KomeijiMod","Lobotomy","LobotomyExtend","Marisa（F雨　魔理沙）","Minty Spire (QoL Compilation)","Pale of the Ancients","Rare Cards Sparkle","Replay The Spire","RumiaBox-露米娅的神秘盒子","StSLib","The Animator","The Cursed","The IronCluck","vexMod","【功能Mod】混沌之环修复补丁","【功能Mod】聪明的最终Boss","【遗物卡牌】REMEMod"],"gold_per_floor":[110,110,17,28,38,38,72,72,96,96,130,140,140,65,65,160,160,178,178,178,217,237,262,262,297,297,297,297],"floor_reached":27,"playtime":1329,"items_purged":["Replay:UnknownCurse"],"score":283,"play_id":"1debc2a0-3425-44eb-94ee-0b8c0838f631","local_time":"20210112002849","is_ascension_mode":true,"campfire_choices":[{"data":"MiserableFate_Remiria","floor":6,"key":"SMITH"},{"floor":10,"key":"REST"},{"floor":15,"key":"REST"},{"floor":24,"key":"REST"}],"circlet_count":0,"master_deck":["Strike_R","Strike_R","Strike_R","Strike_R","Strike_R","Defend_R","Defend_R","Defend_R","Defend_R","Bash+1","MiserableFate_Remiria+1","AT_FamilyPortrait","Run Through","Metallicize","Hallucinations","Replay:SS_hec_4","Rampage","Thunderclap","AT_Dispersion","Perfected Strike","Demonic Infusion","AT_IchimonjiDouble","Power Through","Clothesline","Infernal Blade","Life Link+1","AT_ManFootWork","animator:Curse_Greed"],"relics":["AT_ATBox","REME_ComplimentaryCards","Cursed Key","LetterFromLob","Boot","LaetitiaHeart","Orichalcum","AT_ArchangelStaff","SlaversCollar","AT_GuinsooRageblade","Replay:Accelerometer","Replay:Baseball","AT_DeathDance"],"acts_visited":["Exordium","TheCity"],"potions_floor_usage":[16,16,21,23,25],"damage_taken":[{"damage":10,"enemies":"conspire:RoseBush","floor":1,"turns":3},{"damage":7,"enemies":"Jaw Worm","floor":4,"turns":2},{"damage":11,"enemies":"Small Slimes","floor":5,"turns":4},{"damage":25,"enemies":"Gremlin Nob","floor":7,"turns":4},{"damage":23,"enemies":"Lagavulin","floor":11,"turns":7},{"damage":3,"enemies":"Looter","floor":12,"turns":3},{"damage":13,"enemies":"Fading Forest","floor":16,"turns":11},{"damage":14,"enemies":"Spheric Guardian","floor":18,"turns":8},{"damage":13,"enemies":"conspire:MimicChest","floor":21,"turns":8},{"damage":18,"enemies":"conspire:FuzzyDice","floor":22,"turns":4},{"damage":29,"enemies":"conspire:Head Lice","floor":23,"turns":5},{"damage":22,"enemies":"Replay:Snechameleon","floor":25,"turns":5},{"damage":14,"enemies":"Centurion and Healer","floor":27,"turns":2}],"seed_played":"-2966408614768554852","potions_obtained":[{"floor":1,"key":"LiquidBronze"},{"floor":4,"key":"CalmPotion"},{"floor":11,"key":"Ancient Potion"},{"floor":12,"key":"Energy Potion"},{"floor":16,"key":"Adrenaline Potion"},{"floor":23,"key":"ElixirPotion"}],"is_trial":false,"path_per_floor":["M","?","$","M","M","R","E","M","T","R","E","M","?","$","R","B",null,"M","?","$","?","M","E","R","E","T","M"],"character_chosen":"IRONCLAD","items_purchased":["Replay:SS_hec_4"],"campfire_rested":3,"item_purchase_floors":[3],"current_hp_per_floor":[70,70,70,63,52,52,27,27,27,51,28,25,9,9,33,30,80,66,66,66,53,35,6,30,8,8,0,0],"gold":297,"neow_bonus":"BOSS_RELIC","is_daily":false,"chose_seed":false,"campfire_upgraded":1,"win_rate":0.0,"timestamp":1610382529,"path_taken":["M","?","?","M","M","R","E","M","T","R","E","M","?","$","R","BOSS","M","?","?","?","M","E","R","E","T","M"],"items_purchased_type":["Card"],"build_version":"2020-12-22","purchased_purges":1,"victory":false,"max_hp_per_floor":[80,80,80,80,80,80,80,80,80,80,80,80,80,80,80,80,80,80,80,80,80,80,80,80,80,80,80,80],"card_choices":[{"not_picked":["True Grit","Pommel Strike"],"picked":"Run Through","floor":1},{"not_picked":["Sword Boomerang","Defy Death"],"picked":"Rampage","floor":4},{"not_picked":["Clash","ReplayTheSpireMod:Limb From Limb"],"picked":"Thunderclap","floor":5},{"not_picked":["REME_Cut","Warcry"],"picked":"AT_Dispersion","floor":7},{"not_picked":["Warcry","Body Slam"],"picked":"True Grit","floor":11},{"not_picked":["Clash","Warcry"],"picked":"Perfected Strike","floor":12},{"not_picked":["conspire:Purge","Fiend Fire"],"picked":"Demonic Infusion","floor":16},{"not_picked":["Iron Wave","AT_DiedThrough"],"picked":"AT_IchimonjiDouble","floor":18},{"not_picked":["Reckless Charge+1","Shrug It Off"],"picked":"Clothesline","floor":21},{"not_picked":["Clothesline","Flex"],"picked":"Infernal Blade","floor":22},{"not_picked":["True Grit+1","Reckless Charge"],"picked":"Life Link+1","floor":23},{"not_picked":["Warcry","Feel No Pain"],"picked":"AT_ManFootWork","floor":25}],"player_experience":310611,"relics_obtained":[{"floor":1,"key":"LetterFromLob"},{"floor":7,"key":"Boot"},{"floor":9,"key":"Orichalcum"},{"floor":11,"key":"AT_ArchangelStaff"},{"floor":21,"key":"AT_GuinsooRageblade"},{"floor":23,"key":"Replay:Accelerometer"},{"floor":25,"key":"Replay:Baseball"},{"floor":26,"key":"AT_DeathDance"}],"event_choices":[{"damage_healed":0,"gold_gain":0,"player_choice":"2 cards matched","damage_taken":0,"max_hp_gain":0,"max_hp_loss":0,"event_name":"Match and Keep!","floor":2,"gold_loss":0,"cards_obtained":["Metallicize","Hallucinations"]},{"damage_healed":0,"gold_gain":0,"player_choice":"Entered Light","damage_taken":16,"max_hp_gain":0,"max_hp_loss":0,"event_name":"Shining Light","floor":13,"gold_loss":0,"cards_upgraded":["True Grit","Bash"]},{"damage_healed":0,"gold_gain":0,"cards_transformed":["True Grit"],"player_choice":"Transformed","damage_taken":0,"max_hp_gain":0,"max_hp_loss":0,"event_name":"Transmorgrifier","floor":19,"gold_loss":0,"cards_obtained":["Power Through"]}],"is_beta":false,"boss_relics":[{"not_picked":["vexMod:CursedCompass","REME_ChargedStone"],"picked":"SlaversCollar"}],"items_purged_floors":[14],"is_endless":false,"potions_floor_spawned":[1,4,11,12,16,23],"killed_by":"Centurion and Healer","ascension_level":2}}