{"host":"z9mq1tf06lkrncmk","time":1610390866,"event":{"mods":["BaseMod","Downfall","Minty Spire (QoL Compilation)","StSLib"],"gold_per_floor":[99,199,217,233,248,11,87,87,106,126,126,155,174,324,334,429,429,429,447,457,457,68,68,68,97,117,117,117,117],"floor_reached":27,"playtime":1517,"items_purged":[],"score":260,"play_id":"c0814a2f-f723-42ae-86bd-07a63e34aa2b","local_time":"20210111134746","is_ascension_mode":false,"campfire_choices":[{"data":"hexamod:Float","floor":1,"key":"SMITH"},{"data":"hexamod:RadiantFlame","floor":8,"key":"SMITH"},{"data":"hexamod:DynamicBlow","floor":11,"key":"SMITH"},{"data":"hexamod:VolcanoVisage","floor":18,"key":"SMITH"},{"data":"hexamod:EmpoweringStance","floor":23,"key":"SMITH"}],"circlet_count":0,"master_deck":["hexamod:Strike","hexamod:Strike","hexamod:Strike","hexamod:Strike","hexamod:Defend","hexamod:Defend","hexamod:Defend","hexamod:Defend","hexamod:Sear","hexamod:Float+1","hexamod:RadiantFlame+1","hexamod:InspiringFlames","hexamod:AdvancingGuard","hexamod:BacktrackSmack","hexamod:DynamicBlow+1","hexamod:HauntingEcho","Slimebound:Icky","hexamod:VolcanoVisage+1","CurseOfTheBell","hexamod:ShieldOfDarkness","hexamod:GhostOfSpirePast","hexamod:GhostOfSpirePresent","hexamod:CatchUp","hexamod:FifthSeal","hexamod:EmpoweringStance+1","hexamod:SearingWound","hexamod:FirstSeal","hexamod:ThirdSeal"],"relics":["hexamod:SpiritBrand","hexamod:MatchstickCase","Letter Opener","Lantern","Calling Bell","Bag of Marbles","Gremlin Horn","Prayer Wheel","MutagenicStrength","ClockworkSouvenir","PreservedInsect","Kunai","FossilizedHelix"],"acts_visited":["Exordium","TheCity"],"potions_floor_usage":[5,16,25,27,27],"damage_taken":[{"damage":2,"enemies":"Small Slimes","floor":3,"turns":3},{"damage":0,"enemies":"Cultist","floor":4,"turns":4},{"damage":0,"enemies":"2 Louse","floor":5,"turns":3},{"damage":0,"enemies":"downfall:FleeingMerchant","floor":6,"turns":4},{"damage":2,"enemies":"Large Slime","floor":9,"turns":6},{"damage":3,"enemies":"3 Louse","floor":10,"turns":4},{"damage":13,"enemies":"Gremlin Nob","floor":12,"turns":4},{"damage":2,"enemies":"Large Slime","floor":13,"turns":4},{"damage":2,"enemies":"Red Slaver","floor":15,"turns":3},{"damage":34,"enemies":"downfall:Silent","floor":16,"turns":8},{"damage":0,"enemies":"Chosen","floor":19,"turns":3},{"damage":20,"enemies":"Snecko","floor":20,"turns":6},{"damage":0,"enemies":"downfall:FleeingMerchant","floor":22,"turns":4},{"damage":4,"enemies":"Slavers","floor":25,"turns":4},{"damage":61,"enemies":"3 Cultists","floor":26,"turns":7},{"damage":45,"enemies":"downfall:Defect","floor":27,"turns":6}],"seed_played":"-9032934077311924824","potions_obtained":[{"floor":3,"key":"Explosive Potion"},{"floor":5,"key":"Fruit Juice"},{"floor":9,"key":"FairyPotion"},{"floor":16,"key":"Fruit Juice"},{"floor":20,"key":"champ:CounterPotion"},{"floor":25,"key":"BlessingOfTheForge"}],"is_trial":false,"path_per_floor":["R","?","M","M","M","$","T","R","M","M","R","E","M","?","M","B",null,"R","M","M","?","$","R","T","E","M","?"],"character_chosen":"THE_SPIRIT","items_purchased":["hexamod:MatchstickCase","hexamod:DynamicBlow","hexamod:EmpoweringStance","ClockworkSouvenir","PreservedInsect"],"campfire_rested":0,"item_purchase_floors":[6,6,22,22,22],"current_hp_per_floor":[77,77,75,75,80,80,80,80,78,75,75,62,60,60,58,29,87,87,87,67,67,67,67,67,63,2,0,0,0],"gold":117,"neow_bonus":"TEN_PERCENT_HP_BONUS","is_daily":false,"chose_seed":false,"campfire_upgraded":5,"win_rate":0.0,"timestamp":1610390866,"path_taken":["R","?","M","?","M","$","T","R","M","M","R","E","M","?","M","BOSS","R","M","M","?","$","R","T","E","M","?"],"items_purchased_type":["Relic","Card","Card","Relic","Relic"],"build_version":"2020-12-22","purchased_purges":0,"victory":false,"max_hp_per_floor":[77,77,77,77,82,82,82,82,82,82,82,82,82,82,82,87,87,87,87,87,87,87,87,87,87,87,87,87,87],"card_choices":[{"not_picked":["hexamod:GhostOfSpireFuture","hexamod:Haunt"],"picked":"hexamod:RadiantFlame","floor":3},{"not_picked":["hexamod:ShieldOfDarkness","hexamod:SpectersWail"],"picked":"hexamod:InspiringFlames","floor":4},{"not_picked":["hexamod:DynamicBlow","hexamod:PhantomCloak"],"picked":"hexamod:AdvancingGuard","floor":5},{"not_picked":["hexamod:GhostShield","hexamod:RainOfEmbers"],"picked":"hexamod:BacktrackSmack","floor":6},{"not_picked":["hexamod:PhantomFireball","hexamod:GhostLash","hexamod:RadiantFlame"],"picked":"SKIP","floor":9},{"not_picked":["hexamod:FourthSeal","hexamod:SwordOfDarkness","hexamod:PhantomFireball"],"picked":"SKIP","floor":10},{"not_picked":["hexamod:RecurringNightmare","hexamod:RetreatToShadows","hexamod:RadiantFlame"],"picked":"SKIP","floor":12},{"not_picked":["hexamod:ShieldOfDarkness","hexamod:GhostLash"],"picked":"hexamod:HauntingEcho","floor":13},{"not_picked":["hexamod:SpectersWail","hexamod:RainOfEmbers","hexamod:BacktrackSmack"],"picked":"SKIP","floor":15},{"not_picked":["hexamod:WildfireWeapon","hexamod:GiftsFromTheDead"],"picked":"hexamod:VolcanoVisage","floor":16},{"not_picked":["hexamod:InspiringFlames","hexamod:HauntingEcho"],"picked":"hexamod:ShieldOfDarkness","floor":19},{"not_picked":["hexamod:FlamesFromBeyond","hexamod:HeatMetal+1"],"picked":"hexamod:GhostOfSpirePast","floor":19},{"not_picked":["hexamod:ThermalTransfer+1","hexamod:BurningTouch"],"picked":"hexamod:GhostOfSpirePresent","floor":20},{"not_picked":["hexamod:SwordOfDarkness+1","hexamod:FastForward"],"picked":"hexamod:CatchUp","floor":20},{"not_picked":["hexamod:Firestarter","hexamod:NightmareGuise"],"picked":"hexamod:FifthSeal","floor":22},{"not_picked":["hexamod:NightmareGuise","hexamod:RainOfEmbers"],"picked":"hexamod:SearingWound","floor":25},{"not_picked":["hexamod:SecondSeal","hexamod:ThirdSeal"],"picked":"hexamod:FirstSeal","floor":26},{"not_picked":["hexamod:GhostOfSpireFuture+1","hexamod:RainOfEmbers"],"picked":"hexamod:ThirdSeal","floor":26},{"not_picked":["hexamod:ThermalTransfer","hexamod:CatchUp","hexamod:GhostLash"],"picked":"SKIP","floor":26}],"player_experience":334883,"relics_obtained":[{"floor":7,"key":"Letter Opener"},{"floor":12,"key":"Lantern"},{"floor":17,"key":"Bag of Marbles"},{"floor":17,"key":"Gremlin Horn"},{"floor":17,"key":"Prayer Wheel"},{"floor":24,"key":"Kunai"},{"floor":25,"key":"FossilizedHelix"}],"event_choices":[{"damage_healed":0,"gold_gain":0,"player_choice":"Inject Mutagens","damage_taken":0,"relics_obtained":["MutagenicStrength"],"max_hp_gain":0,"max_hp_loss":0,"event_name":"Drug Dealer","floor":21,"gold_loss":0}],"is_beta":false,"boss_relics":[{"not_picked":["Pandora\u0027s Box","Coffee Dripper"],"picked":"Calling Bell"}],"items_purged_floors":[],"is_endless":false,"potions_floor_spawned":[3,5,9,16,20,25],"killed_by":"downfall:Defect","ascension_level":0}}