{"host":"11728qvdvolffudn","time":1610368655,"event":{"mods":["BaseMod","Block Reminder","Colored Powertips","Curses Come First","Custom Start","Displayed Cursed Tome","Highlight Path","Minty Spire (QoL Compilation)","Permanent Neow","Quick Restart","Rare Cards Sparkle","Relic Stats","StSLib"],"gold_per_floor":[111,130,130,80,80,80,80,94,176,72,98,98],"floor_reached":11,"playtime":569,"items_purged":[],"score":71,"play_id":"dc32055e-cf14-4948-8915-197dc2018ac4","local_time":"20210111123735","is_ascension_mode":false,"campfire_choices":[{"data":"Zap","floor":6,"key":"SMITH"}],"circlet_count":0,"master_deck":["Strike_B","Strike_B","Strike_B","Defend_B","Defend_B","Defend_B","Defend_B","Zap+1","Dualcast","Seek+1","FTL","Cold Snap","Defragment","Chill+1","Gash"],"relics":["Cracked Core","Bag of Preparation","FaceOfCleric","Toxic Egg 2","Nunchaku"],"acts_visited":["Exordium"],"potions_floor_usage":[],"damage_taken":[{"damage":1,"enemies":"Jaw Worm","floor":1,"turns":3},{"damage":5,"enemies":"Small Slimes","floor":2,"turns":3},{"damage":0,"enemies":"2 Louse","floor":8,"turns":2},{"damage":4,"enemies":"3 Sentries","floor":11,"turns":10}],"seed_played":"649044377101150036","potions_obtained":[{"floor":1,"key":"Dexterity Potion"},{"floor":11,"key":"Regen Potion"}],"is_trial":false,"path_per_floor":["M","M","?","?","?","R","?","M","T","$","E"],"character_chosen":"DEFECT","items_purchased":["Chill+1","Gash"],"campfire_rested":0,"item_purchase_floors":[10,10],"current_hp_per_floor":[74,69,51,51,51,51,51,52,52,52,49,49],"gold":98,"neow_bonus":"ONE_RANDOM_RARE_CARD","is_daily":false,"chose_seed":false,"campfire_upgraded":1,"win_rate":0.0,"timestamp":1610368655,"path_taken":["M","M","?","?","?","R","?","?","T","$","E"],"items_purchased_type":["Card","Card"],"build_version":"2020-12-22","purchased_purges":0,"victory":false,"max_hp_per_floor":[75,75,75,75,75,75,75,76,76,76,77,77],"relic_stats":{"Nunchaku":[0],"FaceOfCleric":2,"counters":[4,18],"Bag of Preparation":[4],"obtain_stats":[{"Nunchaku":11,"FaceOfCleric":7,"Bag of Preparation":3,"Toxic Egg 2":9,"Cracked Core":0},{"Nunchaku":4,"FaceOfCleric":2,"Bag of Preparation":2,"Toxic Egg 2":3,"Cracked Core":0},{"Nunchaku":18,"FaceOfCleric":6,"Bag of Preparation":6,"Toxic Egg 2":8,"Cracked Core":0}]},"card_choices":[{"not_picked":["Rip and Tear","Rebound"],"picked":"FTL","floor":1},{"not_picked":["Leap","Rip and Tear"],"picked":"Cold Snap","floor":2},{"not_picked":["Barrage","Compile Driver"],"picked":"Defragment","floor":8}],"player_experience":100365,"relics_obtained":[{"floor":9,"key":"Toxic Egg 2"},{"floor":11,"key":"Nunchaku"}],"event_choices":[{"damage_healed":0,"gold_gain":0,"player_choice":"Success","damage_taken":18,"relics_obtained":["Bag of Preparation"],"max_hp_gain":0,"max_hp_loss":0,"event_name":"Scrap Ooze","floor":3,"gold_loss":0},{"cards_removed":["Strike_B"],"damage_healed":0,"gold_gain":0,"player_choice":"Card Removal","damage_taken":0,"max_hp_gain":0,"max_hp_loss":0,"event_name":"The Cleric","floor":4,"gold_loss":50},{"damage_healed":0,"gold_gain":0,"player_choice":"Grow","damage_taken":0,"max_hp_gain":0,"max_hp_loss":0,"event_name":"Living Wall","floor":5,"gold_loss":0,"cards_upgraded":["Seek"]},{"damage_healed":0,"gold_gain":0,"player_choice":"Trade","damage_taken":0,"relics_obtained":["FaceOfCleric"],"max_hp_gain":0,"max_hp_loss":0,"event_name":"FaceTrader","floor":7,"gold_loss":0}],"is_beta":false,"boss_relics":[],"items_purged_floors":[],"is_endless":false,"potions_floor_spawned":[1,11],"killed_by":"3 Sentries","ascension_level":0}}