{"host":"w3q5ijqu8eoknil3","time":1610355930,"event":{"mods":["AchievementEnabler","BaseMod","Block Reminder","Colored Powertips","Curses Come First","Minty Spire (QoL Compilation)","Quick Restart","Relic Stats","StSLib","ojb\u0027s Better Paths Mod","ojb\u0027s Info Mod","slay the spire mod where everything is the same but ironclad has a cowboy hat"],"gold_per_floor":[114,114,128,143,157,157,157,157,157,157,157],"floor_reached":10,"playtime":251,"items_purged":[],"score":110,"play_id":"1e97bee9-fba3-4e35-8c16-5603c7d5b14c","local_time":"20210111090530","is_ascension_mode":true,"campfire_choices":[{"data":"Choke","floor":6,"key":"SMITH"},{"floor":8,"key":"REST"}],"circlet_count":0,"master_deck":["AscendersBane","Strike_G","Strike_G","Strike_G","Strike_G","Strike_G","Defend_G","Defend_G","Defend_G","Defend_G","Defend_G","Survivor","Neutralize","Well Laid Plans","Choke+1","Acrobatics","Blade Dance"],"relics":["Ring of the Snake","NeowsBlessing","Frozen Egg 2","Darkstone Periapt"],"acts_visited":["Exordium"],"potions_floor_usage":[5],"damage_taken":[{"damage":0,"enemies":"2 Louse","floor":1,"turns":1},{"damage":0,"enemies":"Small Slimes","floor":3,"turns":1},{"damage":0,"enemies":"Cultist","floor":4,"turns":1},{"damage":38,"enemies":"Exordium Thugs","floor":5,"turns":10},{"damage":27,"enemies":"3 Sentries","floor":10,"turns":5}],"seed_played":"-2871242837957581935","potions_obtained":[{"floor":1,"key":"Energy Potion"}],"is_trial":false,"path_per_floor":["M","?","M","M","M","R","?","R","T","E"],"character_chosen":"THE_SILENT","items_purchased":[],"campfire_rested":1,"item_purchase_floors":[],"current_hp_per_floor":[59,59,59,59,21,21,3,22,22,0,0],"gold":157,"neow_bonus":"THREE_ENEMY_KILL","is_daily":false,"chose_seed":false,"campfire_upgraded":1,"win_rate":0.0,"timestamp":1610355930,"path_taken":["M","?","M","M","M","R","?","R","T","E"],"items_purchased_type":[],"build_version":"2020-12-22","purchased_purges":0,"victory":false,"max_hp_per_floor":[66,66,66,66,66,66,66,66,66,66,66],"relic_stats":{"Darkstone Periapt":0,"counters":[5,18],"obtain_stats":[{"Darkstone Periapt":9,"NeowsBlessing":0,"Frozen Egg 2":7,"Ring of the Snake":0},{"Darkstone Periapt":4,"NeowsBlessing":0,"Frozen Egg 2":4,"Ring of the Snake":0},{"Darkstone Periapt":13,"NeowsBlessing":0,"Frozen Egg 2":13,"Ring of the Snake":0}],"Ring of the Snake":[10]},"card_choices":[{"not_picked":["Flechettes","Bane"],"picked":"Well Laid Plans","floor":1},{"not_picked":["Deflect","Dodge and Roll"],"picked":"Choke","floor":3},{"not_picked":["Accuracy","Caltrops"],"picked":"Acrobatics","floor":4},{"not_picked":["All Out Attack","Deadly Poison"],"picked":"Blade Dance","floor":5}],"player_experience":960524,"relics_obtained":[{"floor":9,"key":"Darkstone Periapt"}],"event_choices":[{"damage_healed":0,"gold_gain":0,"player_choice":"Ignored","damage_taken":0,"max_hp_gain":0,"max_hp_loss":0,"event_name":"Liars Game","floor":2,"gold_loss":0},{"damage_healed":0,"gold_gain":0,"player_choice":"Success","damage_taken":18,"relics_obtained":["Frozen Egg 2"],"max_hp_gain":0,"max_hp_loss":0,"event_name":"Scrap Ooze","floor":7,"gold_loss":0}],"is_beta":false,"boss_relics":[],"items_purged_floors":[],"is_endless":false,"potions_floor_spawned":[1],"killed_by":"3 Sentries","ascension_level":18}}