{"host":"Timothy","time":1610383696,"event":{"mods":["AchievementEnabler","BaseMod","Bestiary","Highlight Path","Minty Spire (QoL Compilation)","Quick Restart","Slay-I"],"gold_per_floor":[114,64,64,64,64,96,96,131,204,204,224,54,54,72,72,175,175,192,192,41,53,53,53,81,81,81,101,114,125,25,36,36,36,36],"floor_reached":33,"playtime":494,"items_purged":["Defend_R","Entrench","Strike_R+1"],"score":323,"play_id":"91cba946-9394-4846-992f-fa8909da38b5","local_time":"20210111084816","is_ascension_mode":false,"campfire_choices":[{"floor":10.0,"key":"REST"},{"data":"Flex","floor":15.0,"key":"SMITH"},{"data":"Spot Weakness","floor":23.0,"key":"SMITH"},{"floor":25.0,"key":"REST"},{"floor":32,"key":"REST"}],"circlet_count":0,"master_deck":["Strike_R+1","Strike_R","Strike_R","Strike_R","Bash","Pummel","Spot Weakness+1","Flex+1","Heavy Blade","Double Tap","Flex","Heavy Blade","Clash+1","Double Tap","Sword Boomerang","Flex"],"relics":["Burning Blood","NeowsBlessing","Ancient Tea Set","Eternal Feather","Omamori","Paper Frog","Mark of Pain","Pen Nib","The Courier"],"acts_visited":["Exordium","TheCity"],"potions_floor_usage":[33],"damage_taken":[{"damage":0.0,"enemies":"Jaw Worm","floor":1.0,"turns":1.0},{"damage":0.0,"enemies":"Gremlin Nob","floor":6.0,"turns":1.0},{"damage":0.0,"enemies":"Lagavulin","floor":8.0,"turns":1.0},{"damage":10.0,"enemies":"Small Slimes","floor":11.0,"turns":2.0},{"damage":6.0,"enemies":"Cultist","floor":14.0,"turns":3.0},{"damage":40.0,"enemies":"The Guardian","floor":16.0,"turns":5.0},{"damage":10.0,"enemies":"2 Thieves","floor":18.0,"turns":2.0},{"damage":22.0,"enemies":"Shell Parasite","floor":21.0,"turns":3.0},{"damage":36.0,"enemies":"Slavers","floor":24.0,"turns":4.0},{"damage":20.0,"enemies":"Centurion and Healer","floor":27.0,"turns":4.0},{"damage":18.0,"enemies":"Shelled Parasite and Fungi","floor":28.0,"turns":2.0},{"damage":21.0,"enemies":"Snake Plant","floor":29.0,"turns":3.0},{"damage":8,"enemies":"Snecko","floor":31,"turns":3},{"damage":58,"enemies":"Automaton","floor":33,"turns":4}],"seed_played":"7548081936057029136","potions_obtained":[{"floor":6.0,"key":"LiquidBronze"},{"floor":8.0,"key":"Strength Potion"},{"floor":11.0,"key":"Strength Potion"},{"floor":16.0,"key":"PowerPotion"},{"floor":24.0,"key":"BlessingOfTheForge"}],"is_trial":false,"path_per_floor":["M","?","$","?","?","E","?","E","T","R","M","$","?","M","R","B",null,"M","?","$","M","?","R","E","R","T","M","M","M","$","M","R","B"],"character_chosen":"IRONCLAD","items_purchased":["Flex","Heavy Blade","Flex"],"campfire_rested":3,"item_purchase_floors":[12,12,20],"current_hp_per_floor":[80,80,80,73,66,72,56,62,62,80,76,76,76,76,80,46,80,76,76,76,60,60,66,36,66,66,52,40,25,25,23,56,0,0],"gold":36,"neow_bonus":"THREE_ENEMY_KILL","is_daily":false,"chose_seed":false,"campfire_upgraded":2,"win_rate":0.0,"timestamp":1610383696,"path_taken":["M","?","$","?","?","E","?","E","T","R","M","$","?","M","R","BOSS","M","?","$","?","?","R","E","R","T","M","M","?","?","M","R","BOSS"],"items_purchased_type":["Card","Card","Card"],"build_version":"2020-12-18","purchased_purges":3,"victory":false,"max_hp_per_floor":[80,80,80,80,80,80,80,80,80,80,80,80,80,80,80,80,80,80,80,80,80,80,80,80,80,80,80,80,80,80,80,80,80,80],"card_choices":[{"not_picked":["Armaments","Carnage","Evolve"],"picked":"SKIP","floor":1.0},{"not_picked":["Pommel Strike","Cleave","Flame Barrier"],"picked":"SKIP","floor":6.0},{"not_picked":["Power Through","Warcry"],"picked":"Pummel","floor":8.0},{"not_picked":["Armaments","Thunderclap"],"picked":"Spot Weakness","floor":11.0},{"not_picked":["Flame Barrier","Pummel","Cleave"],"picked":"SKIP","floor":14.0},{"not_picked":["Exhume","Fiend Fire"],"picked":"Double Tap","floor":16.0},{"not_picked":["Twin Strike","Havoc","Searing Blow"],"picked":"SKIP","floor":18.0},{"not_picked":["Sever Soul","Seeing Red"],"picked":"Heavy Blade","floor":21.0},{"not_picked":["Searing Blow+1","True Grit"],"picked":"Clash+1","floor":24.0},{"not_picked":["Combust","Sword Boomerang"],"picked":"Double Tap","floor":27.0},{"not_picked":["Infernal Blade+1","Wild Strike","Twin Strike"],"picked":"SKIP","floor":28.0},{"not_picked":["Carnage","Shrug It Off"],"picked":"Sword Boomerang","floor":29.0},{"not_picked":["Heavy Blade","Feel No Pain"],"picked":"Flex","floor":31}],"player_experience":806379,"relics_obtained":[{"floor":6.0,"key":"Eternal Feather"},{"floor":8.0,"key":"Omamori"},{"floor":9.0,"key":"Paper Frog"},{"floor":24.0,"key":"Pen Nib"},{"floor":26.0,"key":"The Courier"}],"event_choices":[{"cards_removed":["Defend_R"],"damage_healed":0.0,"max_hp_gain":0.0,"max_hp_loss":0.0,"gold_gain":0.0,"event_name":"The Cleric","player_choice":"Card Removal","floor":2.0,"gold_loss":50.0,"damage_taken":0.0},{"damage_healed":0.0,"max_hp_gain":0.0,"max_hp_loss":0.0,"gold_gain":0.0,"event_name":"Scrap Ooze","player_choice":"Success","floor":4.0,"gold_loss":0.0,"damage_taken":7.0,"relics_obtained":["Ancient Tea Set"]},{"cards_removed":["Defend_R"],"damage_healed":0.0,"max_hp_gain":0.0,"max_hp_loss":0.0,"gold_gain":0.0,"event_name":"Golden Wing","player_choice":"Card Removal","floor":5.0,"gold_loss":0.0,"damage_taken":7.0},{"damage_healed":0.0,"max_hp_gain":0.0,"max_hp_loss":0.0,"gold_gain":0.0,"event_name":"Shining Light","player_choice":"Entered Light","floor":7.0,"gold_loss":0.0,"damage_taken":16.0,"cards_upgraded":["Strike_R","Strike_R"]},{"damage_healed":0.0,"max_hp_gain":0.0,"max_hp_loss":0.0,"gold_gain":0.0,"event_name":"Golden Idol","player_choice":"Ignored","floor":13.0,"gold_loss":0.0,"damage_taken":0.0},{"damage_healed":0.0,"max_hp_gain":0.0,"max_hp_loss":0.0,"gold_gain":0.0,"cards_transformed":["Defend_R"],"event_name":"Transmorgrifier","player_choice":"Transformed","floor":19.0,"gold_loss":0.0,"damage_taken":0.0,"cards_obtained":["Entrench"]},{"damage_healed":0.0,"max_hp_gain":0.0,"max_hp_loss":0.0,"gold_gain":0.0,"event_name":"The Woman in Blue","player_choice":"Bought 0 Potions","floor":22.0,"gold_loss":0.0,"damage_taken":0.0}],"is_beta":true,"boss_relics":[{"not_picked":["Tiny House","Fusion Hammer"],"picked":"Mark of Pain"}],"items_purged_floors":[12,20,30],"is_endless":false,"potions_floor_spawned":[6,8,11,16,24,27],"killed_by":"Automaton","ascension_level":0}}