{"host":"rupmf8lnk599ormj","time":1610378095,"event":{"mods":["2.2 Compatiblity","AchievementEnabler","BaseMod","Better Match","Better Third Choice","BetterRewards","ChefMod","Colored Map","Colored Powertips","Downfall","Evolution","Gold Saver","Googly Eyes","Hero for Fun","Hubris","Minty Spire (QoL Compilation)","Quick Restart","Rare Cards Sparkle","Replay The Spire","Spicy Shops","StSLib","The Cursed","The Poker Player"],"gold_per_floor":[99,114,114,129,144,144,194,209,224,239,269,284,209,209,224,324,324,324,324,9,24,24,39,89,104,119,119,119,119,134,149,164,264,564,564,579,579,408,463,2,2,17,32,55,55,70,70,100,115,115],"floor_reached":51,"playtime":4666,"items_purged":[],"score":837,"play_id":"501a673f-0eb1-4011-9251-eace49cce7eb","local_time":"20210111101455","daily_mods":["downfall:Improvised","Vintage","Night Terrors"],"is_ascension_mode":false,"campfire_choices":[{"floor":1,"key":"RECALL"},{"floor":13,"key":"REST"},{"data":"Crescendo","floor":18,"key":"SMITH"},{"floor":29,"key":"DIG"},{"floor":35,"key":"DIG"},{"floor":45,"key":"DIG"}],"circlet_count":0,"master_deck":["CrushJoints+1","CrushJoints+1","CrushJoints+1","Strike_P+1","Defend_P","Defend_P","Defend_P","Defend_P+1","Eruption+1","Vigilance+1","sneckomod:UnknownCommonAttack","sneckomod:UnknownCommonAttack+1","sneckomod:UnknownCommonAttack","sneckomod:UnknownCommonSkill","sneckomod:UnknownCommonSkill+1","sneckomod:UnknownCommonSkill+1","sneckomod:UnknownUncommonAttack","sneckomod:UnknownUncommonSkill","sneckomod:UnknownUncommonPower","sneckomod:Unknown","Crescendo+1","BowlingBash","LessonLearned+1","Fasting2","Guardian:Gem_Synthetic","expansioncontent:DarkVoid","Replay:SS_hec_1","expansioncontent:PrepareCrush","Replay:Vibes","Finesse","EmptyBody","FollowUp","LikeWater","Pray+1","expansioncontent:YouAreMine","Pain"],"relics":["PureWater","EVO:Axolotl","Meat on the Bone","hubris:Towel","Matryoshka","Snack Pack","Quantum Egg","Anchor","Art of War","Guardian:PocketSentry","War Paint","Counterbalance","Unceasing Top","TeardropLocket","downfall:HeartBlessingRed","Torii","Busted Crown","Vajra","hubris:HerbalPaste","hubris:TinFlute","Omamori","Happy Flower","hubris:DisguiseKit","hexamod:BolsterEngine","Shovel","ReplayTheSpireMod:Ninjato","hubris:Icosahedron","ReplayTheSpireMod:Lightbulb","hubris:PeanutButter","Lantern","Nunchaku","Calling Bell","Pen Nib","Replay:Bottled Eggs","Old Coin","Shuriken","Bag of Marbles","Iron Hammer","ReplayFunnel","Melange","Incense Burner","ReplayTheSpireMod:Shallot","Golden Egg","Garlic","Mercury Hourglass","Whetstone","Singing Bowl","WarpedTongs","Bottled Tornado","PreservedInsect"],"acts_visited":["Exordium","TheCity","TheBeyond"],"potions_floor_usage":[16,32],"damage_taken":[{"damage":11,"enemies":"Jaw Worm","floor":2,"turns":3},{"damage":16,"enemies":"2 Louse","floor":4,"turns":3},{"damage":5,"enemies":"Small Slimes","floor":5,"turns":3},{"damage":0,"enemies":"Red Slaver","floor":8,"turns":2},{"damage":0,"enemies":"2 Fungi Beasts","floor":9,"turns":2},{"damage":0,"enemies":"3 Louse","floor":10,"turns":3},{"damage":9,"enemies":"Gremlin Nob","floor":11,"turns":4},{"damage":3,"enemies":"Exordium Wildlife","floor":12,"turns":4},{"damage":0,"enemies":"2 Fungi Beasts","floor":15,"turns":3},{"damage":21,"enemies":"downfall:Watcher","floor":16,"turns":10},{"damage":5,"enemies":"downfall:FleeingMerchant","floor":20,"turns":4},{"damage":11,"enemies":"Spheric Guardian","floor":21,"turns":4},{"damage":4,"enemies":"Chosen","floor":23,"turns":4},{"damage":3,"enemies":"Snake Plant","floor":25,"turns":3},{"damage":1,"enemies":"Chosen and Byrds","floor":26,"turns":5},{"damage":2,"enemies":"Shelled Parasite and Fungi","floor":30,"turns":4},{"damage":9,"enemies":"Sentry and Sphere","floor":31,"turns":4},{"damage":0,"enemies":"Snecko","floor":32,"turns":1},{"damage":5,"enemies":"downfall:Silent","floor":33,"turns":6},{"damage":6,"enemies":"3 Darklings","floor":36,"turns":4},{"damage":0,"enemies":"downfall:FleeingMerchant","floor":38,"turns":2},{"damage":0,"enemies":"3 Shapes","floor":42,"turns":2},{"damage":0,"enemies":"Spire Growth","floor":43,"turns":4},{"damage":0,"enemies":"Jaw Worm Horde","floor":44,"turns":4},{"damage":0,"enemies":"Sphere and 2 Shapes","floor":46,"turns":2},{"damage":1,"enemies":"Reptomancer","floor":48,"turns":4},{"damage":0,"enemies":"4 Shapes","floor":49,"turns":2},{"damage":0,"enemies":"downfall:Defect","floor":50,"turns":6}],"seed_played":"2608465768335268498","potions_obtained":[{"floor":4,"key":"Ancient Potion"},{"floor":10,"key":"AttackPotion"},{"floor":11,"key":"SmokeBomb"},{"floor":12,"key":"Fruit Juice"},{"floor":21,"key":"Ancient Potion"},{"floor":32,"key":"Weak Potion"},{"floor":39,"key":"Energy Potion"},{"floor":39,"key":"SneckoOil"}],"is_trial":false,"path_per_floor":["R","M","?","M","M","?","T","M","M","M","E","M","R","?","M","B",null,"R","?","$","M","?","M","T","M","M","?","?","R","M","M","M","B",null,"R_BF","M","?","$","?","$","T","M","M","M","R","M","?","E","M","B",null],"character_chosen":"WATCHER","items_purchased":["Vajra","hubris:HerbalPaste","Iron Hammer","Finesse","EmptyBody","FollowUp","LikeWater","Melange","Incense Burner","expansioncontent:YouAreMine"],"campfire_rested":1,"item_purchase_floors":[20,20,38,38,38,38,38,40,40,40],"current_hp_per_floor":[72,61,61,51,46,46,46,48,50,50,41,40,67,72,72,60,77,77,69,68,65,65,71,71,77,76,76,76,76,77,69,69,74,77,77,76,66,71,71,71,71,76,77,77,77,77,77,79,79,79],"gold":115,"neow_bonus":"","is_daily":true,"chose_seed":false,"campfire_upgraded":1,"win_rate":0.0,"timestamp":1610378095,"path_taken":["R","M","?","M","M","?","T","M","M","M","E","M","R","?","M","BOSS","R","?","$","?","?","M","T","M","M","?","?","R","?","M","M","BOSS","R_BF","M","?","$","?","$","T","M","?","M","R","M","?","E","M","BOSS"],"items_purchased_type":["Relic","Relic","Relic","Card","Card","Card","Card","Relic","Relic","Card"],"build_version":"2020-12-22","purchased_purges":0,"victory":true,"max_hp_per_floor":[72,72,72,72,72,72,72,72,72,72,72,72,67,72,72,77,77,77,77,77,77,77,77,77,77,77,77,77,77,77,77,77,77,77,77,77,77,77,77,77,77,77,77,77,77,77,77,79,79,79],"card_choices":[{"not_picked":["Halt","JustLucky"],"picked":"Crescendo","floor":2},{"not_picked":["CrushJoints","Crescendo"],"picked":"BowlingBash","floor":11},{"not_picked":["Scrawl","Ragnarok"],"picked":"LessonLearned","floor":16},{"not_picked":[],"picked":"Fasting2","floor":20},{"not_picked":["Vault"],"picked":"Guardian:Gem_Synthetic","floor":33},{"not_picked":[],"picked":"expansioncontent:DarkVoid","floor":37},{"not_picked":[],"picked":"Replay:SS_hec_1","floor":37},{"not_picked":[],"picked":"expansioncontent:PrepareCrush","floor":37},{"not_picked":["Guardian:TimeBomb"],"picked":"Replay:Vibes","floor":38},{"not_picked":["Guardian:Emergency"],"picked":"Pray+1","floor":39},{"not_picked":["FollowUp","Guardian:RefractedBeam"],"picked":"Singing Bowl","floor":48}],"player_experience":190728,"relics_obtained":[{"floor":2,"key":"Meat on the Bone"},{"floor":4,"key":"Matryoshka"},{"floor":5,"key":"Snack Pack"},{"floor":7,"key":"Anchor"},{"floor":7,"key":"Art of War"},{"floor":8,"key":"Guardian:PocketSentry"},{"floor":9,"key":"War Paint"},{"floor":10,"key":"Counterbalance"},{"floor":11,"key":"Unceasing Top"},{"floor":12,"key":"TeardropLocket"},{"floor":15,"key":"Torii"},{"floor":21,"key":"hubris:TinFlute"},{"floor":23,"key":"Happy Flower"},{"floor":24,"key":"hubris:DisguiseKit"},{"floor":24,"key":"hexamod:BolsterEngine"},{"floor":25,"key":"Shovel"},{"floor":26,"key":"ReplayTheSpireMod:Ninjato"},{"floor":29,"key":"ReplayTheSpireMod:Lightbulb"},{"floor":30,"key":"hubris:PeanutButter"},{"floor":31,"key":"Lantern"},{"floor":32,"key":"Nunchaku"},{"floor":34,"key":"Pen Nib"},{"floor":34,"key":"Replay:Bottled Eggs"},{"floor":34,"key":"Old Coin"},{"floor":35,"key":"Shuriken"},{"floor":36,"key":"Bag of Marbles"},{"floor":39,"key":"ReplayFunnel"},{"floor":41,"key":"ReplayTheSpireMod:Shallot"},{"floor":42,"key":"Golden Egg"},{"floor":43,"key":"Garlic"},{"floor":44,"key":"Mercury Hourglass"},{"floor":45,"key":"Whetstone"},{"floor":46,"key":"Singing Bowl"},{"floor":48,"key":"Bottled Tornado"},{"floor":49,"key":"PreservedInsect"}],"event_choices":[{"damage_healed":0,"gold_gain":0,"player_choice":"Donut","damage_taken":0,"max_hp_gain":5,"max_hp_loss":0,"event_name":"Big Fish","floor":14,"gold_loss":0},{"damage_healed":0,"gold_gain":0,"player_choice":"Rummage","damage_taken":0,"relics_obtained":["WarpedTongs"],"max_hp_gain":0,"max_hp_loss":0,"event_name":"Accursed Blacksmith","floor":47,"gold_loss":0,"cards_obtained":["Pain"]}],"is_beta":false,"boss_relics":[{"not_picked":["Black Star","ChewingGum"],"picked":"Busted Crown"},{"not_picked":["ReplayTheSpireMod:DimensionalGlitch","hubris:VirtuousBlindfold"],"picked":"Calling Bell"}],"items_purged_floors":[],"is_endless":false,"potions_floor_spawned":[4,10,11,12,21,25,32,36,42],"ascension_level":0}}