{"host":"2o3sockympbxxanu","time":1610381155,"event":{"mods":["AchievementEnabler","BaseMod","Colored Map","Colored Powertips","Conspire","Highlight Path","Infinite Spire","Minty Spire (QoL Compilation)","Replay The Spire","Shop Mod","StSLib","SuperFastMode"],"gold_per_floor":[115,125,70,70,84,116,116,41,41,53,65,65,76,96,96,193,193,207,58,74,74,74,88,88,88],"floor_reached":24,"playtime":1102,"items_purged":["Defend_G","Strike_G"],"score":232,"play_id":"23f745ee-d810-44be-b0af-487a53b46adb","local_time":"20210112000555","is_ascension_mode":true,"campfire_choices":[{"floor":7.0,"key":"REST"},{"data":"Deadly Poison","floor":15.0,"key":"SMITH"}],"circlet_count":0,"master_deck":["Strike_G","Strike_G","Strike_G","Defend_G","Defend_G","Defend_G","Defend_G","Survivor","Neutralize","Cloak And Dagger","Night Terror+1","Toxin Wave+1","Bouncing Flask","Blade Dance","Deadly Poison+1","Corpse Explosion","Blade Dance","Deflect","Concentrate+1"],"relics":["Ring of the Snake","NeowsBlessing","Replay:Multitool","Black Star"],"acts_visited":["Exordium","TheCity"],"potions_floor_usage":[],"damage_taken":[{"damage":0.0,"enemies":"Jaw Worm","floor":1.0,"turns":1.0},{"damage":0.0,"enemies":"Cultist","floor":2.0,"turns":1.0},{"damage":0.0,"enemies":"2 Louse","floor":5.0,"turns":1.0},{"damage":67.0,"enemies":"Gremlin Nob","floor":6.0,"turns":7.0},{"damage":3.0,"enemies":"Looter","floor":10.0,"turns":4.0},{"damage":13.0,"enemies":"Exordium Thugs","floor":11.0,"turns":6.0},{"damage":16.0,"enemies":"3 Louse","floor":13.0,"turns":2.0},{"damage":0.0,"enemies":"Exordium Wildlife","floor":14.0,"turns":2.0},{"damage":12.0,"enemies":"Hexaghost","floor":16.0,"turns":8.0},{"damage":12.0,"enemies":"conspire:FuzzyDice","floor":18.0,"turns":4.0},{"damage":26.0,"enemies":"Chosen","floor":20.0,"turns":5.0},{"damage":0.0,"enemies":"conspire:HollyBat","floor":21.0,"turns":1.0},{"damage":12.0,"enemies":"Chosen and Byrds","floor":23.0,"turns":3.0},{"damage":22,"enemies":"conspire:Head Lice","floor":24,"turns":3}],"seed_played":"8884387989284611556","potions_obtained":[{"floor":1.0,"key":"SneckoOil"},{"floor":4.0,"key":"CultistPotion"},{"floor":4.0,"key":"SmokeBomb"},{"floor":6.0,"key":"SteroidPotion"},{"floor":20.0,"key":"CunningPotion"}],"is_trial":false,"path_per_floor":["M","M","$","?","M","E","R","$","T","M","M","R","M","M","R_BF","B",null,"M","$","M","M","?","M","E"],"character_chosen":"THE_SILENT","items_purchased":["Toxin Wave+1","Blade Dance"],"campfire_rested":1,"item_purchase_floors":[3,19],"current_hp_per_floor":[70,70,70,70,70,3,24,24,24,21,8,29,13,13,13,1,70,58,58,32,32,32,20,0,0],"gold":88,"neow_bonus":"THREE_ENEMY_KILL","is_daily":false,"chose_seed":false,"campfire_upgraded":1,"win_rate":0.0,"timestamp":1610381155,"path_taken":["M","M","$","?","M","E","R","?","T","M","?","R","M","M","R_BF","BOSS","M","$","?","M","?","M","E"],"items_purchased_type":["Card","Card"],"build_version":"2020-12-22","purchased_purges":2,"victory":false,"max_hp_per_floor":[70,70,70,70,70,70,70,70,70,70,70,70,70,70,70,70,70,70,70,70,70,70,70,70,70],"card_choices":[{"not_picked":["Prepared","Acrobatics"],"picked":"Cloak And Dagger","floor":1.0},{"not_picked":["Backstab","Cloak And Dagger"],"picked":"Night Terror","floor":2.0},{"not_picked":["Setup","Heel Hook","Hidden Blade"],"picked":"SKIP","floor":5.0},{"not_picked":["ReplayTheSpireMod:The Works","Outmaneuver","Flying Knee"],"picked":"SKIP","floor":6.0},{"not_picked":["Blur","Dagger Throw","Cloak And Dagger"],"picked":"SKIP","floor":10.0},{"not_picked":["Setup","Poisoned Stab"],"picked":"Bouncing Flask","floor":11.0},{"not_picked":["Dagger Throw","Backflip"],"picked":"Blade Dance","floor":13.0},{"not_picked":["Quick Slash","Well Laid Plans"],"picked":"Deadly Poison","floor":14.0},{"not_picked":["Envenom","Glass Knife"],"picked":"Corpse Explosion","floor":16.0},{"not_picked":["Underhanded Strike","Dash","Prepared+1"],"picked":"SKIP","floor":18.0},{"not_picked":["Prepared+1","Quick Slash"],"picked":"Deflect","floor":20.0},{"not_picked":["Dagger Throw","Outmaneuver"],"picked":"Concentrate+1","floor":23.0}],"player_experience":286900,"relics_obtained":[{"floor":6.0,"key":"Replay:Multitool"}],"event_choices":[{"damage_healed":0.0,"max_hp_gain":0.0,"max_hp_loss":0.0,"gold_gain":0.0,"event_name":"Lab","player_choice":"Got Potions","floor":4.0,"gold_loss":0.0,"damage_taken":0.0},{"cards_removed":["Strike_G"],"damage_healed":0.0,"max_hp_gain":0.0,"max_hp_loss":0.0,"gold_gain":0.0,"event_name":"Back to Basics","player_choice":"Elegance","floor":22.0,"gold_loss":0.0,"damage_taken":0.0}],"is_beta":false,"boss_relics":[{"not_picked":["HoveringKite","Calling Bell"],"picked":"Black Star"}],"items_purged_floors":[8,19],"is_endless":false,"potions_floor_spawned":[1,5,6,10,20],"killed_by":"conspire:Head Lice","ascension_level":3}}