{"host":"c3lc60y5x60jlt1y","time":1610395851,"event":{"mods":["AchievementEnabler","BaseMod","Bestiary","Colored Map","Minty Spire (QoL Compilation)","Quick Restart","StSLib","ojb\u0027s Info Mod"],"gold_per_floor":[110,110,122,133,153,188,188,19,19,47,47,58,58,58,58,163,163,177,212,99,199,212,246,246,246,246],"floor_reached":25,"playtime":3634,"items_purged":["Defend_B"],"score":263,"play_id":"56b9e1a9-5b34-432b-9b74-9b5da6b86f52","local_time":"20210111221051","is_ascension_mode":true,"campfire_choices":[{"floor":11,"key":"REST"},{"floor":13,"key":"REST"},{"data":"Apotheosis","floor":15,"key":"SMITH"},{"floor":24,"key":"REST"}],"circlet_count":0,"master_deck":["Strike_B","Strike_B","Strike_B","Defend_B","Defend_B","Defend_B","Zap","Dualcast","Apotheosis","Ball Lightning","Storm","Glacier","Genetic Algorithm","Coolheaded","Glacier","Apotheosis+1","Lockon","Chill","Beam Cell","Enlightenment","Buffer","Chaos","Doom and Gloom","Storm","Defragment+1"],"relics":["Cracked Core","Juzu Bracelet","Pear","Darkstone Periapt","Runic Pyramid","Red Mask","Bag of Preparation"],"acts_visited":["Exordium","TheCity"],"potions_floor_usage":[16,19,23,25,25],"damage_taken":[{"damage":7,"enemies":"Jaw Worm","floor":1,"turns":4},{"damage":4,"enemies":"Small Slimes","floor":3,"turns":3},{"damage":0,"enemies":"Cultist","floor":4,"turns":3},{"damage":1,"enemies":"Blue Slaver","floor":5,"turns":5},{"damage":6,"enemies":"Lagavulin","floor":6,"turns":10},{"damage":89,"enemies":"Gremlin Nob","floor":10,"turns":7},{"damage":4,"enemies":"Exordium Thugs","floor":12,"turns":8},{"damage":12,"enemies":"Hexaghost","floor":16,"turns":10},{"damage":0,"enemies":"Spheric Guardian","floor":18,"turns":6},{"damage":54,"enemies":"Masked Bandits","floor":19,"turns":6},{"damage":0,"enemies":"Chosen","floor":22,"turns":5},{"damage":30,"enemies":"Book of Stabbing","floor":23,"turns":7},{"damage":39,"enemies":"Gremlin Leader","floor":25,"turns":4}],"seed_played":"-6733776316392707701","potions_obtained":[{"floor":4,"key":"FairyPotion"},{"floor":10,"key":"Weak Potion"},{"floor":16,"key":"Regen Potion"},{"floor":18,"key":"FocusPotion"},{"floor":22,"key":"Weak Potion"},{"floor":23,"key":"BlessingOfTheForge"}],"is_trial":false,"path_per_floor":["M","?","M","M","M","E","?","$","T","E","R","M","R","?","R","B",null,"M","?","$","?","M","E","R","E"],"character_chosen":"DEFECT","items_purchased":["Apotheosis","Doom and Gloom"],"campfire_rested":3,"item_purchase_floors":[8,20],"current_hp_per_floor":[61,61,57,57,56,50,68,68,78,23,46,42,65,65,65,53,78,78,36,36,36,36,6,29,0,0],"gold":246,"neow_bonus":"RANDOM_COLORLESS_2","is_daily":false,"chose_seed":false,"campfire_upgraded":1,"win_rate":0.0,"timestamp":1610395851,"path_taken":["M","?","M","M","M","E","?","$","T","E","R","M","R","?","R","BOSS","M","?","$","?","M","E","R","E"],"items_purchased_type":["Card","Card"],"build_version":"2020-12-22","purchased_purges":1,"victory":false,"max_hp_per_floor":[68,68,68,68,68,68,68,68,78,78,78,78,78,78,78,78,78,78,78,78,78,78,78,78,78,78],"card_choices":[{"not_picked":["Secret Technique","Secret Weapon"],"picked":"Apotheosis","floor":0},{"not_picked":["Cold Snap","Conserve Battery"],"picked":"Ball Lightning","floor":1},{"not_picked":["Leap","Scrape"],"picked":"Glacier","floor":3},{"not_picked":["Cold Snap","Multi-Cast"],"picked":"Genetic Algorithm","floor":4},{"not_picked":["Glacier","Rebound"],"picked":"Coolheaded","floor":5},{"not_picked":["Consume","Sweeping Beam"],"picked":"Glacier","floor":6},{"not_picked":["Steam","Leap"],"picked":"Lockon","floor":10},{"not_picked":["Sweeping Beam","Gash"],"picked":"Chill","floor":12},{"not_picked":["Machine Learning","Thunder Strike"],"picked":"Buffer","floor":16},{"not_picked":["Compile Driver+1","Blizzard"],"picked":"Chaos","floor":18},{"not_picked":["Steam Power","Streamline"],"picked":"Storm","floor":22},{"not_picked":["Hologram","Coolheaded"],"picked":"Defragment+1","floor":23}],"player_experience":7869543,"relics_obtained":[{"floor":6,"key":"Juzu Bracelet"},{"floor":9,"key":"Pear"},{"floor":10,"key":"Darkstone Periapt"},{"floor":19,"key":"Red Mask"},{"floor":23,"key":"Bag of Preparation"}],"event_choices":[{"damage_healed":0,"gold_gain":0,"cards_transformed":["Strike_B"],"player_choice":"Change","damage_taken":0,"max_hp_gain":0,"max_hp_loss":0,"event_name":"Living Wall","floor":2,"gold_loss":0,"cards_obtained":["Storm"]},{"damage_healed":22,"gold_gain":0,"player_choice":"Banana","damage_taken":0,"max_hp_gain":0,"max_hp_loss":0,"event_name":"Big Fish","floor":7,"gold_loss":0},{"damage_healed":0,"gold_gain":0,"player_choice":"2 cards matched","damage_taken":0,"max_hp_gain":0,"max_hp_loss":0,"event_name":"Match and Keep!","floor":14,"gold_loss":0,"cards_obtained":["Beam Cell","Enlightenment"]},{"damage_healed":0,"gold_gain":0,"player_choice":"Fought Bandits","damage_taken":0,"max_hp_gain":0,"max_hp_loss":0,"event_name":"Masked Bandits","floor":19,"gold_loss":0},{"damage_healed":0,"gold_gain":100,"player_choice":"Pray","damage_taken":0,"max_hp_gain":0,"max_hp_loss":0,"event_name":"Golden Shrine","floor":21,"gold_loss":0}],"is_beta":false,"boss_relics":[{"not_picked":["Velvet Choker","FrozenCore"],"picked":"Runic Pyramid"}],"items_purged_floors":[20],"is_endless":false,"potions_floor_spawned":[4,10,16,18,22,23],"killed_by":"Gremlin Leader","ascension_level":3}}