{"host":"khm4we1ijduz33xh","time":1610409284,"event":{"mods":["AchievementEnabler","BaseMod","Colored Map","Minty Spire (QoL Compilation)","Rare Cards Sparkle","StSLib","SuperFastMode"],"gold_per_floor":[117,117,137,137,137,175,175,199,199,199,219,263,47,47,47,177,177,168,193,123,138,138,138,138],"floor_reached":23,"playtime":845,"items_purged":["Strike_R"],"score":246,"play_id":"0857e30f-da5b-4ecd-9143-ea73d93f68d3","local_time":"20210112085444","is_ascension_mode":true,"campfire_choices":[{"floor":7.0,"key":"RECALL"},{"data":"Intimidate","floor":10.0,"key":"SMITH"},{"data":"Armaments","floor":15.0,"key":"SMITH"}],"circlet_count":0,"master_deck":["Strike_R","Strike_R","Strike_R","Defend_R","Defend_R","Defend_R","Defend_R","Bash","True Grit+1","Feel No Pain","Impervious","Intimidate+1","Pommel Strike","Dark Embrace","Evolve","Uppercut","Demon Form","Feel No Pain","Armaments+1","Fiend Fire","Rage+1","Shockwave","Flex","Seeing Red","Shrug It Off","Sword Boomerang","Feed"],"relics":["Burning Blood","NeowsBlessing","Golden Idol","Prayer Wheel","Gambling Chip","The Courier","Black Star"],"acts_visited":["Exordium","TheCity"],"potions_floor_usage":[19,21,21],"damage_taken":[{"damage":0.0,"enemies":"Jaw Worm","floor":1.0,"turns":1.0},{"damage":0.0,"enemies":"2 Louse","floor":3.0,"turns":1.0},{"damage":0.0,"enemies":"3 Sentries","floor":6.0,"turns":1.0},{"damage":4.0,"enemies":"Cultist","floor":8.0,"turns":6.0},{"damage":7.0,"enemies":"Looter","floor":11.0,"turns":4.0},{"damage":31.0,"enemies":"Lagavulin","floor":12.0,"turns":13.0},{"damage":17.0,"enemies":"Slime Boss","floor":16.0,"turns":10.0},{"damage":23.0,"enemies":"2 Thieves","floor":18.0,"turns":4.0},{"damage":28,"enemies":"Spheric Guardian","floor":19,"turns":6},{"damage":19,"enemies":"Snake Plant","floor":21,"turns":4},{"damage":26,"enemies":"Sentry and Sphere","floor":23,"turns":5}],"seed_played":"-6171236977784588895","potions_obtained":[{"floor":1.0,"key":"CultistPotion"},{"floor":3.0,"key":"LiquidBronze"},{"floor":16.0,"key":"Weak Potion"},{"floor":19,"key":"Explosive Potion"}],"is_trial":false,"path_per_floor":["M","?","M","?","?","E","R","M","T","R","M","E","$","?","R","B",null,"M","M","$","M","?","M"],"character_chosen":"IRONCLAD","items_purchased":["Demon Form","Feel No Pain","Armaments","Seeing Red","Shrug It Off"],"campfire_rested":0,"item_purchase_floors":[13,13,13,20,20],"current_hp_per_floor":[80,73,79,74,74,74,74,74,74,74,73,48,48,48,48,37,74,57,35,35,22,22,0,0],"gold":138,"neow_bonus":"THREE_ENEMY_KILL","is_daily":false,"chose_seed":false,"campfire_upgraded":2,"win_rate":0.0,"timestamp":1610409284,"path_taken":["M","?","M","?","?","E","R","M","T","R","?","E","$","?","R","BOSS","M","M","$","M","?","M"],"items_purchased_type":["Card","Card","Card","Card","Card"],"build_version":"2020-12-22","purchased_purges":1,"victory":false,"max_hp_per_floor":[80,80,80,74,74,74,74,74,74,74,74,74,74,74,74,74,74,74,74,74,74,74,77,77],"card_choices":[{"not_picked":["Combust","Clash"],"picked":"True Grit","floor":1.0},{"not_picked":["Thunderclap","Pommel Strike"],"picked":"Feel No Pain","floor":3.0},{"not_picked":["Sword Boomerang","Cleave"],"picked":"Impervious","floor":6.0},{"not_picked":["Wild Strike","Thunderclap"],"picked":"Intimidate","floor":8.0},{"not_picked":["Thunderclap","Cleave"],"picked":"Pommel Strike","floor":8.0},{"not_picked":["Headbutt","Havoc"],"picked":"Dark Embrace","floor":11.0},{"not_picked":["Ghostly Armor","Combust"],"picked":"Evolve","floor":11.0},{"not_picked":["Whirlwind","Burning Pact"],"picked":"Uppercut","floor":12.0},{"not_picked":["Limit Break","Barricade"],"picked":"Fiend Fire","floor":16.0},{"not_picked":["Twin Strike","Heavy Blade"],"picked":"Rage+1","floor":18.0},{"not_picked":["Pummel","Reckless Charge+1","Dropkick"],"picked":"SKIP","floor":18.0},{"not_picked":["Sword Boomerang","Battle Trance"],"picked":"Shockwave","floor":19},{"not_picked":["Combust","Dark Embrace"],"picked":"Flex","floor":19},{"not_picked":["Clash","Pommel Strike+1"],"picked":"Sword Boomerang","floor":21},{"not_picked":["Wild Strike","Heavy Blade"],"picked":"Feed","floor":21}],"player_experience":203313,"relics_obtained":[{"floor":6.0,"key":"Prayer Wheel"},{"floor":9.0,"key":"Gambling Chip"},{"floor":12.0,"key":"The Courier"}],"event_choices":[{"cards_removed":["Strike_R"],"damage_healed":0.0,"max_hp_gain":0.0,"max_hp_loss":0.0,"gold_gain":0.0,"event_name":"Golden Wing","player_choice":"Card Removal","floor":2.0,"gold_loss":0.0,"damage_taken":7.0},{"damage_healed":0.0,"max_hp_gain":0.0,"max_hp_loss":6.0,"gold_gain":0.0,"event_name":"Golden Idol","player_choice":"Lose Max HP","floor":4.0,"gold_loss":0.0,"damage_taken":0.0,"relics_obtained":["Golden Idol"]},{"damage_healed":0.0,"max_hp_gain":0.0,"max_hp_loss":0.0,"gold_gain":0.0,"event_name":"Accursed Blacksmith","player_choice":"Forge","floor":5.0,"gold_loss":0.0,"damage_taken":0.0,"cards_upgraded":["True Grit"]},{"damage_healed":0.0,"max_hp_gain":0.0,"max_hp_loss":0.0,"gold_gain":0.0,"event_name":"Liars Game","player_choice":"Ignored","floor":14.0,"gold_loss":0.0,"damage_taken":0.0},{"damage_healed":0,"gold_gain":0,"player_choice":"Ignored","damage_taken":0,"max_hp_gain":0,"max_hp_loss":0,"event_name":"Vampires","floor":22,"gold_loss":0}],"is_beta":false,"boss_relics":[{"not_picked":["Coffee Dripper","Pandora\u0027s Box"],"picked":"Black Star"}],"items_purged_floors":[13],"is_endless":false,"potions_floor_spawned":[1,3,16,19],"killed_by":"Sentry and Sphere","ascension_level":2}}