{"host":"g1wmg2w41xhsnw8g","time":1610403628,"event":{"mods":["2.2 Compatiblity","Act Like it!","Aspiration","BaseMod","Better Altar","Better Match","Better Note","Better Sensory Stone","Better Skull","Better Third Choice","BetterRewards","Booster Modes","CapriCore","Colored Map","Colored Powertips","Curses Come First","Defuse TimeMaze Blight","Displayed Cursed Tome","Evolution","Friendly Minions","GifTheSpireLib","Good Game Mod","Googly Eyes","Infinite Spire","Magitek Elite","Minty Spire (QoL Compilation)","Red Circlet Mod","Relic Sorter","SCP261 Mod","Shop Mod","Spicy Shops","StSLib","The Blackbeard","The Sage","Transform Curses","Wandering Minibosses","????"],"gold_per_floor":[115,131,356,356,369,394,406,436,484,549,549,42,65,15,87,199,199,214,226,21,21,21,21],"floor_reached":21,"playtime":1112,"items_purged":["blackbeard:BlackbeardDefend","blackbeard:BlackbeardDefend"],"score":277,"play_id":"986418ca-38e1-47c8-8a1b-fcc40e309914","local_time":"20210111172027","is_ascension_mode":true,"campfire_choices":[],"circlet_count":0,"master_deck":["blackbeard:BlindAttacks","blackbeard:RearmingStrike","blackbeard:Shrapnel","blackbeard:BlackbeardStrike","blackbeard:IntimidatingStrike","blackbeard:Cutlass+1","blackbeard:WeaponProficiency","Envenom","blackbeard:FieryDefense","blackbeard:TacticalRetreat","blackbeard:TheDrunkenSailor","blackbeard:Upgrade","blackbeard:SmithingHammer","blackbeard:Sword+1","blackbeard:Toast","blackbeard:InfiniteBarrage","blackbeard:GoldenGuillotine"],"relics":["blackbeard:LoadTheGoldenCannons","REME:ComplimentaryCards","EVO:Axolotl","Lantern","Tintinnabulum","Sling","MerchantsRug","ClockworkSouvenir","Ribbon","sagemod:Red_Beast_Statue","Juzu Bracelet","Boot","The Courier","aspiration:ChemicalBlood","CeramicFish","blackbeard:CannonballsOfSteel","Singing Bowl"],"acts_visited":["Exordium","TheCity"],"potions_floor_usage":[0,0,10,19,19,21],"damage_taken":[{"damage":3,"enemies":"Jaw Worm","floor":1,"turns":2},{"damage":1,"enemies":"infinitespire:Voidling","floor":2,"turns":2},{"damage":0,"enemies":"Small Slimes","floor":5,"turns":1},{"damage":10,"enemies":"Gremlin Nob","floor":6,"turns":3},{"damage":22,"enemies":"Looter","floor":7,"turns":5},{"damage":0,"enemies":"Lagavulin","floor":8,"turns":5},{"damage":16,"enemies":"Gremlin Nob","floor":10,"turns":4},{"damage":0,"enemies":"3 Louse","floor":13,"turns":2},{"damage":0,"enemies":"Slime Boss","floor":16,"turns":7},{"damage":30,"enemies":"Spheric Guardian","floor":18,"turns":4},{"damage":23,"enemies":"Shell Parasite","floor":19,"turns":4},{"damage":36,"enemies":"Shelled Parasite and Fungi","floor":21,"turns":3}],"seed_played":"5061000623344537450","potions_obtained":[{"floor":8,"key":"LiquidMemories"},{"floor":10,"key":"Energy Potion"},{"floor":13,"key":"Energy Potion"},{"floor":16,"key":"Weak Potion"},{"floor":18,"key":"SCP261:SweetSwarmPotion"},{"floor":19,"key":"ColorlessPotion"}],"is_trial":false,"path_per_floor":["M","M","?","?","M","E","M","E","T","?","?","R","M","?","R","B",null,"M","M","$","M"],"character_chosen":"BLACKBEARD_CLASS","items_purchased":["Lantern","Tintinnabulum","aspiration:HiddenCompartment","Fruit Juice","Sling","MerchantsRug","blackbeard:WeaponProficiency","ClockworkSouvenir","The Courier","aspiration:ChemicalBlood","CeramicFish","blackbeard:CannonballsOfSteel","Singing Bowl"],"campfire_rested":0,"item_purchase_floors":[0,0,0,0,0,0,0,0,12,12,12,20,20],"current_hp_per_floor":[82,82,83,84,85,75,54,55,56,41,35,36,37,38,39,40,85,55,33,34,0,0,0],"gold":21,"neow_bonus":"","is_daily":false,"chose_seed":false,"campfire_upgraded":0,"win_rate":0.0,"timestamp":1610403627,"path_taken":["M","M","?","?","M","E","M","E","T","?","?","R","M","?","R","BOSS","M","M","$","M"],"items_purchased_type":["Relic","Relic","Relic","Potion","Relic","Relic","Card","Relic","Relic","Relic","Relic","Relic","Relic"],"build_version":"2020-12-22","purchased_purges":2,"victory":false,"max_hp_per_floor":[85,85,85,85,85,85,85,85,85,85,85,85,85,85,85,85,85,85,85,85,85,85,85],"card_choices":[{"not_picked":["blackbeard:WeaponProficiency","blackbeard:Recklessness"],"picked":"blackbeard:FieryDefense","floor":1},{"not_picked":["blackbeard:Shrapnel","blackbeard:Sword"],"picked":"blackbeard:TacticalRetreat","floor":2},{"not_picked":["blackbeard:GoldenDefense","blackbeard:DeadlyArsenal"],"picked":"blackbeard:Upgrade","floor":5},{"not_picked":["blackbeard:Dagger","blackbeard:Spear"],"picked":"blackbeard:SmithingHammer","floor":6},{"not_picked":["blackbeard:Shrapnel","blackbeard:Murder","blackbeard:DeadlyArsenal"],"picked":"SKIP","floor":7},{"not_picked":["blackbeard:GoldenDefense","blackbeard:TacticalRetreat"],"picked":"blackbeard:Sword","floor":8},{"not_picked":["blackbeard:Sword","blackbeard:SwordDance"],"picked":"blackbeard:Toast","floor":10},{"not_picked":["blackbeard:RearmingStrike","blackbeard:ArmorUp"],"picked":"blackbeard:InfiniteBarrage","floor":13},{"not_picked":["blackbeard:Halberd","blackbeard:Lifeboat"],"picked":"blackbeard:GoldenGuillotine","floor":16},{"not_picked":["blackbeard:VengefulSpirit","blackbeard:Boarding+1","blackbeard:Shrapnel+1"],"picked":"SKIP","floor":18},{"not_picked":["blackbeard:Shrapnel+1","blackbeard:GhostInTheRum","blackbeard:DangerousBlow+1"],"picked":"SKIP","floor":19}],"player_experience":1054297,"relics_obtained":[{"floor":6,"key":"sagemod:Red_Beast_Statue"},{"floor":8,"key":"Dream Catcher"},{"floor":9,"key":"Juzu Bracelet"},{"floor":10,"key":"War Paint"}],"event_choices":[{"damage_healed":0,"gold_gain":225,"player_choice":"YARR","damage_taken":0,"relics_obtained":["Ribbon"],"max_hp_gain":0,"max_hp_loss":0,"event_name":"blackbeard:Ssssserpent","floor":3,"gold_loss":0},{"damage_healed":0,"gold_gain":0,"cards_transformed":["blackbeard:BlackbeardDefend"],"player_choice":"Transformed","damage_taken":0,"max_hp_gain":0,"max_hp_loss":0,"event_name":"Transmorgrifier","floor":4,"gold_loss":0,"cards_obtained":["blackbeard:TheDrunkenSailor"]},{"damage_healed":0,"gold_gain":0,"player_choice":"Searched \u00271\u0027 times","damage_taken":0,"max_hp_gain":0,"max_hp_loss":0,"event_name":"Dead Adventurer","floor":10,"gold_loss":0},{"damage_healed":0,"gold_gain":0,"player_choice":"Relic ","damage_taken":7,"max_hp_gain":0,"max_hp_loss":0,"event_name":"betterThird:BetterScrap","floor":11,"gold_loss":0,"cards_obtained":["ForeignInfluence"]},{"cards_removed":["blackbeard:BlackbeardDefend"],"damage_healed":0,"gold_gain":0,"player_choice":"Card Removal","damage_taken":0,"max_hp_gain":0,"max_hp_loss":0,"event_name":"The Cleric","floor":14,"gold_loss":50}],"is_beta":false,"boss_relics":[{"not_picked":["Tiny House","Philosopher\u0027s Stone"],"picked":"blackbeard:LoadTheGoldenCannons"}],"items_purged_floors":[0,0],"is_endless":false,"potions_floor_spawned":[8,10,13,16,18,19],"killed_by":"Shelled Parasite and Fungi","ascension_level":1}}