{"host":"7xqmogdiib9lquqm","time":1610354924,"event":{"mods":["AchievementEnabler","BaseMod","BetterRewards","Colored Map","Colored Powertips","Highlight Path","Jorbs\u0027s Wanderer Trilogy","Marisa????????","Minty Spire (QoL Compilation)","Prisma Mod","Quick Restart","Rare Cards Sparkle","Reimu??????","Remilia??????","Replay The Spire","StSLib","SuperFastMode","The Animator","The Bug Knight","The Cursed","The Disciple","The Hierophant","The Jungle","The Senshi","The Servant 0.9.4","The Wild Card","WarShipGirlsR/????R mod"],"gold_per_floor":[110,125,125,125,50,50,61,72,72,72,91,91,122,133,133,237,237,254,288,154,171,182,182,213,213,213,213,5,5,5,105,105,205,205,223,238,198,216,229,229,279,292,317,317,118,118,118,138,138,138],"floor_reached":51,"playtime":2688,"items_purged":["Defend_R","Defend_R","Defend_R"],"score":907,"play_id":"03ed07bf-1d0b-4114-8e5a-1115febcf9bd","local_time":"20210111034844","is_ascension_mode":true,"campfire_choices":[{"data":"theWildCard:Odin","floor":6.0,"key":"SMITH"},{"data":"Warcry","floor":10.0,"key":"SMITH"},{"data":"Intimidate","floor":12.0,"key":"SMITH"},{"data":"True Grit","floor":15.0,"key":"SMITH"},{"data":"Body Slam","floor":23.0,"key":"SMITH"},{"data":"Body Slam","floor":25.0,"key":"SMITH"},{"floor":27.0,"key":"REST"},{"data":"Berserk","floor":29.0,"key":"SMITH"},{"data":"Clothesline","floor":32.0,"key":"SMITH"},{"data":"Barricade","floor":40.0,"key":"SMITH"},{"data":"Anger","floor":47,"key":"SMITH"},{"data":"Whirlwind","floor":49,"key":"SMITH"}],"circlet_count":0,"master_deck":["Strike_R+1","Strike_R+1","Strike_R+1","Strike_R+1","Strike_R+1","Defend_R+1","Bash+1","Anger+1","Intimidate+1","theWildCard:Odin+1","Whirlwind+1","Warcry+1","Dropkick","True Grit+1","Dropkick","Berserk+1","Body Slam+1","Shrug It Off+1","Uppercut+1","Body Slam+1","Clothesline+1","Finesse+1","Barricade+1","Power Through+1","Body Slam+1","Parasite","Headbutt+1","Wraith","Shrug It Off+1","Entrench+1"],"relics":["Burning Blood","Self Forming Clay","Replay:Bottled Flurry","Sozu","Red Mask","Bag of Marbles","HollowMod:StagPassRelic","Another Sword","Pear","ChewingGum","Du-Vu Doll","Simple Rune","Medical Kit"],"acts_visited":["Exordium","TheCity","TheBeyond"],"potions_floor_usage":[],"damage_taken":[{"damage":0.0,"enemies":"Small Slimes","floor":1.0,"turns":3.0},{"damage":9.0,"enemies":"Jaw Worm","floor":2.0,"turns":4.0},{"damage":0.0,"enemies":"Cultist","floor":7.0,"turns":2.0},{"damage":8.0,"enemies":"Lots of Slimes","floor":8.0,"turns":2.0},{"damage":5.0,"enemies":"Large Slime","floor":11.0,"turns":5.0},{"damage":2.0,"enemies":"Lagavulin","floor":13.0,"turns":4.0},{"damage":0.0,"enemies":"2 Fungi Beasts","floor":14.0,"turns":3.0},{"damage":42.0,"enemies":"Slime Boss","floor":16.0,"turns":12.0},{"damage":15.0,"enemies":"2 Thieves","floor":18.0,"turns":5.0},{"damage":6.0,"enemies":"Masked Bandits","floor":19.0,"turns":5.0},{"damage":2.0,"enemies":"Spheric Guardian","floor":21.0,"turns":4.0},{"damage":0.0,"enemies":"Centurion and Healer","floor":22.0,"turns":4.0},{"damage":0.0,"enemies":"Book of Stabbing","floor":24.0,"turns":4.0},{"damage":0.0,"enemies":"Colosseum Slavers","floor":31.0,"turns":3.0},{"damage":10.0,"enemies":"Colosseum Nobs","floor":31.0,"turns":3.0},{"damage":65.0,"enemies":"Automaton","floor":33.0,"turns":7.0},{"damage":0.0,"enemies":"Orb Walker","floor":35.0,"turns":3.0},{"damage":5.0,"enemies":"3 Darklings","floor":36.0,"turns":5.0},{"damage":0.0,"enemies":"Writhing Mass","floor":38.0,"turns":3.0},{"damage":0.0,"enemies":"Transient","floor":39.0,"turns":5.0},{"damage":0.0,"enemies":"Mind Bloom Boss Battle","floor":41.0,"turns":2.0},{"damage":0.0,"enemies":"Jaw Worm Horde","floor":42.0,"turns":4.0},{"damage":0,"enemies":"Writhing Mass","floor":48,"turns":4},{"damage":10,"enemies":"Donu and Deca","floor":50,"turns":7}],"seed_played":"-5744996267276879100","potions_obtained":[{"floor":1.0,"key":"LifebloodPotion"},{"floor":2.0,"key":"GrandPatriotsElixir:ReiMu"},{"floor":7.0,"key":"Strength Potion"},{"floor":13.0,"key":"AttackPotion"}],"is_trial":false,"path_per_floor":["M","M","?","?","$","R","M","M","T","R","M","R","E","M","R","B",null,"M","?","$","M","M","R","E","R","T","R","$","R","?","?","R","B",null,"M","M","?","M","M","R","?","M","T","?","$","?","R","M","R","B",null],"character_chosen":"IRONCLAD","items_purchased":["Shrug It Off+1","Finesse","Medical Kit","Shrug It Off"],"campfire_rested":1,"item_purchase_floors":[20,28,45,45],"current_hp_per_floor":[78,75,80,80,80,80,85,83,83,83,84,84,85,85,85,49,76,67,67,67,71,77,77,83,83,83,85,85,85,85,91,91,32,79,85,86,86,92,95,95,95,95,95,95,95,95,95,95,95,91],"gold":138,"neow_bonus":"UPGRADE_CARD","is_daily":false,"chose_seed":false,"campfire_upgraded":11,"win_rate":0.0,"timestamp":1610354924,"path_taken":["M","M","?","?","?","R","?","M","T","R","?","R","E","M","R","BOSS","M","?","$","M","M","R","E","R","T","R","$","R","?","?","R","BOSS","M","M","?","?","M","R","?","M","T","?","$","?","R","M","R","BOSS"],"items_purchased_type":["Card","Card","Relic","Card"],"build_version":"2020-12-22","purchased_purges":3,"victory":true,"max_hp_per_floor":[80,80,85,85,85,85,85,85,85,85,85,85,85,85,85,85,85,85,85,85,85,85,85,85,85,85,85,85,85,85,95,95,95,95,95,95,95,95,95,95,95,95,95,95,95,95,95,95,95,95],"card_choices":[{"not_picked":["Evolve","Clash"],"picked":"Anger","floor":1.0},{"not_picked":["Warcry","Perfected Strike"],"picked":"Intimidate","floor":2.0},{"not_picked":["Sentinel","Defy Death"],"picked":"Whirlwind","floor":7.0},{"not_picked":["Thunderclap","Iron Wave"],"picked":"Warcry","floor":8.0},{"not_picked":["Limit Break","Twin Strike"],"picked":"Dropkick","floor":11.0},{"not_picked":["True Grit","Run Through","Fire Breathing"],"picked":"SKIP","floor":13.0},{"not_picked":["Run Through","Fire Breathing"],"picked":"True Grit","floor":13.0},{"not_picked":["Anger","Bloodletting"],"picked":"Dropkick","floor":14.0},{"not_picked":["Eclipse","Impervious"],"picked":"Berserk","floor":16.0},{"not_picked":["Rampage+1","Pummel+1"],"picked":"Body Slam","floor":18.0},{"not_picked":["Run Through","Twin Strike"],"picked":"Uppercut+1","floor":21.0},{"not_picked":["Evolve","Anger+1"],"picked":"Body Slam","floor":22.0},{"not_picked":["Sword Boomerang","Demon Form"],"picked":"Clothesline","floor":24.0},{"not_picked":["Double Tap","Hemogenesis"],"picked":"Barricade","floor":33.0},{"not_picked":["ReplayTheSpireMod:Strike From Hell+1","Clothesline"],"picked":"Power Through+1","floor":35.0},{"not_picked":["Iron Wave+1","Blood for Blood+1"],"picked":"Body Slam","floor":36.0},{"not_picked":["Run Through+1","Feed","Twin Strike+1"],"picked":"SKIP","floor":38.0},{"not_picked":["Iron Wave","ReplayTheSpireMod:Strike From Hell+1"],"picked":"Headbutt+1","floor":39.0},{"not_picked":["Pommel Strike","Clothesline","Iron Wave"],"picked":"SKIP","floor":42.0},{"not_picked":["Searing Blow","Flex"],"picked":"Entrench+1","floor":48}],"player_experience":252396,"relics_obtained":[{"floor":9.0,"key":"Self Forming Clay"},{"floor":13.0,"key":"Replay:Bottled Flurry"},{"floor":19.0,"key":"Red Mask"},{"floor":24.0,"key":"Bag of Marbles"},{"floor":26.0,"key":"HollowMod:StagPassRelic"},{"floor":31.0,"key":"Another Sword"},{"floor":31.0,"key":"Pear"},{"floor":41.0,"key":"Du-Vu Doll"},{"floor":43.0,"key":"Simple Rune"}],"event_choices":[{"damage_healed":0.0,"max_hp_gain":5.0,"max_hp_loss":0.0,"gold_gain":0.0,"event_name":"Big Fish","player_choice":"Donut","floor":3.0,"gold_loss":0.0,"damage_taken":0.0},{"damage_healed":0.0,"max_hp_gain":0.0,"max_hp_loss":0.0,"gold_gain":0.0,"event_name":"Masked Bandits","player_choice":"Fought Bandits","floor":19.0,"gold_loss":0.0,"damage_taken":0.0},{"damage_healed":0.0,"max_hp_gain":0.0,"max_hp_loss":0.0,"gold_gain":0.0,"event_name":"Back to Basics","player_choice":"Simplicity","floor":30.0,"gold_loss":0.0,"damage_taken":0.0,"cards_upgraded":["Strike_R","Strike_R","Strike_R","Strike_R","Strike_R","Defend_R"]},{"damage_healed":0.0,"max_hp_gain":0.0,"max_hp_loss":0.0,"gold_gain":0.0,"event_name":"Colosseum","player_choice":"Fight","floor":31.0,"gold_loss":0.0,"damage_taken":0.0},{"damage_healed":0.0,"max_hp_gain":0.0,"max_hp_loss":0.0,"gold_gain":0.0,"event_name":"Colosseum","player_choice":"Fought Nobs","floor":31.0,"gold_loss":0.0,"damage_taken":0.0},{"damage_healed":0.0,"max_hp_gain":0.0,"max_hp_loss":0.0,"gold_gain":0.0,"event_name":"Designer","player_choice":"Upgrade","floor":37.0,"gold_loss":40.0,"damage_taken":0.0,"cards_upgraded":["Body Slam"]},{"damage_healed":0.0,"max_hp_gain":0.0,"max_hp_loss":0.0,"gold_gain":0.0,"event_name":"MindBloom","player_choice":"Fight","floor":41.0,"gold_loss":0.0,"damage_taken":0.0},{"damage_healed":0,"gold_gain":0,"player_choice":"Ignored","damage_taken":0,"max_hp_gain":0,"max_hp_loss":0,"event_name":"OrinTheCat","floor":44,"gold_loss":0},{"damage_healed":0,"gold_gain":0,"player_choice":"Ignored","damage_taken":0,"max_hp_gain":0,"max_hp_loss":0,"event_name":"Tomb of Lord Red Mask","floor":46,"gold_loss":0}],"is_beta":false,"boss_relics":[{"not_picked":["Electric Blood","Kintsugi"],"picked":"Sozu"},{"not_picked":["SlaversCollar","Honey Jar"],"picked":"ChewingGum"}],"items_purged_floors":[5,20,28],"is_endless":false,"potions_floor_spawned":[1,2,7,13,21,31,33,36,39,41],"ascension_level":6}}