{"host":"jlz4is0nf6zo9oab","time":1610394170,"event":{"mods":["AchievementEnabler","BaseMod","Colored Map","Colored Powertips","Highlight Path","Minty Spire (QoL Compilation)","StSLib"],"gold_per_floor":[116,116,125,142,160,160,178,178,178,178,204,218,218,218],"floor_reached":13,"playtime":333,"items_purged":[],"score":157,"play_id":"42a4fb21-18e5-402a-9ea1-048d26872b92","local_time":"20210111204250","is_ascension_mode":true,"campfire_choices":[{"data":"Reckless Charge","floor":6,"key":"SMITH"},{"data":"Bash","floor":8,"key":"SMITH"},{"data":"Defend_R","floor":10,"key":"SMITH"}],"circlet_count":0,"master_deck":["AscendersBane","Strike_R","Strike_R","Strike_R","Strike_R","Defend_R","Defend_R","Defend_R","Defend_R+1","Bash+1","Reckless Charge+1"],"relics":["Burning Blood","CeramicFish","Frozen Egg 2","Pear"],"acts_visited":["Exordium"],"potions_floor_usage":[7,12],"damage_taken":[{"damage":9,"enemies":"Jaw Worm","floor":1,"turns":5},{"damage":3,"enemies":"2 Louse","floor":4,"turns":2},{"damage":6,"enemies":"Cultist","floor":5,"turns":4},{"damage":32,"enemies":"Lots of Slimes","floor":7,"turns":4},{"damage":46,"enemies":"3 Sentries","floor":11,"turns":12},{"damage":3,"enemies":"Looter","floor":12,"turns":2},{"damage":37,"enemies":"Lagavulin","floor":13,"turns":6}],"seed_played":"-4290716862170521802","potions_obtained":[{"floor":4,"key":"Strength Potion"},{"floor":11,"key":"DistilledChaos"}],"is_trial":false,"path_per_floor":["M","?","?","M","M","R","M","R","T","R","E","M","E"],"character_chosen":"IRONCLAD","items_purchased":[],"campfire_rested":0,"item_purchase_floors":[],"current_hp_per_floor":[69,74,74,77,77,77,51,51,51,51,21,24,0,0],"gold":218,"neow_bonus":"RANDOM_COMMON_RELIC","is_daily":false,"chose_seed":false,"campfire_upgraded":3,"win_rate":0.0,"timestamp":1610394170,"path_taken":["M","?","?","M","?","R","M","R","T","R","E","?","E"],"items_purchased_type":[],"build_version":"2020-12-22","purchased_purges":0,"victory":false,"max_hp_per_floor":[80,85,85,85,85,85,85,85,85,85,95,95,95,95],"card_choices":[{"not_picked":["Twin Strike","True Grit","Heavy Blade"],"picked":"SKIP","floor":1},{"not_picked":["Flex","Heavy Blade","Clash"],"picked":"SKIP","floor":4},{"not_picked":["Armaments","Anger","Heavy Blade"],"picked":"SKIP","floor":5},{"not_picked":["Clothesline","Thunderclap","Anger"],"picked":"SKIP","floor":7},{"not_picked":["Corruption+1","Body Slam","Infernal Blade"],"picked":"SKIP","floor":11},{"not_picked":["Combust+1","Clash","Body Slam"],"picked":"SKIP","floor":12}],"player_experience":944309,"relics_obtained":[{"floor":9,"key":"Frozen Egg 2"},{"floor":11,"key":"Pear"}],"event_choices":[{"damage_healed":0,"gold_gain":0,"player_choice":"Donut","damage_taken":0,"max_hp_gain":5,"max_hp_loss":0,"event_name":"Big Fish","floor":2,"gold_loss":0},{"damage_healed":0,"gold_gain":0,"cards_transformed":["Strike_R"],"player_choice":"Transformed","damage_taken":0,"max_hp_gain":0,"max_hp_loss":0,"event_name":"Transmorgrifier","floor":3,"gold_loss":0,"cards_obtained":["Reckless Charge"]}],"is_beta":false,"boss_relics":[],"items_purged_floors":[],"is_endless":false,"potions_floor_spawned":[4,11],"killed_by":"Lagavulin","ascension_level":11}}