{"host":"opg65mucj6ra7dr1","time":1610347603,"event":{"mods":["BaseMod","DeckTracker","Keyboard Shortcuts","Minty Spire (QoL Compilation)","Permanent Neow","Quick Restart","everything is the same but u backflip on backflip"],"gold_per_floor":[116,116,116,140,156,156,156,156,156,179,204,204,243,263,263,391,391,414,434,349,329,12,12,52,75,75,108,108,146,146,170,170,310,310,346,411,157,184,226,226,226,226],"floor_reached":41,"playtime":1207,"items_purged":["Strike_B","Strike_B"],"score":521,"play_id":"bf5c987d-8071-473c-8b20-6e53d6c15d43","local_time":"20210111154643","is_ascension_mode":true,"campfire_choices":[{"data":"Redo","floor":6.0,"key":"SMITH"},{"floor":8.0,"key":"REST"},{"data":"Darkness","floor":12.0,"key":"SMITH"},{"data":"Conserve Battery","floor":15.0,"key":"SMITH"},{"data":"Double Energy","floor":23.0,"key":"SMITH"},{"floor":28.0,"key":"REST"},{"floor":30.0,"key":"REST"},{"data":"Redo","floor":32.0,"key":"SMITH"},{"floor":40.0,"key":"REST"}],"circlet_count":0,"master_deck":["Strike_B","Defend_B","Defend_B","Defend_B","Defend_B","Zap","Dualcast+1","Redo+1","Doom and Gloom+1","Darkness+1","Conserve Battery+1","Skim+1","Biased Cognition","Sweeping Beam","Stack+1","Double Energy+1","Leap","Redo+1","Machine Learning","Stack+1","Conserve Battery+1","Hologram+1","Loop","Leap+1"],"relics":["Cracked Core","Golden Idol","Strawberry","Blood Vial","Prayer Wheel","SlaversCollar","CeramicFish","Symbiotic Virus","War Paint","Darkstone Periapt","Vajra","Calipers","Fusion Hammer"],"acts_visited":["Exordium","TheCity","TheBeyond"],"potions_floor_usage":[41],"damage_taken":[{"damage":7.0,"enemies":"Jaw Worm","floor":1.0,"turns":3.0},{"damage":8.0,"enemies":"Small Slimes","floor":4.0,"turns":3.0},{"damage":8.0,"enemies":"2 Louse","floor":5.0,"turns":2.0},{"damage":12.0,"enemies":"Looter","floor":10.0,"turns":3.0},{"damage":0.0,"enemies":"Lagavulin","floor":13.0,"turns":4.0},{"damage":0.0,"enemies":"Large Slime","floor":14.0,"turns":4.0},{"damage":11.0,"enemies":"The Guardian","floor":16.0,"turns":10.0},{"damage":19.0,"enemies":"3 Byrds","floor":18.0,"turns":3.0},{"damage":24.0,"enemies":"2 Thieves","floor":19.0,"turns":4.0},{"damage":19.0,"enemies":"Book of Stabbing","floor":24.0,"turns":5.0},{"damage":13.0,"enemies":"Shelled Parasite and Fungi","floor":25.0,"turns":2.0},{"damage":5.0,"enemies":"Gremlin Leader","floor":27.0,"turns":6.0},{"damage":9.0,"enemies":"Slavers","floor":29.0,"turns":4.0},{"damage":15.0,"enemies":"Snake Plant","floor":31.0,"turns":3.0},{"damage":58.0,"enemies":"Automaton","floor":33.0,"turns":8.0},{"damage":19.0,"enemies":"Orb Walker","floor":35.0,"turns":4.0},{"damage":44.0,"enemies":"2 Orb Walkers","floor":36.0,"turns":5.0},{"damage":15.0,"enemies":"3 Shapes","floor":38.0,"turns":3.0},{"damage":17.0,"enemies":"Transient","floor":39.0,"turns":5.0},{"damage":33,"enemies":"Nemesis","floor":41,"turns":2}],"seed_played":"8751862975282817098","potions_obtained":[{"floor":1.0,"key":"FairyPotion"},{"floor":4.0,"key":"Explosive Potion"},{"floor":10.0,"key":"Swift Potion"},{"floor":18.0,"key":"Swift Potion"},{"floor":21.0,"key":"Fire Potion"},{"floor":29.0,"key":"DuplicationPotion"},{"floor":35.0,"key":"SkillPotion"},{"floor":39.0,"key":"Dexterity Potion"}],"is_trial":false,"path_per_floor":["M","?","?","M","M","R","?","R","T","M","T","R","E","M","R","B",null,"M","M","?","?","$","R","E","M","T","E","R","E","R","M","R","B",null,"M","?","$","M","M","R","E"],"character_chosen":"DEFECT","items_purchased":["Symbiotic Virus","Regen Potion","DistilledChaos"],"campfire_rested":4,"item_purchase_floors":[22,37,37],"current_hp_per_floor":[68,68,50,42,34,34,19,41,48,36,36,36,38,40,40,31,82,63,41,41,41,41,41,24,13,13,10,34,27,51,38,38,24,82,63,21,21,17,2,26,0,0],"gold":226,"neow_bonus":"REMOVE_CARD","is_daily":false,"chose_seed":false,"campfire_upgraded":5,"win_rate":0.0,"timestamp":1610347603,"path_taken":["M","?","?","M","M","R","?","R","T","M","?","R","E","M","R","BOSS","M","M","?","?","$","R","E","?","T","E","R","E","R","M","R","BOSS","M","?","$","M","M","R","E"],"items_purchased_type":["Relic","Potion","Potion"],"build_version":"2020-12-22","purchased_purges":2,"victory":false,"max_hp_per_floor":[75,75,75,75,75,75,75,75,82,82,82,82,82,82,82,82,82,82,82,82,82,82,82,82,82,82,82,82,82,82,82,82,82,82,82,82,82,82,82,82,82,82],"card_choices":[{"not_picked":["Loop","Recycle"],"picked":"Redo","floor":1.0},{"not_picked":["Coolheaded","Rebound"],"picked":"Doom and Gloom","floor":4.0},{"not_picked":["Stack","Steam Power"],"picked":"Darkness","floor":5.0},{"not_picked":["Blizzard","White Noise","Ball Lightning"],"picked":"SKIP","floor":10.0},{"not_picked":["Rebound","Turbo"],"picked":"Conserve Battery","floor":13.0},{"not_picked":["Chaos","Barrage"],"picked":"Skim","floor":14.0},{"not_picked":["Ball Lightning","Coolheaded"],"picked":"Biased Cognition","floor":14.0},{"not_picked":["Coolheaded","Chaos"],"picked":"Sweeping Beam","floor":18.0},{"not_picked":["Streamline","Cold Snap","Consume"],"picked":"SKIP","floor":18.0},{"not_picked":["FTL","Compile Driver+1"],"picked":"Stack","floor":19.0},{"not_picked":["Meteor Strike","Ball Lightning"],"picked":"Double Energy","floor":19.0},{"not_picked":["Creative AI","Hello World","Barrage+1"],"picked":"SKIP","floor":24.0},{"not_picked":["Sweeping Beam","Go for the Eyes"],"picked":"Leap","floor":25.0},{"not_picked":["Go for the Eyes+1","Lockon+1","Darkness"],"picked":"SKIP","floor":25.0},{"not_picked":["Meteor Strike","Reprogram+1","Glacier"],"picked":"SKIP","floor":27.0},{"not_picked":["Cold Snap","Sweeping Beam","Compile Driver+1"],"picked":"SKIP","floor":29.0},{"not_picked":["Darkness+1","Go for the Eyes"],"picked":"Redo","floor":31.0},{"not_picked":["Rebound","Coolheaded","Doom and Gloom"],"picked":"SKIP","floor":31.0},{"not_picked":["Biased Cognition","Thunder Strike"],"picked":"Machine Learning","floor":33.0},{"not_picked":["Beam Cell+1","Conserve Battery"],"picked":"Stack+1","floor":35.0},{"not_picked":["Hologram","Beam Cell"],"picked":"Conserve Battery+1","floor":35.0},{"not_picked":["Redo","Go for the Eyes"],"picked":"Hologram+1","floor":38.0},{"not_picked":["Ball Lightning","All For One","Compile Driver"],"picked":"SKIP","floor":38.0},{"not_picked":["Steam","Turbo+1"],"picked":"Loop","floor":39.0},{"not_picked":["Steam+1","Go for the Eyes+1"],"picked":"Leap+1","floor":39.0}],"player_experience":86642,"relics_obtained":[{"floor":9.0,"key":"Strawberry"},{"floor":11.0,"key":"Blood Vial"},{"floor":13.0,"key":"Prayer Wheel"},{"floor":24.0,"key":"War Paint"},{"floor":26.0,"key":"Darkstone Periapt"},{"floor":27.0,"key":"Vajra"},{"floor":29.0,"key":"Calipers"}],"event_choices":[{"damage_healed":0.0,"max_hp_gain":0.0,"max_hp_loss":0.0,"gold_gain":0.0,"event_name":"Liars Game","player_choice":"Ignored","floor":2.0,"gold_loss":0.0,"damage_taken":0.0},{"damage_healed":0.0,"max_hp_gain":0.0,"max_hp_loss":0.0,"gold_gain":0.0,"event_name":"Golden Idol","player_choice":"Take Damage","floor":3.0,"gold_loss":0.0,"damage_taken":18.0,"relics_obtained":["Golden Idol"]},{"damage_healed":0.0,"max_hp_gain":0.0,"max_hp_loss":0.0,"gold_gain":0.0,"event_name":"Shining Light","player_choice":"Entered Light","floor":7.0,"gold_loss":0.0,"damage_taken":15.0,"cards_upgraded":["Doom and Gloom","Dualcast"]},{"damage_healed":0.0,"max_hp_gain":0.0,"max_hp_loss":0.0,"gold_gain":0.0,"event_name":"Addict","player_choice":"Obtained Relic","floor":20.0,"gold_loss":85.0,"damage_taken":0.0,"relics_obtained":["CeramicFish"]},{"damage_healed":0.0,"max_hp_gain":0.0,"max_hp_loss":0.0,"gold_gain":0.0,"event_name":"The Woman in Blue","player_choice":"Bought 1 Potion","floor":21.0,"gold_loss":0.0,"damage_taken":0.0},{"damage_healed":0.0,"max_hp_gain":0.0,"max_hp_loss":0.0,"gold_gain":0.0,"event_name":"Mysterious Sphere","player_choice":"Fight","floor":36.0,"gold_loss":0.0,"damage_taken":0.0}],"is_beta":false,"boss_relics":[{"not_picked":["Sozu","FrozenCore"],"picked":"SlaversCollar"},{"not_picked":["Calling Bell","Snecko Eye"],"picked":"Fusion Hammer"}],"items_purged_floors":[22,37],"is_endless":false,"potions_floor_spawned":[1,4,10,18,24,29,35,39],"killed_by":"Nemesis","ascension_level":2}}