{"host":"ss2ocoam53r2lno0","time":1610386752,"event":{"mods":["Act Like it!","BaseMod","ChefMod","Clockwork Mod","Colored Powertips","Curses Come First","Displayed Cursed Tome","Downfall","Evolution","Googly Eyes","Hallownest","Highlight Path","Minty Spire (QoL Compilation)","Poor People Problems","Rare Cards Sparkle","Robot Space Explorer","Shade Mod","Shop Mod","Spicy Shops","StSLib","The Marked"],"gold_per_floor":[115,215,228,178,197,224,234,269,269,269,269],"floor_reached":10,"playtime":809,"items_purged":[],"score":107,"play_id":"3c0dca59-c1a4-41e0-88bd-0971fa6d89b8","local_time":"20210111183912","is_ascension_mode":true,"campfire_choices":[],"circlet_count":0,"master_deck":["Clockwork:Pluck","Clockwork:Pluck","Clockwork:Pluck","Clockwork:Shield","Clockwork:Shield","Clockwork:Shield","Clockwork:Shield","Clockwork:WarmUp","Clockwork:Pluck","Clockwork:LiteraryArmor","Clockwork:SiegeStrike"],"relics":["Clockwork:MomentumEngine","EVO:Axolotl","Clockwork:GoldenCog","Ancient Tea Set","Sundial","Singing Bowl"],"acts_visited":["Exordium"],"potions_floor_usage":[8],"damage_taken":[{"damage":6,"enemies":"2 Louse","floor":1,"turns":3},{"damage":13,"enemies":"Cultist","floor":3,"turns":4},{"damage":0,"enemies":"Jaw Worm","floor":5,"turns":4},{"damage":26,"enemies":"Gremlin Nob","floor":6,"turns":5},{"damage":18,"enemies":"Exordium Wildlife","floor":7,"turns":4},{"damage":19,"enemies":"3 Sentries","floor":8,"turns":11},{"damage":9,"enemies":"Gremlin Nob","floor":10,"turns":2}],"seed_played":"-3398349461487382842","potions_obtained":[{"floor":7,"key":"PowerPotion"},{"floor":8,"key":"LiquidMemories"}],"is_trial":false,"path_per_floor":["M","?","M","?","M","E","M","E","T","E"],"character_chosen":"CLOCKWORK","items_purchased":[],"campfire_rested":0,"item_purchase_floors":[],"current_hp_per_floor":[79,79,66,66,66,40,22,3,3,0,0],"gold":269,"neow_bonus":"REMOVE_CARD","is_daily":false,"chose_seed":false,"campfire_upgraded":0,"win_rate":0.0,"timestamp":1610386752,"path_taken":["M","?","?","?","M","E","M","E","T","E"],"items_purchased_type":[],"build_version":"2020-12-22","purchased_purges":0,"victory":false,"max_hp_per_floor":[85,85,85,85,85,85,85,85,85,85,85],"card_choices":[{"not_picked":["Clockwork:SystemHardening","Clockwork:SnapKeep"],"picked":"Clockwork:Pluck","floor":1},{"not_picked":["Clockwork:Improve","Clockwork:PerfectedStrike","Clockwork:HeadStart"],"picked":"SKIP","floor":3},{"not_picked":["Clockwork:ReserveSystems","Clockwork:ForgeStrike","Clockwork:Minimalism"],"picked":"SKIP","floor":5},{"not_picked":["Clockwork:TestingEnvironment","Clockwork:StasisBreak","Clockwork:AdaptiveCannon"],"picked":"SKIP","floor":6},{"not_picked":["Clockwork:StasisBreak","Clockwork:ChargingBlade"],"picked":"Clockwork:LiteraryArmor","floor":7},{"not_picked":["Clockwork:Redundancy","Clockwork:ReserveSystems"],"picked":"Clockwork:SiegeStrike","floor":8}],"player_experience":666315,"relics_obtained":[{"floor":6,"key":"Ancient Tea Set"},{"floor":8,"key":"Sundial"},{"floor":9,"key":"Singing Bowl"}],"event_choices":[{"damage_healed":0,"gold_gain":100,"player_choice":"Gold","damage_taken":0,"max_hp_gain":0,"max_hp_loss":0,"event_name":"Wheel of Change","floor":2,"gold_loss":0},{"cards_removed":["Clockwork:Tinker"],"damage_healed":0,"gold_gain":0,"player_choice":"Card Removal","damage_taken":0,"max_hp_gain":0,"max_hp_loss":0,"event_name":"The Cleric","floor":4,"gold_loss":50}],"is_beta":false,"boss_relics":[],"items_purged_floors":[],"is_endless":false,"potions_floor_spawned":[7,8],"killed_by":"Gremlin Nob","ascension_level":1}}