{"host":"cv77zuuuekizn3ic","time":1610348624,"event":{"mods":["AchievementEnabler","BaseMod","Marisa£®ÏF”Í°°ƒß¿Ì…≥£©","Minty Spire (QoL Compilation)","StSLib","Waifu the Spire","everything is the same but u backflip on backflip","slay the spire mod where everything is the same but ironclad has a cowboy hat"],"gold_per_floor":[116,116,130,143,143,143,169,169,169,189,189,203,214,229,229,300,300,320,79,99,113,123,155,155,185,256,256,276,308,325,336,336,412,412,429,80,80,92,116,116,148,168,222,256,256,256,584,598,598,598,598,598,598,305,333,333],"floor_reached":57,"playtime":4921,"items_purged":["Infernal Blade","Brutality","Reckless Charge"],"score":2987,"play_id":"46573451-75f4-464f-baa5-69adfc71b3ae","local_time":"20210111150344","is_ascension_mode":true,"campfire_choices":[{"data":"Bash","floor":6.0,"key":"SMITH"},{"data":"Double Tap","floor":8.0,"key":"SMITH"},{"data":"Infernal Blade","floor":11.0,"key":"SMITH"},{"data":"True Grit","floor":15.0,"key":"SMITH"},{"data":"Dark Embrace","floor":24.0,"key":"SMITH"},{"data":"Offering","floor":27.0,"key":"SMITH"},{"data":"Double Tap","floor":32.0,"key":"SMITH"},{"floor":40.0,"key":"RECALL"},{"data":"Seeing Red","floor":45.0,"key":"SMITH"},{"data":"Power Through","floor":49.0,"key":"SMITH"},{"floor":53.0,"key":"REST"}],"circlet_count":0,"master_deck":["AscendersBane","Bash+1","Seeing Red+1","Fire Breathing","Flame Barrier","Infernal Blade+1","Double Tap+1","Dropkick","True Grit+1","Thunderclap","Dark Embrace+1","Double Tap+1","Feel No Pain","Dropkick","Second Wind","Offering+1","Impervious","Disarm","Power Through+1","Power Through+1","Dual Wield+1"],"relics":["Burning Blood","Paper Frog","Blue Candle","Vajra","Pandora\u0027s Box","Question Card","Pear","Gremlin Horn","Akabeko","Empty Cage","Medical Kit","Orichalcum","Anchor","Bag of Marbles","Old Coin","Nunchaku","Eternal Feather"],"acts_visited":["Exordium","TheCity","TheBeyond","TheEnding"],"potions_floor_usage":[56],"damage_taken":[{"damage":4.0,"enemies":"Small Slimes","floor":1.0,"turns":4.0},{"damage":5.0,"enemies":"Jaw Worm","floor":3.0,"turns":6.0},{"damage":6.0,"enemies":"2 Louse","floor":4.0,"turns":2.0},{"damage":11.0,"enemies":"3 Sentries","floor":7.0,"turns":6.0},{"damage":7.0,"enemies":"Exordium Thugs","floor":10.0,"turns":3.0},{"damage":0.0,"enemies":"Red Slaver","floor":12.0,"turns":4.0},{"damage":0.0,"enemies":"2 Fungi Beasts","floor":13.0,"turns":3.0},{"damage":6.0,"enemies":"Looter","floor":14.0,"turns":3.0},{"damage":49.0,"enemies":"Slime Boss","floor":16.0,"turns":9.0},{"damage":2.0,"enemies":"Chosen","floor":18.0,"turns":4.0},{"damage":12.0,"enemies":"Shell Parasite","floor":20.0,"turns":5.0},{"damage":9.0,"enemies":"3 Cultists","floor":21.0,"turns":5.0},{"damage":27.0,"enemies":"Sentry and Sphere","floor":22.0,"turns":5.0},{"damage":0.0,"enemies":"Gremlin Leader","floor":23.0,"turns":6.0},{"damage":8.0,"enemies":"Slavers","floor":25.0,"turns":5.0},{"damage":14.0,"enemies":"Centurion and Healer","floor":28.0,"turns":3.0},{"damage":16.0,"enemies":"Gremlin Leader","floor":29.0,"turns":4.0},{"damage":15.0,"enemies":"Shelled Parasite and Fungi","floor":30.0,"turns":2.0},{"damage":9.0,"enemies":"Snake Plant","floor":31.0,"turns":4.0},{"damage":19.0,"enemies":"Champ","floor":33.0,"turns":5.0},{"damage":17.0,"enemies":"Orb Walker","floor":35.0,"turns":2.0},{"damage":6.0,"enemies":"3 Darklings","floor":38.0,"turns":4.0},{"damage":11.0,"enemies":"Giant Head","floor":41.0,"turns":4.0},{"damage":6.0,"enemies":"Sphere and 2 Shapes","floor":42.0,"turns":5.0},{"damage":6.0,"enemies":"Reptomancer","floor":44.0,"turns":2.0},{"damage":7.0,"enemies":"Nemesis","floor":47.0,"turns":7.0},{"damage":6.0,"enemies":"Maw","floor":48.0,"turns":4.0},{"damage":41.0,"enemies":"Time Eater","floor":50.0,"turns":17.0},{"damage":7.0,"enemies":"Donu and Deca","floor":51.0,"turns":4.0},{"damage":62.0,"enemies":"Shield and Spear","floor":55.0,"turns":6.0},{"damage":25,"enemies":"The Heart","floor":56,"turns":6}],"seed_played":"-6996670745210917536","potions_obtained":[{"floor":1.0,"key":"Block Potion"},{"floor":13.0,"key":"Weak Potion"},{"floor":14.0,"key":"CultistPotion"},{"floor":18.0,"key":"SneckoOil"},{"floor":20.0,"key":"BloodPotion"},{"floor":23.0,"key":"Strength Potion"},{"floor":29.0,"key":"GamblersBrew"},{"floor":31.0,"key":"Regen Potion"},{"floor":38.0,"key":"DuplicationPotion"},{"floor":42.0,"key":"ColorlessPotion"},{"floor":44.0,"key":"FearPotion"}],"is_trial":false,"path_per_floor":["M","?","M","M","?","R","E","R","T","M","R","M","M","M","R","B",null,"M","$","M","M","M","E","R","E","T","R","M","E","M","M","R","B",null,"M","$","?","M","T","R","E","M","T","E","R","?","E","M","R","B","B",null,"R","$","E","B",null],"character_chosen":"IRONCLAD","items_purchased":["Dropkick","Second Wind","Medical Kit","Power Through","Nunchaku"],"campfire_rested":1,"item_purchase_floors":[19,19,36,36,54],"current_hp_per_floor":[70,70,71,71,60,60,55,55,55,54,54,60,66,66,66,23,62,66,66,60,57,51,57,57,65,65,65,57,47,38,35,35,22,69,58,58,58,58,58,58,53,53,53,53,53,53,52,52,52,17,16,68,85,85,29,10],"gold":333,"neow_bonus":"TRANSFORM_CARD","is_daily":false,"chose_seed":false,"campfire_upgraded":9,"win_rate":0.0,"timestamp":1610348624,"path_taken":["M","?","M","M","?","R","E","R","T","M","R","M","M","M","R","BOSS","M","$","M","M","M","E","R","E","T","R","M","E","M","M","R","BOSS","M","$","?","M","?","R","E","M","T","E","R","?","E","?","R","BOSS","BOSS","R","$","E","BOSS"],"items_purchased_type":["Card","Card","Relic","Card","Relic"],"build_version":"2020-12-22","purchased_purges":3,"victory":true,"max_hp_per_floor":[75,75,75,75,75,75,75,75,75,75,75,75,75,75,75,75,75,75,75,75,75,75,75,75,85,85,85,85,85,85,85,85,85,85,85,85,85,85,85,85,85,85,85,85,85,85,85,85,85,85,85,85,85,85,85,85],"card_choices":[{"not_picked":["Second Wind","Heavy Blade"],"picked":"Fire Breathing","floor":1.0},{"not_picked":["Rampage","Twin Strike"],"picked":"Infernal Blade","floor":3.0},{"not_picked":["Thunderclap","Wild Strike"],"picked":"Reckless Charge","floor":4.0},{"not_picked":["Searing Blow","Ghostly Armor"],"picked":"Double Tap","floor":7.0},{"not_picked":["Body Slam","Ghostly Armor"],"picked":"Dropkick","floor":10.0},{"not_picked":["Flex","Perfected Strike"],"picked":"True Grit","floor":12.0},{"not_picked":["Rupture","Havoc"],"picked":"Thunderclap","floor":13.0},{"not_picked":["Shrug It Off","Blood for Blood","Armaments"],"picked":"SKIP","floor":14.0},{"not_picked":["Reaper","Barricade"],"picked":"Corruption","floor":16.0},{"not_picked":["Flame Barrier","Sever Soul+1"],"picked":"Feel No Pain","floor":18.0},{"not_picked":["Clothesline","Flame Barrier+1","Flex"],"picked":"SKIP","floor":20.0},{"not_picked":["Anger","Pummel","Flex"],"picked":"SKIP","floor":21.0},{"not_picked":["Double Tap","Warcry","Perfected Strike+1"],"picked":"SKIP","floor":22.0},{"not_picked":["Double Tap","Warcry","Perfected Strike+1"],"picked":"SKIP","floor":22.0},{"not_picked":["Clash","Iron Wave","Perfected Strike"],"picked":"SKIP","floor":23.0},{"not_picked":["Havoc","Sever Soul","Metallicize"],"picked":"Offering","floor":25.0},{"not_picked":["Clothesline","Warcry","Wild Strike","Perfected Strike"],"picked":"SKIP","floor":28.0},{"not_picked":["Metallicize","Sever Soul+1","Sword Boomerang","Battle Trance"],"picked":"SKIP","floor":29.0},{"not_picked":["Entrench+1","Second Wind","Iron Wave","Havoc"],"picked":"SKIP","floor":30.0},{"not_picked":["Metallicize","Armaments+1","Clash","Heavy Blade"],"picked":"SKIP","floor":31.0},{"not_picked":["Demon Form","Fiend Fire","Bludgeon"],"picked":"Impervious","floor":33.0},{"not_picked":["Heavy Blade","Flex+1","Sword Boomerang"],"picked":"Disarm","floor":35.0},{"not_picked":["Reaper","Combust","Flex","Headbutt"],"picked":"SKIP","floor":38.0},{"not_picked":["Bludgeon","Ghostly Armor","Twin Strike","Anger"],"picked":"SKIP","floor":41.0},{"not_picked":["Blood for Blood","Combust","Anger"],"picked":"Power Through+1","floor":42.0},{"not_picked":["Pummel+1","Headbutt","Body Slam","Metallicize"],"picked":"SKIP","floor":44.0},{"not_picked":["Pummel+1","Headbutt","Body Slam","Metallicize"],"picked":"SKIP","floor":44.0},{"not_picked":["Immolate","Havoc","Thunderclap"],"picked":"Dual Wield+1","floor":47.0},{"not_picked":["Flex","Shrug It Off","Havoc+1","Iron Wave"],"picked":"SKIP","floor":48.0},{"not_picked":["Combust","Intimidate+1","Shrug It Off","Clash"],"picked":"SKIP","floor":55.0}],"player_experience":853176,"relics_obtained":[{"floor":7.0,"key":"Blue Candle"},{"floor":9.0,"key":"Vajra"},{"floor":23.0,"key":"Question Card"},{"floor":25.0,"key":"Pear"},{"floor":26.0,"key":"Gremlin Horn"},{"floor":29.0,"key":"Akabeko"},{"floor":39.0,"key":"Orichalcum"},{"floor":41.0,"key":"Anchor"},{"floor":44.0,"key":"Bag of Marbles"},{"floor":47.0,"key":"Old Coin"},{"floor":55.0,"key":"Eternal Feather"}],"event_choices":[{"damage_healed":0.0,"max_hp_gain":0.0,"max_hp_loss":0.0,"gold_gain":0.0,"cards_transformed":["Strike_R"],"event_name":"Living Wall","player_choice":"Change","floor":2.0,"gold_loss":0.0,"damage_taken":0.0,"cards_obtained":["Flame Barrier"]},{"damage_healed":0.0,"max_hp_gain":0.0,"max_hp_loss":0.0,"gold_gain":0.0,"event_name":"Scrap Ooze","player_choice":"Success","floor":5.0,"gold_loss":0.0,"damage_taken":11.0,"relics_obtained":["Paper Frog"]},{"cards_removed":["Corruption"],"damage_healed":0.0,"max_hp_gain":0.0,"max_hp_loss":0.0,"gold_gain":0.0,"event_name":"Falling","player_choice":"Removed Power","floor":37.0,"gold_loss":0.0,"damage_taken":0.0},{"cards_removed":["Shrug It Off"],"damage_healed":0.0,"max_hp_gain":0.0,"max_hp_loss":0.0,"gold_gain":0.0,"event_name":"Purifier","player_choice":"Purged","floor":46.0,"gold_loss":0.0,"damage_taken":0.0}],"is_beta":false,"boss_relics":[{"not_picked":["SlaversCollar","Coffee Dripper"],"picked":"Pandora\u0027s Box"},{"not_picked":["Black Blood","Velvet Choker"],"picked":"Empty Cage"}],"items_purged_floors":[19,36,54],"is_endless":false,"potions_floor_spawned":[1,13,14,18,20,23,29,31,38,41,42,44],"ascension_level":20}}