{"host":"Timothy","time":1610378419,"event":{"mods":["AchievementEnabler","BaseMod","Bestiary","Highlight Path","Minty Spire (QoL Compilation)","Quick Restart","Slay-I"],"gold_per_floor":[368,385,402,402,25,37,37,37,37,54,54,72,72,247,247,247,247],"floor_reached":16,"playtime":310,"items_purged":["Defend_R"],"score":92,"play_id":"b43413dc-bcf7-4bc2-8b01-1d7ba10a9132","local_time":"20210111072019","is_ascension_mode":false,"campfire_choices":[{"floor":13,"key":"REST"},{"data":"Whirlwind","floor":15,"key":"SMITH"}],"circlet_count":0,"master_deck":["Strike_R","Strike_R","Strike_R","Strike_R","Strike_R","Defend_R","Defend_R","Bash","Pain","Heavy Blade","Whirlwind+1","Infernal Blade","Doubt"],"relics":["Burning Blood","White Beast Statue","Juzu Bracelet","Blood Vial","Bottled Flame"],"acts_visited":["Exordium"],"potions_floor_usage":[10,16,16,16],"damage_taken":[{"damage":15,"enemies":"2 Louse","floor":1,"turns":2},{"damage":17,"enemies":"Cultist","floor":2,"turns":4},{"damage":10,"enemies":"Small Slimes","floor":3,"turns":3},{"damage":8,"enemies":"Exordium Wildlife","floor":6,"turns":2},{"damage":16,"enemies":"2 Fungi Beasts","floor":10,"turns":3},{"damage":23,"enemies":"Exordium Thugs","floor":12,"turns":3},{"damage":77,"enemies":"Hexaghost","floor":16,"turns":9}],"seed_played":"7010900718205319118","potions_obtained":[{"floor":3,"key":"SteroidPotion"},{"floor":6,"key":"Weak Potion"},{"floor":8,"key":"BloodPotion"},{"floor":8,"key":"Dexterity Potion"},{"floor":10,"key":"LiquidBronze"},{"floor":12,"key":"AttackPotion"}],"is_trial":false,"path_per_floor":["M","M","M","?","$","M","?","?","T","M","?","M","R","?","R","B"],"character_chosen":"IRONCLAD","items_purchased":["Juzu Bracelet","Blood Vial"],"campfire_rested":1,"item_purchase_floors":[5,5],"current_hp_per_floor":[71,60,56,56,56,56,56,56,56,64,64,49,73,73,73,0,0],"gold":247,"neow_bonus":"TWO_FIFTY_GOLD","is_daily":false,"chose_seed":false,"campfire_upgraded":1,"win_rate":0.0,"timestamp":1610378419,"path_taken":["M","M","M","?","$","M","?","?","T","M","?","M","R","?","R","BOSS"],"items_purchased_type":["Relic","Relic"],"build_version":"2020-12-18","purchased_purges":1,"victory":false,"max_hp_per_floor":[80,80,80,80,80,80,80,80,80,80,80,80,80,80,80,80,80],"card_choices":[{"not_picked":["Warcry","Uppercut"],"picked":"Heavy Blade","floor":1},{"not_picked":["Hemokinesis","Ghostly Armor"],"picked":"Whirlwind","floor":2},{"not_picked":["Havoc","Wild Strike","Clothesline"],"picked":"SKIP","floor":3},{"not_picked":["Combust","Clothesline","Intimidate"],"picked":"SKIP","floor":6},{"not_picked":["Infernal Blade","Clothesline","Anger"],"picked":"SKIP","floor":10},{"not_picked":["Clothesline","Anger"],"picked":"Infernal Blade","floor":10},{"not_picked":["Pommel Strike","Anger","Bludgeon"],"picked":"SKIP","floor":12}],"player_experience":804115,"relics_obtained":[{"floor":9,"key":"Bottled Flame"}],"event_choices":[{"damage_healed":0,"gold_gain":0,"player_choice":"Gave Potion","damage_taken":0,"relics_obtained":["White Beast Statue"],"max_hp_gain":0,"max_hp_loss":0,"event_name":"WeMeetAgain","floor":4,"gold_loss":0},{"damage_healed":0,"gold_gain":0,"player_choice":"Searched \u00270\u0027 times","damage_taken":0,"max_hp_gain":0,"max_hp_loss":0,"event_name":"Dead Adventurer","floor":7,"gold_loss":0},{"damage_healed":0,"gold_gain":0,"player_choice":"Got Potions","damage_taken":0,"max_hp_gain":0,"max_hp_loss":0,"event_name":"Lab","floor":8,"gold_loss":0},{"cards_removed":["Defend_R"],"damage_healed":0,"gold_gain":0,"player_choice":"Forget","damage_taken":0,"max_hp_gain":0,"max_hp_loss":0,"event_name":"Living Wall","floor":11,"gold_loss":0},{"damage_healed":0,"gold_gain":175,"player_choice":"AGREE","damage_taken":0,"max_hp_gain":0,"max_hp_loss":0,"event_name":"Liars Game","floor":14,"gold_loss":0,"cards_obtained":["Doubt"]}],"is_beta":true,"boss_relics":[],"items_purged_floors":[5],"is_endless":false,"potions_floor_spawned":[3,6,10,12],"killed_by":"Hexaghost","ascension_level":0}}