{"host":"fuszjwm6fqgjjp4d","time":1610351783,"event":{"mods":["BaseMod","Bestiary","Colored Map","DeckTracker","Minty Spire (QoL Compilation)","Permanent Neow","Relic Sorter","Relic Stats","StSLib"],"gold_per_floor":[115,135,135,210,210,238,256,297,344,344,344,381,381,381,381],"floor_reached":14,"playtime":357,"items_purged":[],"score":262,"play_id":"140fc7c4-beab-445b-95f0-fb80d1ebcb7f","local_time":"20210111015623","is_ascension_mode":true,"campfire_choices":[{"data":"Adrenaline","floor":10.0,"key":"SMITH"}],"circlet_count":0,"master_deck":["AscendersBane","Strike_G","Strike_G","Strike_G","Strike_G","Strike_G","Defend_G","Defend_G","Defend_G","Defend_G","Defend_G","Survivor","Neutralize","Poisoned Stab+1","Blade Dance","Footwork","Adrenaline+1","Corpse Explosion","Burst"],"relics":["SacredBark","Letter Opener","CeramicFish","Art of War","Toy Ornithopter"],"acts_visited":["Exordium"],"potions_floor_usage":[14],"damage_taken":[{"damage":4.0,"enemies":"2 Louse","floor":1.0,"turns":4.0},{"damage":1.0,"enemies":"Small Slimes","floor":2.0,"turns":4.0},{"damage":22.0,"enemies":"Lagavulin","floor":6.0,"turns":4.0},{"damage":4.0,"enemies":"Cultist","floor":7.0,"turns":4.0},{"damage":0.0,"enemies":"Gremlin Nob","floor":8.0,"turns":3.0},{"damage":21.0,"enemies":"Lagavulin","floor":12.0,"turns":6.0},{"damage":29,"enemies":"Gremlin Nob","floor":14,"turns":4}],"seed_played":"-4537965779774569801","potions_obtained":[{"floor":1.0,"key":"Block Potion"},{"floor":2.0,"key":"Poison Potion"},{"floor":6.0,"key":"Poison Potion"}],"is_trial":false,"path_per_floor":["M","M","?","?","?","E","M","E","T","R","?","E","?","E"],"character_chosen":"THE_SILENT","items_purchased":[],"campfire_rested":0,"item_purchase_floors":[],"current_hp_per_floor":[55,54,54,43,65,43,39,39,39,39,39,18,18,0,0],"gold":381,"neow_bonus":"BOSS_RELIC","is_daily":false,"chose_seed":false,"campfire_upgraded":1,"win_rate":0.0,"timestamp":1610351783,"path_taken":["M","M","?","?","?","E","M","E","T","R","?","E","?","E"],"items_purchased_type":[],"build_version":"2020-12-22","purchased_purges":0,"victory":false,"max_hp_per_floor":[66,66,66,66,66,66,66,66,66,66,66,66,66,66,66],"relic_stats":{"counters":[7,29],"CeramicFish":18,"Art of War":[1],"Letter Opener":[10],"obtain_stats":[{"SacredBark":0,"CeramicFish":8,"Art of War":9,"Letter Opener":6,"Toy Ornithopter":12,"Ring of the Snake":0},{"SacredBark":0,"CeramicFish":5,"Art of War":5,"Letter Opener":3,"Toy Ornithopter":6,"Ring of the Snake":0},{"SacredBark":0,"CeramicFish":19,"Art of War":19,"Letter Opener":12,"Toy Ornithopter":25,"Ring of the Snake":0}],"Toy Ornithopter":5},"card_choices":[{"not_picked":["Eviscerate","Crippling Poison"],"picked":"Poisoned Stab","floor":1.0},{"not_picked":["Underhanded Strike","Dagger Throw"],"picked":"Blade Dance","floor":2.0},{"not_picked":["Cloak And Dagger","Prepared"],"picked":"Footwork","floor":6.0},{"not_picked":["Cloak And Dagger","Blur"],"picked":"Adrenaline","floor":7.0},{"not_picked":["Dagger Throw","Dash","Corpse Explosion"],"picked":"SKIP","floor":8.0},{"not_picked":["Dagger Throw","Dash"],"picked":"Corpse Explosion","floor":8.0},{"not_picked":["Sucker Punch","Caltrops"],"picked":"Burst","floor":12.0}],"player_experience":1245712,"relics_obtained":[{"floor":6.0,"key":"Letter Opener"},{"floor":8.0,"key":"CeramicFish"},{"floor":9.0,"key":"Art of War"},{"floor":12.0,"key":"Toy Ornithopter"}],"event_choices":[{"damage_healed":0.0,"max_hp_gain":0.0,"max_hp_loss":0.0,"gold_gain":0.0,"event_name":"Living Wall","player_choice":"Grow","floor":3.0,"gold_loss":0.0,"damage_taken":0.0,"cards_upgraded":["Poisoned Stab"]},{"damage_healed":0.0,"max_hp_gain":0.0,"max_hp_loss":0.0,"gold_gain":75.0,"event_name":"World of Goop","player_choice":"Gather Gold","floor":4.0,"gold_loss":0.0,"damage_taken":11.0},{"damage_healed":22.0,"max_hp_gain":0.0,"max_hp_loss":0.0,"gold_gain":0.0,"event_name":"Big Fish","player_choice":"Banana","floor":5.0,"gold_loss":0.0,"damage_taken":0.0},{"damage_healed":0.0,"max_hp_gain":0.0,"max_hp_loss":0.0,"gold_gain":0.0,"event_name":"Shining Light","player_choice":"Ignored","floor":11.0,"gold_loss":0.0,"damage_taken":0.0},{"damage_healed":0.0,"max_hp_gain":0.0,"max_hp_loss":0.0,"gold_gain":0.0,"event_name":"Scrap Ooze","player_choice":"Fled","floor":13.0,"gold_loss":0.0,"damage_taken":0.0}],"is_beta":false,"boss_relics":[],"items_purged_floors":[],"is_endless":false,"potions_floor_spawned":[1,2,6],"killed_by":"Gremlin Nob","ascension_level":20}}