{"host":"h4lp0eeso8a0ssq0","time":1610357807,"event":{"mods":["2.2 Compatiblity","AchievementEnabler","BaseMod","CapriCore","Colored Map","Minty Spire (QoL Compilation)","StSLib","SuperFastMode"],"gold_per_floor":[113,128,141,70,87,120,132,160,160,160,160,180,207,132,132,237,237,237,237,212,212,212,212,212,212,212,79,79,79,79,79,79,79,79,79,79,79,79,79,79,79,79,79,79,79,54,54,54,54,54,54,54,2,2,2,2],"floor_reached":55,"playtime":2126,"items_purged":["Strike_G","Strike_G+1"],"score":1186,"play_id":"4319ef7c-e699-48e1-bc72-ecad4b26236e","local_time":"20210111183647","is_ascension_mode":true,"campfire_choices":[{"floor":10.0,"key":"REST"},{"data":"Accuracy","floor":15.0,"key":"SMITH"},{"data":"After Image","floor":24.0,"key":"SMITH"},{"floor":29.0,"key":"REST"},{"data":"Footwork","floor":32.0,"key":"SMITH"},{"data":"Blade Dance","floor":41,"key":"SMITH"},{"data":"Blade Dance","floor":44,"key":"SMITH"},{"data":"Blade Dance","floor":47,"key":"SMITH"},{"floor":49,"key":"RECALL"},{"data":"Calculated Gamble","floor":52,"key":"SMITH"}],"circlet_count":0,"master_deck":["Defend_G+1","Defend_G+1","Defend_G+1","Defend_G+1","Defend_G+1","Survivor","Neutralize","Venomology+1","Noxious Fumes","Blade Dance+1","Finisher+1","Caltrops","Predator+1","Blade Dance+1","Escape Plan","Calculated Gamble+1","Accuracy+1","Backflip","Corpse Explosion","Prepared+1","Cloak And Dagger","Cloak And Dagger","After Image+1","Acrobatics+1","Backflip+1","Footwork+1","Malaise","PiercingWail+1","Prepared+1","Backflip+1","Cloak And Dagger","Accuracy+1","Decay","Blade Dance+1","Setup+1"],"relics":["Ring of the Snake","Anchor","Whetstone","Oddly Smooth Stone","Nunchaku","Ectoplasm","White Beast Statue","Bag of Marbles","Vajra","Cursed Key","Regal Pillow","Thread and Needle","Blue Candle"],"acts_visited":["Exordium","TheCity","TheBeyond","TheEnding"],"potions_floor_usage":[39,39,40,42,42,42,45,48,54,54,54,55],"damage_taken":[{"damage":4.0,"enemies":"Cultist","floor":1.0,"turns":6.0},{"damage":0.0,"enemies":"Jaw Worm","floor":2.0,"turns":5.0},{"damage":0.0,"enemies":"2 Louse","floor":3.0,"turns":4.0},{"damage":12.0,"enemies":"Exordium Thugs","floor":5.0,"turns":2.0},{"damage":20.0,"enemies":"Lagavulin","floor":6.0,"turns":7.0},{"damage":0.0,"enemies":"Red Slaver","floor":7.0,"turns":4.0},{"damage":10.0,"enemies":"3 Sentries","floor":8.0,"turns":5.0},{"damage":0.0,"enemies":"2 Fungi Beasts","floor":12.0,"turns":1.0},{"damage":13.0,"enemies":"Gremlin Nob","floor":13.0,"turns":3.0},{"damage":10.0,"enemies":"Hexaghost","floor":16.0,"turns":6.0},{"damage":0.0,"enemies":"Shell Parasite","floor":18.0,"turns":3.0},{"damage":8.0,"enemies":"Gremlin Leader","floor":23.0,"turns":6.0},{"damage":1.0,"enemies":"Spheric Guardian","floor":25.0,"turns":5.0},{"damage":0.0,"enemies":"Cultist and Chosen","floor":28.0,"turns":4.0},{"damage":1.0,"enemies":"Shelled Parasite and Fungi","floor":30.0,"turns":6.0},{"damage":0.0,"enemies":"Book of Stabbing","floor":31.0,"turns":4.0},{"damage":6.0,"enemies":"Champ","floor":33.0,"turns":8.0},{"damage":2.0,"enemies":"3 Darklings","floor":35.0,"turns":3.0},{"damage":0.0,"enemies":"Orb Walker","floor":36.0,"turns":3.0},{"damage":0,"enemies":"Writhing Mass","floor":39,"turns":4},{"damage":0,"enemies":"Giant Head","floor":40,"turns":5},{"damage":14,"enemies":"Nemesis","floor":42,"turns":7},{"damage":0,"enemies":"Jaw Worm Horde","floor":45,"turns":3},{"damage":0,"enemies":"3 Darklings","floor":48,"turns":3},{"damage":0,"enemies":"Donu and Deca","floor":50,"turns":5},{"damage":2,"enemies":"Shield and Spear","floor":54,"turns":4},{"damage":65,"enemies":"The Heart","floor":55,"turns":3}],"seed_played":"-8988644369577658363","potions_obtained":[{"floor":1.0,"key":"DistilledChaos"},{"floor":2.0,"key":"CunningPotion"},{"floor":6.0,"key":"Swift Potion"},{"floor":7.0,"key":"GamblersBrew"},{"floor":8.0,"key":"Dexterity Potion"},{"floor":16.0,"key":"LiquidMemories"},{"floor":28.0,"key":"Regen Potion"},{"floor":30.0,"key":"SteroidPotion"},{"floor":31.0,"key":"CultistPotion"},{"floor":33.0,"key":"Block Potion"},{"floor":35.0,"key":"ColorlessPotion"},{"floor":39,"key":"CunningPotion"},{"floor":42,"key":"Fire Potion"},{"floor":45,"key":"ColorlessPotion"},{"floor":48,"key":"SpeedPotion"},{"floor":54,"key":"SkillPotion"}],"is_trial":false,"path_per_floor":["M","M","M","$","M","E","M","E","T","R","?","M","E","$","R","B",null,"M","?","$","?","?","E","R","M","T","$","M","R","M","E","R","B",null,"M","M","?","?","M","E","R","E","T","R","M","$","R","M","R","B",null,"R","$","E","B"],"character_chosen":"THE_SILENT","items_purchased":["Caltrops","Cloak And Dagger","Footwork","Blade Dance","Block Potion"],"campfire_rested":2,"item_purchase_floors":[4,20,27,46,53],"current_hp_per_floor":[59,59,59,59,47,27,27,17,17,38,38,38,25,25,25,15,56,56,56,56,56,56,48,48,47,47,47,47,68,67,67,67,61,68,68,68,68,66,66,66,66,66,66,66,66,66,66,66,66,66,66,66,66,64,0,0],"gold":2,"neow_bonus":"ONE_RANDOM_RARE_CARD","is_daily":false,"chose_seed":false,"campfire_upgraded":7,"win_rate":0.0,"timestamp":1610357807,"path_taken":["M","M","?","$","M","E","M","E","T","R","?","M","E","?","R","BOSS","M","?","$","?","?","E","R","?","T","?","M","R","M","E","R","BOSS","M","M","?","?","M","E","R","E","T","R","M","$","R","M","R","BOSS","R","$","E","BOSS"],"items_purchased_type":["Card","Card","Card","Card","Potion"],"build_version":"2020-12-22","purchased_purges":2,"victory":false,"max_hp_per_floor":[70,70,70,70,70,70,70,70,70,70,70,70,70,70,70,70,70,70,70,70,70,70,70,70,70,70,70,70,70,70,70,70,70,70,70,70,70,66,66,66,66,66,66,66,66,66,66,66,66,66,66,66,66,66,66,66],"card_choices":[{"not_picked":["Bane","Flying Knee"],"picked":"Noxious Fumes","floor":1.0},{"not_picked":["Bouncing Flask","Sucker Punch"],"picked":"Blade Dance","floor":2.0},{"not_picked":["Heel Hook","PiercingWail"],"picked":"Finisher","floor":3.0},{"not_picked":["Dagger Throw","Eviscerate"],"picked":"Predator","floor":5.0},{"not_picked":["Dash","Escape Plan"],"picked":"Blade Dance","floor":6.0},{"not_picked":["Heel Hook","Backstab"],"picked":"Escape Plan","floor":7.0},{"not_picked":["Underhanded Strike","Dagger Throw"],"picked":"Calculated Gamble","floor":8.0},{"not_picked":["Bane","Tactician"],"picked":"Accuracy","floor":12.0},{"not_picked":["Cloak And Dagger","Acrobatics"],"picked":"Backflip","floor":13.0},{"not_picked":["Die Die Die","Unload"],"picked":"Corpse Explosion","floor":16.0},{"not_picked":["Escape Plan+1","PiercingWail+1"],"picked":"Prepared+1","floor":18.0},{"not_picked":["All Out Attack","Grand Finale"],"picked":"Acrobatics+1","floor":23.0},{"not_picked":["Outmaneuver","Eviscerate"],"picked":"Backflip+1","floor":25.0},{"not_picked":["All Out Attack+1","Setup","Dodge and Roll"],"picked":"SKIP","floor":28.0},{"not_picked":["Dagger Spray","Sucker Punch","Deflect"],"picked":"SKIP","floor":30.0},{"not_picked":["Bane","Doppelganger","Glass Knife"],"picked":"SKIP","floor":31.0},{"not_picked":["Burst","Grand Finale"],"picked":"Malaise","floor":33.0},{"not_picked":["Setup","Slice"],"picked":"PiercingWail+1","floor":35.0},{"not_picked":["Dagger Spray","Deflect+1"],"picked":"Prepared+1","floor":36.0},{"not_picked":["Bane+1","Acrobatics+1"],"picked":"Backflip+1","floor":39},{"not_picked":["Underhanded Strike+1","Quick Slash"],"picked":"Cloak And Dagger","floor":40},{"not_picked":["Catalyst+1","Grand Finale"],"picked":"Accuracy+1","floor":42},{"not_picked":["Acrobatics","Underhanded Strike+1","Poisoned Stab+1"],"picked":"SKIP","floor":45},{"not_picked":["Underhanded Strike","Dodge and Roll+1"],"picked":"Setup+1","floor":48},{"not_picked":["Glass Knife","Bane+1","Tactician"],"picked":"SKIP","floor":54}],"player_experience":131515,"relics_obtained":[{"floor":6.0,"key":"Anchor"},{"floor":8.0,"key":"Whetstone"},{"floor":9.0,"key":"Oddly Smooth Stone"},{"floor":13.0,"key":"Nunchaku"},{"floor":23.0,"key":"White Beast Statue"},{"floor":26.0,"key":"Bag of Marbles"},{"floor":31.0,"key":"Vajra"},{"floor":40,"key":"Regal Pillow"},{"floor":42,"key":"Thread and Needle"},{"floor":54,"key":"Blue Candle"}],"event_choices":[{"damage_healed":0.0,"max_hp_gain":0.0,"max_hp_loss":0.0,"gold_gain":0.0,"event_name":"Accursed Blacksmith","player_choice":"Forge","floor":11.0,"gold_loss":0.0,"damage_taken":0.0,"cards_upgraded":["Venomology"]},{"damage_healed":0.0,"max_hp_gain":0.0,"max_hp_loss":0.0,"gold_gain":0.0,"event_name":"Back to Basics","player_choice":"Simplicity","floor":19.0,"gold_loss":0.0,"damage_taken":0.0,"cards_upgraded":["Strike_G","Strike_G","Strike_G","Strike_G","Defend_G","Defend_G","Defend_G","Defend_G","Defend_G"]},{"damage_healed":0.0,"max_hp_gain":0.0,"max_hp_loss":0.0,"gold_gain":0.0,"cards_transformed":["Strike_G","Strike_G"],"event_name":"Drug Dealer","player_choice":"Became Test Subject","floor":21.0,"gold_loss":0.0,"damage_taken":0.0,"cards_obtained":["Cloak And Dagger","After Image"]},{"cards_removed":["Strike_G"],"damage_healed":0.0,"max_hp_gain":0.0,"max_hp_loss":0.0,"gold_gain":0.0,"event_name":"Purifier","player_choice":"Purged","floor":22.0,"gold_loss":0.0,"damage_taken":0.0},{"damage_healed":0.0,"max_hp_gain":0.0,"max_hp_loss":0.0,"gold_gain":0.0,"event_name":"SensoryStone","player_choice":"Memory 1","floor":37.0,"gold_loss":0.0,"damage_taken":0.0},{"damage_healed":0.0,"max_hp_gain":0.0,"max_hp_loss":4.0,"gold_gain":0.0,"event_name":"Winding Halls","player_choice":"Max HP","floor":38.0,"gold_loss":0.0,"damage_taken":0.0}],"is_beta":false,"boss_relics":[{"not_picked":["Ring of the Serpent","Runic Pyramid"],"picked":"Ectoplasm"},{"not_picked":["Empty Cage","Pandora\u0027s Box"],"picked":"Cursed Key"}],"items_purged_floors":[14,27],"is_endless":false,"potions_floor_spawned":[1,2,6,7,8,16,25,28,30,31,33,35,36,39,40,42,45,48,54],"killed_by":"The Heart","ascension_level":7}}