{"host":"y76x98twjnyyxs83","time":1610391220,"event":{"mods":["BaseMod","Colored Powertips","Minty Spire (QoL Compilation)","Permanent Neow","Quick Restart","Rare Cards Sparkle","Relic Stats","StSLib"],"gold_per_floor":[117,117,127,138,10,10,10,10,10,45,60,80,106,120,120,197,197,213,36,48,66,84,84,119,119,119,119,136,170,37,56,56,133,133,149,168,1167,1167,711,736,736,765,813,813,813],"floor_reached":44,"playtime":2116,"items_purged":["Strike_G","Strike_G","Normality"],"score":1047,"play_id":"56c10ab4-2db2-4e4b-b7aa-be226b4199dc","local_time":"20210112025340","is_ascension_mode":true,"campfire_choices":[{"data":"Dagger Spray","floor":6,"key":"SMITH"},{"data":"Blade Dance","floor":8,"key":"SMITH"},{"data":"After Image","floor":15,"key":"SMITH"},{"data":"Footwork","floor":23,"key":"SMITH"},{"data":"Dash","floor":27,"key":"SMITH"},{"floor":32,"key":"REST"},{"floor":41,"key":"REST"}],"circlet_count":0,"master_deck":["AscendersBane","Strike_G","Strike_G","Strike_G","Defend_G","Defend_G","Defend_G","Defend_G","Defend_G","Survivor","Neutralize","Blade Dance+1","Dagger Spray+1","After Image+1","Dash+1","Terror","Malaise","Infinite Blades","Footwork+1","Dodge and Roll","Finisher+1","Dodge and Roll","Caltrops","Leg Sweep","Envenom","Blade Dance","Crippling Poison","Normality","Corpse Explosion","Backstab+1","Clumsy"],"relics":["Cursed Key","CultistMask","Nunchaku","Ninja Scroll","WristBlade","Calipers","MutagenicStrength","Letter Opener","Runic Pyramid","Vajra","Blood Vial","InkBottle","Prayer Wheel"],"acts_visited":["Exordium","TheCity","TheBeyond"],"potions_floor_usage":[10,13,13,24,33,33,33,33,33,44,44],"damage_taken":[{"damage":7,"enemies":"Jaw Worm","floor":1,"turns":4},{"damage":2,"enemies":"2 Louse","floor":3,"turns":3},{"damage":2,"enemies":"Cultist","floor":4,"turns":4},{"damage":13,"enemies":"Gremlin Nob","floor":10,"turns":3},{"damage":0,"enemies":"Exordium Wildlife","floor":11,"turns":2},{"damage":0,"enemies":"3 Louse","floor":12,"turns":3},{"damage":10,"enemies":"Lagavulin","floor":13,"turns":5},{"damage":0,"enemies":"Looter","floor":14,"turns":2},{"damage":0,"enemies":"Hexaghost","floor":16,"turns":10},{"damage":0,"enemies":"Shell Parasite","floor":18,"turns":2},{"damage":2,"enemies":"Chosen","floor":20,"turns":3},{"damage":8,"enemies":"Centurion and Healer","floor":21,"turns":6},{"damage":12,"enemies":"Snake Plant","floor":22,"turns":5},{"damage":8,"enemies":"Slavers","floor":24,"turns":6},{"damage":0,"enemies":"Cultist and Chosen","floor":28,"turns":4},{"damage":11,"enemies":"Gremlin Leader","floor":29,"turns":7},{"damage":10,"enemies":"Chosen and Byrds","floor":31,"turns":7},{"damage":21,"enemies":"Automaton","floor":33,"turns":12},{"damage":0,"enemies":"3 Shapes","floor":35,"turns":1},{"damage":1,"enemies":"Orb Walker","floor":36,"turns":3},{"damage":33,"enemies":"Nemesis","floor":40,"turns":5},{"damage":35,"enemies":"Reptomancer","floor":42,"turns":6},{"damage":51,"enemies":"Giant Head","floor":44,"turns":6}],"seed_played":"-141280936280142825","potions_obtained":[{"floor":4,"key":"FearPotion"},{"floor":11,"key":"Energy Potion"},{"floor":12,"key":"BlessingOfTheForge"},{"floor":16,"key":"AttackPotion"},{"floor":18,"key":"EntropicBrew"},{"floor":24,"key":"GamblersBrew"},{"floor":36,"key":"Dexterity Potion"},{"floor":42,"key":"Swift Potion"}],"is_trial":false,"path_per_floor":["M","?","M","M","$","R","?","R","T","E","M","M","E","M","R","B",null,"M","$","M","M","M","R","E","?","T","R","M","E","$","M","R","B",null,"M","M","?","?","$","E","R","E","T","E"],"character_chosen":"THE_SILENT","items_purchased":["SteroidPotion","Footwork","Caltrops","Leg Sweep","Vajra","Blood Vial"],"campfire_rested":2,"item_purchase_floors":[5,19,30,30,39,39],"current_hp_per_floor":[52,57,55,53,53,53,53,53,53,40,40,40,30,30,30,30,61,61,61,59,51,39,39,31,31,31,31,31,20,20,10,31,10,56,56,55,55,55,55,24,45,12,12,0,0],"gold":813,"neow_bonus":"BOSS_RELIC","is_daily":false,"chose_seed":false,"campfire_upgraded":5,"win_rate":0.0,"timestamp":1610391220,"path_taken":["M","?","M","M","$","R","?","R","T","E","M","M","E","?","R","BOSS","M","$","M","M","M","R","E","?","T","R","M","E","$","M","R","BOSS","M","M","?","?","$","E","R","E","T","E"],"items_purchased_type":["Potion","Card","Card","Card","Relic","Relic"],"build_version":"2020-12-22","purchased_purges":3,"victory":false,"max_hp_per_floor":[66,71,71,71,71,71,71,71,71,71,71,71,71,71,71,71,71,71,71,71,71,71,71,71,71,71,71,71,71,71,71,71,71,71,71,71,71,71,71,71,71,71,71,71,71],"relic_stats":{"Blood Vial":6,"Nunchaku":[32],"counters":[23,109],"Prayer Wheel":0,"Letter Opener":[51],"Cursed Key":1,"obtain_stats":[{"Calipers":24,"Vajra":39,"Letter Opener":29,"Cursed Key":0,"Blood Vial":39,"Nunchaku":10,"WristBlade":17,"Ninja Scroll":13,"MutagenicStrength":25,"Prayer Wheel":42,"CultistMask":7,"InkBottle":40,"Ring of the Snake":0,"Runic Pyramid":34},{"Calipers":14,"Vajra":20,"Letter Opener":16,"Cursed Key":0,"Blood Vial":20,"Nunchaku":4,"WristBlade":9,"Ninja Scroll":7,"MutagenicStrength":14,"Prayer Wheel":22,"CultistMask":3,"InkBottle":21,"Ring of the Snake":0,"Runic Pyramid":18},{"Calipers":58,"Vajra":92,"Letter Opener":69,"Cursed Key":0,"Blood Vial":92,"Nunchaku":14,"WristBlade":36,"Ninja Scroll":24,"MutagenicStrength":58,"Prayer Wheel":103,"CultistMask":11,"InkBottle":97,"Ring of the Snake":0,"Runic Pyramid":88}],"InkBottle":[5]},"card_choices":[{"not_picked":["Setup","Bane"],"picked":"Blade Dance","floor":1},{"not_picked":["Setup","Deflect"],"picked":"Dagger Spray","floor":3},{"not_picked":["Reflex","Dagger Spray","Flechettes"],"picked":"SKIP","floor":4},{"not_picked":["Infinite Blades","Underhanded Strike"],"picked":"After Image","floor":10},{"not_picked":["Sucker Punch","Slice","Escape Plan"],"picked":"SKIP","floor":11},{"not_picked":["Heel Hook","Finisher"],"picked":"Dash","floor":12},{"not_picked":["Footwork","Poisoned Stab"],"picked":"Terror","floor":13},{"not_picked":["Bane","Flying Knee","Dagger Spray"],"picked":"SKIP","floor":14},{"not_picked":["Corpse Explosion","Storm of Steel"],"picked":"Malaise","floor":16},{"not_picked":["Endless Agony","Deadly Poison"],"picked":"Infinite Blades","floor":18},{"not_picked":["Sucker Punch","Dagger Spray+1","Prepared"],"picked":"SKIP","floor":20},{"not_picked":["Dagger Spray+1","Dagger Throw","All Out Attack"],"picked":"SKIP","floor":21},{"not_picked":["Dagger Spray","Caltrops"],"picked":"Dodge and Roll","floor":22},{"not_picked":["Bouncing Flask","Grand Finale"],"picked":"Finisher+1","floor":24},{"not_picked":["Bouncing Flask+1","Bane"],"picked":"Dodge and Roll","floor":28},{"not_picked":["Deflect","Outmaneuver","Caltrops"],"picked":"SKIP","floor":29},{"not_picked":["Sucker Punch","Underhanded Strike+1","Deflect"],"picked":"SKIP","floor":31},{"not_picked":["Wraith Form v2","Malaise"],"picked":"Envenom","floor":33},{"not_picked":["Slice","Flying Knee"],"picked":"Blade Dance","floor":35},{"not_picked":["Caltrops","Acrobatics"],"picked":"Crippling Poison","floor":36},{"not_picked":["Dagger Spray+1","Blade Dance"],"picked":"Corpse Explosion","floor":40},{"not_picked":["Terror","Deflect"],"picked":"Backstab+1","floor":42}],"player_experience":1123015,"relics_obtained":[{"floor":10,"key":"Nunchaku"},{"floor":13,"key":"Ninja Scroll"},{"floor":24,"key":"Calipers"},{"floor":29,"key":"Letter Opener"},{"floor":40,"key":"InkBottle"},{"floor":42,"key":"Prayer Wheel"}],"event_choices":[{"damage_healed":0,"gold_gain":0,"player_choice":"Donut","damage_taken":0,"max_hp_gain":5,"max_hp_loss":0,"event_name":"Big Fish","floor":2,"gold_loss":0},{"damage_healed":0,"gold_gain":0,"player_choice":"Trade","damage_taken":0,"relics_obtained":["CultistMask"],"max_hp_gain":0,"max_hp_loss":0,"event_name":"FaceTrader","floor":7,"gold_loss":0},{"damage_healed":0,"gold_gain":0,"player_choice":"Inject Mutagens","damage_taken":0,"relics_obtained":["MutagenicStrength"],"max_hp_gain":0,"max_hp_loss":0,"event_name":"Drug Dealer","floor":25,"gold_loss":0},{"damage_healed":0,"gold_gain":999,"player_choice":"Gold","damage_taken":0,"max_hp_gain":0,"max_hp_loss":0,"event_name":"MindBloom","floor":37,"gold_loss":0,"cards_obtained":["Normality","Normality"]},{"damage_healed":0,"gold_gain":0,"player_choice":"Ignored","damage_taken":0,"max_hp_gain":0,"max_hp_loss":0,"event_name":"Tomb of Lord Red Mask","floor":38,"gold_loss":0}],"is_beta":false,"boss_relics":[{"not_picked":["SacredBark","Velvet Choker"],"picked":"WristBlade"},{"not_picked":["Fusion Hammer","Snecko Eye"],"picked":"Runic Pyramid"}],"items_purged_floors":[5,19,39],"is_endless":false,"potions_floor_spawned":[4,11,12,16,18,21,24,36,42],"killed_by":"Giant Head","ascension_level":16}}