{"host":"qwv9nni2x0umspiu","time":1610401232,"event":{"mods":["BaseMod","Downfall","Minty Spire (QoL Compilation)","Replay The Spire","StSLib","The Hierophant","Wandering Minibosses"],"gold_per_floor":[117,134,149,149,74,74,85,101,101,118,118,123,72,82,82,72,72],"floor_reached":16,"playtime":412,"items_purged":["hierophant:Strike_Hierophant"],"score":192,"play_id":"495a58b4-5631-4e10-b387-fd255d83adef","local_time":"20210111134032","is_ascension_mode":true,"campfire_choices":[{"data":"hierophant:Punish","floor":6.0,"key":"SMITH"},{"data":"hierophant:ChurchCoffers","floor":11,"key":"SMITH"},{"floor":15,"key":"REST"}],"circlet_count":0,"master_deck":["AscendersBane","hierophant:Strike_Hierophant","hierophant:Strike_Hierophant","hierophant:Strike_Hierophant","hierophant:Punish+1","hierophant:Defend_Hierophant","hierophant:Defend_Hierophant","hierophant:Defend_Hierophant","hierophant:Defend_Hierophant","hierophant:ChurchCoffers+1","hierophant:Smite","hierophant:HammerAndAnvil"],"relics":["hierophant:PropheticMaskRelic","NeowsBlessing","Art of War","Replay:Ringing Soul"],"acts_visited":["Exordium"],"potions_floor_usage":[10,10,16],"damage_taken":[{"damage":0.0,"enemies":"Cultist","floor":1.0,"turns":1.0},{"damage":0.0,"enemies":"2 Louse","floor":2.0,"turns":1.0},{"damage":0.0,"enemies":"Jaw Worm","floor":3.0,"turns":1.0},{"damage":0.0,"enemies":"3 Louse","floor":7.0,"turns":2.0},{"damage":0.0,"enemies":"2 Fungi Beasts","floor":8.0,"turns":2.0},{"damage":4,"enemies":"Exordium Thugs","floor":10,"turns":2},{"damage":15,"enemies":"Gremlin Gang","floor":12,"turns":2},{"damage":20,"enemies":"Large Slime","floor":14,"turns":4},{"damage":12,"enemies":"Hexaghost","floor":16,"turns":4}],"seed_played":"-7484902794226421378","potions_obtained":[{"floor":1.0,"key":"LiquidMemories"},{"floor":3.0,"key":"Languid Potion"},{"floor":12,"key":"Languid Potion"}],"is_trial":false,"path_per_floor":["M","M","M","?","$","R","M","M","T","M","R","M","$","M","R","B"],"character_chosen":"HIEROPHANT","items_purchased":["hierophant:HammerAndAnvil"],"campfire_rested":1,"item_purchase_floors":[13],"current_hp_per_floor":[68,68,68,63,63,63,63,63,63,59,59,44,47,27,50,38,38],"gold":72,"neow_bonus":"THREE_ENEMY_KILL","is_daily":false,"chose_seed":false,"campfire_upgraded":2,"win_rate":0.0,"timestamp":1610401232,"path_taken":["M","M","?","?","$","R","M","M","T","M","R","M","$","M","R","BOSS"],"items_purchased_type":["Card"],"build_version":"2020-12-22","purchased_purges":1,"victory":false,"max_hp_per_floor":[75,75,75,75,75,75,75,75,75,75,75,75,78,78,78,78,78],"card_choices":[{"not_picked":["hierophant:Remorse","hierophant:PristineSoul","hierophant:RepressedViolence"],"picked":"SKIP","floor":1.0},{"not_picked":["hierophant:PristineSoul","hierophant:Embezzle"],"picked":"hierophant:Smite","floor":2.0},{"not_picked":["hierophant:Encroach","hierophant:RepressedViolence","hierophant:Flagellation"],"picked":"SKIP","floor":3.0},{"not_picked":["hierophant:FlamingChariot","hierophant:AuricShield","hierophant:AuricBeam"],"picked":"SKIP","floor":7.0},{"not_picked":["hierophant:Purify","hierophant:FieryStrike","hierophant:Flagellation"],"picked":"SKIP","floor":8.0},{"not_picked":["hierophant:Empathy","hierophant:Repentance","hierophant:FlamingChariot"],"picked":"SKIP","floor":10},{"not_picked":["hierophant:Remorse","hierophant:Martyrdom","hierophant:ThreeLashes"],"picked":"SKIP","floor":12},{"not_picked":["hierophant:AuricBeam","hierophant:Remorse","hierophant:OrnateBuckler"],"picked":"SKIP","floor":14}],"player_experience":1341763,"relics_obtained":[{"floor":9.0,"key":"Replay:Ringing Soul"}],"event_choices":[{"damage_healed":0.0,"max_hp_gain":0.0,"max_hp_loss":0.0,"gold_gain":0.0,"event_name":"Scrap Ooze","player_choice":"Success","floor":4.0,"gold_loss":0.0,"damage_taken":5.0,"relics_obtained":["Art of War"]}],"is_beta":false,"boss_relics":[],"items_purged_floors":[5],"is_endless":false,"potions_floor_spawned":[1,3,7,12],"killed_by":"Hexaghost","ascension_level":20}}