{"host":"5wznv0010959mrmz","time":1610391746,"event":{"mods":["BaseMod","Highlight Path","Minty Spire (QoL Compilation)","Relic Stats"],"gold_per_floor":[14,28,28,44,55,83,103,114,114,39,39,39,112,55,55,55,55],"floor_reached":16,"playtime":1013,"items_purged":[],"score":204,"play_id":"eac0dcc6-f020-4a21-9c30-96f229a45209","local_time":"20210111130226","is_ascension_mode":true,"campfire_choices":[{"data":"Crippling Poison","floor":12,"key":"SMITH"},{"data":"Adrenaline","floor":15,"key":"SMITH"}],"circlet_count":0,"master_deck":["AscendersBane","Strike_G","Strike_G","Strike_G","Strike_G","Strike_G","Defend_G","Defend_G","Defend_G","Survivor","Neutralize","Backstab","Adrenaline+1","Dagger Throw","Crippling Poison+1","Leg Sweep","Blade Dance","Dash","Blade Dance"],"relics":["Ring of the Snake","Happy Flower","Mercury Hourglass","Golden Idol","Bottled Lightning"],"acts_visited":["Exordium"],"potions_floor_usage":[6,13],"damage_taken":[{"damage":12,"enemies":"Cultist","floor":1,"turns":5},{"damage":4,"enemies":"Jaw Worm","floor":2,"turns":4},{"damage":0,"enemies":"Small Slimes","floor":4,"turns":3},{"damage":1,"enemies":"3 Louse","floor":5,"turns":3},{"damage":29,"enemies":"Gremlin Nob","floor":6,"turns":4},{"damage":0,"enemies":"Looter","floor":7,"turns":4},{"damage":4,"enemies":"Blue Slaver","floor":8,"turns":3},{"damage":0,"enemies":"Gremlin Nob","floor":13,"turns":3},{"damage":23,"enemies":"Hexaghost","floor":16,"turns":9}],"seed_played":"8713536562467486065","potions_obtained":[{"floor":2,"key":"PowerPotion"},{"floor":4,"key":"GamblersBrew"},{"floor":7,"key":"SpeedPotion"}],"is_trial":false,"path_per_floor":["M","M","?","M","M","E","M","M","T","?","?","R","?","$","R","B"],"character_chosen":"THE_SILENT","items_purchased":["Blade Dance"],"campfire_rested":0,"item_purchase_floors":[14],"current_hp_per_floor":[59,55,55,55,54,25,25,21,21,21,21,21,21,21,21,0,0],"gold":55,"neow_bonus":"TWENTY_PERCENT_HP_BONUS","is_daily":false,"chose_seed":false,"campfire_upgraded":2,"win_rate":0.0,"timestamp":1610391746,"path_taken":["M","M","?","M","M","E","M","M","T","?","?","R","?","?","R","BOSS"],"items_purchased_type":["Card"],"build_version":"2020-12-22","purchased_purges":0,"victory":false,"max_hp_per_floor":[78,78,78,78,78,78,78,78,78,78,71,71,71,71,71,71,71],"relic_stats":{"Happy Flower":[6],"counters":[9,37],"Golden Idol":22,"obtain_stats":[{"Happy Flower":6,"Golden Idol":11,"Bottled Lightning":13,"Ring of the Snake":0,"Mercury Hourglass":9},{"Happy Flower":5,"Golden Idol":7,"Bottled Lightning":8,"Ring of the Snake":0,"Mercury Hourglass":7},{"Happy Flower":19,"Golden Idol":26,"Bottled Lightning":28,"Ring of the Snake":0,"Mercury Hourglass":26}],"Ring of the Snake":[18],"Mercury Hourglass":[32]},"card_choices":[{"not_picked":["Flying Knee","Dagger Spray"],"picked":"Backstab","floor":1},{"not_picked":["Dagger Throw","Distraction"],"picked":"Adrenaline","floor":2},{"not_picked":["Dodge and Roll","Outmaneuver"],"picked":"Crippling Poison","floor":4},{"not_picked":["Eviscerate","Quick Slash","Prepared"],"picked":"SKIP","floor":5},{"not_picked":["Quick Slash","Endless Agony"],"picked":"Leg Sweep","floor":6},{"not_picked":["Caltrops","Underhanded Strike"],"picked":"Blade Dance","floor":7},{"not_picked":["PiercingWail","Sucker Punch"],"picked":"Dash","floor":8}],"player_experience":442953,"relics_obtained":[{"floor":6,"key":"Happy Flower"},{"floor":9,"key":"Mercury Hourglass"},{"floor":13,"key":"Bottled Lightning"}],"event_choices":[{"damage_healed":0,"gold_gain":0,"cards_transformed":["Defend_G"],"player_choice":"Change","damage_taken":0,"max_hp_gain":0,"max_hp_loss":0,"event_name":"Living Wall","floor":3,"gold_loss":0,"cards_obtained":["Dagger Throw"]},{"cards_removed":["Defend_G"],"damage_healed":0,"gold_gain":0,"player_choice":"Card Removal","damage_taken":0,"max_hp_gain":0,"max_hp_loss":0,"event_name":"The Cleric","floor":10,"gold_loss":75},{"damage_healed":0,"gold_gain":0,"player_choice":"Lose Max HP","damage_taken":0,"relics_obtained":["Golden Idol"],"max_hp_gain":0,"max_hp_loss":7,"event_name":"Golden Idol","floor":11,"gold_loss":0},{"damage_healed":0,"gold_gain":0,"player_choice":"Searched \u00272\u0027 times","damage_taken":0,"max_hp_gain":0,"max_hp_loss":0,"event_name":"Dead Adventurer","floor":13,"gold_loss":0}],"is_beta":false,"boss_relics":[],"items_purged_floors":[],"is_endless":false,"potions_floor_spawned":[2,4,7],"killed_by":"Hexaghost","ascension_level":20}}