{"host":"684z1xpuwaoqmmh1","time":1610388291,"event":{"mods":["Bard","BaseMod","Downfall","Hermit","Jorbs\u0027s Wanderer Trilogy","Marisa????????","Minty Spire (QoL Compilation)","Robot Space Explorer","Shade Mod","StSLib","The Hierophant","The Marked","The Mystic"],"gold_per_floor":[109,54,72,72,87,87,115,115,141,170,184,204,236,248,248,349,349,367,378,378,396,413,744,772,804,831,862,862,896,896,499,499,594,594,613,613,195,195,195,224,244,272,272,304,319,319,349,368,368,368,368,368,0,33,33],"floor_reached":56,"playtime":4327,"items_purged":["Shade:Defend_Shade","Shade:Strike_Shade"],"score":1701,"play_id":"f74c304a-81ed-4d2b-983c-6e3835a94d7b","local_time":"20210111200451","is_ascension_mode":true,"campfire_choices":[{"data":"Shade:FleshToFlesh","floor":6.0,"key":"SMITH"},{"data":"Shade:UnbarTheGrave","floor":15.0,"key":"SMITH"},{"data":"Shade:GreaterAnimation","floor":32.0,"key":"SMITH"},{"floor":49,"key":"RECALL"},{"data":"Shade:TouchOfTheGrave","floor":52,"key":"SMITH"}],"circlet_count":0,"master_deck":["Shade:Strike_Shade+1","Shade:Strike_Shade+1","Shade:Defend_Shade","Shade:Defend_Shade","Shade:Defend_Shade","Shade:AnimateDead+1","Shade:CarefulCut","Shade:AblativeArmor","Shade:CoffinDance","Shade:FleshToFlesh+1","Shade:Doomsay","Shade:GraveStillness","Shade:UnbarTheGrave+1","Shade:Bite_Shade","Shade:GreaterAnimation+1","Shade:AuraOfUnlife","Shade:GreyBargain+1","Shade:TouchOfTheGrave+1","Shade:CloudOfShrapnel","Shade:RavenousHorde","Shade:FleshLikeOak","Shade:PressTheAttack+1","Shade:Carnophage","Shade:StitchTogether","Shade:LoseControl","Shade:OpenGraves","Shade:PressTheAttack","Shade:OminousRitual+1","Shade:FeralStrike+1","Shade:CloudOfShrapnel+1","Shade:SkeletonHug+1","Shade:Brains","expansioncontent:SuperHexaguard","Apotheosis","expansioncontent:BronzeBeam+1","Shade:FreshBones+1","Shade:OfferingToTheBeyond","Shade:GreaterAnimation+1","Panache","Shade:OpenGraves+1"],"relics":["Shade:YorickSkull","Strawberry","Juzu Bracelet","HornCleat","Akabeko","Boot","Anchor","Pocketwatch","Black Star","Oddly Smooth Stone","Old Coin","Red Mask","Bird Faced Urn","Tiny Chest","Lantern","Letter Opener","Bag of Marbles","MutagenicStrength","Mercury Hourglass","Matryoshka","Whetstone","Omamori","Coffee Dripper","StrikeDummy","Membership Card","White Beast Statue","sneckomod:BlankCard","Bronze Scales","Pear","Molten Egg 2","Centennial Puzzle","Gremlin Horn","Kunai","Regal Pillow","Potion Belt","Ornamental Fan","Eternal Feather","Shuriken","Sundial","DollysMirror","InkBottle","Bottled Flame"],"acts_visited":["Exordium","TheCity","TheBeyond","TheEnding"],"potions_floor_usage":[54,55,55,55,55,55],"damage_taken":[{"damage":0.0,"enemies":"2 Louse","floor":1.0,"turns":3.0},{"damage":0.0,"enemies":"Cultist","floor":3.0,"turns":3.0},{"damage":0.0,"enemies":"Jaw Worm","floor":5.0,"turns":4.0},{"damage":2.0,"enemies":"Lagavulin","floor":7.0,"turns":9.0},{"damage":0.0,"enemies":"Gremlin Nob","floor":10.0,"turns":3.0},{"damage":0.0,"enemies":"Exordium Wildlife","floor":11.0,"turns":4.0},{"damage":0.0,"enemies":"Large Slime","floor":12.0,"turns":5.0},{"damage":2.0,"enemies":"3 Sentries","floor":13.0,"turns":8.0},{"damage":0.0,"enemies":"3 Louse","floor":14.0,"turns":3.0},{"damage":0.0,"enemies":"Hexaghost","floor":16.0,"turns":14.0},{"damage":0.0,"enemies":"Spheric Guardian","floor":18.0,"turns":3.0},{"damage":0.0,"enemies":"2 Thieves","floor":19.0,"turns":3.0},{"damage":0.0,"enemies":"Centurion and Healer","floor":21.0,"turns":10.0},{"damage":0.0,"enemies":"Snecko","floor":22.0,"turns":5.0},{"damage":2.0,"enemies":"Gremlin Leader","floor":23.0,"turns":9.0},{"damage":6.0,"enemies":"Masked Bandits","floor":24.0,"turns":5.0},{"damage":0.0,"enemies":"Slavers","floor":25.0,"turns":4.0},{"damage":42.0,"enemies":"Gremlin Leader","floor":27.0,"turns":14.0},{"damage":15.0,"enemies":"Book of Stabbing","floor":29.0,"turns":8.0},{"damage":24.0,"enemies":"Automaton","floor":33.0,"turns":13.0},{"damage":2.0,"enemies":"Orb Walker","floor":35.0,"turns":3.0},{"damage":2.0,"enemies":"Nemesis","floor":40.0,"turns":6.0},{"damage":0.0,"enemies":"3 Shapes","floor":41.0,"turns":2.0},{"damage":17.0,"enemies":"Giant Head","floor":42.0,"turns":10.0},{"damage":0.0,"enemies":"Nemesis","floor":44.0,"turns":4.0},{"damage":0.0,"enemies":"Writhing Mass","floor":45.0,"turns":5.0},{"damage":0,"enemies":"Reptomancer","floor":47,"turns":2},{"damage":0,"enemies":"Sphere and 2 Shapes","floor":48,"turns":3},{"damage":2,"enemies":"Awakened One","floor":50,"turns":10},{"damage":2,"enemies":"Shield and Spear","floor":54,"turns":3},{"damage":11,"enemies":"The Heart","floor":55,"turns":9}],"seed_played":"-5197738218841980261","potions_obtained":[{"floor":3.0,"key":"ColorlessPotion"},{"floor":5.0,"key":"AttackPotion"},{"floor":7.0,"key":"Slimebound:ThreeZeroPotion"},{"floor":14.0,"key":"DuplicationPotion"},{"floor":22.0,"key":"AttackPotion"},{"floor":23.0,"key":"Explosive Potion"},{"floor":29.0,"key":"LiquidBronze"},{"floor":33.0,"key":"GamblersBrew"},{"floor":40.0,"key":"AttackPotion"},{"floor":44.0,"key":"PowerPotion"},{"floor":45.0,"key":"champ:CounterPotion"},{"floor":47,"key":"ColorlessPotion"},{"floor":54,"key":"DistilledChaos"}],"is_trial":false,"path_per_floor":["M","?","M","?","M","R","E","?","T","E","M","M","E","M","R","B",null,"M","M","?","M","M","E","?","E","T","E","?","E","?","$","R","B",null,"M","T","$","?","T","E","M","E","T","E","M","?","E","M","R","B",null,"R","$","E","B",null],"character_chosen":"SHADE","items_purchased":["Shade:StitchTogether","Whetstone","Omamori","Membership Card","Shade:OpenGraves","White Beast Statue","sneckomod:BlankCard","Sundial","Shade:OfferingToTheBeyond","DollysMirror","Panache"],"campfire_rested":0,"item_purchase_floors":[31,31,31,37,37,37,37,53,53,53,53],"current_hp_per_floor":[72,72,72,72,72,72,70,70,70,70,70,70,68,70,70,72,72,72,72,59,63,65,65,61,65,65,35,35,28,28,28,28,14,77,77,77,77,77,87,87,87,70,70,84,87,77,81,87,87,85,87,87,87,87,84],"gold":33,"neow_bonus":"RANDOM_COMMON_RELIC","is_daily":false,"chose_seed":false,"campfire_upgraded":4,"win_rate":0.0,"timestamp":1610388291,"path_taken":["M","?","M","?","M","R","E","?","T","E","M","M","E","M","R","BOSS","M","M","?","M","M","E","?","E","T","E","?","E","?","?","R","BOSS","M","?","$","?","?","E","M","E","T","E","M","?","E","M","R","BOSS","R","$","E","BOSS"],"items_purchased_type":["Card","Relic","Relic","Relic","Card","Relic","Relic","Relic","Card","Relic","Card"],"build_version":"2020-12-22","purchased_purges":2,"victory":true,"max_hp_per_floor":[72,72,72,72,72,72,72,72,72,72,72,72,72,72,72,72,72,72,72,77,77,77,77,77,77,77,77,77,77,77,77,77,77,77,77,77,77,77,87,87,87,87,87,87,87,87,87,87,87,87,87,87,87,87,87],"card_choices":[{"not_picked":["Shade:Trample","Shade:SkeletonArmy"],"picked":"Shade:AblativeArmor","floor":1.0},{"not_picked":["Shade:FreshBones","Shade:GraveStillness"],"picked":"Shade:CoffinDance","floor":3.0},{"not_picked":["Shade:GoDigging","Shade:SkeletonHug"],"picked":"Shade:FleshToFlesh","floor":5.0},{"not_picked":["Shade:WallOfFlesh","Shade:FeralStrike"],"picked":"Shade:Doomsay","floor":7.0},{"not_picked":["Shade:Frenzy","Shade:Trample"],"picked":"Shade:GraveStillness","floor":10.0},{"not_picked":["Shade:SanguineRitual","Shade:GraveStillness"],"picked":"Shade:UnbarTheGrave","floor":11.0},{"not_picked":["Shade:RitualOffering","Shade:FeralStrike","Shade:Asphyxiate"],"picked":"SKIP","floor":12.0},{"not_picked":["Shade:LyeBath","Shade:CoffinDance"],"picked":"Shade:Bite_Shade","floor":13.0},{"not_picked":["Shade:ClawBack","Shade:FleshToFlesh","Shade:SoulToxin"],"picked":"SKIP","floor":14.0},{"not_picked":["Shade:Coordination","Shade:LoseControl"],"picked":"Shade:GreaterAnimation","floor":16.0},{"not_picked":["Shade:ClawBack+1","Shade:FleshLikeOak"],"picked":"Shade:AuraOfUnlife","floor":18.0},{"not_picked":["Shade:SkeletonHug","Shade:AncientSpear"],"picked":"Shade:GreyBargain+1","floor":19.0},{"not_picked":["Shade:GreyBargain","Shade:CoffinDance","Shade:SelfBurial"],"picked":"SKIP","floor":21.0},{"not_picked":["Shade:FeralStrike","Shade:CoffinDance"],"picked":"Shade:TouchOfTheGrave","floor":22.0},{"not_picked":["Shade:Frenzy","Shade:CallOfTheGrave","Shade:TouchOfTheGrave"],"picked":"SKIP","floor":23.0},{"not_picked":["Shade:WallOfFlesh","Shade:FingerOfDeath"],"picked":"Shade:CloudOfShrapnel","floor":24.0},{"not_picked":["Shade:CoffinDance","Shade:Asphyxiate"],"picked":"Shade:RavenousHorde","floor":25.0},{"not_picked":["Shade:ScuttlingHand","Shade:Bite_Shade+1"],"picked":"Shade:FleshLikeOak","floor":27.0},{"not_picked":["Shade:AncientSpear","Shade:PotionOfRestlessness"],"picked":"Shade:PressTheAttack+1","floor":29.0},{"not_picked":["Shade:Consume","Shade:GreaterAnimation"],"picked":"Shade:LoseControl","floor":33.0},{"not_picked":["Shade:Awaken","Shade:CoffinDance+1","Shade:GreyBargain+1"],"picked":"SKIP","floor":35.0},{"not_picked":["Shade:SoulPierce","Shade:RavenousHorde"],"picked":"Shade:OminousRitual+1","floor":40.0},{"not_picked":["Shade:FingerOfDeath+1","Shade:Asphyxiate+1"],"picked":"Shade:FeralStrike+1","floor":41.0},{"not_picked":["Shade:SanguineRitual","Shade:BoneShards+1"],"picked":"Shade:CloudOfShrapnel+1","floor":42.0},{"not_picked":["Shade:PressTheAttack+1","Shade:RavenousHorde+1"],"picked":"Shade:SkeletonHug+1","floor":44.0},{"not_picked":["Shade:BoneShards+1","Shade:GreyBargain","Shade:Brains"],"picked":"SKIP","floor":45.0},{"not_picked":["Shade:BoneShards+1","Shade:GreyBargain"],"picked":"Shade:Brains","floor":45.0},{"not_picked":["Impatience","Dramatic Entrance+1"],"picked":"expansioncontent:SuperHexaguard","floor":46.0},{"not_picked":["Deep Breath","Panache"],"picked":"Apotheosis","floor":46.0},{"not_picked":["Dramatic Entrance+1","The Bomb"],"picked":"expansioncontent:BronzeBeam+1","floor":46.0},{"not_picked":["Shade:Asphyxiate+1","Shade:FuneraryArmor","Shade:FreshBones+1"],"picked":"SKIP","floor":47},{"not_picked":["Shade:Asphyxiate+1","Shade:FuneraryArmor"],"picked":"Shade:FreshBones+1","floor":47},{"not_picked":["Shade:GreyBargain+1","Shade:CommandSoldier","Shade:FingerOfDeath+1"],"picked":"SKIP","floor":48},{"not_picked":["Shade:SoulPierce","Shade:Carnophage+1"],"picked":"Shade:OpenGraves+1","floor":54}],"player_experience":2477633,"relics_obtained":[{"floor":7.0,"key":"HornCleat"},{"floor":9.0,"key":"Boot"},{"floor":10.0,"key":"Anchor"},{"floor":13.0,"key":"Pocketwatch"},{"floor":23.0,"key":"Oddly Smooth Stone"},{"floor":23.0,"key":"Old Coin"},{"floor":24.0,"key":"Red Mask"},{"floor":25.0,"key":"Bird Faced Urn"},{"floor":25.0,"key":"Tiny Chest"},{"floor":26.0,"key":"Lantern"},{"floor":27.0,"key":"Letter Opener"},{"floor":27.0,"key":"Bag of Marbles"},{"floor":29.0,"key":"Mercury Hourglass"},{"floor":29.0,"key":"Matryoshka"},{"floor":36.0,"key":"StrikeDummy"},{"floor":39.0,"key":"Bronze Scales"},{"floor":39.0,"key":"Pear"},{"floor":40.0,"key":"Molten Egg 2"},{"floor":40.0,"key":"Centennial Puzzle"},{"floor":42.0,"key":"Gremlin Horn"},{"floor":42.0,"key":"Kunai"},{"floor":43.0,"key":"Regal Pillow"},{"floor":44.0,"key":"Potion Belt"},{"floor":44.0,"key":"Ornamental Fan"},{"floor":47,"key":"Eternal Feather"},{"floor":47,"key":"Shuriken"},{"floor":54,"key":"InkBottle"},{"floor":54,"key":"Bottled Flame"}],"event_choices":[{"damage_healed":0.0,"max_hp_gain":0.0,"max_hp_loss":0.0,"gold_gain":0.0,"event_name":"WeMeetAgain","player_choice":"Paid Gold","floor":2.0,"gold_loss":55.0,"damage_taken":0.0,"relics_obtained":["Juzu Bracelet"]},{"damage_healed":0.0,"max_hp_gain":0.0,"max_hp_loss":0.0,"gold_gain":0.0,"event_name":"Living Wall","player_choice":"Grow","floor":4.0,"gold_loss":0.0,"damage_taken":0.0,"cards_upgraded":["Shade:AnimateDead"]},{"damage_healed":0.0,"max_hp_gain":0.0,"max_hp_loss":0.0,"gold_gain":0.0,"event_name":"Dead Adventurer","player_choice":"Searched \u00272\u0027 times","floor":8.0,"gold_loss":0.0,"damage_taken":0.0,"relics_obtained":["Akabeko"]},{"damage_healed":0.0,"max_hp_gain":5.0,"max_hp_loss":0.0,"gold_gain":0.0,"event_name":"Forgotten Altar","player_choice":"Shed Blood","floor":20.0,"gold_loss":0.0,"damage_taken":18.0},{"damage_healed":0.0,"max_hp_gain":0.0,"max_hp_loss":0.0,"gold_gain":0.0,"event_name":"Masked Bandits","player_choice":"Fought Bandits","floor":24.0,"gold_loss":0.0,"damage_taken":0.0},{"damage_healed":0.0,"max_hp_gain":0.0,"max_hp_loss":0.0,"gold_gain":0.0,"event_name":"Drug Dealer","player_choice":"Inject Mutagens","floor":28.0,"gold_loss":0.0,"damage_taken":0.0,"relics_obtained":["MutagenicStrength"]},{"damage_healed":0.0,"max_hp_gain":0.0,"max_hp_loss":0.0,"gold_gain":0.0,"event_name":"The Library","player_choice":"Read","floor":30.0,"gold_loss":0.0,"damage_taken":0.0,"cards_obtained":["Shade:Carnophage"]},{"damage_healed":0.0,"max_hp_gain":0.0,"max_hp_loss":0.0,"gold_gain":0.0,"cards_transformed":["Shade:Strike_Shade"],"event_name":"Transmorgrifier","player_choice":"Transformed","floor":38.0,"gold_loss":0.0,"damage_taken":0.0,"cards_obtained":["Shade:PressTheAttack"]},{"damage_healed":0.0,"max_hp_gain":0.0,"max_hp_loss":0.0,"gold_gain":0.0,"event_name":"SensoryStone","player_choice":"Memory 3","floor":46.0,"gold_loss":0.0,"damage_taken":10.0}],"is_beta":false,"boss_relics":[{"not_picked":["Ectoplasm","Velvet Choker"],"picked":"Black Star"},{"not_picked":["Sozu","Snecko Eye"],"picked":"Coffee Dripper"}],"items_purged_floors":[31,37],"is_endless":false,"potions_floor_spawned":[3,5,7,14,16,19,22,23,29,33,35,40,41,42,44,45,47,48,54],"ascension_level":1}}