{"host":"qihv10mixs26xc23","time":1610403980,"event":{"mods":["AchievementEnabler","BaseMod","BetterRewards","Downfall","Googly Eyes","Hermit","Minty Spire (QoL Compilation)","Replay The Spire","Shop Mod","StSLib","The Marked"],"gold_per_floor":[118,137,39,54,68,68,68,93,93,105,134,149,149,0,0,100,100,119,130,130,144,144,144,144,155,155,174,192,41,41,57,57,157,157,171,182,182,0,20,20,20,40,63,74,74,0,0,26,26,26,26],"floor_reached":50,"playtime":2421,"items_purged":["Defend_B","Defend_B"],"score":806,"play_id":"3964df24-0e5b-4879-bab2-c5c2494dbfe1","local_time":"20210111172620","is_ascension_mode":false,"campfire_choices":[{"floor":6,"key":"REST"},{"floor":13,"key":"REST"},{"floor":15,"key":"REST"},{"floor":23,"key":"REST"},{"floor":32,"key":"REST"},{"floor":40,"key":"REST"},{"data":"Electrodynamics","floor":47,"key":"SMITH"}],"circlet_count":0,"master_deck":["Defend_B","Zap","Dualcast","Sweeping Beam","Ball Lightning","Panic Button","Lockon+1","BootSequence","Sunder","Tempest+1","Machine Learning","Biased Cognition","Ball Lightning","Panic Button+1","All For One","Skim+1","Redo+1","Slimebound:Tackle+1","Slimebound:Tackle+1","Slimebound:Tackle+1","Electrodynamics+1","CurseOfTheBell","Turbo+1","The Bomb+1","Master of Strategy+1","Ball Lightning+1","Redo+1","Tempest+1"],"relics":["Cracked Core","Dream Catcher","Pet Ghost","Solar Panel","WingedGreaves","Anchor","Philosopher\u0027s Stone","Enchiridion","Ring of Fury","Ring of Hypnosis","Toxic Egg 2","Chameleon Ring","Calling Bell","Replay:Rubber Ducky","HornCleat","Counterbalance","War Paint","Red Mask","Omamori"],"acts_visited":["Exordium","TheCity","TheBeyond"],"potions_floor_usage":[16,21,33,33,33,50,50],"damage_taken":[{"damage":1,"enemies":"Cultist","floor":1,"turns":3},{"damage":7,"enemies":"Small Slimes","floor":2,"turns":2},{"damage":6,"enemies":"Jaw Worm","floor":4,"turns":2},{"damage":6,"enemies":"Exordium Wildlife","floor":5,"turns":3},{"damage":22,"enemies":"3 Sentries","floor":8,"turns":5},{"damage":0,"enemies":"Large Slime","floor":10,"turns":2},{"damage":14,"enemies":"Lagavulin","floor":11,"turns":4},{"damage":0,"enemies":"2 Fungi Beasts","floor":12,"turns":2},{"damage":47,"enemies":"The Guardian","floor":16,"turns":8},{"damage":19,"enemies":"3 Byrds","floor":18,"turns":3},{"damage":10,"enemies":"Shell Parasite","floor":19,"turns":3},{"damage":0,"enemies":"Centurion and Healer","floor":21,"turns":2},{"damage":8,"enemies":"Snake Plant","floor":25,"turns":2},{"damage":22,"enemies":"Snecko","floor":27,"turns":4},{"damage":0,"enemies":"Chosen and Byrds","floor":28,"turns":3},{"damage":10,"enemies":"Shelled Parasite and Fungi","floor":31,"turns":3},{"damage":44,"enemies":"Pondfish","floor":33,"turns":4},{"damage":0,"enemies":"Orb Walker","floor":35,"turns":3},{"damage":8,"enemies":"3 Darklings","floor":36,"turns":3},{"damage":11,"enemies":"Sphere and 2 Shapes","floor":39,"turns":3},{"damage":0,"enemies":"4 Shapes","floor":42,"turns":2},{"damage":0,"enemies":"Transient","floor":44,"turns":5},{"damage":79,"enemies":"Time Eater","floor":50,"turns":6}],"seed_played":"-8108683729911199470","potions_obtained":[{"floor":4,"key":"BlessingOfTheForge"},{"floor":8,"key":"SpeedPotion"},{"floor":11,"key":"AttackPotion"},{"floor":16,"key":"BlessingOfTheForge"},{"floor":19,"key":"Adrenaline Potion"},{"floor":27,"key":"Adrenaline Potion"},{"floor":39,"key":"Strength Potion"},{"floor":44,"key":"SkillPotion"},{"floor":49,"key":"SneckoOil"},{"floor":49,"key":"Elixir"}],"is_trial":false,"path_per_floor":["M","M","$","M","M","R","?","E","T","M","E","M","R","$","R","B",null,"M","M","?","M","?","R","?","M","T","M","M","$","?","M","R","B",null,"M","M","?","$","M","R","?","M","T","M","?","?","R","T","R","B"],"character_chosen":"DEFECT","items_purchased":["Dream Catcher","Panic Button","Lockon+1","Anchor","Redo+1","Master of Strategy+1"],"campfire_rested":6,"item_purchase_floors":[0,3,3,14,29,38],"current_hp_per_floor":[66,59,59,53,47,69,69,47,47,47,35,35,57,57,75,28,75,56,52,36,36,36,58,58,50,50,38,38,38,38,28,50,8,75,75,67,67,67,56,75,75,75,75,75,75,75,75,75,75,0,0],"gold":26,"neow_bonus":"","is_daily":false,"chose_seed":false,"campfire_upgraded":1,"win_rate":0.0,"timestamp":1610403980,"path_taken":["M","M","?","M","M","R","?","E","T","M","E","M","R","$","R","BOSS","M","M","?","M","?","R","?","M","T","M","?","$","?","M","R","BOSS","M","M","?","$","M","R","?","M","T","M","?","?","R","?","R","BOSS"],"items_purchased_type":["Relic","Card","Card","Relic","Card","Card"],"build_version":"2020-12-22","purchased_purges":2,"victory":false,"max_hp_per_floor":[75,75,75,75,75,75,75,75,75,75,75,75,75,75,75,75,75,75,75,75,75,75,75,75,75,75,75,75,75,75,75,75,75,75,75,75,75,75,75,75,75,75,75,75,75,75,75,75,75,75,75],"card_choices":[{"not_picked":["ReplayTheSpireMod:System Scan","ReplayGash"],"picked":"Sweeping Beam","floor":1},{"not_picked":["Barrage","Defragment"],"picked":"Ball Lightning","floor":2},{"not_picked":["Steam","Stack","ReplayTheSpireMod:Repulse"],"picked":"SKIP","floor":4},{"not_picked":["Hello World","Turbo","Double Energy"],"picked":"SKIP","floor":5},{"not_picked":["Beam Cell","Gash"],"picked":"BootSequence","floor":8},{"not_picked":["Rip and Tear","ReplayTheSpireMod:Repulse"],"picked":"Cold Snap","floor":10},{"not_picked":["Leap","Streamline"],"picked":"Sunder","floor":11},{"not_picked":["Rebound","Storm"],"picked":"Tempest","floor":12},{"not_picked":["Sweeping Beam","Turbo"],"picked":"Machine Learning","floor":15},{"not_picked":["ReplayRNGCard","ReplayTheSpireMod:Fabricate Wheel"],"picked":"Biased Cognition","floor":16},{"not_picked":["Compile Driver","BasicCrystalCard","Double Energy"],"picked":"SKIP","floor":18},{"not_picked":["Sunder","Leap","Rebound"],"picked":"SKIP","floor":19},{"not_picked":["ReplaySort","Gash"],"picked":"Ball Lightning","floor":21},{"not_picked":["Rebound","FIFO Queue"],"picked":"Panic Button","floor":23},{"not_picked":["Coolheaded+1","Genetic Algorithm+1"],"picked":"All For One","floor":25},{"not_picked":["Turbo+1","Panic Button+1"],"picked":"Skim+1","floor":27},{"not_picked":["Darkness+1","Steam+1","Go for the Eyes"],"picked":"SKIP","floor":28},{"not_picked":["Steam+1","Rebound","Turbo+1"],"picked":"SKIP","floor":31},{"not_picked":["ReplayTheSpireMod:Fabricate Wheel+1","ReplayTheSpireMod:Omega Cannon"],"picked":"Electrodynamics","floor":33},{"not_picked":["Gash+1","Cold Snap+1"],"picked":"Turbo+1","floor":35},{"not_picked":["Self Repair","Beam Cell+1","Streamline"],"picked":"SKIP","floor":36},{"not_picked":["expansioncontent:DefensiveStance","Mind Blast"],"picked":"The Bomb+1","floor":37},{"not_picked":["Sweeping Beam+1","ReplayTheSpireMod:Calculation Training+1"],"picked":"Ball Lightning+1","floor":39},{"not_picked":["Skim+1","Defragment"],"picked":"Redo+1","floor":40},{"not_picked":["Gash","Streamline","ReplaySort+1"],"picked":"SKIP","floor":42},{"not_picked":["Compile Driver","ReplayTheSpireMod:GoodbyeWorld+1"],"picked":"Tempest+1","floor":44}],"player_experience":82318,"relics_obtained":[{"floor":8,"key":"Pet Ghost"},{"floor":9,"key":"Solar Panel"},{"floor":11,"key":"WingedGreaves"},{"floor":20,"key":"Enchiridion"},{"floor":22,"key":"Ring of Fury"},{"floor":22,"key":"Ring of Hypnosis"},{"floor":26,"key":"Chameleon Ring"},{"floor":34,"key":"Replay:Rubber Ducky"},{"floor":34,"key":"HornCleat"},{"floor":34,"key":"Counterbalance"},{"floor":43,"key":"War Paint"},{"floor":48,"key":"Omamori"}],"event_choices":[{"cards_removed":["Defend_B"],"damage_healed":0,"gold_gain":0,"player_choice":"Forget","damage_taken":0,"max_hp_gain":0,"max_hp_loss":0,"event_name":"Living Wall","floor":7,"gold_loss":0},{"damage_healed":0,"gold_gain":0,"player_choice":"Obtained Book","damage_taken":16,"max_hp_gain":0,"max_hp_loss":0,"event_name":"Cursed Tome","floor":20,"gold_loss":0},{"damage_healed":0,"gold_gain":0,"player_choice":"Memory 1","damage_taken":0,"max_hp_gain":0,"max_hp_loss":0,"event_name":"SensoryStone","floor":37,"gold_loss":0},{"cards_removed":["Cold Snap"],"damage_healed":0,"gold_gain":0,"player_choice":"Removed Attack","damage_taken":0,"max_hp_gain":0,"max_hp_loss":0,"event_name":"Falling","floor":41,"gold_loss":0},{"damage_healed":0,"gold_gain":0,"player_choice":"Ignored","damage_taken":0,"max_hp_gain":0,"max_hp_loss":0,"event_name":"Mysterious Sphere","floor":45,"gold_loss":0},{"damage_healed":0,"gold_gain":0,"player_choice":"Paid","damage_taken":0,"relics_obtained":["Red Mask"],"max_hp_gain":0,"max_hp_loss":0,"event_name":"Tomb of Lord Red Mask","floor":46,"gold_loss":74}],"is_beta":false,"boss_relics":[{"not_picked":["ChewingGum","Ring of Chaos"],"picked":"Philosopher\u0027s Stone"},{"not_picked":["Cursed Key","Inserter"],"picked":"Calling Bell"}],"items_purged_floors":[0,29],"is_endless":false,"potions_floor_spawned":[4,8,11,16,19,27,39,44],"killed_by":"Time Eater","ascension_level":0}}