{"host":"cfluht5kr2kfk9p9","time":1610349512,"event":{"mods":["ATMod(阿瑾Mod)","Arknights The Spire","BaseMod","GungeonMod","Highlight Path","Library of Ruina","Library of Ruina Extra","Minty Spire (QoL Compilation)","Quick Restart","Rare Cards Sparkle","Relic Stats","RumiaBox-露米娅的神秘盒子","Spicy Shops","StSLib","TestMod","The Alterego","【功能Mod】混沌之环修复补丁"],"gold_per_floor":[165,178,178,195,215,215,215,215],"floor_reached":7,"playtime":421,"items_purged":[],"score":86,"play_id":"61e77a6f-0dfb-40a8-bda8-d7442d1b5b1f","local_time":"20210111151832","is_ascension_mode":true,"campfire_choices":[{"data":"AT_ArcaneSupremacy","floor":6,"key":"SMITH"}],"circlet_count":0,"master_deck":["AscendersBane","Strike_G","Strike_G","Strike_G","Strike_G+1","Strike_G","Defend_G+1","Defend_G","Defend_G+1","Defend_G","Defend_G","Survivor","Neutralize","AT_GerminateFire","AT_ArcaneSupremacy+1","Cloak And Dagger","Outmaneuver","Outmaneuver+1","Outmaneuver+1","After Image"],"relics":["testmod-TestBox","AT_ATBox","testmod-HeartOfDaVinci","Tiny House","AddBug","SecretRecord","Baka"],"acts_visited":["Exordium"],"potions_floor_usage":[5,5,5],"damage_taken":[{"damage":12.0,"enemies":"Jaw Worm","floor":1.0,"turns":6.0},{"damage":11,"enemies":"2 Louse","floor":2,"turns":4},{"damage":3,"enemies":"Cultist","floor":4,"turns":4},{"damage":1,"enemies":"Large Slime","floor":5,"turns":9},{"damage":30,"enemies":"Gremlin Nob","floor":7,"turns":4}],"seed_played":"7061334823397209928","potions_obtained":[{"floor":0.0,"key":"EntropicBrew"},{"floor":4,"key":"PowerPotion"}],"is_trial":false,"path_per_floor":["M","M","?","M","M","R","E"],"character_chosen":"THE_SILENT","items_purchased":[],"campfire_rested":0,"item_purchase_floors":[],"current_hp_per_floor":[52,53,32,29,28,28,0,0],"gold":215,"neow_bonus":"BOSS_RELIC","is_daily":false,"chose_seed":false,"campfire_upgraded":1,"win_rate":0.0,"timestamp":1610349512,"path_taken":["M","M","?","M","M","R","E"],"items_purchased_type":[],"build_version":"2020-12-22","purchased_purges":0,"victory":false,"max_hp_per_floor":[71,71,71,71,71,71,71,71],"relic_stats":{"counters":[5,27],"obtain_stats":[{"testmod-TestBox":0,"AT_ATBox":0,"Tiny House":0,"AddBug":1,"SecretRecord":1,"Baka":1,"Ring of the Snake":0,"testmod-HeartOfDaVinci":0},{"testmod-TestBox":0,"AT_ATBox":0,"Tiny House":0,"AddBug":1,"SecretRecord":1,"Baka":1,"Ring of the Snake":0,"testmod-HeartOfDaVinci":0},{"testmod-TestBox":0,"AT_ATBox":0,"Tiny House":0,"AddBug":6,"SecretRecord":6,"Baka":6,"Ring of the Snake":0,"testmod-HeartOfDaVinci":0}]},"card_choices":[{"not_picked":["Acrobatics","Crippling Poison"],"picked":"AT_ArcaneSupremacy","floor":0.0},{"not_picked":["Bane","Terror"],"picked":"Cloak And Dagger","floor":1.0},{"not_picked":["Sucker Punch","Malaise"],"picked":"Outmaneuver","floor":2},{"not_picked":["Outmaneuver","Quick Slash","Cloak And Dagger"],"picked":"SKIP","floor":4},{"not_picked":["Blade Dance","Blur"],"picked":"After Image","floor":5}],"player_experience":69266,"relics_obtained":[{"floor":1.0,"key":"AddBug"},{"floor":1.0,"key":"Baka"}],"event_choices":[{"damage_healed":0,"gold_gain":0,"player_choice":"Entered Light","damage_taken":21,"max_hp_gain":0,"max_hp_loss":0,"event_name":"Shining Light","floor":3,"gold_loss":0,"cards_upgraded":["Defend_G","Strike_G"]}],"is_beta":false,"boss_relics":[],"items_purged_floors":[],"is_endless":false,"potions_floor_spawned":[4],"killed_by":"Gremlin Nob","ascension_level":20}}