{"host":"31s8hzukbhz1k6i6","time":1610337029,"event":{"mods":["AchievementEnabler","BaseMod","Bestiary","Colored Map","Filter the Spire","Minty Spire (QoL Compilation)","Relic Stats","ojb\u0027s Info Mod"],"gold_per_floor":[413,426,441,441,114,148,148,183,208,234,23,39,39,52,52,52,52],"floor_reached":16,"playtime":11754,"items_purged":["Strike_R","Strike_R"],"score":240,"play_id":"77378e50-39a2-499d-b903-3625ee6a47df","local_time":"20210110195029","is_ascension_mode":true,"campfire_choices":[{"data":"Uppercut","floor":7,"key":"SMITH"},{"data":"Flex","floor":13,"key":"SMITH"},{"data":"Sword Boomerang","floor":15,"key":"SMITH"}],"circlet_count":0,"master_deck":["AscendersBane","Strike_R","Strike_R","Strike_R","Defend_R","Defend_R","Defend_R","Defend_R","Bash","Dropkick","Pummel","Flex+1","Spot Weakness","Limit Break","Uppercut+1","Shrug It Off","Power Through","Sword Boomerang+1","Battle Trance"],"relics":["Burning Blood","Old Coin","Ancient Tea Set","Art of War","Matryoshka","Darkstone Periapt","Strawberry","Eternal Feather"],"acts_visited":["Exordium"],"potions_floor_usage":[6,8,16],"damage_taken":[{"damage":4,"enemies":"Small Slimes","floor":1,"turns":4},{"damage":1,"enemies":"2 Louse","floor":2,"turns":2},{"damage":2,"enemies":"Cultist","floor":3,"turns":4},{"damage":8,"enemies":"Gremlin Nob","floor":6,"turns":3},{"damage":12,"enemies":"3 Sentries","floor":8,"turns":5},{"damage":15,"enemies":"Lagavulin","floor":10,"turns":6},{"damage":1,"enemies":"Blue Slaver","floor":12,"turns":3},{"damage":8,"enemies":"2 Fungi Beasts","floor":14,"turns":3},{"damage":57,"enemies":"Hexaghost","floor":16,"turns":9}],"seed_played":"-2508472752523889591","potions_obtained":[{"floor":1,"key":"SteroidPotion"},{"floor":3,"key":"Explosive Potion"},{"floor":10,"key":"ColorlessPotion"}],"is_trial":false,"path_per_floor":["M","M","M","?","$","E","R","E","T","E","$","M","R","M","R","B"],"character_chosen":"IRONCLAD","items_purchased":["Spot Weakness","Limit Break","Uppercut","HeartOfIron"],"campfire_rested":0,"item_purchase_floors":[5,5,5,11],"current_hp_per_floor":[52,57,61,43,43,41,41,35,42,33,33,38,47,45,54,0,0],"gold":52,"neow_bonus":"ONE_RARE_RELIC","is_daily":false,"chose_seed":false,"campfire_upgraded":3,"win_rate":0.0,"timestamp":1610337029,"path_taken":["M","M","M","?","$","E","R","E","T","E","$","M","R","M","R","BOSS"],"items_purchased_type":["Card","Card","Card","Potion"],"build_version":"2020-12-22","purchased_purges":2,"victory":false,"max_hp_per_floor":[75,75,75,75,75,75,75,75,82,82,82,82,82,82,82,82,82],"relic_stats":{"Darkstone Periapt":0,"counters":[9,39],"Eternal Feather":18,"Art of War":[5],"obtain_stats":[{"Darkstone Periapt":9,"Matryoshka":8,"Strawberry":9,"Eternal Feather":10,"Art of War":6,"Ancient Tea Set":4,"Burning Blood":0,"Old Coin":0},{"Darkstone Periapt":5,"Matryoshka":5,"Strawberry":5,"Eternal Feather":6,"Art of War":4,"Ancient Tea Set":3,"Burning Blood":0,"Old Coin":0},{"Darkstone Periapt":18,"Matryoshka":18,"Strawberry":18,"Eternal Feather":24,"Art of War":13,"Ancient Tea Set":10,"Burning Blood":0,"Old Coin":0}],"Burning Blood":48},"card_choices":[{"not_picked":["Ghostly Armor","Bloodletting"],"picked":"Dropkick","floor":1},{"not_picked":["Clash","Sentinel"],"picked":"Pummel","floor":2},{"not_picked":["Wild Strike","Sword Boomerang"],"picked":"Flex","floor":3},{"not_picked":["Cleave","Bludgeon"],"picked":"Shrug It Off","floor":6},{"not_picked":["Body Slam","True Grit"],"picked":"Power Through","floor":8},{"not_picked":["Anger","Sever Soul"],"picked":"Sword Boomerang","floor":10},{"not_picked":["Carnage","Thunderclap"],"picked":"Battle Trance","floor":12},{"not_picked":["Havoc","Exhume","Sentinel"],"picked":"SKIP","floor":14}],"player_experience":159821,"relics_obtained":[{"floor":6,"key":"Art of War"},{"floor":8,"key":"Matryoshka"},{"floor":9,"key":"Darkstone Periapt"},{"floor":9,"key":"Strawberry"},{"floor":10,"key":"Eternal Feather"}],"event_choices":[{"damage_healed":0,"gold_gain":0,"player_choice":"Success","damage_taken":18,"relics_obtained":["Ancient Tea Set"],"max_hp_gain":0,"max_hp_loss":0,"event_name":"Scrap Ooze","floor":4,"gold_loss":0}],"is_beta":false,"boss_relics":[],"items_purged_floors":[5,11],"is_endless":false,"potions_floor_spawned":[1,3,10,14],"killed_by":"Hexaghost","ascension_level":20}}