{"host":"fubl5olmpa6illow","time":1610400644,"event":{"mods":["BaseMod","Colored Map","Colored Powertips","Highlight Path","Minty Spire (QoL Compilation)","Quick Restart","Random Character Button","Relic Sorter","Relic Stats"],"gold_per_floor":[112,122,137,149,149,149,179,209,235,235,235,269,48,60,60,162,162,174,193,112,125,125,156,167,167,249,249,277,277,308,358,358,453,453,470,333,346,361,282,282,282,315,315,315,14,14,33,62,62,62,62,62,13,45,45],"floor_reached":56,"playtime":10563,"items_purged":[],"score":1196,"play_id":"ecdf630b-76f1-47b8-8794-958bddd7a861","local_time":"20210111223044","is_ascension_mode":false,"campfire_choices":[{"data":"Fusion","floor":6,"key":"SMITH"},{"data":"Zap","floor":10,"key":"SMITH"},{"data":"Skim","floor":15,"key":"SMITH"},{"data":"Defragment","floor":27,"key":"SMITH"},{"data":"Echo Form","floor":29,"key":"SMITH"},{"data":"Hologram","floor":32,"key":"SMITH"},{"data":"Static Discharge","floor":40,"key":"SMITH"},{"floor":46,"key":"RECALL"},{"data":"Coolheaded","floor":49,"key":"SMITH"},{"data":"Machine Learning","floor":52,"key":"SMITH"}],"circlet_count":0,"master_deck":["Zap+1","Dualcast","Skim+1","Fusion+1","BootSequence","Conserve Battery+1","Hologram+1","Melter","Thunder Strike","Force Field","Steam+1","Go for the Eyes","Echo Form+1","Glacier","Recycle","Creative AI","Ball Lightning","Beam Cell","Defragment+1","Barrage","Auto Shields","Coolheaded+1","Machine Learning+1","Coolheaded","Core Surge","Steam Power+1","Static Discharge+1","Chaos+1","Echo Form+1","Reinforced Body+1"],"relics":["Busted Crown","MutagenicStrength","Question Card","Boot","Cables","PreservedInsect","Omamori","Centennial Puzzle","Bag of Preparation","Pandora\u0027s Box","Meat on the Bone","Happy Flower","WingedGreaves","Calling Bell","Nunchaku","HornCleat","TungstenRod","Pantograph","War Paint","DollysMirror","Gremlin Horn","Pen Nib"],"acts_visited":["Exordium","TheCity","TheBeyond","TheEnding"],"potions_floor_usage":[7,16,33,33,42,42,50,55],"damage_taken":[{"damage":1,"enemies":"2 Louse","floor":1,"turns":2},{"damage":2,"enemies":"Small Slimes","floor":2,"turns":3},{"damage":4,"enemies":"Jaw Worm","floor":3,"turns":4},{"damage":8,"enemies":"Lots of Slimes","floor":4,"turns":5},{"damage":18,"enemies":"Gremlin Nob","floor":7,"turns":4},{"damage":25,"enemies":"Lagavulin","floor":12,"turns":8},{"damage":0,"enemies":"Large Slime","floor":14,"turns":4},{"damage":20,"enemies":"Slime Boss","floor":16,"turns":8},{"damage":3,"enemies":"Chosen","floor":18,"turns":4},{"damage":14,"enemies":"2 Thieves","floor":19,"turns":5},{"damage":0,"enemies":"Snake Plant","floor":21,"turns":5},{"damage":5,"enemies":"Gremlin Leader","floor":23,"turns":5},{"damage":3,"enemies":"Centurion and Healer","floor":24,"turns":4},{"damage":7,"enemies":"Slavers","floor":28,"turns":5},{"damage":2,"enemies":"Book of Stabbing","floor":30,"turns":4},{"damage":12,"enemies":"Collector","floor":33,"turns":10},{"damage":0,"enemies":"3 Darklings","floor":35,"turns":7},{"damage":0,"enemies":"3 Shapes","floor":37,"turns":4},{"damage":0,"enemies":"Sphere and 2 Shapes","floor":38,"turns":4},{"damage":1,"enemies":"Reptomancer","floor":42,"turns":5},{"damage":24,"enemies":"4 Shapes","floor":47,"turns":5},{"damage":6,"enemies":"Nemesis","floor":48,"turns":7},{"damage":44,"enemies":"Donu and Deca","floor":50,"turns":8},{"damage":12,"enemies":"Shield and Spear","floor":54,"turns":7},{"damage":19,"enemies":"The Heart","floor":55,"turns":9}],"seed_played":"2452114787935587006","potions_obtained":[{"floor":1,"key":"SteroidPotion"},{"floor":2,"key":"SteroidPotion"},{"floor":14,"key":"Fire Potion"},{"floor":18,"key":"SneckoOil"},{"floor":21,"key":"Weak Potion"},{"floor":33,"key":"Swift Potion"},{"floor":38,"key":"Ancient Potion"},{"floor":42,"key":"ColorlessPotion"},{"floor":47,"key":"EntropicBrew"},{"floor":54,"key":"DistilledChaos"}],"is_trial":false,"path_per_floor":["M","M","M","M","?","R","E","?","T","R","?","E","$","M","R","B",null,"M","M","$","M","?","E","M","?","T","R","E","R","E","?","R","B",null,"M","$","M","M","$","R","?","E","T","?","$","R","M","E","R","B",null,"R","$","E","B",null],"character_chosen":"DEFECT","items_purchased":["Melter","Happy Flower","Defragment","Core Surge","Static Discharge","War Paint","DollysMirror","FearPotion"],"campfire_rested":0,"item_purchase_floors":[13,13,20,36,39,45,45,53],"current_hp_per_floor":[74,72,68,60,57,57,39,39,39,39,57,32,32,44,44,36,75,72,58,58,58,58,53,50,50,50,50,43,43,41,41,41,41,75,75,75,75,75,75,75,75,74,74,71,71,71,47,41,41,34,71,71,71,59,52],"gold":45,"neow_bonus":"BOSS_RELIC","is_daily":false,"chose_seed":false,"campfire_upgraded":9,"win_rate":0.0,"timestamp":1610400644,"path_taken":["M","M","M","M","?","R","E","?","T","R","?","E","$","M","R","BOSS","M","M","$","M","?","E","M","?","T","R","E","R","E","?","R","BOSS","M","?","M","M","$","R","?","E","T","?","$","R","M","E","R","BOSS","R","$","E","BOSS"],"items_purchased_type":["Card","Relic","Card","Card","Card","Relic","Relic","Potion"],"build_version":"2020-12-22","purchased_purges":0,"victory":true,"max_hp_per_floor":[75,75,75,75,75,75,75,75,75,75,75,75,75,75,75,75,75,75,75,75,75,75,75,75,75,75,75,75,75,75,75,75,75,75,75,75,75,75,75,75,75,75,75,71,71,71,71,71,71,71,71,71,71,71,71],"relic_stats":{"Happy Flower":[36],"Gremlin Horn":[2,2],"counters":[25,136],"PreservedInsect":347,"Pen Nib":[1],"Bag of Preparation":[28],"War Paint":["Conserve Battery","Steam"],"Question Card":11,"Boot":[86],"Cables":[57,19,32,0,6],"Centennial Puzzle":[43],"Nunchaku":[11],"Busted Crown":48,"Pantograph":37,"Pandora\u0027s Box":["Force Field","Steam","Go for the Eyes","Echo Form","Glacier","Recycle","Creative AI","Ball Lightning"],"obtain_stats":[{"Happy Flower":13,"Gremlin Horn":48,"PreservedInsect":5,"Pen Nib":54,"Omamori":7,"Bag of Preparation":22,"War Paint":45,"Question Card":26,"Boot":28,"Cables":30,"Calling Bell":34,"Centennial Puzzle":9,"Nunchaku":34,"Busted Crown":0,"HornCleat":34,"DollysMirror":45,"MutagenicStrength":25,"Pantograph":42,"Pandora\u0027s Box":17,"WingedGreaves":23,"Cracked Core":0,"TungstenRod":34,"Meat on the Bone":12},{"Happy Flower":6,"Gremlin Horn":22,"PreservedInsect":4,"Pen Nib":24,"Omamori":5,"Bag of Preparation":11,"War Paint":20,"Question Card":13,"Boot":14,"Cables":15,"Calling Bell":16,"Centennial Puzzle":5,"Nunchaku":16,"Busted Crown":0,"HornCleat":16,"DollysMirror":20,"MutagenicStrength":13,"Pantograph":20,"Pandora\u0027s Box":8,"WingedGreaves":12,"Cracked Core":0,"TungstenRod":16,"Meat on the Bone":6},{"Happy Flower":26,"Gremlin Horn":112,"PreservedInsect":14,"Pen Nib":127,"Omamori":18,"Bag of Preparation":52,"War Paint":100,"Question Card":61,"Boot":66,"Cables":70,"Calling Bell":80,"Centennial Puzzle":18,"Nunchaku":80,"Busted Crown":0,"HornCleat":80,"DollysMirror":100,"MutagenicStrength":61,"Pantograph":100,"Pandora\u0027s Box":38,"WingedGreaves":57,"Cracked Core":0,"TungstenRod":80,"Meat on the Bone":26}],"TungstenRod":57,"Meat on the Bone":48},"card_choices":[{"not_picked":[],"picked":"Skim","floor":1},{"not_picked":[],"picked":"Fusion","floor":2},{"not_picked":[],"picked":"BootSequence","floor":3},{"not_picked":[],"picked":"Conserve Battery","floor":4},{"not_picked":[],"picked":"Hologram","floor":7},{"not_picked":["Stack"],"picked":"SKIP","floor":12},{"not_picked":["Heatsinks"],"picked":"SKIP","floor":14},{"not_picked":[],"picked":"Thunder Strike","floor":16},{"not_picked":["Undo"],"picked":"SKIP","floor":18},{"not_picked":[],"picked":"Beam Cell","floor":19},{"not_picked":[],"picked":"Barrage","floor":21},{"not_picked":[],"picked":"Auto Shields","floor":23},{"not_picked":["Redo"],"picked":"SKIP","floor":24},{"not_picked":["Creative AI","Hologram"],"picked":"SKIP","floor":28},{"not_picked":["Multi-Cast"],"picked":"Coolheaded","floor":30},{"not_picked":["Multi-Cast"],"picked":"Machine Learning","floor":33},{"not_picked":["Steam+1"],"picked":"Coolheaded","floor":35},{"not_picked":["BootSequence+1","Go for the Eyes+1"],"picked":"SKIP","floor":37},{"not_picked":["Core Surge"],"picked":"Steam Power+1","floor":38},{"not_picked":["Consume+1"],"picked":"Chaos+1","floor":42},{"not_picked":["Coolheaded+1","Rip and Tear"],"picked":"SKIP","floor":47},{"not_picked":["Cold Snap+1"],"picked":"Reinforced Body+1","floor":48},{"not_picked":["Core Surge","Creative AI"],"picked":"SKIP","floor":54}],"player_experience":210111,"relics_obtained":[{"floor":7,"key":"Omamori"},{"floor":9,"key":"Centennial Puzzle"},{"floor":12,"key":"Meat on the Bone"},{"floor":23,"key":"WingedGreaves"},{"floor":26,"key":"Question Card"},{"floor":28,"key":"Boot"},{"floor":30,"key":"Cables"},{"floor":34,"key":"Nunchaku"},{"floor":34,"key":"HornCleat"},{"floor":34,"key":"TungstenRod"},{"floor":42,"key":"Pantograph"},{"floor":48,"key":"Gremlin Horn"},{"floor":54,"key":"Pen Nib"}],"event_choices":[{"damage_healed":0,"gold_gain":0,"player_choice":"Success","damage_taken":3,"relics_obtained":["PreservedInsect"],"max_hp_gain":0,"max_hp_loss":0,"event_name":"Scrap Ooze","floor":5,"gold_loss":0},{"damage_healed":0,"gold_gain":30,"player_choice":"Searched \u00272\u0027 times","damage_taken":0,"max_hp_gain":0,"max_hp_loss":0,"event_name":"Dead Adventurer","floor":8,"gold_loss":0},{"damage_healed":18,"gold_gain":0,"player_choice":"Healed and dodged fight","damage_taken":0,"max_hp_gain":0,"max_hp_loss":0,"event_name":"Mushrooms","floor":11,"gold_loss":0,"cards_obtained":["Parasite"]},{"damage_healed":0,"gold_gain":0,"player_choice":"Opened","damage_taken":0,"relics_obtained":["Bag of Preparation"],"max_hp_gain":0,"max_hp_loss":0,"event_name":"The Mausoleum","floor":22,"gold_loss":0},{"damage_healed":0,"gold_gain":0,"player_choice":"Inject Mutagens","damage_taken":0,"relics_obtained":["MutagenicStrength"],"max_hp_gain":0,"max_hp_loss":0,"event_name":"Drug Dealer","floor":25,"gold_loss":0},{"damage_healed":0,"gold_gain":100,"player_choice":"Bet on Murderer","damage_taken":0,"max_hp_gain":0,"max_hp_loss":0,"event_name":"The Joust","floor":31,"gold_loss":50},{"damage_healed":0,"gold_gain":0,"player_choice":"Ignored","damage_taken":0,"max_hp_gain":0,"max_hp_loss":0,"event_name":"Tomb of Lord Red Mask","floor":41,"gold_loss":0},{"damage_healed":0,"gold_gain":0,"player_choice":"Max HP","damage_taken":0,"max_hp_gain":0,"max_hp_loss":4,"event_name":"Winding Halls","floor":44,"gold_loss":0}],"is_beta":false,"boss_relics":[{"not_picked":["Runic Pyramid","Cursed Key"],"picked":"Pandora\u0027s Box"},{"not_picked":["Snecko Eye","Nuclear Battery"],"picked":"Calling Bell"}],"items_purged_floors":[],"is_endless":false,"potions_floor_spawned":[1,2,14,18,21,28,33,38,42,47,54],"ascension_level":0}}