{"host":"eejrqhjknvwl59ep","time":1610378690,"event":{"mods":["BaseMod","Hubris","Infinite Spire","Minty Spire (QoL Compilation)","StSLib"],"gold_per_floor":[110,185,185,206,156,190,190,190,190,216,249,249,249,287,287,406,406,425,425,277,277,192,225,268,268,292,292,305,305,305,326,326,456,456,470,491,491,554,306,345,388,413,413,444,475,499,499,499,499,499],"floor_reached":51,"playtime":3585,"items_purged":["EmptyFist"],"score":1013,"play_id":"a50a92e9-f7dc-470e-bead-cded0958b98b","local_time":"20210111162450","daily_mods":["Draft","Heirloom","Time Dilation","Flight"],"is_ascension_mode":false,"campfire_choices":[{"data":"WaveOfTheHand","floor":7,"key":"SMITH"},{"data":"MentalFortress","floor":8,"key":"SMITH"},{"data":"Adaptation","floor":12,"key":"SMITH"},{"data":"PathToVictory","floor":13,"key":"SMITH"},{"data":"Perseverance","floor":15,"key":"SMITH"},{"floor":27,"key":"REST"},{"data":"infinitespire:Collect","floor":29,"key":"SMITH"},{"data":"DevaForm","floor":32,"key":"SMITH"},{"data":"PathToVictory","floor":47,"key":"SMITH"},{"data":"infinitespire:Collect","floor":49,"key":"SMITH"}],"circlet_count":0,"master_deck":["WaveOfTheHand+1","FlurryOfBlows","ThirdEye","Tantrum","Protect","FlurryOfBlows","EmptyBody","PathToVictory+1","Wireheading","PathToVictory+1","Consecrate","CutThroughFate","TalkToTheHand","MentalFortress+1","Adaptation+1","Perseverance+1","EmptyMind","Prostrate","DevaForm","Indignation","infinitespire:Collect+1","infinitespire:Collect+1","CutThroughFate","DevaForm+1","Brilliance","Consecrate","Prostrate+1","Devotion","Establishment"],"relics":["PureWater","CaptainsWheel","Golden Idol","Darkstone Periapt","Bottled Lightning","Odd Mushroom","hubris:ToyBattleship","Bag of Marbles","Sozu","Frozen Eye","StrikeDummy","Sundial","Enchiridion","Smiling Mask","CultistMask","hubris:HollowSoul","Calipers","Bottled Tornado","Matryoshka","Pen Nib","MealTicket","Ancient Tea Set","Nunchaku","White Beast Statue"],"acts_visited":["Exordium","TheCity","TheBeyond"],"potions_floor_usage":[],"damage_taken":[{"damage":0,"enemies":"Small Slimes","floor":1,"turns":2},{"damage":0,"enemies":"2 Louse","floor":4,"turns":3},{"damage":0,"enemies":"Gremlin Nob","floor":6,"turns":2},{"damage":17,"enemies":"The Mushroom Lair","floor":10,"turns":5},{"damage":4,"enemies":"3 Sentries","floor":11,"turns":5},{"damage":0,"enemies":"Lagavulin","floor":14,"turns":3},{"damage":0,"enemies":"Slime Boss","floor":16,"turns":7},{"damage":1,"enemies":"Shell Parasite","floor":18,"turns":6},{"damage":2,"enemies":"Gremlin Leader","floor":23,"turns":5},{"damage":26,"enemies":"Slavers","floor":24,"turns":3},{"damage":0,"enemies":"3 Byrds","floor":28,"turns":3},{"damage":0,"enemies":"3 Cultists","floor":31,"turns":1},{"damage":2,"enemies":"Collector","floor":33,"turns":5},{"damage":7,"enemies":"3 Shapes","floor":35,"turns":4},{"damage":18,"enemies":"3 Darklings","floor":36,"turns":4},{"damage":0,"enemies":"Mind Bloom Boss Battle","floor":38,"turns":4},{"damage":0,"enemies":"Giant Head","floor":40,"turns":6},{"damage":15,"enemies":"Reptomancer","floor":41,"turns":3},{"damage":1,"enemies":"Maw","floor":42,"turns":5},{"damage":16,"enemies":"Nemesis","floor":44,"turns":7},{"damage":0,"enemies":"Giant Head","floor":45,"turns":5},{"damage":0,"enemies":"Sphere and 2 Shapes","floor":46,"turns":4},{"damage":11,"enemies":"hubris:GrandSnecko","floor":50,"turns":3}],"seed_played":"-201991543973602288","potions_obtained":[{"floor":1,"key":"Ancient Potion"},{"floor":6,"key":"Weak Potion"},{"floor":10,"key":"FearPotion"}],"is_trial":true,"path_per_floor":["M","?","?","M","?","E","R","R","T","?","E","R","R","E","R","B",null,"M","AVR","$","?","?","E","E","?","T","R","M","R","?","M","R","B",null,"M","M","?","?","$","E","E","M","T","E","E","M","R","?","R","B",null],"character_chosen":"WATCHER","items_purchased":["Frozen Eye","Bottled Tornado"],"campfire_rested":1,"item_purchase_floors":[20,39],"current_hp_per_floor":[72,61,43,43,43,43,43,43,43,26,22,22,22,22,22,22,72,71,71,71,53,53,51,25,9,9,30,30,30,30,30,30,28,72,65,47,47,47,47,47,32,31,31,15,15,15,15,15,15,4],"gold":499,"neow_bonus":"","is_daily":false,"chose_seed":false,"campfire_upgraded":9,"win_rate":0.0,"timestamp":1610378690,"path_taken":["M","?","?","M","?","E","R","R","T","?","E","R","R","E","R","BOSS","M","AVR","$","?","?","E","E","?","T","R","?","R","?","M","R","BOSS","M","?","?","?","?","E","E","?","T","E","E","M","R","?","R","BOSS"],"items_purchased_type":["Relic","Relic"],"build_version":"2020-12-22","purchased_purges":1,"victory":true,"max_hp_per_floor":[72,72,72,72,72,72,72,72,72,72,72,72,72,72,72,72,72,72,72,72,72,72,72,72,72,72,72,72,72,72,72,72,72,72,72,72,72,72,72,72,72,72,72,72,72,72,72,72,72,72],"card_choices":[{"not_picked":["Pray","Halt"],"picked":"WaveOfTheHand","floor":0},{"not_picked":["WreathOfFlame","Consecrate"],"picked":"FlurryOfBlows","floor":0},{"not_picked":["CrushJoints","InnerPeace"],"picked":"Prostrate","floor":0},{"not_picked":["WheelKick","ForeignInfluence"],"picked":"ThirdEye","floor":0},{"not_picked":["SandsOfTime","Indignation"],"picked":"Tantrum","floor":0},{"not_picked":["WheelKick","CrushJoints"],"picked":"Protect","floor":0},{"not_picked":["Weave","Conclude"],"picked":"FlurryOfBlows","floor":0},{"not_picked":["JustLucky","Wallop"],"picked":"EmptyBody","floor":0},{"not_picked":["Wireheading","WreathOfFlame"],"picked":"PathToVictory","floor":0},{"not_picked":["Evaluate","ClearTheMind"],"picked":"Wireheading","floor":0},{"not_picked":["Prostrate","Wireheading"],"picked":"PathToVictory","floor":0},{"not_picked":["ClearTheMind","WheelKick"],"picked":"EmptyFist","floor":0},{"not_picked":["Prostrate","Wireheading"],"picked":"Consecrate","floor":0},{"not_picked":["Pray","FollowUp"],"picked":"CutThroughFate","floor":0},{"not_picked":["CrushJoints","Protect"],"picked":"TalkToTheHand","floor":0},{"not_picked":["FlurryOfBlows","CarveReality"],"picked":"ForeignInfluence","floor":1},{"not_picked":["EmptyFist","ThirdEye"],"picked":"MentalFortress","floor":4},{"not_picked":["EmptyFist","Crescendo"],"picked":"Adaptation","floor":6},{"not_picked":["ThirdEye","Pray"],"picked":"Perseverance","floor":10},{"not_picked":["ConjureBlade","FlyingSleeves"],"picked":"EmptyMind","floor":11},{"not_picked":["DeceiveReality","ThirdEye"],"picked":"Prostrate","floor":14},{"not_picked":["Scrawl","Omniscience"],"picked":"DevaForm","floor":16},{"not_picked":["EmptyBody","Crescendo"],"picked":"Indignation","floor":18},{"not_picked":["infinitespire:Menacing","infinitespire:Gouge"],"picked":"infinitespire:Collect","floor":21},{"not_picked":["Halt","BowlingBash"],"picked":"CutThroughFate","floor":23},{"not_picked":["EmptyFist","Worship+1","BowlingBash"],"picked":"SKIP","floor":24},{"not_picked":["LikeWater","Swivel","SignatureMove"],"picked":"SKIP","floor":28},{"not_picked":["ThirdEye","ClearTheMind"],"picked":"DevaForm","floor":31},{"not_picked":["DevaForm","Wish"],"picked":"Brilliance","floor":33},{"not_picked":["Halt+1","Protect"],"picked":"Consecrate","floor":35},{"not_picked":["FollowUp+1","SashWhip+1"],"picked":"Prostrate+1","floor":36},{"not_picked":["BowlingBash","Indignation"],"picked":"Devotion","floor":38},{"not_picked":["FlurryOfBlows+1","CrushJoints"],"picked":"Establishment","floor":40},{"not_picked":["BowlingBash","WindmillStrike+1","DeceiveReality+1"],"picked":"SKIP","floor":41},{"not_picked":["Protect","FollowUp","Swivel+1"],"picked":"SKIP","floor":42},{"not_picked":["Vengeance","Establishment","ClearTheMind"],"picked":"SKIP","floor":44},{"not_picked":["FlyingSleeves","ClearTheMind+1","ReachHeaven"],"picked":"SKIP","floor":45},{"not_picked":["BowlingBash","ThirdEye","SashWhip+1"],"picked":"SKIP","floor":46}],"player_experience":219229,"relics_obtained":[{"floor":6,"key":"Darkstone Periapt"},{"floor":9,"key":"Bottled Lightning"},{"floor":10,"key":"Odd Mushroom"},{"floor":11,"key":"hubris:ToyBattleship"},{"floor":14,"key":"Bag of Marbles"},{"floor":24,"key":"Sundial"},{"floor":25,"key":"Enchiridion"},{"floor":26,"key":"Smiling Mask"},{"floor":38,"key":"Calipers"},{"floor":40,"key":"Matryoshka"},{"floor":41,"key":"Pen Nib"},{"floor":43,"key":"MealTicket"},{"floor":43,"key":"Ancient Tea Set"},{"floor":44,"key":"Nunchaku"},{"floor":45,"key":"White Beast Statue"}],"event_choices":[{"damage_healed":0,"gold_gain":75,"player_choice":"Gather Gold","damage_taken":11,"max_hp_gain":0,"max_hp_loss":0,"event_name":"World of Goop","floor":2,"gold_loss":0},{"damage_healed":0,"gold_gain":0,"player_choice":"Take Damage","damage_taken":18,"relics_obtained":["Golden Idol"],"max_hp_gain":0,"max_hp_loss":0,"event_name":"Golden Idol","floor":3,"gold_loss":0},{"cards_removed":["ForeignInfluence"],"damage_healed":0,"gold_gain":0,"player_choice":"Card Removal","damage_taken":0,"max_hp_gain":0,"max_hp_loss":0,"event_name":"The Cleric","floor":5,"gold_loss":50},{"damage_healed":0,"gold_gain":0,"player_choice":"Fought Mushrooms","damage_taken":0,"max_hp_gain":0,"max_hp_loss":0,"event_name":"Mushrooms","floor":10,"gold_loss":0},{"damage_healed":0,"gold_gain":0,"player_choice":"Obtained Relic","damage_taken":0,"relics_obtained":["StrikeDummy"],"max_hp_gain":0,"max_hp_loss":0,"event_name":"Addict","floor":22,"gold_loss":85},{"damage_healed":0,"gold_gain":0,"player_choice":"Obtained Book","damage_taken":16,"max_hp_gain":0,"max_hp_loss":0,"event_name":"Cursed Tome","floor":25,"gold_loss":0},{"damage_healed":0,"gold_gain":0,"player_choice":"Trade","damage_taken":0,"relics_obtained":["CultistMask"],"max_hp_gain":0,"max_hp_loss":0,"event_name":"FaceTrader","floor":30,"gold_loss":0},{"cards_removed":["Prostrate"],"damage_healed":0,"gold_gain":0,"player_choice":"Removed Skill","damage_taken":0,"max_hp_gain":0,"max_hp_loss":0,"event_name":"Falling","floor":37,"gold_loss":0},{"damage_healed":0,"gold_gain":0,"player_choice":"Fight","damage_taken":0,"max_hp_gain":0,"max_hp_loss":0,"event_name":"MindBloom","floor":38,"gold_loss":0},{"damage_healed":0,"gold_gain":0,"player_choice":"Bought 0 Potions","damage_taken":0,"max_hp_gain":0,"max_hp_loss":0,"event_name":"The Woman in Blue","floor":48,"gold_loss":0}],"is_beta":false,"boss_relics":[{"not_picked":["VioletLotus","Calling Bell"],"picked":"Sozu"},{"not_picked":["hubris:BlackHole","hubris:GrandSneckoEye"],"picked":"hubris:HollowSoul"}],"items_purged_floors":[19],"is_endless":false,"potions_floor_spawned":[1,6,10,18,23,28,33,35,38,40,42,46],"ascension_level":0}}