{"host":"z42sc0n2dozsmk72","time":1610340883,"event":{"mods":["AchievementEnabler","BaseMod","Better Third Choice","Colored Map","Curses Come First","Highlight Path","Minty Spire (QoL Compilation)","Permanent Neow","Quick Restart","Relic Stats","Shop Mod","StSLib","egg","slay the spire mod where everything is the same but ironclad has a cowboy hat"],"gold_per_floor":[112,112,129,147,72,72,101,101,125,156,11,11,11,27,27,27,27],"floor_reached":16,"playtime":722,"items_purged":["Strike_P"],"score":113,"play_id":"ddc52156-ab5d-48a4-a1d6-44eddbcbe6cf","local_time":"20210111175443","is_ascension_mode":true,"campfire_choices":[{"data":"LessonLearned","floor":6,"key":"SMITH"},{"data":"LikeWater","floor":8,"key":"SMITH"},{"floor":13,"key":"RECALL"},{"data":"EmptyBody","floor":15,"key":"SMITH"}],"circlet_count":0,"master_deck":["Strike_P","Strike_P+1","Strike_P","Defend_P+1","Defend_P+1","Defend_P","Defend_P","Eruption+1","Vigilance+1","Conclude+1","LikeWater+1","LessonLearned+1","EmptyBody+1"],"relics":["Runic Dome","CultistMask","Oddly Smooth Stone","War Paint","Boot","Blood Vial"],"acts_visited":["Exordium"],"potions_floor_usage":[16],"damage_taken":[{"damage":0,"enemies":"2 Louse","floor":1,"turns":3},{"damage":0,"enemies":"Cultist","floor":3,"turns":4},{"damage":9,"enemies":"Jaw Worm","floor":4,"turns":2},{"damage":11,"enemies":"Lagavulin","floor":7,"turns":7},{"damage":14,"enemies":"3 Sentries","floor":10,"turns":7},{"damage":0,"enemies":"Looter","floor":14,"turns":2},{"damage":50,"enemies":"Hexaghost","floor":16,"turns":12}],"seed_played":"5694682884379205359","potions_obtained":[{"floor":1,"key":"Strength Potion"},{"floor":7,"key":"Dexterity Potion"},{"floor":10,"key":"StancePotion"}],"is_trial":false,"path_per_floor":["M","?","M","M","$","R","E","R","T","E","$","?","R","M","R","B"],"character_chosen":"WATCHER","items_purchased":["Blood Vial"],"campfire_rested":0,"item_purchase_floors":[11],"current_hp_per_floor":[72,72,72,63,63,63,52,52,52,38,38,38,38,40,40,0,0],"gold":27,"neow_bonus":"BOSS_RELIC","is_daily":false,"chose_seed":false,"campfire_upgraded":3,"win_rate":0.0,"timestamp":1610340883,"path_taken":["M","?","M","M","?","R","E","R","T","E","$","?","R","M","R","BOSS"],"items_purchased_type":["Relic"],"build_version":"2020-12-22","purchased_purges":1,"victory":false,"max_hp_per_floor":[72,72,72,72,72,72,72,72,72,72,72,72,72,72,72,72,72],"relic_stats":{"Blood Vial":4,"counters":[7,37],"War Paint":["Defend_P","Defend_P"],"Boot":[0],"obtain_stats":[{"Blood Vial":11,"Runic Dome":0,"Oddly Smooth Stone":7,"CultistMask":2,"PureWater":0,"War Paint":9,"Boot":10},{"Blood Vial":5,"Runic Dome":0,"Oddly Smooth Stone":4,"CultistMask":1,"PureWater":0,"War Paint":4,"Boot":5},{"Blood Vial":23,"Runic Dome":0,"Oddly Smooth Stone":16,"CultistMask":3,"PureWater":0,"War Paint":16,"Boot":23}]},"card_choices":[{"not_picked":["Weave","CrushJoints"],"picked":"Conclude","floor":1},{"not_picked":["Indignation","PathToVictory"],"picked":"LikeWater","floor":3},{"not_picked":["Consecrate","EmptyFist"],"picked":"LessonLearned","floor":4},{"not_picked":["Crescendo","Sanctity","FlurryOfBlows"],"picked":"SKIP","floor":7},{"not_picked":["ThirdEye","Evaluate","Consecrate"],"picked":"SKIP","floor":10},{"not_picked":["Evaluate","WreathOfFlame"],"picked":"EmptyBody","floor":14}],"player_experience":831321,"relics_obtained":[{"floor":7,"key":"Oddly Smooth Stone"},{"floor":9,"key":"War Paint"},{"floor":10,"key":"Boot"}],"event_choices":[{"damage_healed":0,"gold_gain":0,"player_choice":"Trade","damage_taken":0,"relics_obtained":["CultistMask"],"max_hp_gain":0,"max_hp_loss":0,"event_name":"FaceTrader","floor":2,"gold_loss":0},{"damage_healed":0,"gold_gain":0,"player_choice":"Upgraded","damage_taken":0,"max_hp_gain":0,"max_hp_loss":0,"event_name":"Upgrade Shrine","floor":12,"gold_loss":0,"cards_upgraded":["Conclude"]}],"is_beta":false,"boss_relics":[],"items_purged_floors":[5],"is_endless":false,"potions_floor_spawned":[1,7,10],"killed_by":"Hexaghost","ascension_level":1}}