{"host":"5s7sm4h73jkd9266","time":1610339255,"event":{"mods":["AchievementEnabler","Bartender","BaseMod","Better Match","Better Vampires","BetterRewards","Colored Map","Colored Powertips","Conspire","Downfall","Energized Spire","GifTheSpireLib","Hermit","Hubris","Magitek Elite","Marisa????????","Melee Mod","Minty Spire (QoL Compilation)","Potion Indicator Mod","Rare Cards Sparkle","Relic Stats","Replay The Spire","Robot Space Explorer","Shop Mod","StSLib","Stuff the Spire","The Bladedancer","The Blue Laboratory","The Cursed","The Disciple","The Dragon Tamer","The Forsaken","The Necromancer","The Wild Card","The Witch","Virulent Crown","everything is the same but u backflip on backflip","slay the spire mod where everything is the same but ironclad has a cowboy hat","vexMod"],"gold_per_floor":[119,119,84,84,101,101,118,24,24,24,24,56,56,72,72,149,149,159,173,8,8,0,0,12,26,76,88,100,130,142,180,192,280,292,326,338,373,393,393],"floor_reached":38,"playtime":6364,"items_purged":[],"score":792,"play_id":"5e23b0fe-a1cc-42b3-98ed-163ac24ae4b5","local_time":"20210110232735","is_ascension_mode":true,"campfire_choices":[{"floor":6.0,"key":"REST"},{"floor":11.0,"key":"REST"},{"data":"Replay:SS_hec_2","floor":15.0,"key":"SMITH"},{"floor":23.0,"key":"REST"},{"floor":28.0,"key":"REST"},{"data":"Creative AI","floor":30.0,"key":"SMITH"}],"circlet_count":0,"master_deck":["AscendersBane","Strike_B","Strike_B","Strike_B","Strike_B","Defend_B","Defend_B","Defend_B","Defend_B","Zap+1","Dualcast","Cold Snap","Normality","Steam","Melter","Replay:SS_hec_2+1","Conserve Battery","Leap","Creative AI+1","Gash","Barrage","StuffTheSpire:Coldhearted+1","Madness+1","Self Repair","StuffTheSpire:Plugnplay","Seek","Injury","Stack","Injury","UnluckySeven","Ball Lightning"],"relics":["Cracked Core","hubris:Towel","ReplayTheSpireMod:Ring of Collecting","Lizard Tail","ReplayFunnel","Mythril_Glove","Ring of Chaos","DataDisk","Ring of Greed","Replay:Bandana","MawBank","Eternal Feather","conspire:SpecialSausage"],"acts_visited":["Exordium","TheCity","TheBeyond"],"potions_floor_usage":[38],"damage_taken":[{"damage":2.0,"enemies":"2 Louse","floor":1.0,"turns":3.0},{"damage":15.0,"enemies":"Jaw Worm","floor":5.0,"turns":4.0},{"damage":10.0,"enemies":"Small Slimes","floor":7.0,"turns":4.0},{"damage":3.0,"enemies":"3 Sentries","floor":12.0,"turns":8.0},{"damage":0.0,"enemies":"conspire:2 RoseBushes","floor":14.0,"turns":7.0},{"damage":24.0,"enemies":"Slime Boss","floor":16.0,"turns":17.0},{"damage":14.0,"enemies":"Chosen","floor":18.0,"turns":8.0},{"damage":5.0,"enemies":"conspire:FuzzyDice","floor":19.0,"turns":10.0},{"damage":16.0,"enemies":"Shelled Parasite and Fungi","floor":24.0,"turns":8.0},{"damage":15.0,"enemies":"Centurion and Healer","floor":25.0,"turns":11.0},{"damage":9.0,"enemies":"Snecko","floor":29.0,"turns":9.0},{"damage":0.0,"enemies":"Snake Plant","floor":31.0,"turns":7.0},{"damage":113.0,"enemies":"Collector","floor":33.0,"turns":24.0},{"damage":38.0,"enemies":"3 Darklings","floor":35.0,"turns":9.0},{"damage":0,"enemies":"3 Shapes","floor":37,"turns":5},{"damage":27,"enemies":"Sphere and 2 Shapes","floor":38,"turns":5}],"seed_played":"-9208225758730297832","potions_obtained":[{"floor":1.0,"key":"champ:CounterPotion"},{"floor":12.0,"key":"FocusPotion"},{"floor":19.0,"key":"Venom Potion"},{"floor":24.0,"key":"Elixir"},{"floor":29.0,"key":"GamblersBrew"},{"floor":32.0,"key":"blueLaboratory:SavagePotion"},{"floor":32.0,"key":"LiquidBronze"},{"floor":33.0,"key":"blueLaboratory:PhilterOfMotion"},{"floor":37,"key":"blueLaboratory:StoneskinPotion"}],"is_trial":false,"path_per_floor":["M","?","?","?","M","R","M","$","T","$","R","E","T","M","R","B",null,"M","M","$","?","?","R","M","M","T","?","R","M","R","M","R_BF","B",null,"M","?","M","M"],"character_chosen":"DEFECT","items_purchased":["Replay:SS_hec_2","DataDisk"],"campfire_rested":4,"item_purchase_floors":[8,20],"current_hp_per_floor":[62,62,62,62,47,68,58,58,58,58,71,68,68,68,68,44,64,50,45,45,41,41,62,46,31,31,31,64,55,67,71,71,19,58,27,27,27,0,0],"gold":393,"neow_bonus":"UPGRADE_CARD","is_daily":false,"chose_seed":false,"campfire_upgraded":2,"win_rate":0.0,"timestamp":1610339255,"path_taken":["M","?","?","?","?","R","M","$","T","?","R","E","?","M","R","BOSS","M","M","$","?","?","R","M","M","T","?","R","M","R","M","R_BF","BOSS","M","?","?","M"],"items_purchased_type":["Card","Relic"],"build_version":"2020-12-22","purchased_purges":0,"victory":false,"max_hp_per_floor":[71,71,71,71,71,71,71,71,71,71,71,71,71,71,71,71,71,71,71,71,71,71,71,71,71,71,71,71,71,71,71,71,71,71,71,71,71,71,71],"relic_stats":{"Lizard Tail":35,"counters":[16,139],"Eternal Feather":24,"MawBank":144,"obtain_stats":[{"ReplayFunnel":12,"Eternal Feather":26,"conspire:SpecialSausage":34,"Ring of Chaos":17,"Mythril_Glove":13,"Ring of Greed":26,"hubris:Towel":2,"MawBank":26,"Lizard Tail":9,"DataDisk":20,"Replay:Bandana":26,"ReplayTheSpireMod:Ring of Collecting":4,"Cracked Core":0},{"ReplayFunnel":4,"Eternal Feather":10,"conspire:SpecialSausage":13,"Ring of Chaos":6,"Mythril_Glove":4,"Ring of Greed":10,"hubris:Towel":1,"MawBank":10,"Lizard Tail":3,"DataDisk":8,"Replay:Bandana":10,"ReplayTheSpireMod:Ring of Collecting":1,"Cracked Core":0},{"ReplayFunnel":19,"Eternal Feather":80,"conspire:SpecialSausage":120,"Ring of Chaos":43,"Mythril_Glove":19,"Ring of Greed":80,"hubris:Towel":3,"MawBank":80,"Lizard Tail":11,"DataDisk":61,"Replay:Bandana":80,"ReplayTheSpireMod:Ring of Collecting":3,"Cracked Core":0}]},"card_choices":[{"not_picked":["BasicCrystalCard","Panic Button"],"picked":"Cold Snap","floor":1.0},{"not_picked":["Barrage","Go for the Eyes"],"picked":"Steam","floor":5.0},{"not_picked":["Sweeping Beam","Go for the Eyes"],"picked":"Melter","floor":7.0},{"not_picked":["Beam Cell","Stack"],"picked":"Conserve Battery","floor":12.0},{"not_picked":["Beam Cell","Hologram"],"picked":"Leap","floor":14.0},{"not_picked":["Thunder Strike","StuffTheSpire:Purify"],"picked":"Creative AI","floor":16.0},{"not_picked":["Redo","Leap"],"picked":"Gash","floor":18.0},{"not_picked":["Auto Shields","Redo"],"picked":"Barrage","floor":19.0},{"not_picked":["Skim","Rebound+1"],"picked":"StuffTheSpire:Coldhearted+1","floor":24.0},{"not_picked":["Hologram","Steam"],"picked":"StuffTheSpire:SnapShoot+1","floor":25.0},{"not_picked":["Leap","Darkness"],"picked":"Self Repair","floor":29.0},{"not_picked":["StuffTheSpire:GlassShard","ReplayTheSpireMod:GoodbyeWorld"],"picked":"StuffTheSpire:Plugnplay","floor":31.0},{"not_picked":["Multi-Cast","Hyperbeam"],"picked":"Seek","floor":33.0},{"not_picked":["BasicCrystalCard","Redo"],"picked":"Stack","floor":35.0},{"not_picked":["Stack","Hello World"],"picked":"Ball Lightning","floor":37}],"player_experience":5486598,"relics_obtained":[{"floor":4.0,"key":"ReplayTheSpireMod:Ring of Collecting"},{"floor":9.0,"key":"Lizard Tail"},{"floor":12.0,"key":"ReplayFunnel"},{"floor":13.0,"key":"Mythril_Glove"},{"floor":26.0,"key":"Ring of Greed"},{"floor":26.0,"key":"Replay:Bandana"},{"floor":26.0,"key":"MawBank"},{"floor":26.0,"key":"Eternal Feather"}],"event_choices":[{"damage_healed":0.0,"max_hp_gain":0.0,"max_hp_loss":0.0,"gold_gain":0.0,"event_name":"World of Goop","player_choice":"Left Gold","floor":3.0,"gold_loss":35.0,"damage_taken":0.0},{"damage_healed":0.0,"max_hp_gain":0.0,"max_hp_loss":0.0,"gold_gain":0.0,"event_name":"conspire:Investor","player_choice":"Leave","floor":21.0,"gold_loss":0.0,"damage_taken":0.0},{"damage_healed":0.0,"max_hp_gain":0.0,"max_hp_loss":0.0,"gold_gain":0.0,"event_name":"Masked Bandits","player_choice":"Paid Fearfully","floor":22.0,"gold_loss":8.0,"damage_taken":0.0},{"damage_healed":0.0,"max_hp_gain":0.0,"max_hp_loss":0.0,"gold_gain":0.0,"event_name":"Ghosts","player_choice":"Ignored","floor":27.0,"gold_loss":0.0,"damage_taken":0.0},{"cards_removed":["Looming Evil"],"damage_healed":0,"gold_gain":0,"player_choice":"Card Removal","damage_taken":0,"max_hp_gain":0,"max_hp_loss":0,"event_name":"Wheel of Change","floor":36,"gold_loss":0}],"is_beta":false,"boss_relics":[{"not_picked":["hubris:RunicObelisk","Runic Pyramid"],"picked":"Ring of Chaos"},{"not_picked":["conspire:SeveredTorchhead","energizedSpire:DeadBattery"],"picked":"conspire:SpecialSausage"}],"items_purged_floors":[],"is_endless":false,"potions_floor_spawned":[1,12,19,24,29,33,37],"killed_by":"Sphere and 2 Shapes","ascension_level":17}}