{"host":"zxkjcgzis4pm3za5","time":1610335145,"event":{"mods":["AchievementEnabler","Act Like it!","BaseMod","Colored Map","Colored Powertips","Friendly Minions","GifTheSpireLib","Minty Spire (QoL Compilation)","Quick Restart","RNG Fix","Random Character Button","Relic Sorter","Relic Stats","StSLib"],"gold_per_floor":[112,112,62,62,62,96,96,129,129,170,170,185,219,64,64,153,153,169,190,190,215,229,229,267,267,267,291,334,334,353,391,391,482,482,501,522,296,321,321,321,321],"floor_reached":40,"playtime":1345,"items_purged":["Strike_R","Pain"],"score":930,"play_id":"5951da70-9864-4ac2-915e-cdce10d45715","local_time":"20210111084905","is_ascension_mode":true,"campfire_choices":[{"data":"Bash","floor":7.0,"key":"SMITH"},{"data":"Demon Form","floor":11.0,"key":"SMITH"},{"data":"Fire Breathing","floor":15.0,"key":"SMITH"},{"floor":23.0,"key":"REST"},{"floor":25.0,"key":"REST"},{"floor":32.0,"key":"RECALL"}],"circlet_count":0,"master_deck":["AscendersBane","Strike_R","Strike_R","Strike_R","Strike_R","Defend_R","Defend_R","Defend_R","Defend_R","Bash+1","Wild Strike","Fire Breathing+1","Thunderclap","Demon Form+1","Shrug It Off","Cleave","Offering","Reaper","Sword Boomerang","Metallicize+1","Writhe","Heavy Blade","Impervious","Clothesline+1","Battle Trance","Shame","Barricade","Master of Strategy","Impervious"],"relics":["Burning Blood","NeowsBlessing","WarpedTongs","Golden Idol","Ornamental Fan","Paper Frog","Blue Candle","Lantern","Orichalcum","Ancient Tea Set","Cursed Key","The Courier","HornCleat","Eternal Feather","Pear","Nunchaku","MealTicket","Busted Crown"],"acts_visited":["Exordium","TheCity","TheBeyond"],"potions_floor_usage":[40],"damage_taken":[{"damage":0.0,"enemies":"2 Louse","floor":1.0,"turns":1.0},{"damage":0.0,"enemies":"Lagavulin","floor":6.0,"turns":1.0},{"damage":2.0,"enemies":"3 Sentries","floor":8.0,"turns":2.0},{"damage":28.0,"enemies":"Lagavulin","floor":10.0,"turns":6.0},{"damage":0.0,"enemies":"Jaw Worm","floor":12.0,"turns":1.0},{"damage":2.0,"enemies":"3 Sentries","floor":13.0,"turns":5.0},{"damage":27.0,"enemies":"Slime Boss","floor":16.0,"turns":6.0},{"damage":19.0,"enemies":"2 Thieves","floor":18.0,"turns":4.0},{"damage":6.0,"enemies":"3 Byrds","floor":19.0,"turns":4.0},{"damage":45.0,"enemies":"Snake Plant","floor":21.0,"turns":7.0},{"damage":13.0,"enemies":"Chosen and Byrds","floor":22.0,"turns":4.0},{"damage":38.0,"enemies":"Gremlin Leader","floor":24.0,"turns":8.0},{"damage":9.0,"enemies":"Centurion and Healer","floor":27.0,"turns":5.0},{"damage":21.0,"enemies":"Slavers","floor":28.0,"turns":4.0},{"damage":14.0,"enemies":"Cultist and Chosen","floor":30.0,"turns":5.0},{"damage":9.0,"enemies":"Book of Stabbing","floor":31.0,"turns":4.0},{"damage":67.0,"enemies":"Automaton","floor":33.0,"turns":8.0},{"damage":35.0,"enemies":"3 Darklings","floor":35.0,"turns":5.0},{"damage":25.0,"enemies":"3 Shapes","floor":36.0,"turns":5.0},{"damage":15.0,"enemies":"Maw","floor":38.0,"turns":7.0},{"damage":76,"enemies":"Reptomancer","floor":40,"turns":4}],"seed_played":"2529605777784716059","potions_obtained":[{"floor":6.0,"key":"DuplicationPotion"},{"floor":8.0,"key":"SmokeBomb"},{"floor":10.0,"key":"DistilledChaos"},{"floor":18.0,"key":"SpeedPotion"},{"floor":19.0,"key":"Block Potion"},{"floor":22.0,"key":"DistilledChaos"},{"floor":27.0,"key":"SteroidPotion"},{"floor":28.0,"key":"SpeedPotion"},{"floor":36.0,"key":"LiquidMemories"}],"is_trial":false,"path_per_floor":["M","?","?","?","T","E","R","E","T","E","R","M","E","$","R","B",null,"M","M","?","M","M","R","E","R","T","M","E","?","M","E","R","B",null,"M","M","$","M","?","E"],"character_chosen":"IRONCLAD","items_purchased":["Offering","Master of Strategy"],"campfire_rested":2,"item_purchase_floors":[14,37],"current_hp_per_floor":[74,74,74,69,69,69,69,69,69,47,47,53,57,57,57,36,61,59,59,59,36,32,52,35,55,55,52,65,65,57,54,69,38,69,55,57,72,63,63,0,0],"gold":321,"neow_bonus":"THREE_ENEMY_KILL","is_daily":false,"chose_seed":false,"campfire_upgraded":3,"win_rate":0.0,"timestamp":1610335145,"path_taken":["M","?","?","?","?","E","R","E","T","E","R","?","E","?","R","BOSS","M","M","?","M","M","R","E","R","T","M","E","?","?","E","R","BOSS","M","M","$","M","?","E"],"items_purchased_type":["Card","Card"],"build_version":"2020-12-22","purchased_purges":2,"victory":false,"max_hp_per_floor":[75,75,75,69,69,69,69,69,69,69,69,69,69,69,69,69,69,69,69,69,69,69,69,69,69,69,69,79,79,79,79,79,79,79,79,79,79,79,79,79,79],"relic_stats":{"counters":[21,96],"Golden Idol":130,"Blue Candle":[26],"Eternal Feather":15,"Orichalcum":[96],"Cursed Key":1,"Burning Blood":110,"WarpedTongs":[95],"Nunchaku":[6],"Busted Crown":6,"Ornamental Fan":[92],"MealTicket":15,"obtain_stats":[{"Lantern":9,"Pear":28,"NeowsBlessing":0,"Golden Idol":4,"Blue Candle":8,"Eternal Feather":26,"The Courier":20,"Orichalcum":10,"Ancient Tea Set":13,"Cursed Key":17,"Burning Blood":0,"WarpedTongs":2,"Nunchaku":29,"HornCleat":24,"Busted Crown":34,"Ornamental Fan":5,"MealTicket":31,"Paper Frog":6},{"Lantern":3,"Pear":14,"NeowsBlessing":0,"Golden Idol":1,"Blue Candle":3,"Eternal Feather":12,"The Courier":9,"Orichalcum":4,"Ancient Tea Set":6,"Cursed Key":7,"Burning Blood":0,"WarpedTongs":1,"Nunchaku":14,"HornCleat":12,"Busted Crown":17,"Ornamental Fan":1,"MealTicket":16,"Paper Frog":2},{"Lantern":4,"Pear":58,"NeowsBlessing":0,"Golden Idol":1,"Blue Candle":4,"Eternal Feather":49,"The Courier":30,"Orichalcum":10,"Ancient Tea Set":16,"Cursed Key":22,"Burning Blood":0,"WarpedTongs":1,"Nunchaku":58,"HornCleat":49,"Busted Crown":75,"Ornamental Fan":1,"MealTicket":67,"Paper Frog":2}]},"card_choices":[{"not_picked":["Body Slam","Havoc"],"picked":"Wild Strike","floor":1.0},{"not_picked":["Body Slam","Dropkick"],"picked":"Fire Breathing","floor":6.0},{"not_picked":["Pommel Strike","Heavy Blade"],"picked":"Thunderclap","floor":8.0},{"not_picked":["Spot Weakness","Anger"],"picked":"Demon Form","floor":10.0},{"not_picked":["Carnage","Thunderclap"],"picked":"Shrug It Off","floor":12.0},{"not_picked":["Havoc","Headbutt"],"picked":"Cleave","floor":13.0},{"not_picked":["Demon Form","Barricade"],"picked":"Reaper","floor":16.0},{"not_picked":["Flex","Seeing Red"],"picked":"Sword Boomerang","floor":18.0},{"not_picked":["Armaments","Havoc+1"],"picked":"Metallicize+1","floor":19.0},{"not_picked":["Shrug It Off","Feel No Pain"],"picked":"Heavy Blade","floor":21.0},{"not_picked":["Iron Wave","Wild Strike","Anger"],"picked":"SKIP","floor":22.0},{"not_picked":["Battle Trance","Clothesline"],"picked":"Impervious","floor":24.0},{"not_picked":["Whirlwind","Inflame"],"picked":"Clothesline+1","floor":27.0},{"not_picked":["Feel No Pain","Armaments"],"picked":"Battle Trance","floor":28.0},{"not_picked":["Reckless Charge","Clash","Bloodletting"],"picked":"SKIP","floor":30.0},{"not_picked":["Cleave+1","Clash","Armaments"],"picked":"SKIP","floor":31.0},{"not_picked":["Brutality","Fiend Fire"],"picked":"Barricade","floor":33.0},{"not_picked":["Sword Boomerang"],"picked":"SKIP","floor":35.0},{"not_picked":["Blood for Blood"],"picked":"SKIP","floor":36.0},{"not_picked":["Flex"],"picked":"SKIP","floor":38.0}],"player_experience":202868,"relics_obtained":[{"floor":5.0,"key":"Ornamental Fan"},{"floor":6.0,"key":"Paper Frog"},{"floor":8.0,"key":"Blue Candle"},{"floor":9.0,"key":"Lantern"},{"floor":10.0,"key":"Orichalcum"},{"floor":13.0,"key":"Ancient Tea Set"},{"floor":24.0,"key":"HornCleat"},{"floor":26.0,"key":"Eternal Feather"},{"floor":28.0,"key":"Pear"},{"floor":31.0,"key":"MealTicket"}],"event_choices":[{"damage_healed":0.0,"max_hp_gain":0.0,"max_hp_loss":0.0,"gold_gain":0.0,"event_name":"Accursed Blacksmith","player_choice":"Rummage","floor":2.0,"gold_loss":0.0,"damage_taken":0.0,"relics_obtained":["WarpedTongs"],"cards_obtained":["Pain"]},{"cards_removed":["Pain"],"damage_healed":0.0,"max_hp_gain":0.0,"max_hp_loss":0.0,"gold_gain":0.0,"event_name":"The Cleric","player_choice":"Card Removal","floor":3.0,"gold_loss":50.0,"damage_taken":0.0},{"damage_healed":0.0,"max_hp_gain":0.0,"max_hp_loss":6.0,"gold_gain":0.0,"event_name":"Golden Idol","player_choice":"Lose Max HP","floor":4.0,"gold_loss":0.0,"damage_taken":0.0,"relics_obtained":["Golden Idol"]},{"damage_healed":0.0,"max_hp_gain":0.0,"max_hp_loss":0.0,"gold_gain":0.0,"event_name":"The Mausoleum","player_choice":"Opened","floor":20.0,"gold_loss":0.0,"damage_taken":0.0,"relics_obtained":["The Courier"],"cards_obtained":["Writhe"]},{"damage_healed":0.0,"max_hp_gain":0.0,"max_hp_loss":0.0,"gold_gain":0.0,"event_name":"Addict","player_choice":"Stole Relic","floor":29.0,"gold_loss":0.0,"damage_taken":0.0,"relics_obtained":["Nunchaku"],"cards_obtained":["Shame"]},{"damage_healed":0.0,"max_hp_gain":0.0,"max_hp_loss":0.0,"gold_gain":0.0,"event_name":"Duplicator","player_choice":"Copied","floor":39.0,"gold_loss":0.0,"damage_taken":0.0,"cards_obtained":["Impervious"]}],"is_beta":false,"boss_relics":[{"not_picked":["Mark of Pain","Philosopher\u0027s Stone"],"picked":"Cursed Key"},{"not_picked":["Empty Cage","Astrolabe"],"picked":"Busted Crown"}],"items_purged_floors":[14,37],"is_endless":false,"potions_floor_spawned":[6,8,10,18,19,22,27,28,36],"killed_by":"Reptomancer","ascension_level":14}}