{"host":"6pgtslebjnyv5xmi","time":1610366299,"event":{"mods":["AchievementEnabler","BaseMod","Colored Map","Minty Spire (QoL Compilation)","Rare Cards Sparkle","StSLib","SuperFastMode","The Cursed","everything is the same but u backflip on backflip"],"gold_per_floor":[118,118,130,130,147,147,163,163,231,248,268,268,284,284,284,409,409,430,444,404,420,445,445,466,466,537,555,555,555,575,595,595,595,595],"floor_reached":33,"playtime":2039,"items_purged":[],"score":392,"play_id":"d73b20b9-56cc-4f6a-b34b-f79a1afb9819","local_time":"20210111205819","is_ascension_mode":true,"campfire_choices":[{"data":"Burst","floor":6.0,"key":"SMITH"},{"data":"Caltrops","floor":8.0,"key":"SMITH"},{"floor":15.0,"key":"REST"},{"data":"Venomology","floor":23,"key":"SMITH"},{"data":"Bullet Time","floor":25,"key":"SMITH"},{"data":"Deadly Poison","floor":28,"key":"SMITH"},{"floor":32,"key":"REST"}],"circlet_count":0,"master_deck":["AscendersBane","Strike_G+1","Defend_G","Defend_G","Defend_G","Defend_G","Defend_G","Survivor","Neutralize+1","Burst+1","Backflip+1","Caltrops+1","Backstab","Deadly Poison+1","Footwork+1","Venomology+1","Adrenaline+1","Heel Hook+1","Envenom+1","Bullet Time+1","PiercingWail","Flechettes","Deflect+1"],"relics":["Ring of the Snake","Art of War","Ornamental Fan","Golden Idol","Astrolabe","Mercury Hourglass","Shuriken"],"acts_visited":["Exordium","TheCity"],"potions_floor_usage":[22,22,24,27,27,30,31,31,31,31,31,33],"damage_taken":[{"damage":4.0,"enemies":"Small Slimes","floor":1.0,"turns":5.0},{"damage":1.0,"enemies":"Jaw Worm","floor":3.0,"turns":7.0},{"damage":3.0,"enemies":"2 Louse","floor":5.0,"turns":4.0},{"damage":1.0,"enemies":"Gremlin Gang","floor":7.0,"turns":13.0},{"damage":15.0,"enemies":"Lots of Slimes","floor":10.0,"turns":4.0},{"damage":7.0,"enemies":"Exordium Thugs","floor":11.0,"turns":6.0},{"damage":0.0,"enemies":"Red Slaver","floor":13.0,"turns":4.0},{"damage":7.0,"enemies":"The Guardian","floor":16.0,"turns":9.0},{"damage":4.0,"enemies":"2 Thieves","floor":18.0,"turns":5.0},{"damage":0.0,"enemies":"3 Byrds","floor":19.0,"turns":3.0},{"damage":0.0,"enemies":"Snake Plant","floor":21.0,"turns":4.0},{"damage":4,"enemies":"Shelled Parasite and Fungi","floor":22,"turns":5},{"damage":0,"enemies":"Centurion and Healer","floor":24,"turns":10},{"damage":22,"enemies":"3 Cultists","floor":27,"turns":7},{"damage":18,"enemies":"Shelled Parasite and Fungi","floor":30,"turns":6},{"damage":0,"enemies":"Centurion and Healer","floor":31,"turns":8},{"damage":52,"enemies":"Collector","floor":33,"turns":5}],"seed_played":"4900404654996676690","potions_obtained":[{"floor":3.0,"key":"EssenceOfSteel"},{"floor":5.0,"key":"Weak Potion"},{"floor":13.0,"key":"Swift Potion"},{"floor":16.0,"key":"EntropicBrew"},{"floor":19.0,"key":"SneckoOil"},{"floor":21.0,"key":"PowerPotion"},{"floor":30,"key":"EntropicBrew"}],"is_trial":false,"path_per_floor":["M","?","M","?","M","R","M","R","T","M","M","?","M","?","R","B",null,"M","M","?","M","M","R","M","R","T","M","R","T","M","M","R","B"],"character_chosen":"THE_SILENT","items_purchased":[],"campfire_rested":2,"item_purchase_floors":[],"current_hp_per_floor":[59,52,51,44,41,41,40,40,40,25,18,4,4,4,23,16,53,49,49,49,49,45,45,45,45,45,23,23,23,5,20,39,0,0],"gold":595,"neow_bonus":"ONE_RANDOM_RARE_CARD","is_daily":false,"chose_seed":false,"campfire_upgraded":5,"win_rate":0.0,"timestamp":1610366299,"path_taken":["M","?","M","?","M","R","M","R","T","M","M","?","?","?","R","BOSS","M","M","?","M","M","R","?","R","T","?","R","?","M","M","R","BOSS"],"items_purchased_type":[],"build_version":"2020-12-22","purchased_purges":0,"victory":false,"max_hp_per_floor":[70,70,70,70,70,70,70,70,70,70,70,70,70,65,65,65,65,65,65,65,65,65,65,65,65,65,65,65,65,65,65,65,65,65],"card_choices":[{"not_picked":["Poisoned Stab","Dagger Throw"],"picked":"Backflip","floor":1.0},{"not_picked":["Dagger Throw","Cloak And Dagger","Bane"],"picked":"SKIP","floor":3.0},{"not_picked":["Underhanded Strike","Sucker Punch","Blade Dance"],"picked":"SKIP","floor":5.0},{"not_picked":["Sucker Punch","Tools of the Trade"],"picked":"Caltrops","floor":7.0},{"not_picked":["Bane","Predator"],"picked":"Backstab","floor":10.0},{"not_picked":["Riddle With Holes","Backflip"],"picked":"Deadly Poison","floor":11.0},{"not_picked":["Sucker Punch","Blade Dance"],"picked":"Footwork","floor":13.0},{"not_picked":["Unload","Glass Knife"],"picked":"Venomology","floor":16.0},{"not_picked":["Blade Dance","Dagger Spray","Poisoned Stab"],"picked":"SKIP","floor":18.0},{"not_picked":["All Out Attack","Infinite Blades"],"picked":"Bullet Time","floor":19.0},{"not_picked":["Eviscerate","Sucker Punch"],"picked":"PiercingWail","floor":21.0},{"not_picked":["Slice","Well Laid Plans","Poisoned Stab"],"picked":"SKIP","floor":22},{"not_picked":["Quick Slash+1","Leg Sweep","Dagger Throw"],"picked":"SKIP","floor":24},{"not_picked":["Underhanded Strike","Terror","Endless Agony"],"picked":"SKIP","floor":27},{"not_picked":["Calculated Gamble","Masterful Stab+1"],"picked":"Flechettes","floor":30},{"not_picked":["Poisoned Stab","Prepared"],"picked":"Deflect+1","floor":31}],"player_experience":933948,"relics_obtained":[{"floor":9.0,"key":"Ornamental Fan"},{"floor":26,"key":"Mercury Hourglass"},{"floor":29,"key":"Shuriken"}],"event_choices":[{"cards_removed":["Strike_G"],"damage_healed":0.0,"max_hp_gain":0.0,"max_hp_loss":0.0,"gold_gain":0.0,"event_name":"Golden Wing","player_choice":"Card Removal","floor":2.0,"gold_loss":0.0,"damage_taken":7.0},{"damage_healed":0.0,"max_hp_gain":0.0,"max_hp_loss":0.0,"gold_gain":0.0,"event_name":"Scrap Ooze","player_choice":"Success","floor":4.0,"gold_loss":0.0,"damage_taken":7.0,"relics_obtained":["Art of War"]},{"damage_healed":0.0,"max_hp_gain":0.0,"max_hp_loss":0.0,"gold_gain":0.0,"event_name":"Shining Light","player_choice":"Entered Light","floor":12.0,"gold_loss":0.0,"damage_taken":14.0,"cards_upgraded":["Neutralize","Backflip"]},{"damage_healed":0.0,"max_hp_gain":0.0,"max_hp_loss":5.0,"gold_gain":0.0,"event_name":"Golden Idol","player_choice":"Lose Max HP","floor":14.0,"gold_loss":0.0,"damage_taken":0.0,"relics_obtained":["Golden Idol"]},{"damage_healed":0.0,"max_hp_gain":0.0,"max_hp_loss":0.0,"gold_gain":0.0,"event_name":"Designer","player_choice":"Upgraded Two","floor":20.0,"gold_loss":40.0,"damage_taken":0.0,"cards_upgraded":["Footwork","Strike_G"]}],"is_beta":false,"boss_relics":[{"not_picked":["Cursed Key","Tiny House"],"picked":"Astrolabe"}],"items_purged_floors":[],"is_endless":false,"potions_floor_spawned":[3,5,13,16,19,21,30],"killed_by":"Collector","ascension_level":12}}