{"host":"3a1sbpq1iuwiesnh","time":1610355521,"event":{"mods":["AchievementEnabler","BaseMod","Colored Map","Colored Powertips","KOR Keyword Fix","Minty Spire (QoL Compilation)","Rare Cards Sparkle","Relic Stats","SuperFastMode","everything is the same but u backflip on backflip"],"gold_per_floor":[110,127,146,146,156,156,167,15,15,15,15,51,51,75,75,199,199,215,236,254,254,267,267,307,307,307,307,158,173,198,217,217,336,336,352,416,416,435,12,48,72,14,14,53,53,89,109,442,442,442],"floor_reached":51,"playtime":1797,"items_purged":["Brilliance","Defend_P"],"score":861,"play_id":"f0c5d7a8-bd25-42c4-ad27-186e35eaa033","local_time":"20210111175841","is_ascension_mode":false,"campfire_choices":[{"data":"Eruption","floor":6,"key":"SMITH"},{"data":"Adaptation","floor":13,"key":"SMITH"},{"data":"TalkToTheHand","floor":15,"key":"SMITH"},{"data":"Scrawl","floor":23,"key":"SMITH"},{"data":"InnerPeace","floor":25,"key":"SMITH"},{"floor":27,"key":"RECALL"},{"data":"Halt","floor":32,"key":"SMITH"},{"data":"Adaptation","floor":45,"key":"SMITH"},{"data":"TalkToTheHand","floor":49,"key":"SMITH"}],"circlet_count":0,"master_deck":["Eruption+1","Vigilance","TalkToTheHand+1","FearNoEvil","BowlingBash","CrushJoints","Scrawl+1","InnerPeace+1","Adaptation+1","Indignation","FollowUp","Tantrum","Halt+1","TalkToTheHand+1","Adaptation+1"],"relics":["PureWater","Orrery","Mummified Hand","Akabeko","Empty Cage","Gambling Chip","Bottled Tornado","Sozu","CaptainsWheel","Kunai","The Courier","Lizard Tail","Gremlin Horn"],"acts_visited":["Exordium","TheCity","TheBeyond"],"potions_floor_usage":[4,16,24],"damage_taken":[{"damage":2,"enemies":"Cultist","floor":1,"turns":3},{"damage":7,"enemies":"Small Slimes","floor":2,"turns":4},{"damage":1,"enemies":"2 Louse","floor":3,"turns":3},{"damage":0,"enemies":"Gremlin Gang","floor":4,"turns":1},{"damage":36,"enemies":"Exordium Thugs","floor":5,"turns":7},{"damage":1,"enemies":"Exordium Wildlife","floor":7,"turns":3},{"damage":0,"enemies":"Gremlin Nob","floor":12,"turns":2},{"damage":2,"enemies":"2 Fungi Beasts","floor":14,"turns":2},{"damage":8,"enemies":"The Guardian","floor":16,"turns":7},{"damage":0,"enemies":"Spheric Guardian","floor":18,"turns":2},{"damage":0,"enemies":"Shell Parasite","floor":19,"turns":1},{"damage":3,"enemies":"Shelled Parasite and Fungi","floor":20,"turns":3},{"damage":12,"enemies":"Snecko","floor":22,"turns":4},{"damage":16,"enemies":"Book of Stabbing","floor":24,"turns":2},{"damage":0,"enemies":"Chosen and Byrds","floor":29,"turns":1},{"damage":0,"enemies":"Snake Plant","floor":30,"turns":2},{"damage":0,"enemies":"Cultist and Chosen","floor":31,"turns":1},{"damage":15,"enemies":"Collector","floor":33,"turns":6},{"damage":0,"enemies":"3 Darklings","floor":35,"turns":1},{"damage":0,"enemies":"2 Orb Walkers","floor":36,"turns":1},{"damage":0,"enemies":"3 Shapes","floor":38,"turns":2},{"damage":20,"enemies":"Nemesis","floor":40,"turns":4},{"damage":0,"enemies":"Spire Growth","floor":41,"turns":1},{"damage":2,"enemies":"Reptomancer","floor":44,"turns":2},{"damage":0,"enemies":"Nemesis","floor":46,"turns":1},{"damage":0,"enemies":"4 Shapes","floor":47,"turns":1},{"damage":17,"enemies":"Awakened One","floor":50,"turns":3}],"seed_played":"5296705535812602649","potions_obtained":[{"floor":1,"key":"SmokeBomb"},{"floor":7,"key":"LiquidBronze"},{"floor":20,"key":"Regen Potion"},{"floor":29,"key":"Ancient Potion"}],"is_trial":false,"path_per_floor":["M","M","M","M","M","R","M","$","T","?","?","E","R","M","R","B",null,"M","M","M","?","M","R","E","R","T","R","$","M","M","M","R","B",null,"M","?","?","M","$","E","M","$","T","E","R","E","M","?","R","B",null],"character_chosen":"WATCHER","items_purchased":["Orrery","Tantrum","TalkToTheHand","Kunai","Adaptation"],"campfire_rested":0,"item_purchase_floors":[8,28,39,39,42],"current_hp_per_floor":[70,63,62,62,26,26,25,25,25,25,25,25,25,23,23,15,67,67,67,64,64,52,52,41,41,41,41,41,41,41,41,41,26,67,67,67,67,67,67,47,47,47,47,45,45,45,45,45,45,28],"gold":442,"neow_bonus":"REMOVE_CARD","is_daily":false,"chose_seed":false,"campfire_upgraded":8,"win_rate":0.0,"timestamp":1610355521,"path_taken":["M","?","M","M","M","R","M","$","T","?","?","E","R","M","R","BOSS","M","?","M","?","M","R","E","R","T","R","$","M","M","M","R","BOSS","M","?","?","?","$","E","M","$","T","E","R","E","M","?","R","BOSS"],"items_purchased_type":["Relic","Card","Card","Relic","Card"],"build_version":"2020-12-22","purchased_purges":2,"victory":true,"max_hp_per_floor":[72,72,72,72,72,72,72,72,72,67,67,67,67,67,67,67,67,67,67,67,67,67,67,67,67,67,67,67,67,67,67,67,67,67,67,67,67,67,67,67,67,67,67,67,67,67,67,67,67,67],"relic_stats":{"Sozu":4,"Lizard Tail":0,"Gremlin Horn":[6,6],"counters":[27,70],"Mummified Hand":[24],"Gambling Chip":[34],"Kunai":[47],"obtain_stats":[{"Gremlin Horn":46,"Golden Idol":10,"The Courier":40,"Bottled Tornado":26,"Empty Cage":17,"Akabeko":12,"Sozu":34,"CaptainsWheel":36,"Lizard Tail":44,"Mummified Hand":9,"Gambling Chip":24,"Orrery":8,"Kunai":39,"PureWater":0},{"Gremlin Horn":25,"Golden Idol":6,"The Courier":22,"Bottled Tornado":14,"Empty Cage":9,"Akabeko":7,"Sozu":18,"CaptainsWheel":20,"Lizard Tail":24,"Mummified Hand":6,"Gambling Chip":14,"Orrery":6,"Kunai":21,"PureWater":0},{"Gremlin Horn":66,"Golden Idol":21,"The Courier":62,"Bottled Tornado":44,"Empty Cage":32,"Akabeko":23,"Sozu":54,"CaptainsWheel":56,"Lizard Tail":65,"Mummified Hand":21,"Gambling Chip":44,"Orrery":21,"Kunai":58,"PureWater":0}]},"card_choices":[{"not_picked":["Wallop","SashWhip"],"picked":"TalkToTheHand","floor":1},{"not_picked":["FlurryOfBlows","ThirdEye","JustLucky"],"picked":"SKIP","floor":2},{"not_picked":["CrushJoints","JustLucky"],"picked":"FearNoEvil","floor":3},{"not_picked":["FlyingSleeves","Protect"],"picked":"BowlingBash","floor":5},{"not_picked":["ThirdEye","Evaluate"],"picked":"CrushJoints","floor":7},{"not_picked":["Nirvana","EmptyFist"],"picked":"Scrawl","floor":8},{"not_picked":["EmptyFist","PathToVictory"],"picked":"InnerPeace","floor":8},{"not_picked":["SashWhip","Evaluate"],"picked":"Adaptation","floor":8},{"not_picked":["Establishment","Conclude"],"picked":"Indignation","floor":12},{"not_picked":["FollowUp","CrushJoints","BowlingBash"],"picked":"SKIP","floor":14},{"not_picked":["FlurryOfBlows","LikeWater","Prostrate"],"picked":"SKIP","floor":18},{"not_picked":["Evaluate","ClearTheMind","DevaForm"],"picked":"SKIP","floor":19},{"not_picked":["FlyingSleeves","FlurryOfBlows","CarveReality+1"],"picked":"SKIP","floor":20},{"not_picked":["Swivel","WindmillStrike","ThirdEye"],"picked":"SKIP","floor":22},{"not_picked":["CrushJoints","FollowUp","Prostrate"],"picked":"SKIP","floor":24},{"not_picked":["WindmillStrike","PathToVictory","ThirdEye"],"picked":"SKIP","floor":29},{"not_picked":["Fasting2","FlyingSleeves","DeceiveReality+1"],"picked":"SKIP","floor":30},{"not_picked":["EmptyBody","ClearTheMind"],"picked":"Halt","floor":31},{"not_picked":["ForeignInfluence","Consecrate","EmptyFist+1"],"picked":"SKIP","floor":35},{"not_picked":["Conclude","CrushJoints+1","CutThroughFate"],"picked":"SKIP","floor":38},{"not_picked":["PathToVictory+1","JustLucky","EmptyFist"],"picked":"SKIP","floor":40},{"not_picked":["Sanctity","Indignation","CrushJoints"],"picked":"SKIP","floor":41},{"not_picked":["MasterReality","PathToVictory","SandsOfTime"],"picked":"SKIP","floor":44},{"not_picked":["ForeignInfluence+1","Halt","SashWhip"],"picked":"SKIP","floor":46},{"not_picked":["CrushJoints","Halt+1","WheelKick"],"picked":"SKIP","floor":47}],"player_experience":558926,"relics_obtained":[{"floor":9,"key":"Mummified Hand"},{"floor":12,"key":"Akabeko"},{"floor":24,"key":"Gambling Chip"},{"floor":26,"key":"Bottled Tornado"},{"floor":36,"key":"CaptainsWheel"},{"floor":40,"key":"The Courier"},{"floor":44,"key":"Lizard Tail"},{"floor":46,"key":"Gremlin Horn"}],"event_choices":[{"damage_healed":0,"gold_gain":0,"player_choice":"Lose Max HP","damage_taken":0,"relics_obtained":["Golden Idol"],"max_hp_gain":0,"max_hp_loss":5,"event_name":"Golden Idol","floor":10,"gold_loss":0},{"cards_removed":["Strike_P"],"damage_healed":0,"gold_gain":0,"player_choice":"Purged","damage_taken":0,"max_hp_gain":0,"max_hp_loss":0,"event_name":"Purifier","floor":11,"gold_loss":0},{"damage_healed":0,"gold_gain":0,"cards_transformed":["Strike_P","Strike_P"],"player_choice":"Became Test Subject","damage_taken":0,"max_hp_gain":0,"max_hp_loss":0,"event_name":"Drug Dealer","floor":21,"gold_loss":0,"cards_obtained":["FollowUp","Brilliance"]},{"damage_healed":0,"gold_gain":0,"player_choice":"Fight","damage_taken":0,"max_hp_gain":0,"max_hp_loss":0,"event_name":"Mysterious Sphere","floor":36,"gold_loss":0},{"cards_removed":["Defend_P"],"damage_healed":0,"gold_gain":0,"player_choice":"Offered Basic","damage_taken":0,"max_hp_gain":0,"max_hp_loss":0,"event_name":"Bonfire Elementals","floor":37,"gold_loss":0},{"damage_healed":0,"gold_gain":333,"player_choice":"Gave Idol","damage_taken":0,"max_hp_gain":0,"max_hp_loss":0,"event_name":"The Moai Head","floor":48,"relics_lost":["Golden Idol"],"gold_loss":0}],"is_beta":false,"boss_relics":[{"not_picked":["Fusion Hammer","VioletLotus"],"picked":"Empty Cage"},{"not_picked":["Cursed Key","Busted Crown"],"picked":"Sozu"}],"items_purged_floors":[28,39],"is_endless":false,"potions_floor_spawned":[1,4,7,20,29,36,38,46,47],"ascension_level":0}}