{"host":"12ua7wmg1suouds3","time":1610396569,"event":{"mods":["ATMod(阿瑾Mod)","Act Like it!","Aspiration","BaseMod","CapriCore","Chen","Easy Mod","Energized Spire","Gensokyo","Hubris","HumanHunterMod(怪物杀人mod)","Jedi Mod","Koishi","KomeijiMod","Marisa（F雨　魔理沙）","Minty Spire (QoL Compilation)","MostiFishMod","Reimu（博丽灵梦）","Remilia（蕾米莉亚）","RumiaBox-露米娅的神秘盒子","StSLib","TestMod","The Immortal","Waifu the Spire","Yakumo Yukari mod","Youmu（魂魄妖梦）","Yuyuko","easy-game-mod","noobMod","vexMod","【功能Mod】聪明的最终Boss","【遗物Mod】简单游戏","【遗物卡牌】REMEMod"],"gold_per_floor":[-1286,-1286,-1286,-1268,-1252,-1252,-1226,-1212,-1212,-1212,-1198,-1198,-1198,-1198,-1198,-1097,-1097,-1081,-1066,-1047,-1047,-1036,-1036,-1036,-1019,-1019,-1019,-999,-999,-986,-957,-957,-855,-855,-838,-838,-818,-808,-808,-808,-775,-775,-704,-684,-684,-671,-656,-626,-626,-626,-626],"floor_reached":50,"playtime":2893,"items_purged":[],"score":701,"play_id":"96cd645d-ec93-44d1-aeb0-fbe17d712d4b","local_time":"20210112042249","is_ascension_mode":false,"campfire_choices":[{"floor":6.0,"key":"RECALL"},{"data":"Free:ReiMu","floor":12.0,"key":"SMITH"},{"data":"Bloom","floor":15.0,"key":"SMITH"},{"data":"Serene Spring","floor":23.0,"key":"SMITH"},{"data":"Bury in The Template","floor":27.0,"key":"SMITH"},{"data":"Full Inky Sakura","floor":32.0,"key":"SMITH"},{"data":"Gensokyo:GreaterSplit","floor":40.0,"key":"SMITH"},{"data":"Dream of Spring","floor":42.0,"key":"SMITH"},{"data":"Mirror of Mind","floor":49.0,"key":"SMITH"}],"circlet_count":0,"master_deck":["EasyMod:card_1","Fantasy Butterflies","Fantasy Butterflies","Fantasy Butterflies","Fantasy Butterflies","Fantasy Butterflies","Dreamy Sakura","Dreamy Sakura","Dreamy Sakura","Dreamy Sakura","Dreamy Sakura","Deathly Ground","Faramita\u0027s Temptation","AT_FamilyPortrait","Free:ReiMu+1","Stifle","Pain","Bloom+1","Butterflies in Dream","Redemption of Death","Dying Sakura","Dying Butterflies","Full Inky Sakura+1","Lunch","Steamed Phantom+1","Gauzy Sakura+1","Serene Spring+1","Bury in The Template+1","Become Phantom","Dancing Soul","Dream of Spring+1","Bomb","Phantom Butterflies","Nihility","Gensokyo:GreaterSplit+1","Doubt","Song of Papilio","Suicide+1","Mirror of Mind+1"],"relics":["Coronal","Yuyuko\u0027s fan","AT_ATBox","DaveBox","testmod-TestBox","REME_ComplimentaryCards","ice","EasyCustomRelic","EasyRelic","SynthV:MejaisSoulstealer","testmod-BlackFramedGlasses","Gensokyo:LunaticRedEyes","BirthdayGift-Tetrahedron","jedi:purplefairy","hubris:Icosahedron","SoulBox","Gensokyo:MosesMiracle","vexMod:InvisibilityCloak","Oddly Smooth Stone","hubris:HollowSoul","EasyMod:Easy_5","hubris:TinFlute","EasyMod:Easy_8","GodSword1"],"acts_visited":["Exordium","Gensokyo:Gensokyo","Gensokyo:Gensokyoer"],"potions_floor_usage":[],"damage_taken":[{"damage":2.0,"enemies":"Gensokyo:Gryphon","floor":1.0,"turns":2.0},{"damage":6.0,"enemies":"Gensokyo:2_Kodama","floor":4.0,"turns":1.0},{"damage":4.0,"enemies":"Gensokyo:3_Fairies","floor":5.0,"turns":2.0},{"damage":15.0,"enemies":"Gensokyo:Cirno","floor":7.0,"turns":4.0},{"damage":1.0,"enemies":"Gensokyo:Python_and_Kodama","floor":8.0,"turns":1.0},{"damage":25.0,"enemies":"Gensokyo:CorruptedTreant","floor":11.0,"turns":2.0},{"damage":8.0,"enemies":"Gensokyo:Reimu","floor":16.0,"turns":5.0},{"damage":4.0,"enemies":"Gensokyo:Chomper","floor":18.0,"turns":2.0},{"damage":9.0,"enemies":"Gensokyo:3_Dogs","floor":19.0,"turns":2.0},{"damage":10.0,"enemies":"Gensokyo:Wraith","floor":20.0,"turns":3.0},{"damage":0.0,"enemies":"Gensokyo:Slime_Group","floor":22.0,"turns":1.0},{"damage":8.0,"enemies":"Gensokyo:Swordslinger","floor":25.0,"turns":2.0},{"damage":11.0,"enemies":"Gensokyo:Monolith_and_Dog","floor":28.0,"turns":1.0},{"damage":12.0,"enemies":"Gensokyo:Slime_Group","floor":30.0,"turns":1.0},{"damage":6.0,"enemies":"Gensokyo:Koishi","floor":31.0,"turns":3.0},{"damage":10.0,"enemies":"Gensokyo:Kaguya","floor":33.0,"turns":5.0},{"damage":18.0,"enemies":"Gensokyo:3_Boulders","floor":35.0,"turns":1.0},{"damage":12.0,"enemies":"Gensokyo:3_Bats","floor":37.0,"turns":2.0},{"damage":6.0,"enemies":"Gensokyo:Rafflesia","floor":38.0,"turns":3.0},{"damage":8.0,"enemies":"Gensokyo:Kasen","floor":41.0,"turns":3.0},{"damage":7.0,"enemies":"Gensokyo:SeedOfUnknown","floor":44.0,"turns":3.0},{"damage":3.0,"enemies":"Gensokyo:Dusk_and_Dawn","floor":46.0,"turns":2.0},{"damage":4.0,"enemies":"Gensokyo:4_Bats","floor":47.0,"turns":1.0},{"damage":3.0,"enemies":"Gensokyo:Doremy","floor":48.0,"turns":2.0},{"damage":0,"enemies":"Gensokyo:Shinki","floor":50,"turns":1}],"seed_played":"-3265607206024507701","potions_obtained":[{"floor":7.0,"key":"Regen Potion"},{"floor":8.0,"key":"CalmPotion"},{"floor":16.0,"key":"Gelsemium Tea"},{"floor":18.0,"key":"LiquidMemories"},{"floor":25.0,"key":"Energy Potion"},{"floor":37.0,"key":"CalmPotion"},{"floor":47.0,"key":"testmod-EscapePotion"}],"is_trial":false,"path_per_floor":["M","?","?","M","M","R","E","M","T","$","M","R","?","?","R","B",null,"M","M","M","?","M","R","$","M","T","R","M","$","M","E","R","B",null,"M","COS","M","M","?","R","E","R","T","M","?","M","M","E","R","B"],"character_chosen":"YUYOKO","items_purchased":[],"campfire_rested":0,"item_purchase_floors":[],"current_hp_per_floor":[45,45,45,42,42,42,37,48,48,48,40,41,41,46,53,52,53,52,50,49,49,53,53,53,52,52,53,42,42,44,50,51,45,53,46,46,44,51,51,53,49,50,50,48,33,43,51,26,27,27,27],"gold":-626,"neow_bonus":"TWENTY_PERCENT_HP_BONUS","is_daily":false,"chose_seed":false,"campfire_upgraded":8,"win_rate":0.0,"timestamp":1610396569,"path_taken":["M","?","?","M","M","R","E","M","T","$","M","R","?","?","R","BOSS","M","?","M","?","?","R","?","M","T","R","M","$","M","E","R","BOSS","M","COS","M","M","?","R","E","R","T","M","?","M","M","E","R","BOSS"],"items_purchased_type":[],"build_version":"2020-12-22","purchased_purges":0,"victory":false,"max_hp_per_floor":[48,48,48,48,48,48,48,48,48,48,48,48,48,53,53,53,53,53,53,53,53,53,53,53,53,53,53,53,53,53,53,53,53,53,53,53,53,53,53,53,53,53,53,53,53,53,53,53,53,53,53],"card_choices":[{"not_picked":["Bloom","Song of Papilio"],"picked":"Stifle","floor":1.0},{"not_picked":["Butterflies in Dream","Butterflies Rainbow"],"picked":"Bloom","floor":4.0},{"not_picked":["The Forgotten Winter","Spear of Papilio"],"picked":"Butterflies in Dream","floor":5.0},{"not_picked":["Chase The Sukhavati","Unstable Ward"],"picked":"Redemption of Death","floor":7.0},{"not_picked":["Unborn Light","Become Phantom"],"picked":"Dying Sakura","floor":8.0},{"not_picked":["Bloom","Unborn Light"],"picked":"Dying Butterflies","floor":11.0},{"not_picked":["Unfulfilling Attachment","Snowing Sakura"],"picked":"Full Inky Sakura","floor":16.0},{"not_picked":["Steamed Phantom","Monster Cherry Tree+1"],"picked":"Lunch","floor":18.0},{"not_picked":["Dark Wind+1","Unreal"],"picked":"Steamed Phantom+1","floor":19.0},{"not_picked":["Song of Papilio","Phantom Butterflies+1"],"picked":"Gauzy Sakura+1","floor":20.0},{"not_picked":["Gather the Spring","All Wander"],"picked":"Serene Spring","floor":22.0},{"not_picked":["All Wander","Redemption of Death"],"picked":"Bury in The Template","floor":25.0},{"not_picked":["Linger over Flower","Song of Papilio"],"picked":"Showy Withering+1","floor":28.0},{"not_picked":["End of Faramita","Elegance"],"picked":"Become Phantom","floor":30.0},{"not_picked":["Phantom Village+1","Snow"],"picked":"Dancing Soul","floor":31.0},{"not_picked":["Unfulfilling Attachment","The Way to Death"],"picked":"Dream of Spring","floor":33.0},{"not_picked":["Dancing Butterflies+1","Sweet of Phantom"],"picked":"Bomb","floor":35.0},{"not_picked":["The Nether+1","Death Dancing"],"picked":"Phantom Butterflies","floor":37.0},{"not_picked":["Showy Withering+1","Butterflies in Dream"],"picked":"Nihility","floor":38.0},{"not_picked":["Sweet of Phantom+1","Dancing Butterflies"],"picked":"Song of Papilio","floor":41.0},{"not_picked":["Childlike+1","Dancing Butterflies+1","Bomb+1"],"picked":"SKIP","floor":44.0},{"not_picked":["Dark Wind","Bloom+1","Unstable Ward"],"picked":"SKIP","floor":46.0},{"not_picked":["Linger over Flower+1","Scenery of Papilio"],"picked":"Suicide+1","floor":47.0},{"not_picked":["Trap Lamp","Fondling of Papilio"],"picked":"Mirror of Mind","floor":48.0}],"player_experience":310486,"relics_obtained":[{"floor":1.0,"key":"SynthV:TestCard"},{"floor":7.0,"key":"jedi:purplefairy"},{"floor":26.0,"key":"vexMod:InvisibilityCloak"},{"floor":28.0,"key":"Gensokyo:MosesMiracle"},{"floor":31.0,"key":"Oddly Smooth Stone"},{"floor":41.0,"key":"EasyMod:Easy_5"},{"floor":43.0,"key":"hubris:TinFlute"},{"floor":48.0,"key":"GodSword1"}],"event_choices":[{"damage_healed":0.0,"max_hp_gain":0.0,"max_hp_loss":0.0,"gold_gain":0.0,"event_name":"给自己的盒子","player_choice":"Swap Relic","floor":3.0,"relics_lost":["SynthV:TestCard"],"gold_loss":0.0,"damage_taken":0.0,"relics_obtained":["BirthdayGift-Tetrahedron"]}],"is_beta":false,"boss_relics":[{"not_picked":["testmod-IncinerationGenerator","vexMod:DeviousBotling"],"picked":"SoulBox"},{"not_picked":["RhineFirstAidKit","FixedStarFall"],"picked":"hubris:HollowSoul"}],"items_purged_floors":[],"is_endless":false,"potions_floor_spawned":[7,8,16,18,25,31,37,44,46,47],"killed_by":"Gensokyo:Shinki","ascension_level":0}}