{"host":"3xls0xm49ftugio7","time":1610382006,"event":{"mods":["2.2 Compatiblity","AchievementEnabler","Act Like it!","BaseMod","Colored Powertips","Dark Map","GifTheSpireLib","Minty Spire (QoL Compilation)","Quick Restart","Relic Stats","StSLib","The Dragon Tamer"],"gold_per_floor":[109,109,122,133,153,153,181,181,181,194,207,237,237,251,251,374,374,392,392,416,441,441,441,466,502,528,542,586,607,607,66,66,197,197,314,314,422,539,66,204,317,425,449,204,537,99,209,209,209,209,209,209],"floor_reached":50,"playtime":3498,"items_purged":["DTMod:Strike","DTMod:Strike"],"score":756,"play_id":"dfa55cc3-9bf4-4b5a-9eff-3e1367e606f4","local_time":"20210111182006","is_ascension_mode":false,"metric_token":787,"campfire_choices":[{"data":"DTMod:Outburst","floor":6.0,"key":"SMITH"},{"data":"DTMod:QuickFly","floor":8.0,"key":"SMITH"},{"data":"DTMod:Training","floor":15.0,"key":"SMITH"},{"data":"DTMod:Observe","floor":23.0,"key":"SMITH"},{"data":"DTMod:CrossStep","floor":30.0,"key":"SMITH"},{"data":"DTMod:ResonanceForm","floor":32.0,"key":"SMITH"},{"data":"DTMod:Conduct","floor":49,"key":"SMITH"}],"dtmod_dragon_data":[0,50,1,4,12,1],"circlet_count":0,"master_deck":["DTMod:DoubleHit","DTMod:TargetDefense","DTMod:TargetDefense","DTMod:TargetDefense","DTMod:TargetDefense","DTMod:SwitchingTactic","DTMod:BuildUp","DTMod:Outburst+1","DTMod:FlameSlash","DTMod:ResonanceForm+1","DTMod:QuickFly+1","DTMod:BurningForce","DTMod:DeepFocus","DTMod:Weaken","DTMod:QuickFly","DTMod:Training+1","DTMod:Inferno","DTMod:ShieldDrain+1","DTMod:SneakAttack","DTMod:Observe+1","DTMod:BlueScale+1","DTMod:QuickFly","DTMod:CrossStep+1","DTMod:RecklessFlurry+1","DTMod:OpeningTactic","DTMod:Shift","DTMod:FierySynthesis","DTMod:EchoTactic+1","DTMod:TagTeam","DTMod:RunningTactic","DTMod:BurningEnergy+1","DTMod:Conduct+1","DTMod:ComboAttack","DTMod:InvisibleFlame","DTMod:Overwhelm","DTMod:CalculatedDefense","DTMod:TagTeam","DTMod:Cover+1","DTMod:Cover","DTMod:MagiciansMark+1","DTMod:Threaten+1","DTMod:TagTeam","DTMod:ExcessFootwork","DTMod:QuickFly"],"relics":["DTMod:PactStone","Kunai","HornCleat","DTMod:TacticalNote","DTMod:TheChair","DTMod:AncientBone","InkBottle","Bronze Scales","Meat on the Bone","Coffee Dripper","White Beast Statue","Akabeko","StrikeDummy","Lantern","Strawberry","Orrery","Juzu Bracelet"],"acts_visited":["Exordium","TheCity","TheBeyond"],"potions_floor_usage":[40,40,42,50,50,50],"damage_taken":[{"damage":0.0,"enemies":"Cultist","floor":1.0,"turns":4.0},{"damage":0.0,"enemies":"Small Slimes","floor":3.0,"turns":2.0},{"damage":0.0,"enemies":"2 Louse","floor":4.0,"turns":2.0},{"damage":3.0,"enemies":"Gremlin Gang","floor":5.0,"turns":3.0},{"damage":0.0,"enemies":"3 Sentries","floor":7.0,"turns":5.0},{"damage":4.0,"enemies":"Exordium Wildlife","floor":10.0,"turns":4.0},{"damage":0.0,"enemies":"Red Slaver","floor":11.0,"turns":3.0},{"damage":1.0,"enemies":"Lagavulin","floor":12.0,"turns":8.0},{"damage":0.0,"enemies":"Large Slime","floor":14.0,"turns":5.0},{"damage":9.0,"enemies":"Hexaghost","floor":16.0,"turns":8.0},{"damage":0.0,"enemies":"Chosen","floor":18.0,"turns":4.0},{"damage":0.0,"enemies":"Shell Parasite","floor":20.0,"turns":4.0},{"damage":10.0,"enemies":"Snake Plant","floor":21.0,"turns":3.0},{"damage":0.0,"enemies":"Cultist and Chosen","floor":24.0,"turns":5.0},{"damage":0.0,"enemies":"Gremlin Leader","floor":25.0,"turns":6.0},{"damage":0.0,"enemies":"Centurion and Healer","floor":27.0,"turns":5.0},{"damage":0.0,"enemies":"Slavers","floor":28.0,"turns":5.0},{"damage":0.0,"enemies":"Chosen and Byrds","floor":29.0,"turns":6.0},{"damage":1.0,"enemies":"Collector","floor":33.0,"turns":8.0},{"damage":0.0,"enemies":"3 Darklings","floor":35.0,"turns":2.0},{"damage":1.0,"enemies":"3 Shapes","floor":37.0,"turns":2.0},{"damage":0.0,"enemies":"3 Darklings","floor":38.0,"turns":4.0},{"damage":0,"enemies":"Nemesis","floor":40,"turns":5},{"damage":0,"enemies":"Jaw Worm Horde","floor":41,"turns":4},{"damage":0,"enemies":"Maw","floor":42,"turns":6},{"damage":0,"enemies":"Reptomancer","floor":47,"turns":5},{"damage":57,"enemies":"Awakened One","floor":50,"turns":16}],"seed_played":"2827451458108003115","potions_obtained":[{"floor":1.0,"key":"Explosive Potion"},{"floor":10.0,"key":"EntropicBrew"},{"floor":11.0,"key":"Block Potion"},{"floor":14.0,"key":"LiquidMemories"},{"floor":20.0,"key":"DuplicationPotion"},{"floor":24.0,"key":"Energy Potion"},{"floor":33.0,"key":"SpeedPotion"},{"floor":37.0,"key":"Block Potion"},{"floor":40,"key":"PowerPotion"},{"floor":41,"key":"Dexterity Potion"},{"floor":42,"key":"AttackPotion"},{"floor":47,"key":"DuplicationPotion"}],"is_trial":false,"path_per_floor":["M","?","M","M","M","R","E","R","T","M","M","E","?","M","R","B",null,"M","?","M","M","?","R","M","E","T","M","E","M","R","$","R","B",null,"M","?","M","M","$","E","M","M","T","$","?","$","E","?","R","B"],"character_chosen":"THE_DT","items_purchased":["DTMod:FierySynthesis","Bronze Scales","Meat on the Bone","White Beast Statue","DTMod:Conduct","Akabeko","DTMod:InvisibleFlame","DTMod:Overwhelm","DTMod:CalculatedDefense","DTMod:TagTeam","Strawberry","Orrery"],"campfire_rested":0,"item_purchase_floors":[31,31,31,39,39,39,44,44,46,46,46,46],"current_hp_per_floor":[49,49,49,49,46,46,46,46,46,42,42,41,41,41,41,32,46,46,46,46,36,24,24,24,24,24,24,24,24,24,24,24,38,46,46,46,45,45,45,45,45,45,45,45,45,52,52,52,52,0,0,0],"gold":209,"neow_bonus":"TEN_PERCENT_HP_BONUS","is_daily":false,"chose_seed":false,"campfire_upgraded":7,"win_rate":0.0,"timestamp":1610382006,"path_taken":["M","?","M","?","M","R","E","R","T","M","M","E","?","M","R","BOSS","M","?","M","?","?","R","?","E","T","M","E","M","R","$","R","BOSS","M","?","M","M","$","E","?","M","T","?","?","$","E","?","R","BOSS"],"items_purchased_type":["Card","Relic","Relic","Relic","Card","Relic","Card","Card","Card","Card","Relic","Relic"],"build_version":"2020-12-22","purchased_purges":2,"victory":false,"max_hp_per_floor":[49,49,49,49,49,49,49,49,49,49,49,49,46,46,46,46,46,46,46,46,46,46,46,46,46,46,46,46,46,46,46,46,46,46,46,46,46,46,46,46,46,46,46,46,46,53,53,53,53,53,53,53],"relic_stats":{"counters":[27,134],"Bronze Scales":[73],"Juzu Bracelet":0,"Kunai":[42],"obtain_stats":[{"Lantern":43,"Golden Idol":13,"DTMod:AncientBone":25,"DTMod:TheChair":17,"Juzu Bracelet":47,"White Beast Statue":39,"Akabeko":39,"HornCleat":9,"DTMod:TacticalNote":12,"DTMod:PactStone":0,"Bronze Scales":31,"Strawberry":46,"Orrery":46,"Coffee Dripper":34,"Kunai":7,"StrikeDummy":40,"InkBottle":28,"Meat on the Bone":31},{"Lantern":25,"Golden Idol":8,"DTMod:AncientBone":15,"DTMod:TheChair":10,"Juzu Bracelet":26,"White Beast Statue":22,"Akabeko":22,"HornCleat":5,"DTMod:TacticalNote":8,"DTMod:PactStone":0,"Bronze Scales":18,"Strawberry":25,"Orrery":25,"Coffee Dripper":19,"Kunai":5,"StrikeDummy":23,"InkBottle":17,"Meat on the Bone":18},{"Lantern":113,"Golden Idol":31,"DTMod:AncientBone":66,"DTMod:TheChair":44,"Juzu Bracelet":118,"White Beast Statue":98,"Akabeko":98,"HornCleat":16,"DTMod:TacticalNote":31,"DTMod:PactStone":0,"Bronze Scales":82,"Strawberry":113,"Orrery":113,"Coffee Dripper":90,"Kunai":16,"StrikeDummy":103,"InkBottle":76,"Meat on the Bone":82}],"InkBottle":[31],"Meat on the Bone":0},"card_choices":[{"not_picked":["DTMod:PurifyingFlame","DTMod:Hide"],"picked":"DTMod:BuildUp","floor":1.0},{"not_picked":["DTMod:Punisher","DTMod:BlazingStrike"],"picked":"DTMod:FlameSlash","floor":3.0},{"not_picked":["DTMod:BizarreTactic","DTMod:Adaptation"],"picked":"DTMod:ResonanceForm","floor":4.0},{"not_picked":["DTMod:Punisher","DTMod:TauntingStrike"],"picked":"DTMod:QuickFly","floor":5.0},{"not_picked":["DTMod:Threaten","DTMod:Outburst"],"picked":"DTMod:BurningForce","floor":7.0},{"not_picked":["DTMod:Hide","DTMod:GhostSkin"],"picked":"DTMod:DeepFocus","floor":10.0},{"not_picked":["DTMod:MagiciansMark","DTMod:Hide"],"picked":"DTMod:Weaken","floor":11.0},{"not_picked":["DTMod:GhostSkin","DTMod:BuildUp"],"picked":"DTMod:QuickFly","floor":12.0},{"not_picked":["DTMod:FlameSlash","DTMod:DeepFocus"],"picked":"DTMod:Training","floor":14.0},{"not_picked":["DTMod:ResonanceForm","DTMod:Prediction"],"picked":"DTMod:Inferno","floor":16.0},{"not_picked":["DTMod:Hide","DTMod:DarkBreath"],"picked":"DTMod:ShieldDrain+1","floor":18.0},{"not_picked":["DTMod:ComboAttack","DTMod:QuickFly"],"picked":"DTMod:Observe","floor":20.0},{"not_picked":["DTMod:ComboAttack","DTMod:RecklessFlurry"],"picked":"DTMod:BlueScale+1","floor":21.0},{"not_picked":["DTMod:Punisher","DTMod:LastStand"],"picked":"DTMod:QuickFly","floor":24.0},{"not_picked":["DTMod:ShadowImage","DTMod:MaximumCharge"],"picked":"DTMod:CrossStep","floor":25.0},{"not_picked":["DTMod:Feint+1","DTMod:CleansingStrike"],"picked":"DTMod:RecklessFlurry+1","floor":27.0},{"not_picked":["DTMod:BurningForce","DTMod:Threaten"],"picked":"DTMod:OpeningTactic","floor":28.0},{"not_picked":["DTMod:BurningEnergy","DTMod:FlameSlash"],"picked":"DTMod:Shift","floor":29.0},{"not_picked":["DTMod:LightShield","DTMod:RepeatStrike"],"picked":"DTMod:EchoTactic","floor":33.0},{"not_picked":["DTMod:BuildUp+1","DTMod:LowKick+1"],"picked":"DTMod:TagTeam","floor":35.0},{"not_picked":["DTMod:FlameSlash","DTMod:BlueScale"],"picked":"DTMod:RunningTactic","floor":37.0},{"not_picked":["DTMod:Feint+1","DTMod:MagicField+1"],"picked":"DTMod:BurningEnergy+1","floor":38.0},{"not_picked":["DTMod:BlazingStrike+1","DTMod:BurningEnergy","DTMod:DeepFocus"],"picked":"SKIP","floor":40},{"not_picked":["DTMod:Punisher+1","DTMod:Hide+1","DTMod:GhostSkin"],"picked":"SKIP","floor":41},{"not_picked":["DTMod:Dissolve","DTMod:MagicField+1"],"picked":"DTMod:ComboAttack","floor":42},{"not_picked":["DTMod:GhostSkin+1","DTMod:MagiciansMark+1"],"picked":"DTMod:Cover+1","floor":46},{"not_picked":["DTMod:CleansingStrike","DTMod:BuildUp"],"picked":"DTMod:Cover","floor":46},{"not_picked":["DTMod:BizarreTactic","DTMod:Threaten"],"picked":"DTMod:MagiciansMark+1","floor":46},{"not_picked":["DTMod:Weaken+1","DTMod:BlazingStrike"],"picked":"DTMod:Threaten+1","floor":46},{"not_picked":["DTMod:BuildUp+1","DTMod:SealedStrike"],"picked":"DTMod:TagTeam","floor":46},{"not_picked":["DTMod:MagicField","DTMod:Training"],"picked":"DTMod:ExcessFootwork","floor":47}],"player_experience":685272,"relics_obtained":[{"floor":7.0,"key":"Kunai"},{"floor":9.0,"key":"HornCleat"},{"floor":12.0,"key":"DTMod:TacticalNote"},{"floor":25.0,"key":"DTMod:AncientBone"},{"floor":28.0,"key":"InkBottle"},{"floor":40,"key":"StrikeDummy"},{"floor":43,"key":"Lantern"},{"floor":47,"key":"Juzu Bracelet"}],"event_choices":[{"damage_healed":0.0,"max_hp_gain":0.0,"max_hp_loss":0.0,"gold_gain":0.0,"cards_transformed":["DTMod:Strike"],"event_name":"Transmorgrifier","player_choice":"Transformed","floor":2.0,"gold_loss":0.0,"damage_taken":0.0,"cards_obtained":["DTMod:Outburst"]},{"damage_healed":0.0,"max_hp_gain":0.0,"max_hp_loss":3.0,"gold_gain":0.0,"event_name":"Golden Idol","player_choice":"Lose Max HP","floor":13.0,"gold_loss":0.0,"damage_taken":0.0,"relics_obtained":["Golden Idol"]},{"damage_healed":0.0,"max_hp_gain":0.0,"max_hp_loss":0.0,"gold_gain":0.0,"cards_transformed":["DTMod:Strike"],"event_name":"Transmorgrifier","player_choice":"Transformed","floor":19.0,"gold_loss":0.0,"damage_taken":0.0,"cards_obtained":["DTMod:SneakAttack"]},{"damage_healed":0.0,"max_hp_gain":0.0,"max_hp_loss":0.0,"gold_gain":0.0,"event_name":"Knowing Skull","player_choice":"POTION ","floor":22.0,"potions_obtained":["SpeedPotion"],"gold_loss":0.0,"damage_taken":12.0,"cards_obtained":[]},{"damage_healed":0.0,"max_hp_gain":0.0,"max_hp_loss":0.0,"gold_gain":0.0,"event_name":"Upgrade Shrine","player_choice":"Upgraded","floor":36.0,"gold_loss":0.0,"damage_taken":0.0,"cards_upgraded":["DTMod:EchoTactic"]},{"damage_healed":0,"gold_gain":333,"player_choice":"Gave Idol","damage_taken":0,"max_hp_gain":0,"max_hp_loss":0,"event_name":"The Moai Head","floor":45,"relics_lost":["Golden Idol"],"gold_loss":0},{"damage_healed":0,"gold_gain":0,"player_choice":"Copied","damage_taken":0,"max_hp_gain":0,"max_hp_loss":0,"event_name":"Duplicator","floor":48,"gold_loss":0,"cards_obtained":["DTMod:QuickFly"]}],"is_beta":false,"boss_relics":[{"not_picked":["Busted Crown","Runic Pyramid"],"picked":"DTMod:TheChair"},{"not_picked":["Pandora\u0027s Box","Calling Bell"],"picked":"Coffee Dripper"}],"items_purged_floors":[31,44],"is_endless":false,"potions_floor_spawned":[1,10,11,14,16,20,24,25,33,37,40,41,42,47],"killed_by":"Awakened One","ascension_level":0}}