{"host":"684z1xpuwaoqmmh1","time":1610405333,"event":{"mods":["Bard","BaseMod","Downfall","Hermit","Jorbs\u0027s Wanderer Trilogy","Marisa????????","Minty Spire (QoL Compilation)","Robot Space Explorer","Shade Mod","StSLib","The Hierophant","The Marked","The Mystic"],"gold_per_floor":[112,124,137,154,154,154,180,190,214,242,257,290,240,259,259,354,354,354,354],"floor_reached":18,"playtime":1134,"items_purged":[],"score":219,"play_id":"5f78d432-eb19-4e7f-9fb6-f05b5b43f7b4","local_time":"20210112004853","is_ascension_mode":true,"campfire_choices":[{"data":"expansioncontent:DonusPower","floor":6,"key":"SMITH"},{"floor":15,"key":"REST"}],"circlet_count":0,"master_deck":["theMarked:Strike","theMarked:Strike","theMarked:Strike","theMarked:Strike","theMarked:Defend","theMarked:Defend","theMarked:Defend+1","theMarked:Defend","theMarked:SoldierOfQuellstein","expansioncontent:DonusPower+1","theMarked:ShockingTouch","theMarked:LightningStrikesTwice","theMarked:Electrify+1","theMarked:Standoff","theMarked:DispelDoubt","theMarked:GodGivenPower","theMarked:HeightenedSenses","theMarked:MysticalArsenal","theMarked:RepellingDischarge","theMarked:TurnInvisible"],"relics":["theMarked:ArtifactOfAir","The Courier","Omamori","Vajra","War Paint","Fusion Hammer"],"acts_visited":["Exordium","TheCity"],"potions_floor_usage":[7,10,12,12,18],"damage_taken":[{"damage":1,"enemies":"Cultist","floor":1,"turns":3},{"damage":0,"enemies":"Small Slimes","floor":2,"turns":3},{"damage":0,"enemies":"2 Louse","floor":3,"turns":2},{"damage":11,"enemies":"Lots of Slimes","floor":4,"turns":6},{"damage":8,"enemies":"3 Sentries","floor":7,"turns":9},{"damage":7,"enemies":"Exordium Thugs","floor":8,"turns":4},{"damage":17,"enemies":"Lagavulin","floor":10,"turns":8},{"damage":1,"enemies":"3 Louse","floor":11,"turns":4},{"damage":0,"enemies":"3 Sentries","floor":12,"turns":6},{"damage":14,"enemies":"Blue Slaver","floor":14,"turns":4},{"damage":23,"enemies":"The Guardian","floor":16,"turns":16},{"damage":13,"enemies":"3 Byrds","floor":18,"turns":6}],"seed_played":"4794436292312316615","potions_obtained":[{"floor":4,"key":"Dexterity Potion"},{"floor":7,"key":"champ:CounterPotion"},{"floor":8,"key":"PowerPotion"},{"floor":10,"key":"SkillPotion"},{"floor":12,"key":"Guardian:BlockOnCardUsePotion"},{"floor":16,"key":"DuplicationPotion"}],"is_trial":false,"path_per_floor":["M","M","M","M","?","R","E","M","T","E","M","E","?","M","R","B",null,"M"],"character_chosen":"THE_DEFAULT","items_purchased":[],"campfire_rested":1,"item_purchase_floors":[],"current_hp_per_floor":[69,69,69,58,51,51,43,36,36,19,18,18,18,4,25,2,70,57,57],"gold":354,"neow_bonus":"RANDOM_COLORLESS","is_daily":false,"chose_seed":false,"campfire_upgraded":1,"win_rate":0.0,"timestamp":1610405333,"path_taken":["M","M","M","M","?","R","E","M","T","E","?","E","?","M","R","BOSS","M"],"items_purchased_type":[],"build_version":"2020-12-22","purchased_purges":0,"victory":false,"max_hp_per_floor":[70,70,70,70,70,70,70,70,70,70,70,70,70,70,70,70,70,70,70],"card_choices":[{"not_picked":["expansioncontent:DarkVoid","expansioncontent:Flail"],"picked":"expansioncontent:DonusPower","floor":0},{"not_picked":["theMarked:Frustration","theMarked:CreepingChasm"],"picked":"theMarked:ShockingTouch","floor":1},{"not_picked":["theMarked:Reabsorb","theMarked:Static"],"picked":"theMarked:LightningStrikesTwice","floor":2},{"not_picked":["theMarked:ParalyzingBlade","theMarked:RepellingDischarge"],"picked":"theMarked:Electrify","floor":3},{"not_picked":["theMarked:WastefulDefense","theMarked:ContemptForTheProud"],"picked":"theMarked:Standoff","floor":4},{"not_picked":["theMarked:Frustration","theMarked:AttractMetal"],"picked":"theMarked:DispelDoubt","floor":7},{"not_picked":["theMarked:Improvise","theMarked:EmpowerWeapon"],"picked":"theMarked:GodGivenPower","floor":8},{"not_picked":["theMarked:EmpowerWeapon","theMarked:Frustration","theMarked:SwordAndMagic"],"picked":"SKIP","floor":10},{"not_picked":["theMarked:Convert","theMarked:DeterminationOfTheMarked"],"picked":"theMarked:HeightenedSenses","floor":11},{"not_picked":["theMarked:BanishingStrike","theMarked:TwofoldDefense"],"picked":"theMarked:MysticalArsenal","floor":12},{"not_picked":["theMarked:HeightenedSenses","theMarked:EmpowerWeapon"],"picked":"theMarked:RepellingDischarge","floor":14},{"not_picked":["theMarked:SoldierForm","theMarked:Snap"],"picked":"theMarked:TurnInvisible","floor":16}],"player_experience":2488839,"relics_obtained":[{"floor":7,"key":"The Courier"},{"floor":9,"key":"Omamori"},{"floor":10,"key":"Vajra"},{"floor":12,"key":"War Paint"}],"event_choices":[{"damage_healed":0,"gold_gain":0,"player_choice":"Damaged","damage_taken":7,"max_hp_gain":0,"max_hp_loss":0,"event_name":"Wheel of Change","floor":5,"gold_loss":0},{"cards_removed":["theMarked:Strike"],"damage_healed":0,"gold_gain":0,"player_choice":"Card Removal","damage_taken":0,"max_hp_gain":0,"max_hp_loss":0,"event_name":"The Cleric","floor":13,"gold_loss":50}],"is_beta":false,"boss_relics":[{"not_picked":["Velvet Choker","Ectoplasm"],"picked":"Fusion Hammer"}],"items_purged_floors":[],"is_endless":false,"potions_floor_spawned":[4,7,8,10,12,16],"killed_by":"3 Byrds","ascension_level":1}}