{"host":"i19jjmeqmvseha12","time":1610334636,"event":{"mods":["Act Like it!","BaseMod","Colored Powertips","Dota2Spire","Gensokyo","Minty Spire (QoL Compilation)","Replay The Spire","StSLib","The Cursed"],"gold_per_floor":[114,214,143,159,6,32,62,136,162,162,202,202,302,312,312,446,446,496,539,587,222,222,222],"floor_reached":22,"playtime":529,"items_purged":[],"score":184,"play_id":"5f6444e9-44e1-4cd8-ac5e-bcbae1a5acd7","local_time":"20210110191036","is_ascension_mode":false,"campfire_choices":[{"data":"Searing Blow","floor":10,"key":"SMITH"},{"data":"Searing Blow+1","floor":12,"key":"SMITH"},{"data":"Searing Blow+2","floor":15,"key":"SMITH"}],"circlet_count":0,"master_deck":["Strike_R","Strike_R","Strike_R","Strike_R","Strike_R","Defend_R","Defend_R","Defend_R","Defend_R","Bash","Fiend Fire","Anger","Searing Blow+3","Double Tap","Life Link","Pommel Strike+1","Inflame","Magnetism+1"],"relics":["Black Blood","Sling","Dota2Spire:HandOfMidas","Dota2Spire:ShadowBlade","Blue Doll","Kunai"],"acts_visited":["Exordium","TheCity"],"potions_floor_usage":[14,20,22],"damage_taken":[{"damage":6,"enemies":"Cultist","floor":1,"turns":3},{"damage":2,"enemies":"2 Louse","floor":4,"turns":2},{"damage":26,"enemies":"Lagavulin","floor":6,"turns":7},{"damage":0,"enemies":"Small Slimes","floor":11,"turns":2},{"damage":2,"enemies":"Blue Slaver","floor":14,"turns":2},{"damage":46,"enemies":"Slime Boss","floor":16,"turns":8},{"damage":27,"enemies":"Spheric Guardian","floor":18,"turns":4},{"damage":42,"enemies":"Shell Parasite","floor":19,"turns":5},{"damage":15,"enemies":"Centurion and Healer","floor":20,"turns":5},{"damage":26,"enemies":"Snecko","floor":22,"turns":4}],"seed_played":"-7444062434929008904","potions_obtained":[{"floor":4,"key":"SpeedPotion"},{"floor":11,"key":"Fire Potion"},{"floor":18,"key":"Dota2Spire:Clarity"},{"floor":19,"key":"DistilledChaos"}],"is_trial":false,"path_per_floor":["M","?","$","M","$","E","?","?","T","R","M","R","?","M","R","B",null,"M","M","M","$","M"],"character_chosen":"IRONCLAD","items_purchased":["Searing Blow","Sling","Kunai","Magnetism+1"],"campfire_rested":0,"item_purchase_floors":[3,5,21,21],"current_hp_per_floor":[72,72,72,72,72,52,52,52,52,52,58,58,58,62,62,22,72,57,27,24,24,0,0],"gold":222,"neow_bonus":"THREE_RARE_CARDS","is_daily":false,"chose_seed":false,"campfire_upgraded":3,"win_rate":0.0,"timestamp":1610334636,"path_taken":["M","?","$","M","?","E","?","?","T","R","?","R","?","M","R","BOSS","M","?","M","$","M"],"items_purchased_type":["Card","Relic","Relic","Card"],"build_version":"2020-12-22","purchased_purges":0,"victory":false,"max_hp_per_floor":[72,72,72,72,72,72,72,72,72,72,72,72,72,72,72,72,72,72,72,72,72,72,72],"card_choices":[{"not_picked":["Exhume","Feed"],"picked":"Fiend Fire","floor":0},{"not_picked":["Pommel Strike","Iron Wave"],"picked":"Anger","floor":1},{"not_picked":["Rupture","Warcry","Body Slam"],"picked":"SKIP","floor":4},{"not_picked":["Replay:Undeath\u0027s Touch","Battle Trance"],"picked":"Double Tap","floor":6},{"not_picked":["Wild Strike","Power Through"],"picked":"Life Link","floor":11},{"not_picked":["Havoc","ReplayReversal","Searing Blow"],"picked":"SKIP","floor":14},{"not_picked":["Burning Pact","Armaments"],"picked":"Pommel Strike+1","floor":18},{"not_picked":["Replay:Undeath\u0027s Touch","Evolve"],"picked":"Inflame","floor":19},{"not_picked":["Feel No Pain","ReplayTheSpireMod:Limb From Limb","Thunderclap"],"picked":"SKIP","floor":20}],"player_experience":159600,"relics_obtained":[{"floor":6,"key":"Dota2Spire:HandOfMidas"},{"floor":9,"key":"Blue Doll"}],"event_choices":[{"damage_healed":0,"gold_gain":100,"player_choice":"Pray","damage_taken":0,"max_hp_gain":0,"max_hp_loss":0,"event_name":"Golden Shrine","floor":2,"gold_loss":0},{"damage_healed":0,"gold_gain":30,"player_choice":"Searched \u00273\u0027 times","damage_taken":0,"relics_obtained":["Dota2Spire:ShadowBlade"],"max_hp_gain":0,"max_hp_loss":0,"event_name":"Dead Adventurer","floor":7,"gold_loss":0},{"damage_healed":0,"gold_gain":74,"player_choice":"Gained Gold","damage_taken":0,"max_hp_gain":0,"max_hp_loss":0,"event_name":"Golden Wing","floor":8,"gold_loss":0},{"damage_healed":0,"gold_gain":100,"player_choice":"Gold","damage_taken":0,"max_hp_gain":0,"max_hp_loss":0,"event_name":"Wheel of Change","floor":13,"gold_loss":0}],"is_beta":false,"boss_relics":[{"not_picked":["Honey Jar","Tiny House"],"picked":"Black Blood"}],"items_purged_floors":[],"is_endless":false,"potions_floor_spawned":[4,11,18,19],"killed_by":"Snecko","ascension_level":0}}