{"host":"fnk117zi8wf5078t","time":1610352312,"event":{"mods":["AchievementEnabler","BaseMod","Colored Map","Minty Spire (QoL Compilation)","Rare Cards Sparkle","SuperFastMode","everything is the same but u backflip on backflip"],"gold_per_floor":[110,124,135,135,149,149,149,149,198,72,72,105,105,16,16,90,90,102,114,114,114,114],"floor_reached":21,"playtime":475,"items_purged":["Strike_R"],"score":443,"play_id":"9ff38a64-cf59-4315-967e-68f4b5065adf","local_time":"20210111170512","is_ascension_mode":true,"campfire_choices":[{"data":"Inflame","floor":6,"key":"SMITH"},{"data":"Fire Breathing","floor":8,"key":"SMITH"},{"data":"Evolve","floor":15,"key":"SMITH"}],"circlet_count":0,"master_deck":["AscendersBane","Strike_R","Strike_R","Defend_R","Defend_R","Defend_R","Defend_R","Bash","Bloodletting","Fire Breathing+1","Shrug It Off","Cleave","Inflame+1","Wild Strike+1","Bloodletting","Evolve+1","Brutality","Heavy Blade","Decay"],"relics":["Burning Blood","Juzu Bracelet","Regal Pillow","Letter Opener","Black Star"],"acts_visited":["Exordium","TheCity"],"potions_floor_usage":[21],"damage_taken":[{"damage":16,"enemies":"Jaw Worm","floor":1,"turns":4},{"damage":12,"enemies":"Cultist","floor":2,"turns":5},{"damage":20,"enemies":"2 Louse","floor":3,"turns":4},{"damage":3,"enemies":"Exordium Wildlife","floor":5,"turns":4},{"damage":13,"enemies":"3 Sentries","floor":12,"turns":3},{"damage":3,"enemies":"Slime Boss","floor":16,"turns":5},{"damage":36,"enemies":"2 Thieves","floor":18,"turns":4},{"damage":14,"enemies":"Chosen","floor":19,"turns":4},{"damage":52,"enemies":"Centurion and Healer","floor":21,"turns":4}],"seed_played":"-4652942470000843235","potions_obtained":[{"floor":3,"key":"Ancient Potion"},{"floor":5,"key":"Strength Potion"},{"floor":18,"key":"Strength Potion"},{"floor":19,"key":"BloodPotion"}],"is_trial":false,"path_per_floor":["M","M","M","?","M","R","?","R","T","$","?","E","$","$","R","B",null,"M","M","?","M"],"character_chosen":"IRONCLAD","items_purchased":["Wild Strike","Evolve"],"campfire_rested":0,"item_purchase_floors":[10,14],"current_hp_per_floor":[40,34,20,75,75,75,75,75,75,75,75,68,68,68,68,71,74,44,36,36,0,0],"gold":114,"neow_bonus":"TRANSFORM_TWO_CARDS","is_daily":false,"chose_seed":false,"campfire_upgraded":3,"win_rate":0.0,"timestamp":1610352312,"path_taken":["M","M","M","?","?","R","?","R","T","$","?","E","?","$","R","BOSS","M","M","?","M"],"items_purchased_type":["Card","Card"],"build_version":"2020-12-22","purchased_purges":1,"victory":false,"max_hp_per_floor":[75,75,75,75,75,75,75,75,75,75,75,75,75,75,75,75,75,75,75,75,75,75],"card_choices":[{"not_picked":["Pommel Strike","Iron Wave"],"picked":"Fire Breathing","floor":1},{"not_picked":["Havoc","Sword Boomerang"],"picked":"Shrug It Off","floor":2},{"not_picked":["Feel No Pain","Twin Strike"],"picked":"Cleave","floor":3},{"not_picked":["Clash","Heavy Blade"],"picked":"Inflame","floor":5},{"not_picked":["Pommel Strike","Warcry"],"picked":"Bloodletting","floor":12},{"not_picked":["Fiend Fire","Impervious"],"picked":"Brutality","floor":16},{"not_picked":["Armaments","Rage","Dropkick"],"picked":"SKIP","floor":18},{"not_picked":["Intimidate","Clothesline"],"picked":"Heavy Blade","floor":19}],"player_experience":371456,"relics_obtained":[{"floor":9,"key":"Regal Pillow"},{"floor":12,"key":"Letter Opener"}],"event_choices":[{"cards_removed":["Seeing Red"],"damage_healed":55,"gold_gain":0,"player_choice":"Offered Uncommon","damage_taken":0,"max_hp_gain":0,"max_hp_loss":0,"event_name":"Bonfire Elementals","floor":4,"gold_loss":0},{"damage_healed":0,"gold_gain":0,"player_choice":"Gave Potion","damage_taken":0,"relics_obtained":["Juzu Bracelet"],"max_hp_gain":0,"max_hp_loss":0,"event_name":"WeMeetAgain","floor":7,"gold_loss":0},{"damage_healed":0,"gold_gain":0,"player_choice":"Upgraded","damage_taken":0,"max_hp_gain":0,"max_hp_loss":0,"event_name":"Upgrade Shrine","floor":11,"gold_loss":0,"cards_upgraded":["Wild Strike"]},{"damage_healed":0,"gold_gain":0,"player_choice":"Smashed Altar","damage_taken":0,"max_hp_gain":0,"max_hp_loss":0,"event_name":"Forgotten Altar","floor":20,"gold_loss":0,"cards_obtained":["Decay"]}],"is_beta":false,"boss_relics":[{"not_picked":["Velvet Choker","SacredBark"],"picked":"Black Star"}],"items_purged_floors":[10],"is_endless":false,"potions_floor_spawned":[3,5,18,19],"killed_by":"Centurion and Healer","ascension_level":19}}