{"host":"qljev0q3rb9h3k1a","time":1610402382,"event":{"mods":["AchievementEnabler","Ascension Unlocker","BaseMod","Colored Map","Minty Spire (QoL Compilation)","Permanent Neow","Quick Restart","Relic Filter","StSLib","SuperFastMode"],"gold_per_floor":[116,128,128,203,57,57,93,113,113,38,52,83,83,127,127,247,247,267,267,267,267,267,308,308,324,324,338,190,205,205,228,228,348,348,372,391,724,471,487,520,520,520,520,537,548,597,55,55,55,55],"floor_reached":51,"playtime":3074,"items_purged":["Strike_G","Writhe","Parasite"],"score":878,"play_id":"52276fde-17b9-43fd-add5-fe2e45fd2d1c","local_time":"20210111165942","is_ascension_mode":false,"campfire_choices":[{"data":"Footwork","floor":6.0,"key":"SMITH"},{"floor":15.0,"key":"REST"},{"data":"Burst","floor":24.0,"key":"SMITH"},{"data":"Venomology","floor":30.0,"key":"SMITH"},{"data":"Footwork","floor":32,"key":"SMITH"},{"data":"Catalyst","floor":41,"key":"SMITH"},{"data":"Night Terror","floor":49,"key":"SMITH"}],"circlet_count":0,"master_deck":["Strike_G+1","Defend_G+1","Defend_G+1","Defend_G+1","Defend_G+1","Defend_G+1","Survivor","Neutralize+1","Footwork+1","Bouncing Flask","Noxious Fumes","Noxious Fumes","Deflect","Catalyst+1","Catalyst","Catalyst","Backflip","Burst+1","Venomology+1","Footwork+1","Tools of the Trade","Deadly Poison","Blur","Night Terror+1","Backflip","Escape Plan+1","Footwork","Well Laid Plans","Panache"],"relics":["Ring of the Snake","White Beast Statue","Mummified Hand","Odd Mushroom","Ancient Tea Set","Philosopher\u0027s Stone","Gambling Chip","PreservedInsect","InkBottle","TwistedFunnel","Runic Pyramid","ClockworkSouvenir","Eternal Feather","Potion Belt","Calipers","Membership Card","Letter Opener","Bronze Scales"],"acts_visited":["Exordium","TheCity","TheBeyond"],"potions_floor_usage":[31,33,33,35,39,40,40,45,46,46,50,50,50,50,50,50,50,50,50,50,50],"damage_taken":[{"damage":2.0,"enemies":"Cultist","floor":1.0,"turns":5.0},{"damage":1.0,"enemies":"Small Slimes","floor":2.0,"turns":4.0},{"damage":22.0,"enemies":"Gremlin Nob","floor":7.0,"turns":5.0},{"damage":0.0,"enemies":"Jaw Worm","floor":8.0,"turns":4.0},{"damage":0.0,"enemies":"Exordium Wildlife","floor":11.0,"turns":2.0},{"damage":20.0,"enemies":"The Mushroom Lair","floor":12.0,"turns":4.0},{"damage":0.0,"enemies":"3 Sentries","floor":14.0,"turns":5.0},{"damage":6.0,"enemies":"Hexaghost","floor":16.0,"turns":4.0},{"damage":0.0,"enemies":"Shell Parasite","floor":18.0,"turns":4.0},{"damage":22.0,"enemies":"Slavers","floor":23.0,"turns":7.0},{"damage":0.0,"enemies":"Chosen","floor":25.0,"turns":2.0},{"damage":1.0,"enemies":"Snake Plant","floor":27.0,"turns":4.0},{"damage":0.0,"enemies":"Shelled Parasite and Fungi","floor":29.0,"turns":3.0},{"damage":14,"enemies":"Centurion and Healer","floor":31,"turns":4},{"damage":12,"enemies":"Automaton","floor":33,"turns":3},{"damage":0,"enemies":"3 Shapes","floor":35,"turns":4},{"damage":0,"enemies":"Orb Walker","floor":36,"turns":3},{"damage":0,"enemies":"Transient","floor":39,"turns":5},{"damage":0,"enemies":"Giant Head","floor":40,"turns":5},{"damage":0,"enemies":"Writhing Mass","floor":44,"turns":3},{"damage":0,"enemies":"3 Darklings","floor":45,"turns":4},{"damage":8,"enemies":"2 Orb Walkers","floor":46,"turns":6},{"damage":0,"enemies":"Donu and Deca","floor":50,"turns":3}],"seed_played":"-5919598468630333342","potions_obtained":[{"floor":1.0,"key":"EssenceOfSteel"},{"floor":8.0,"key":"Explosive Potion"},{"floor":11.0,"key":"Fruit Juice"},{"floor":12.0,"key":"Poison Potion"},{"floor":14.0,"key":"DuplicationPotion"},{"floor":16.0,"key":"FearPotion"},{"floor":18.0,"key":"Swift Potion"},{"floor":23.0,"key":"Weak Potion"},{"floor":31,"key":"EntropicBrew"},{"floor":33,"key":"Weak Potion"},{"floor":36,"key":"Energy Potion"},{"floor":45,"key":"PowerPotion"},{"floor":46,"key":"Explosive Potion"}],"is_trial":false,"path_per_floor":["M","M","?","?","$","R","E","M","T","$","M","?","?","E","R","B",null,"M","?","?","?","?","E","R","M","T","M","$","M","R","M","R","B",null,"M","M","?","$","M","E","R","?","T","M","M","?","$","?","R","B",null],"character_chosen":"THE_SILENT","items_purchased":["Noxious Fumes","Catalyst","TwistedFunnel","ClockworkSouvenir","Membership Card","Letter Opener","Bronze Scales","Well Laid Plans","Panache"],"campfire_rested":1,"item_purchase_floors":[5,10,28,38,47,47,47,47,47],"current_hp_per_floor":[68,67,65,54,54,54,32,32,32,32,37,17,3,3,24,18,70,70,70,70,70,54,32,32,32,32,31,31,31,31,17,17,5,70,70,70,70,70,70,70,70,70,70,70,70,62,62,62,67,67],"gold":55,"neow_bonus":"TRANSFORM_CARD","is_daily":false,"chose_seed":false,"campfire_upgraded":6,"win_rate":0.0,"timestamp":1610402382,"path_taken":["M","?","?","?","$","R","E","M","T","?","?","?","?","E","R","BOSS","M","?","?","?","?","E","R","M","T","M","$","?","R","M","R","BOSS","M","M","?","$","M","E","R","?","T","?","M","?","$","?","R","BOSS"],"items_purchased_type":["Card","Card","Relic","Relic","Relic","Relic","Relic","Card","Card"],"build_version":"2020-12-22","purchased_purges":3,"victory":true,"max_hp_per_floor":[70,70,65,65,65,65,65,65,65,65,70,70,70,70,70,70,70,70,70,70,70,70,70,70,70,70,70,70,70,70,70,70,70,70,70,70,70,70,70,70,70,70,70,70,70,70,67,67,67,67],"card_choices":[{"not_picked":["Eviscerate","Dagger Throw"],"picked":"Bouncing Flask","floor":1.0},{"not_picked":["Dagger Spray","Poisoned Stab"],"picked":"Noxious Fumes","floor":2.0},{"not_picked":["Backstab","Calculated Gamble"],"picked":"Deflect","floor":7.0},{"not_picked":["Slice","Doppelganger"],"picked":"Catalyst","floor":8.0},{"not_picked":["Dodge and Roll","Slice"],"picked":"Catalyst","floor":11.0},{"not_picked":["Underhanded Strike","Finisher"],"picked":"Backflip","floor":12.0},{"not_picked":["Deadly Poison","Crippling Poison"],"picked":"Burst","floor":14.0},{"not_picked":["A Thousand Cuts","Tools of the Trade"],"picked":"Venomology","floor":16.0},{"not_picked":["Quick Slash","Prepared"],"picked":"Footwork","floor":18.0},{"not_picked":["Slice","Quick Slash","Bane"],"picked":"SKIP","floor":23.0},{"not_picked":["Deflect+1","Dagger Spray"],"picked":"Blur","floor":25.0},{"not_picked":["Dagger Spray","Caltrops","After Image"],"picked":"SKIP","floor":27.0},{"not_picked":["Dagger Throw","Leg Sweep","Blade Dance"],"picked":"SKIP","floor":29.0},{"not_picked":["Riddle With Holes","Choke","Expertise"],"picked":"SKIP","floor":31},{"not_picked":["Tools of the Trade","Wraith Form v2"],"picked":"Night Terror","floor":33},{"not_picked":["Eviscerate","Bouncing Flask+1"],"picked":"Backflip","floor":35},{"not_picked":["Slice+1","Dagger Spray+1"],"picked":"Escape Plan+1","floor":36},{"not_picked":["Flying Knee","Backflip+1","Dagger Spray+1"],"picked":"SKIP","floor":39},{"not_picked":["Dagger Spray","Poisoned Stab+1"],"picked":"Footwork","floor":40},{"not_picked":["Backflip","Expertise+1","PiercingWail"],"picked":"SKIP","floor":44},{"not_picked":["Bane","Endless Agony+1","Choke+1"],"picked":"SKIP","floor":45}],"player_experience":9404,"relics_obtained":[{"floor":7.0,"key":"White Beast Statue"},{"floor":9.0,"key":"Mummified Hand"},{"floor":12.0,"key":"Odd Mushroom"},{"floor":14.0,"key":"Ancient Tea Set"},{"floor":23.0,"key":"PreservedInsect"},{"floor":26.0,"key":"InkBottle"},{"floor":40,"key":"Eternal Feather"},{"floor":43,"key":"Potion Belt"},{"floor":46,"key":"Calipers"}],"event_choices":[{"damage_healed":0.0,"max_hp_gain":0.0,"max_hp_loss":5.0,"gold_gain":0.0,"event_name":"Golden Idol","player_choice":"Lose Max HP","floor":3.0,"gold_loss":0.0,"damage_taken":0.0,"relics_obtained":["Golden Idol"]},{"damage_healed":0.0,"max_hp_gain":0.0,"max_hp_loss":0.0,"gold_gain":75.0,"event_name":"World of Goop","player_choice":"Gather Gold","floor":4.0,"gold_loss":0.0,"damage_taken":11.0},{"damage_healed":0.0,"max_hp_gain":0.0,"max_hp_loss":0.0,"gold_gain":0.0,"event_name":"Mushrooms","player_choice":"Fought Mushrooms","floor":12.0,"gold_loss":0.0,"damage_taken":0.0},{"damage_healed":0.0,"max_hp_gain":0.0,"max_hp_loss":0.0,"gold_gain":0.0,"event_name":"Shining Light","player_choice":"Entered Light","floor":13.0,"gold_loss":0.0,"damage_taken":14.0,"cards_upgraded":["Neutralize","Defend_G"]},{"damage_healed":0.0,"max_hp_gain":0.0,"max_hp_loss":0.0,"gold_gain":0.0,"event_name":"Back to Basics","player_choice":"Simplicity","floor":19.0,"gold_loss":0.0,"damage_taken":0.0,"cards_upgraded":["Strike_G","Strike_G","Strike_G","Defend_G","Defend_G","Defend_G","Defend_G"]},{"damage_healed":0.0,"max_hp_gain":0.0,"max_hp_loss":0.0,"gold_gain":0.0,"cards_transformed":["Strike_G","Strike_G"],"event_name":"Drug Dealer","player_choice":"Became Test Subject","floor":20.0,"gold_loss":0.0,"damage_taken":0.0,"cards_obtained":["Tools of the Trade","Deadly Poison"]},{"damage_healed":0.0,"max_hp_gain":0.0,"max_hp_loss":0.0,"gold_gain":0.0,"event_name":"The Mausoleum","player_choice":"Opened","floor":21.0,"gold_loss":0.0,"damage_taken":0.0,"relics_obtained":["Gambling Chip"],"cards_obtained":["Writhe"]},{"damage_healed":0.0,"max_hp_gain":0.0,"max_hp_loss":0.0,"gold_gain":0.0,"event_name":"Cursed Tome","player_choice":"Obtained Book","floor":22.0,"gold_loss":0.0,"damage_taken":16.0},{"damage_healed":0,"gold_gain":333,"player_choice":"Gave Idol","damage_taken":0,"max_hp_gain":0,"max_hp_loss":0,"event_name":"The Moai Head","floor":37,"relics_lost":["Golden Idol"],"gold_loss":0},{"damage_healed":0,"gold_gain":0,"player_choice":"0 cards matched","damage_taken":0,"max_hp_gain":0,"max_hp_loss":0,"event_name":"Match and Keep!","floor":42,"gold_loss":0,"cards_obtained":[]},{"damage_healed":0,"gold_gain":0,"player_choice":"Fight","damage_taken":0,"max_hp_gain":0,"max_hp_loss":0,"event_name":"Mysterious Sphere","floor":46,"gold_loss":0},{"damage_healed":0,"gold_gain":0,"player_choice":"Bought 0 Potions","damage_taken":0,"max_hp_gain":0,"max_hp_loss":0,"event_name":"The Woman in Blue","floor":48,"gold_loss":0}],"is_beta":false,"boss_relics":[{"not_picked":["Tiny House","Snecko Eye"],"picked":"Philosopher\u0027s Stone"},{"not_picked":["WristBlade","Runic Dome"],"picked":"Runic Pyramid"}],"items_purged_floors":[5,38,47],"is_endless":false,"potions_floor_spawned":[1,8,11,12,14,16,18,23,25,27,29,31,33,35,36,39,40,44,45,46],"ascension_level":0}}