{"host":"5vgyktr9o1uhp9eh","time":1610394696,"event":{"mods":["BaseMod","Downfall","Hubris","Minty Spire (QoL Compilation)","StSLib"],"gold_per_floor":[99,119,119,59,159,91,142,142,142,167,167,179,199,349,367,367,367,367],"floor_reached":16,"playtime":1222,"items_purged":[],"score":88,"play_id":"ebfc6a0a-738d-40e5-b51a-413113c2e96e","local_time":"20210111125136","is_ascension_mode":false,"campfire_choices":[{"data":"hexamod:Sear","floor":1,"key":"SMITH"},{"floor":9,"key":"REST"},{"floor":11,"key":"RECALL"}],"circlet_count":0,"master_deck":["hexamod:Strike","hexamod:Strike","hexamod:Strike","hexamod:Defend","hexamod:Defend","hexamod:Defend","hexamod:Sear+1","hexamod:Float","hexamod:GhostOfSpirePast","hexamod:RainOfEmbers","hexamod:BurningTouch+1","hexamod:ThermalTransfer","hexamod:GhostflameInferno","hexamod:FastForward","hexamod:Hexaguard","hexamod:FirstSeal","hexamod:FifthSeal","hexamod:HauntingEcho","Slimebound:Icky","hexamod:CatchUp"],"relics":["hexamod:SpiritBrand","Bird Faced Urn","hubris:Spice","Bag of Preparation"],"acts_visited":["Exordium"],"potions_floor_usage":[16,16],"damage_taken":[{"damage":0,"enemies":"Cultist","floor":2,"turns":3},{"damage":0,"enemies":"downfall:FleeingMerchant","floor":4,"turns":4},{"damage":37,"enemies":"downfall:Heads","floor":5,"turns":7},{"damage":4,"enemies":"downfall:FleeingMerchant","floor":6,"turns":4},{"damage":0,"enemies":"2 Louse","floor":12,"turns":2},{"damage":2,"enemies":"Small Slimes","floor":13,"turns":3},{"damage":6,"enemies":"2 Fungi Beasts","floor":15,"turns":4},{"damage":51,"enemies":"downfall:Defect","floor":16,"turns":6}],"seed_played":"8755772345880047727","potions_obtained":[{"floor":12,"key":"Fire Potion"},{"floor":13,"key":"LiquidMemories"},{"floor":15,"key":"Dexterity Potion"}],"is_trial":false,"path_per_floor":["R","M","?","$","?","$","T","?","R","T","R","M","M","?","M","B"],"character_chosen":"THE_SPIRIT","items_purchased":["hexamod:BurningTouch","hexamod:Hexaguard"],"campfire_rested":1,"item_purchase_floors":[4,6],"current_hp_per_floor":[63,63,68,70,35,33,33,26,47,47,47,47,54,54,50,0,0,0],"gold":367,"neow_bonus":"ONE_RARE_RELIC","is_daily":false,"chose_seed":false,"campfire_upgraded":1,"win_rate":0.0,"timestamp":1610394696,"path_taken":["R","M","?","$","?","$","T","?","R","?","R","M","M","?","M","BOSS"],"items_purchased_type":["Card","Card"],"build_version":"2020-12-22","purchased_purges":0,"victory":false,"max_hp_per_floor":[63,63,71,71,71,71,71,71,71,71,71,71,71,71,71,71,71,71],"card_choices":[{"not_picked":["hexamod:GhostLash","hexamod:EmpoweredFlame"],"picked":"hexamod:GhostOfSpirePast","floor":2},{"not_picked":["hexamod:PhantomCloak","hexamod:NightmareStrike"],"picked":"hexamod:RainOfEmbers","floor":4},{"not_picked":["hexamod:DynamicBlow","hexamod:GhostLash"],"picked":"hexamod:ThermalTransfer","floor":5},{"not_picked":["hexamod:HeatCrush","hexamod:RainOfEmbers"],"picked":"hexamod:FastForward","floor":6},{"not_picked":["hexamod:RecurringNightmare","hexamod:BurningTouch"],"picked":"hexamod:FifthSeal","floor":12},{"not_picked":["hexamod:Incineration","hexamod:NightmareStrike"],"picked":"hexamod:HauntingEcho","floor":13},{"not_picked":["hexamod:Hexaguard","hexamod:RadiantFlame"],"picked":"hexamod:CatchUp","floor":15}],"player_experience":250978,"relics_obtained":[{"floor":10,"key":"Bag of Preparation"}],"event_choices":[{"damage_healed":0,"gold_gain":0,"player_choice":"Success","damage_taken":3,"relics_obtained":["hubris:Spice"],"max_hp_gain":0,"max_hp_loss":0,"event_name":"Scrap Ooze","floor":3,"gold_loss":0}],"is_beta":false,"boss_relics":[],"items_purged_floors":[],"is_endless":false,"potions_floor_spawned":[12,13,15],"killed_by":"downfall:Defect","ascension_level":0}}