{"host":"tr12w2fixbnujl15","time":1610401641,"event":{"mods":["2.2 Compatiblity","BaseMod","Better Skull","BetterRewards","Clockwork Mod","Colored Powertips","Evolution","Hermit","Hubris","Infinite Spire","Koishi","Mad Scientist","Minty Spire (QoL Compilation)","Quick Restart","Replay The Spire","Shop Mod","StSLib","SuperFastMode","The Animator","The Bug Knight","The Construct","The Cursed","The Hierophant","The Necromancer","The Sage","The Senshi","The Servant 0.9.4","The Spell Scribe","TheFirefly","WarShipGirlsR/????R mod"],"gold_per_floor":[117,117,69,69,86,119,119,43,94,110,110,127,141,13,13,116,116,134,134,134,134,154,154,189,189,213,213,231,231,247,263,263,263,263],"floor_reached":33,"playtime":3748,"items_purged":[],"score":315,"play_id":"9fff967d-41cd-4ec3-976e-ea2f5f4c45e1","local_time":"20210111164721","is_ascension_mode":false,"campfire_choices":[{"floor":15,"key":"REST"},{"data":"White Noise","floor":23,"key":"SMITH"},{"floor":25,"key":"REST"},{"floor":27,"key":"REST"},{"floor":32,"key":"REST"}],"circlet_count":0,"master_deck":["Sweeping Beam","Sweeping Beam","Sweeping Beam","Sweeping Beam","Leap","Leap","Defend_B","Defend_B","Zap","Dualcast","Cold Snap","Ball Lightning","White Noise+1","Double Energy","Doom and Gloom","Barrage","Amplify","Storm","Storm+1","Sunder","Thunder Strike","Melter","Leap","Time Bomb","Streamline+1","Cold Snap+1","Steam"],"relics":["Cracked Core","EVO:Axolotl","NeowsBlessing","Oddly Smooth Stone","Centennial Puzzle","hubris:Towel","hubris:BlackHole","White Beast Statue","Juzu Bracelet","HornCleat"],"acts_visited":["Exordium","TheCity"],"potions_floor_usage":[16,16,16,16,16,24,33,33,33],"damage_taken":[{"damage":0,"enemies":"Cultist","floor":1,"turns":1},{"damage":0,"enemies":"Small Slimes","floor":5,"turns":1},{"damage":0,"enemies":"3 Sentries","floor":6,"turns":1},{"damage":7,"enemies":"2 Louse","floor":10,"turns":3},{"damage":4,"enemies":"Looter","floor":12,"turns":2},{"damage":13,"enemies":"Red Slaver","floor":13,"turns":3},{"damage":41,"enemies":"The Guardian","floor":16,"turns":7},{"damage":0,"enemies":"3 Byrds","floor":18,"turns":3},{"damage":10,"enemies":"2 Thieves","floor":22,"turns":2},{"damage":30,"enemies":"Replay:Snechameleon","floor":24,"turns":8},{"damage":21,"enemies":"Snake Plant","floor":28,"turns":2},{"damage":0,"enemies":"Cultist and Chosen","floor":30,"turns":4},{"damage":0,"enemies":"Chosen and Byrds","floor":31,"turns":4},{"damage":82,"enemies":"Pondfish","floor":33,"turns":8}],"seed_played":"7649969837637041939","potions_obtained":[{"floor":1,"key":"SteroidPotion"},{"floor":2,"key":"Venom Potion"},{"floor":2,"key":"Explosive Potion"},{"floor":10,"key":"EntropicBrew"},{"floor":24,"key":"Dexterity Potion"},{"floor":28,"key":"Strength Potion"},{"floor":30,"key":"LifebloodPotion"},{"floor":31,"key":"ColorlessPotion"}],"is_trial":false,"path_per_floor":["M","?","$","?","M","E","?","$","T","M","?","M","M","$","R","B",null,"M","?","?","?","M","R","E","R","T","R","M","?","M","M","R","B"],"character_chosen":"DEFECT","items_purchased":["Ball Lightning","Doom and Gloom","Storm+1","Sunder"],"campfire_rested":4,"item_purchase_floors":[3,8,14,14],"current_hp_per_floor":[75,75,75,80,80,80,80,80,80,73,73,69,56,56,80,39,80,80,80,80,80,70,70,40,64,64,80,59,59,59,59,80,0,0],"gold":263,"neow_bonus":"THREE_ENEMY_KILL","is_daily":false,"chose_seed":false,"campfire_upgraded":1,"win_rate":0.0,"timestamp":1610401641,"path_taken":["M","?","?","?","M","E","?","?","T","?","?","M","M","$","R","BOSS","M","?","?","?","M","R","E","R","T","R","M","?","M","M","R","BOSS"],"items_purchased_type":["Card","Card","Card","Card"],"build_version":"2020-12-22","purchased_purges":0,"victory":false,"max_hp_per_floor":[75,75,75,80,80,80,80,80,80,80,80,80,80,80,80,80,80,80,80,80,80,80,80,80,80,80,80,80,80,80,80,80,80,80],"card_choices":[{"not_picked":["Steam","Rebound"],"picked":"Cold Snap","floor":1},{"not_picked":["Ball Lightning","Multi-Cast"],"picked":"White Noise","floor":5},{"not_picked":["Multi-Cast","Rebound"],"picked":"Double Energy","floor":6},{"not_picked":["Steam Power","Hologram"],"picked":"Barrage","floor":10},{"not_picked":["BootSequence","Sweeping Beam"],"picked":"Amplify","floor":12},{"not_picked":["ReplayTheSpireMod:Calculation Training","Leap"],"picked":"Storm","floor":13},{"not_picked":["hubris:DoWhile","Meteor Strike"],"picked":"Thunder Strike","floor":16},{"not_picked":["Aggregate","Beam Cell"],"picked":"Melter","floor":18},{"not_picked":["Turbo","ReplayTheSpireMod:Repulse"],"picked":"Leap","floor":22},{"not_picked":["Rebound","Streamline"],"picked":"Time Bomb","floor":24},{"not_picked":["Blizzard","Hologram"],"picked":"Streamline+1","floor":28},{"not_picked":["Hologram+1","Leap"],"picked":"Cold Snap+1","floor":30},{"not_picked":["Hologram+1","ReplayTheSpireMod:GoodbyeWorld"],"picked":"Steam","floor":31}],"player_experience":42953,"relics_obtained":[{"floor":6,"key":"Oddly Smooth Stone"},{"floor":9,"key":"Centennial Puzzle"},{"floor":24,"key":"White Beast Statue"},{"floor":26,"key":"Juzu Bracelet"}],"event_choices":[{"damage_healed":0,"gold_gain":0,"player_choice":"Got Potions","damage_taken":0,"max_hp_gain":0,"max_hp_loss":0,"event_name":"Lab","floor":2,"gold_loss":0},{"damage_healed":0,"gold_gain":0,"player_choice":"Donut","damage_taken":0,"max_hp_gain":5,"max_hp_loss":0,"event_name":"Big Fish","floor":4,"gold_loss":0},{"damage_healed":0,"gold_gain":0,"player_choice":"Leave","damage_taken":0,"max_hp_gain":0,"max_hp_loss":0,"event_name":"The Cleric","floor":7,"gold_loss":0},{"damage_healed":0,"gold_gain":0,"player_choice":"Ignored","damage_taken":0,"max_hp_gain":0,"max_hp_loss":0,"event_name":"Ghosts","floor":20,"gold_loss":0},{"damage_healed":0,"gold_gain":0,"player_choice":"Ignored","damage_taken":0,"max_hp_gain":0,"max_hp_loss":0,"event_name":"Vampires","floor":21,"gold_loss":0},{"damage_healed":0,"gold_gain":0,"player_choice":"Gave Potion","damage_taken":0,"relics_obtained":["HornCleat"],"max_hp_gain":0,"max_hp_loss":0,"event_name":"WeMeetAgain","floor":29,"gold_loss":0}],"is_beta":false,"boss_relics":[{"not_picked":["Busted Crown","hubris:RunicObelisk"],"picked":"hubris:BlackHole"}],"items_purged_floors":[],"is_endless":false,"potions_floor_spawned":[1,6,10,13,24,28,30,31],"killed_by":"Pondfish","ascension_level":0}}