{"host":"bf9sa99gaumonoeu","time":1610375764,"event":{"mods":["AchievementEnabler","Act Like it!","BaseMod","Better Sensory Stone","Colored Map","Colored Powertips","Fox Events","Friendly Minions","Gensokyo","GifTheSpireLib","Googly Eyes","Hallownest","Hermit","Hubris","Jorbs\u0027s Wanderer Trilogy","KinomotoSakuraMod(????)","Koishi","Lobotomy","Marisa????????","Minty Spire (QoL Compilation)","Rare Cards Sparkle","Reimu??????","Relic Stats","Remilia??????","Replay The Spire","StSLib","The Administrix","The Animator","The Bug Knight","The Construct","The Cursed","The Disciple","The Hierophant","The Mystic","The Necromancer","The Poker Player","The Runesmith","The Senshi","The Servant 0.9.4","TheLocksmith","Yakumo Yukari mod","thorton"],"gold_per_floor":[111,121,137,157,86,115,115,143,188,205,30,47,57,68,68,142,142,152,169,12,30,50,50,61,95,119,133,133,149,149,24,24,98,148,159,184,184,201,213,244,244,244],"floor_reached":41,"playtime":3077,"items_purged":["Strike_G","Corpse Explosion+1","Strike_G"],"score":996,"play_id":"38d5cd7c-6b2d-4615-9a24-aff90ee67c79","local_time":"20210111123604","is_ascension_mode":true,"campfire_choices":[{"data":"Corpse Explosion","floor":7.0,"key":"SMITH"},{"data":"Calculated Gamble","floor":15.0,"key":"SMITH"},{"data":"ReplayTheSpireMod:Scrap Shanks","floor":23.0,"key":"SMITH"},{"floor":28,"key":"REST"},{"data":"Prepared","floor":30,"key":"SMITH"},{"floor":32,"key":"REST"}],"circlet_count":0,"master_deck":["AscendersBane","Strike_G","Strike_G","Strike_G","Defend_G","Defend_G+1","Defend_G","Defend_G","Defend_G+1","Survivor","Neutralize","Quick Slash","Dagger Spray","Infinite Blades","Venomology","Acrobatics","ReplayTheSpireMod:Private Reserves","Calculated Gamble+1","PiercingWail+1","PiercingWail","Malaise","Poisoned Stab+1","ReplayTheSpireMod:Scrap Shanks+1","ReplayTheSpireMod:Scrap Shanks+1","Prepared+1","ReplayTheSpireMod:The Works","Terror+1","Prepared","Prepared","Parasite","Prepared","Eviscerate"],"relics":["Ring of the Snake","hubris:Spice","Simple Rune","ReplayTheSpireMod:DimensionalGlitch","Pet Ghost","Tiny House","Pantograph"],"acts_visited":["Exordium","TheCity","TheBeyond"],"potions_floor_usage":[25,29,33,33,35,35,35,36,39,40,40,41],"damage_taken":[{"damage":2.0,"enemies":"Small Slimes","floor":1.0,"turns":5.0},{"damage":0.0,"enemies":"Cultist","floor":2.0,"turns":3.0},{"damage":1.0,"enemies":"2 Louse","floor":3.0,"turns":4.0},{"damage":2.0,"enemies":"Red Slaver","floor":4.0,"turns":4.0},{"damage":16.0,"enemies":"Gremlin Nob","floor":6.0,"turns":5.0},{"damage":21.0,"enemies":"3 Sentries","floor":8.0,"turns":4.0},{"damage":4.0,"enemies":"Looter","floor":10.0,"turns":4.0},{"damage":0.0,"enemies":"2 Fungi Beasts","floor":12.0,"turns":2.0},{"damage":0.0,"enemies":"Blue Slaver","floor":13.0,"turns":4.0},{"damage":0.0,"enemies":"Gremlin Gang","floor":14.0,"turns":2.0},{"damage":5.0,"enemies":"The Guardian","floor":16.0,"turns":11.0},{"damage":15.0,"enemies":"Chosen","floor":18.0,"turns":6.0},{"damage":12.0,"enemies":"2 Thieves","floor":19.0,"turns":4.0},{"damage":3.0,"enemies":"Shelled Parasite and Fungi","floor":21.0,"turns":5.0},{"damage":0.0,"enemies":"Snake Plant","floor":22.0,"turns":5.0},{"damage":0.0,"enemies":"3 Cultists","floor":24.0,"turns":4.0},{"damage":11,"enemies":"Book of Stabbing","floor":25,"turns":4},{"damage":3,"enemies":"Centurion and Healer","floor":27,"turns":5},{"damage":4,"enemies":"Sentry and Sphere","floor":29,"turns":4},{"damage":15,"enemies":"Champ","floor":33,"turns":6},{"damage":15,"enemies":"3 Shapes","floor":35,"turns":9},{"damage":0,"enemies":"Mind Bloom Boss Battle","floor":36,"turns":5},{"damage":5,"enemies":"Orb Walker","floor":38,"turns":3},{"damage":0,"enemies":"Writhing Mass","floor":39,"turns":5},{"damage":0,"enemies":"Nemesis","floor":40,"turns":5},{"damage":41,"enemies":"Spire Growth","floor":41,"turns":3}],"seed_played":"8913684090044308898","potions_obtained":[{"floor":2.0,"key":"GhostInAJar"},{"floor":3.0,"key":"SneckoOil"},{"floor":6.0,"key":"Regen Potion"},{"floor":14.0,"key":"Fire Potion"},{"floor":16.0,"key":"Poison Potion"},{"floor":19.0,"key":"Block Potion"},{"floor":24.0,"key":"Energy Potion"},{"floor":27,"key":"GhostInAJar"},{"floor":33,"key":"Weak Potion"},{"floor":34,"key":"Explosive Potion"},{"floor":36,"key":"Ancient Potion"}],"is_trial":false,"path_per_floor":["M","M","M","M","?","E","R","E","T","M","$","M","M","M","R","B",null,"M","M","$","M","M","R","M","E","T","M","R","M","R","$","R","B",null,"M","?","?","M","M","E","M"],"character_chosen":"THE_SILENT","items_purchased":["ReplayTheSpireMod:Private Reserves","ReplayTheSpireMod:Scrap Shanks+1"],"campfire_rested":2,"item_purchase_floors":[11,20],"current_hp_per_floor":[65,65,64,62,62,54,54,47,47,43,43,43,43,43,43,38,61,46,34,34,31,31,31,31,20,20,17,35,31,31,31,49,34,59,44,44,44,39,39,39,0,0],"gold":244,"neow_bonus":"ONE_RARE_RELIC","is_daily":false,"chose_seed":false,"campfire_upgraded":4,"win_rate":0.0,"timestamp":1610375764,"path_taken":["M","M","M","M","?","E","R","E","T","M","$","M","M","M","R","BOSS","M","M","$","?","M","R","M","E","T","M","R","M","R","$","R","BOSS","M","?","?","M","M","E","M"],"items_purchased_type":["Card","Card"],"build_version":"2020-12-22","purchased_purges":3,"victory":false,"max_hp_per_floor":[68,68,68,68,68,76,76,68,68,68,68,68,68,68,68,68,68,68,60,60,60,60,60,60,60,60,60,60,60,60,60,60,60,65,65,65,65,65,65,65,65,65],"relic_stats":{"counters":[26,121],"Pantograph":0,"obtain_stats":[{"Tiny House":34,"hubris:Spice":0,"Pantograph":40,"Simple Rune":5,"ReplayTheSpireMod:DimensionalGlitch":17,"Pet Ghost":25,"Ring of the Snake":0},{"Tiny House":20,"hubris:Spice":0,"Pantograph":25,"Simple Rune":4,"ReplayTheSpireMod:DimensionalGlitch":11,"Pet Ghost":17,"Ring of the Snake":0},{"Tiny House":91,"hubris:Spice":0,"Pantograph":118,"Simple Rune":16,"ReplayTheSpireMod:DimensionalGlitch":48,"Pet Ghost":76,"Ring of the Snake":0}],"Ring of the Snake":[52]},"card_choices":[{"not_picked":["Underhanded Strike","hubris:SlightOfHand"],"picked":"Quick Slash","floor":1.0},{"not_picked":["Acrobatics","Flying Knee"],"picked":"Dagger Spray","floor":2.0},{"not_picked":["Dagger Spray","Sneak Up"],"picked":"Corpse Explosion","floor":3.0},{"not_picked":["Dagger Spray","Fluid Movement"],"picked":"Infinite Blades","floor":4.0},{"not_picked":["Hidden Blade","ReplayTheSpireMod:Scrap Shanks"],"picked":"Venomology","floor":6.0},{"not_picked":["Blade Dance","ReplayTheSpireMod:The Works"],"picked":"Acrobatics","floor":8.0},{"not_picked":["ReplayTheSpireMod:Tripwire","Masterful Stab","hubris:SpiceAddiction"],"picked":"SKIP","floor":10.0},{"not_picked":["Skewer","Infinite Blades"],"picked":"Calculated Gamble","floor":12.0},{"not_picked":["hubris:SpiceAddiction","Flying Knee"],"picked":"PiercingWail","floor":13.0},{"not_picked":["Night Terror","Expertise"],"picked":"PiercingWail","floor":14.0},{"not_picked":["Grand Finale","Adrenaline"],"picked":"Malaise","floor":16.0},{"not_picked":["hubris:SlightOfHand","Dagger Throw"],"picked":"Poisoned Stab+1","floor":18.0},{"not_picked":["Choke","Deadly Poison"],"picked":"hubris:SpiceAddiction","floor":19.0},{"not_picked":["ReplayTheSpireMod:Tripwire","Crippling Poison"],"picked":"ReplayTheSpireMod:Scrap Shanks","floor":21.0},{"not_picked":["hubris:SpiceAddiction","Outmaneuver","Draining Mist"],"picked":"SKIP","floor":22.0},{"not_picked":["Flying Knee","Glass Knife"],"picked":"Prepared","floor":24.0},{"not_picked":["Cloak And Dagger","hubris:SpiceAddiction"],"picked":"ReplayTheSpireMod:The Works","floor":25},{"not_picked":["Slice","Setup","Blade Dance"],"picked":"SKIP","floor":27},{"not_picked":["Deflect+1","Sneak Up"],"picked":"Terror+1","floor":29},{"not_picked":["Slice+1","All Out Attack"],"picked":"Prepared","floor":34},{"not_picked":["hubris:SpiceAddiction","Skewer","Flechettes"],"picked":"SKIP","floor":35},{"not_picked":["Heel Hook","hubris:SpiceAddiction"],"picked":"Prepared","floor":36},{"not_picked":["Backflip","Glass Knife","hubris:SpiceAddiction"],"picked":"SKIP","floor":38},{"not_picked":["hubris:SpiceAddiction","PiercingWail"],"picked":"Prepared","floor":39},{"not_picked":["ReplayTheSpireMod:The Works+1","Acrobatics"],"picked":"Eviscerate","floor":40}],"player_experience":897294,"relics_obtained":[{"floor":6.0,"key":"hubris:Spice"},{"floor":8.0,"key":"hubris:Spice"},{"floor":25,"key":"Pet Ghost"},{"floor":40,"key":"Pantograph"}],"event_choices":[{"damage_healed":0.0,"max_hp_gain":0.0,"max_hp_loss":0.0,"gold_gain":0.0,"event_name":"WeMeetAgain","player_choice":"Paid Gold","floor":5.0,"gold_loss":71.0,"damage_taken":0.0,"relics_obtained":["Simple Rune"]},{"damage_healed":0,"gold_gain":0,"player_choice":"Fight","damage_taken":0,"max_hp_gain":0,"max_hp_loss":0,"event_name":"MindBloom","floor":36,"gold_loss":0},{"damage_healed":0,"gold_gain":0,"player_choice":"0 cards matched","damage_taken":0,"max_hp_gain":0,"max_hp_loss":0,"event_name":"Match and Keep!","floor":37,"gold_loss":0,"cards_obtained":[]}],"is_beta":false,"boss_relics":[{"not_picked":["WristBlade","Calling Bell"],"picked":"ReplayTheSpireMod:DimensionalGlitch"},{"not_picked":["hubris:Spice","hubris:Spice"],"picked":"Tiny House"}],"items_purged_floors":[11,20,31],"is_endless":false,"potions_floor_spawned":[2,3,6,12,14,16,19,24,27,33,36],"killed_by":"Spire Growth","ascension_level":18}}