{"host":"h9d5il8g1iqie9ys","time":1610384402,"event":{"mods":["BaseMod","Colored Powertips","Decade(???)","Hero for Fun","Luminous","Marisa????????","Minty Spire (QoL Compilation)","StSLib","The Administrix","The Animator","The Bug Knight","The Cursed","The Exalted","The Necromancer","The Poker Player","The Saiyan","The Servant 0.9.4","The Wild Card"],"gold_per_floor":[110,110,121,133,133,153,153,165,238,238,254,287,304,321,321,417,467,486,486,486,486,486],"floor_reached":20,"playtime":2242,"items_purged":[],"score":178,"play_id":"b80e607b-63a5-4dc1-9922-84a6d8639c4b","local_time":"20210112000002","is_ascension_mode":false,"metric_token":1170,"campfire_choices":[{"floor":7,"key":"RECALL"},{"floor":10,"key":"REST"},{"floor":15,"key":"REST"}],"circlet_count":0,"master_deck":["PokerPlayerMod:Diamond1","PokerPlayerMod:Diamond2","PokerPlayerMod:Diamond3","PokerPlayerMod:Diamond4","PokerPlayerMod:Diamond5","PokerPlayerMod:Spade1","PokerPlayerMod:Spade2","PokerPlayerMod:Spade3","PokerPlayerMod:Spade4","PokerPlayerMod:Club1","PokerPlayerMod:Club2","PokerPlayerMod:Heart2","PokerPlayerMod:BadJoker","PokerPlayerMod:Mulligan","PokerPlayerMod:Spade6","PokerPlayerMod:Club5","PokerPlayerMod:Raise","PokerPlayerMod:Diamond4","PokerPlayerMod:MagicTrick","PokerPlayerMod:ClubDance","PokerPlayerMod:MagicTrick","PokerPlayerMod:ClubShade","PokerPlayerMod:DiamondStrike+1","PokerPlayerMod:GamblerForm","PokerPlayerMod:RiskyBet","PokerPlayerMod:SecondChance"],"relics":["PokerPlayerMod:DeckCase","NeowsBlessing","Bromod:ArcaneUltimatum","MealTicket","Tiny House","TOEIDeficitBill"],"acts_visited":["Exordium","TheCity"],"potions_floor_usage":[],"damage_taken":[{"damage":0,"enemies":"Jaw Worm","floor":1,"turns":1},{"damage":0,"enemies":"Cultist","floor":3,"turns":1},{"damage":0,"enemies":"2 Louse","floor":4,"turns":1},{"damage":10,"enemies":"Looter","floor":6,"turns":4},{"damage":15,"enemies":"Exordium Wildlife","floor":8,"turns":5},{"damage":0,"enemies":"Gremlin Gang","floor":11,"turns":1},{"damage":12,"enemies":"3 Sentries","floor":12,"turns":4},{"damage":13,"enemies":"Looter","floor":13,"turns":3},{"damage":0,"enemies":"Exordium Wildlife","floor":14,"turns":3},{"damage":9,"enemies":"Hexaghost","floor":16,"turns":9},{"damage":12,"enemies":"Spheric Guardian","floor":18,"turns":4}],"seed_played":"7670594305278035157","potions_obtained":[{"floor":1,"key":"SpeedPotion"},{"floor":3,"key":"AttackPotion"},{"floor":4,"key":"BlessingOfTheForge"}],"is_trial":false,"path_per_floor":["M","?","M","M","?","M","R","M","T","R","M","E","M","M","R","B",null,"M","?","?"],"character_chosen":"THE_POKER_PLAYER","items_purchased":[],"campfire_rested":2,"item_purchase_floors":[],"current_hp_per_floor":[52,52,52,52,52,44,44,33,33,48,48,40,31,33,48,44,57,45,45,45,45,45],"gold":486,"neow_bonus":"THREE_ENEMY_KILL","is_daily":false,"chose_seed":false,"campfire_upgraded":0,"win_rate":0.0,"timestamp":1610384402,"path_taken":["M","?","?","?","?","M","R","?","T","R","M","E","M","M","R","BOSS","M","?","?"],"items_purchased_type":[],"build_version":"2020-12-22","purchased_purges":0,"victory":false,"max_hp_per_floor":[52,52,52,52,52,52,52,52,52,52,52,52,52,52,52,52,57,57,57,57,57,57],"card_choices":[{"not_picked":["PokerPlayerMod:Extraction","PokerPlayerMod:HotShotCut"],"picked":"PokerPlayerMod:Spade6","floor":1},{"not_picked":["PokerPlayerMod:Heart4","PokerPlayerMod:Spade2"],"picked":"PokerPlayerMod:Club5","floor":3},{"not_picked":["PokerPlayerMod:Spade3","PokerPlayerMod:Extraction"],"picked":"PokerPlayerMod:Raise","floor":4},{"not_picked":["PokerPlayerMod:Spade4","PokerPlayerMod:Heart1"],"picked":"PokerPlayerMod:Diamond4","floor":6},{"not_picked":["PokerPlayerMod:SpadeStrike","PokerPlayerMod:Configure"],"picked":"PokerPlayerMod:MagicTrick","floor":8},{"not_picked":["PokerPlayerMod:Configure","PokerPlayerMod:Raise"],"picked":"PokerPlayerMod:ClubDance","floor":11},{"not_picked":["PokerPlayerMod:Raise","PokerPlayerMod:Diamond9"],"picked":"PokerPlayerMod:MagicTrick","floor":12},{"not_picked":["PokerPlayerMod:Diamond5","PokerPlayerMod:Club1"],"picked":"PokerPlayerMod:ClubShade","floor":13},{"not_picked":["PokerPlayerMod:Diamond2","PokerPlayerMod:Club5"],"picked":"PokerPlayerMod:DiamondStrike","floor":14},{"not_picked":["PokerPlayerMod:ItsShowtime","PokerPlayerMod:Spade9"],"picked":"PokerPlayerMod:GamblerForm","floor":16},{"not_picked":["PokerPlayerMod:DiamondStrike","PokerPlayerMod:Spade6"],"picked":"PokerPlayerMod:RiskyBet","floor":17},{"not_picked":["PokerPlayerMod:Trickery","PokerPlayerMod:Heart8"],"picked":"PokerPlayerMod:SecondChance","floor":18}],"player_experience":190647,"relics_obtained":[{"floor":5,"key":"Bromod:ArcaneUltimatum"},{"floor":12,"key":"MealTicket"}],"event_choices":[{"cards_removed":["PokerPlayerMod:TrumpStrike"],"damage_healed":0,"gold_gain":0,"player_choice":"Offered Basic","damage_taken":0,"max_hp_gain":0,"max_hp_loss":0,"event_name":"Bonfire Elementals","floor":2,"gold_loss":0},{"damage_healed":0,"gold_gain":0,"player_choice":"Relic","damage_taken":0,"max_hp_gain":0,"max_hp_loss":0,"event_name":"Wheel of Change","floor":5,"gold_loss":0},{"damage_healed":0,"gold_gain":0,"player_choice":"Ignored","damage_taken":0,"max_hp_gain":0,"max_hp_loss":0,"event_name":"Ghosts","floor":19,"gold_loss":0}],"is_beta":false,"boss_relics":[{"not_picked":["Ectoplasm","Busted Crown"],"picked":"Tiny House"}],"items_purged_floors":[],"is_endless":false,"potions_floor_spawned":[1,3,4,12,13],"ascension_level":0}}