{"host":"tzyzz5n7hg2ni9q2","time":1610357944,"event":{"mods":["BaseMod","Minty Spire (QoL Compilation)","Quick Restart"],"gold_per_floor":[112,131,131,151,170,170,203,203,203,203,216,216,216,216,216,315,315,330,34,45,59,74,86,86,86,86,86,23,23,55,55,55,155,155,172,192,209,223,223,248,258,258,303,303,8,38,53,73,73,73],"floor_reached":51,"playtime":2140,"items_purged":["Hello World+1"],"score":958,"play_id":"8b48afd5-3379-49ab-a2e6-b3fd6f895662","local_time":"20210111103904","is_ascension_mode":true,"campfire_choices":[{"data":"Zap","floor":6,"key":"SMITH"},{"data":"Dualcast","floor":8,"key":"SMITH"},{"data":"Glacier","floor":10,"key":"SMITH"},{"data":"Compile Driver","floor":12,"key":"SMITH"},{"floor":15,"key":"REST"},{"data":"Capacitor","floor":27,"key":"SMITH"},{"floor":32,"key":"REST"},{"data":"Loop","floor":42,"key":"SMITH"},{"floor":44,"key":"REST"},{"floor":49,"key":"REST"}],"circlet_count":0,"master_deck":["Strike_B+1","Defend_B","Defend_B","Defend_B","Defend_B","Zap+1","Dualcast+1","Leap","Undo+1","Glacier+1","Compile Driver+1","Conserve Battery+1","Reboot+1","Electrodynamics","Consume+1","Genetic Algorithm+1","Capacitor+1","Coolheaded+1","Loop+1","FTL+1","Echo Form","Ball Lightning+1","Machine Learning","Parasite","Capacitor+1","Biased Cognition"],"relics":["Cracked Core","Matryoshka","Letter Opener","Toxic Egg 2","Astrolabe","OrangePellets","Oddly Smooth Stone","Girya","Nloth\u0027s Gift","Nuclear Battery","Strawberry","DataDisk","Whetstone","DollysMirror","Juzu Bracelet"],"acts_visited":["Exordium","TheCity","TheBeyond"],"potions_floor_usage":[7,18,23,46,50,50],"damage_taken":[{"damage":1,"enemies":"Cultist","floor":1,"turns":4},{"damage":0,"enemies":"2 Louse","floor":2,"turns":3},{"damage":2,"enemies":"Jaw Worm","floor":4,"turns":3},{"damage":0,"enemies":"2 Fungi Beasts","floor":5,"turns":4},{"damage":20,"enemies":"Lagavulin","floor":7,"turns":9},{"damage":0,"enemies":"Looter","floor":11,"turns":2},{"damage":40,"enemies":"Hexaghost","floor":16,"turns":15},{"damage":0,"enemies":"Chosen","floor":18,"turns":4},{"damage":0,"enemies":"3 Byrds","floor":20,"turns":4},{"damage":0,"enemies":"Snecko","floor":21,"turns":7},{"damage":11,"enemies":"Shelled Parasite and Fungi","floor":22,"turns":11},{"damage":8,"enemies":"Snake Plant","floor":23,"turns":4},{"damage":10,"enemies":"Gremlin Leader","floor":30,"turns":8},{"damage":7,"enemies":"Automaton","floor":33,"turns":11},{"damage":0,"enemies":"3 Shapes","floor":35,"turns":5},{"damage":12,"enemies":"3 Darklings","floor":36,"turns":4},{"damage":2,"enemies":"Sphere and 2 Shapes","floor":37,"turns":5},{"damage":23,"enemies":"Transient","floor":38,"turns":5},{"damage":2,"enemies":"Giant Head","floor":40,"turns":8},{"damage":0,"enemies":"Writhing Mass","floor":41,"turns":6},{"damage":33,"enemies":"Nemesis","floor":46,"turns":9},{"damage":19,"enemies":"Sphere and 2 Shapes","floor":47,"turns":4},{"damage":6,"enemies":"Jaw Worm Horde","floor":48,"turns":4},{"damage":29,"enemies":"Donu and Deca","floor":50,"turns":7}],"seed_played":"2427173035551305565","potions_obtained":[{"floor":1,"key":"Weak Potion"},{"floor":2,"key":"DistilledChaos"},{"floor":7,"key":"SteroidPotion"},{"floor":11,"key":"Fire Potion"},{"floor":18,"key":"SteroidPotion"},{"floor":20,"key":"Dexterity Potion"},{"floor":22,"key":"Regen Potion"},{"floor":23,"key":"SteroidPotion"},{"floor":46,"key":"PotionOfCapacity"}],"is_trial":false,"path_per_floor":["M","M","$","M","M","R","E","R","T","R","M","R","?","?","R","B",null,"M","$","M","M","M","M","?","T","T","R","$","?","E","?","R","B",null,"M","M","M","M","$","E","M","R","T","R","$","E","M","M","R","B",null],"character_chosen":"DEFECT","items_purchased":["Capacitor","OrangePellets","FTL","Whetstone","DollysMirror"],"campfire_rested":4,"item_purchase_floors":[19,19,28,45,45],"current_hp_per_floor":[74,74,74,72,72,72,52,52,52,52,52,52,36,36,60,20,67,67,67,67,67,56,60,60,60,60,60,60,44,34,34,60,53,79,79,67,65,42,42,47,47,47,47,75,75,42,23,17,45,16],"gold":73,"neow_bonus":"TEN_PERCENT_HP_BONUS","is_daily":false,"chose_seed":false,"campfire_upgraded":6,"win_rate":0.0,"timestamp":1610357944,"path_taken":["M","M","$","M","M","R","E","R","T","R","M","R","?","?","R","BOSS","M","?","M","?","M","M","?","?","T","R","$","?","E","?","R","BOSS","M","?","M","M","$","E","M","R","T","R","$","E","M","M","R","BOSS"],"items_purchased_type":["Card","Relic","Card","Relic","Relic"],"build_version":"2020-12-22","purchased_purges":1,"victory":true,"max_hp_per_floor":[82,82,82,82,82,82,82,82,82,82,82,82,82,82,82,82,82,82,82,82,82,82,82,82,82,82,82,82,87,87,87,87,87,87,87,87,87,87,87,94,94,94,94,94,94,94,94,94,94,94],"card_choices":[{"not_picked":["Melter","Force Field"],"picked":"Leap","floor":1},{"not_picked":["Reprogram","Gash"],"picked":"Undo","floor":2},{"not_picked":["Consume","Redo"],"picked":"Cold Snap","floor":4},{"not_picked":["White Noise","Coolheaded"],"picked":"Glacier","floor":5},{"not_picked":["Recycle","Barrage"],"picked":"Compile Driver","floor":7},{"not_picked":["Scrape","Barrage"],"picked":"Conserve Battery+1","floor":11},{"not_picked":["Creative AI","Multi-Cast+1"],"picked":"Electrodynamics","floor":16},{"not_picked":["Redo+1","Go for the Eyes","Storm+1"],"picked":"SKIP","floor":18},{"not_picked":["Leap+1","Stack+1"],"picked":"Coolheaded+1","floor":20},{"not_picked":["Leap+1","Beam Cell","Turbo+1"],"picked":"SKIP","floor":21},{"not_picked":["Self Repair","Sweeping Beam"],"picked":"Loop","floor":22},{"not_picked":["Rebound","Steam+1","Leap+1"],"picked":"SKIP","floor":23},{"not_picked":["Doom and Gloom","Scrape","Gash"],"picked":"SKIP","floor":30},{"not_picked":["Buffer","Fission+1"],"picked":"Echo Form","floor":33},{"not_picked":["Compile Driver","Redo+1","Consume+1"],"picked":"SKIP","floor":35},{"not_picked":["Rebound+1","Genetic Algorithm+1","Steam+1"],"picked":"SKIP","floor":36},{"not_picked":["Steam+1","Cold Snap"],"picked":"Ball Lightning","floor":37},{"not_picked":["Turbo+1","Cold Snap"],"picked":"Machine Learning","floor":38},{"not_picked":["Streamline+1","Tempest+1","Thunder Strike"],"picked":"SKIP","floor":40},{"not_picked":["Turbo+1","Ball Lightning","Multi-Cast+1"],"picked":"SKIP","floor":41},{"not_picked":["Gash","Cold Snap","Ball Lightning+1"],"picked":"SKIP","floor":46},{"not_picked":["Lockon","Compile Driver+1","Barrage+1"],"picked":"SKIP","floor":47},{"not_picked":["Beam Cell","Gash+1"],"picked":"Biased Cognition","floor":48}],"player_experience":267202,"relics_obtained":[{"floor":7,"key":"Matryoshka"},{"floor":9,"key":"Letter Opener"},{"floor":9,"key":"Toxic Egg 2"},{"floor":25,"key":"CeramicFish"},{"floor":26,"key":"Oddly Smooth Stone"},{"floor":30,"key":"Girya"},{"floor":40,"key":"Strawberry"},{"floor":43,"key":"DataDisk"},{"floor":46,"key":"Juzu Bracelet"}],"event_choices":[{"damage_healed":0,"gold_gain":0,"player_choice":"Entered Light","damage_taken":16,"max_hp_gain":0,"max_hp_loss":0,"event_name":"Shining Light","floor":13,"gold_loss":0,"cards_upgraded":["Undo","Strike_B"]},{"damage_healed":0,"gold_gain":0,"cards_transformed":["Strike_B"],"player_choice":"Transformed","damage_taken":0,"max_hp_gain":0,"max_hp_loss":0,"event_name":"Transmorgrifier","floor":14,"gold_loss":0,"cards_obtained":["Reboot"]},{"damage_healed":0,"gold_gain":0,"player_choice":"Ignored","damage_taken":0,"max_hp_gain":0,"max_hp_loss":0,"event_name":"Vampires","floor":24,"gold_loss":0},{"damage_healed":0,"gold_gain":0,"player_choice":"Shed Blood","damage_taken":21,"max_hp_gain":5,"max_hp_loss":0,"event_name":"Forgotten Altar","floor":29,"gold_loss":0},{"damage_healed":0,"gold_gain":0,"player_choice":"Traded Relic","damage_taken":0,"relics_obtained":["Nloth\u0027s Gift"],"max_hp_gain":0,"max_hp_loss":0,"event_name":"N\u0027loth","floor":31,"relics_lost":["CeramicFish"],"gold_loss":0}],"is_beta":false,"boss_relics":[{"not_picked":["Coffee Dripper","Snecko Eye"],"picked":"Astrolabe"},{"not_picked":["SacredBark","Runic Pyramid"],"picked":"Nuclear Battery"}],"items_purged_floors":[19],"is_endless":false,"potions_floor_spawned":[1,2,7,11,18,20,22,23,37,41,46,48],"ascension_level":6}}