{"host":"1hzg86ju9fvxh562","time":1610404239,"event":{"mods":["AchievementEnabler","Act Like it!","AlwaysNeverKeys","BaseMod","Bestiary","Better Altar","Better Match","Better Note","Better Sensory Stone","Better Skull","Better Third Choice","Colored Map","Colored Powertips","Curses Come First","Displayed Cursed Tome","Filter the Spire","Highlight Path","Keyboard Shortcuts","Minty Spire (QoL Compilation)","Rare Cards Sparkle","Relic Sorter","Relic Stats","Spicy Shops","StSLib","everything is the same but u backflip on backflip","slay the spire mod where everything is the same but ironclad has a cowboy hat"],"gold_per_floor":[119,194,213,226,151,186,186,220,220,235,37,37,66,82,82,187,187,205,205,224,43,43,68,96,69,146,180,198,198,231,248,248,353,353,368,368,105,122,136,166,216,232,282,308,308,107,122,132,132,132,132,132,19,44,44],"floor_reached":56,"playtime":5897,"items_purged":["Defend_G","Defend_G","Defend_G","Defend_G","Pain"],"score":2098,"play_id":"852e945e-903c-4ec5-8d13-368846bc396c","local_time":"20210111203039","is_ascension_mode":true,"campfire_choices":[{"floor":7.0,"key":"REST"},{"data":"Predator","floor":15.0,"key":"SMITH"},{"data":"Tactician","floor":29.0,"key":"SMITH"},{"data":"Wraith Form v2","floor":32.0,"key":"SMITH"},{"floor":45,"key":"RECALL"},{"data":"Wraith Form v2","floor":49,"key":"SMITH"},{"data":"Wraith Form v2","floor":52,"key":"SMITH"}],"circlet_count":0,"master_deck":["AscendersBane","Strike_G","Strike_G","Defend_G","Survivor","Neutralize","Predator+1","Backflip+1","Terror+1","Backflip","Die Die Die","Acrobatics","PiercingWail","Eviscerate+1","Wraith Form v2+1","Calculated Gamble+1","Dash+1","Wraith Form v2+1","Blur+1","Acrobatics","Tactician+1","Choke+1","Wraith Form v2+1","Tactician+1","Acrobatics","Choke+1","Wraith Form v2+1","Reflex","Tools of the Trade"],"relics":["Snecko Eye","Bottled Lightning","The Courier","Molten Egg 2","Bag of Preparation","War Paint","Pantograph","Astrolabe","Vajra","Bag of Marbles","Red Mask","InkBottle","Mummified Hand","Cursed Key","Orrery","Lantern","CaptainsWheel","Boot","Gambling Chip","Art of War"],"acts_visited":["Exordium","TheCity","TheBeyond","TheEnding"],"potions_floor_usage":[],"damage_taken":[{"damage":5.0,"enemies":"Small Slimes","floor":1.0,"turns":6.0},{"damage":0.0,"enemies":"Cultist","floor":3.0,"turns":3.0},{"damage":0.0,"enemies":"2 Louse","floor":4.0,"turns":2.0},{"damage":18.0,"enemies":"Gremlin Nob","floor":6.0,"turns":4.0},{"damage":17.0,"enemies":"3 Sentries","floor":8.0,"turns":11.0},{"damage":0.0,"enemies":"Blue Slaver","floor":10.0,"turns":3.0},{"damage":8.0,"enemies":"Gremlin Nob","floor":13.0,"turns":4.0},{"damage":0.0,"enemies":"Looter","floor":14.0,"turns":2.0},{"damage":20.0,"enemies":"The Guardian","floor":16.0,"turns":7.0},{"damage":0.0,"enemies":"3 Byrds","floor":18.0,"turns":3.0},{"damage":0.0,"enemies":"Chosen","floor":20.0,"turns":3.0},{"damage":20.0,"enemies":"Slavers","floor":23.0,"turns":7.0},{"damage":0.0,"enemies":"Masked Bandits","floor":24.0,"turns":2.0},{"damage":0.0,"enemies":"Book of Stabbing","floor":27.0,"turns":4.0},{"damage":1.0,"enemies":"Shelled Parasite and Fungi","floor":28.0,"turns":2.0},{"damage":6.0,"enemies":"Slavers","floor":30.0,"turns":2.0},{"damage":0.0,"enemies":"Chosen and Byrds","floor":31.0,"turns":3.0},{"damage":0.0,"enemies":"Collector","floor":33.0,"turns":3.0},{"damage":3.0,"enemies":"3 Shapes","floor":35.0,"turns":2.0},{"damage":0.0,"enemies":"3 Darklings","floor":38.0,"turns":1.0},{"damage":0.0,"enemies":"Maw","floor":39.0,"turns":3.0},{"damage":0.0,"enemies":"Nemesis","floor":40.0,"turns":3.0},{"damage":0.0,"enemies":"Mind Bloom Boss Battle","floor":41.0,"turns":3.0},{"damage":0,"enemies":"Writhing Mass","floor":42,"turns":3},{"damage":5,"enemies":"Giant Head","floor":44,"turns":3},{"damage":0,"enemies":"3 Darklings","floor":47,"turns":2},{"damage":0,"enemies":"Sphere and 2 Shapes","floor":48,"turns":1},{"damage":0,"enemies":"Donu and Deca","floor":50,"turns":5},{"damage":0,"enemies":"Shield and Spear","floor":54,"turns":4},{"damage":28,"enemies":"The Heart","floor":55,"turns":6}],"seed_played":"-8721614323596379862","potions_obtained":[{"floor":4.0,"key":"Regen Potion"},{"floor":8.0,"key":"Energy Potion"},{"floor":10.0,"key":"Explosive Potion"},{"floor":13.0,"key":"SkillPotion"},{"floor":14.0,"key":"EssenceOfSteel"},{"floor":19.0,"key":"Fire Potion"},{"floor":23.0,"key":"Fire Potion"},{"floor":31.0,"key":"ColorlessPotion"},{"floor":35.0,"key":"FairyPotion"},{"floor":44,"key":"GamblersBrew"}],"is_trial":false,"path_per_floor":["M","?","M","M","$","E","R","E","T","M","$","?","E","M","R","B",null,"M","?","M","$","?","E","?","$","T","E","M","R","E","M","R","B",null,"M","?","$","M","M","E","?","M","T","E","R","$","M","M","R","B",null,"R","$","E","B",null],"character_chosen":"THE_SILENT","items_purchased":["Bag of Preparation","Acrobatics","Vajra","Tactician","Acrobatics","Orrery","Reflex","Tools of the Trade"],"campfire_rested":1,"item_purchase_floors":[11,21,21,25,37,37,46,53],"current_hp_per_floor":[58,47,47,47,47,29,50,48,48,48,48,48,40,40,40,45,64,64,64,64,64,64,44,44,44,44,44,43,43,37,37,37,62,68,65,65,65,65,65,65,70,70,70,65,65,65,65,65,65,70,70,70,70,70,42],"gold":44,"neow_bonus":"BOSS_RELIC","is_daily":false,"chose_seed":false,"campfire_upgraded":5,"win_rate":0.0,"timestamp":1610404239,"path_taken":["M","?","M","M","$","E","R","E","T","M","$","?","E","M","R","BOSS","M","?","?","$","?","E","?","?","T","E","M","R","E","M","R","BOSS","M","?","$","M","?","E","?","M","T","E","R","$","M","M","R","BOSS","R","$","E","BOSS"],"items_purchased_type":["Relic","Card","Relic","Card","Card","Relic","Card","Card"],"build_version":"2020-12-22","purchased_purges":5,"victory":true,"max_hp_per_floor":[70,70,70,70,70,70,70,70,70,70,70,70,70,70,70,70,70,70,70,70,70,70,70,70,70,70,70,70,70,70,70,70,70,70,70,70,70,70,70,70,70,70,70,70,70,70,70,70,70,70,70,70,70,70,70],"relic_stats":{"counters":[30,107],"Astrolabe":["Calculated Gamble","Dash","Wraith Form v2"],"Bag of Preparation":[48],"War Paint":["Backflip","Terror"],"Cursed Key":1,"Boot":[8],"Mummified Hand":[79],"Pantograph":60,"Gambling Chip":[17],"Snecko Eye":[299,339,310,296],"Art of War":[0],"obtain_stats":[{"Lantern":40,"Astrolabe":17,"Vajra":21,"The Courier":8,"Bag of Preparation":11,"War Paint":12,"Cursed Key":34,"Boot":43,"CaptainsWheel":41,"Mummified Hand":30,"Pantograph":13,"Gambling Chip":44,"Snecko Eye":0,"Orrery":37,"Molten Egg 2":9,"Bag of Marbles":23,"Red Mask":24,"Art of War":54,"Bottled Lightning":6,"InkBottle":27,"Ring of the Snake":0},{"Lantern":22,"Astrolabe":9,"Vajra":11,"The Courier":5,"Bag of Preparation":6,"War Paint":6,"Cursed Key":18,"Boot":24,"CaptainsWheel":23,"Mummified Hand":16,"Pantograph":7,"Gambling Chip":25,"Snecko Eye":0,"Orrery":19,"Molten Egg 2":5,"Bag of Marbles":12,"Red Mask":13,"Art of War":29,"Bottled Lightning":4,"InkBottle":14,"Ring of the Snake":0},{"Lantern":80,"Astrolabe":42,"Vajra":48,"The Courier":26,"Bag of Preparation":29,"War Paint":29,"Cursed Key":71,"Boot":86,"CaptainsWheel":83,"Mummified Hand":65,"Pantograph":33,"Gambling Chip":89,"Snecko Eye":0,"Orrery":73,"Molten Egg 2":26,"Bag of Marbles":55,"Red Mask":57,"Art of War":101,"Bottled Lightning":15,"InkBottle":61,"Ring of the Snake":0}],"InkBottle":[35]},"card_choices":[{"not_picked":["PiercingWail","Riddle With Holes"],"picked":"Predator","floor":1.0},{"not_picked":["Infinite Blades","Sucker Punch"],"picked":"Backflip","floor":3.0},{"not_picked":["Flying Knee","Sucker Punch"],"picked":"Terror","floor":4.0},{"not_picked":["Reflex","Dodge and Roll"],"picked":"Backflip","floor":6.0},{"not_picked":["Bouncing Flask","PiercingWail"],"picked":"Die Die Die","floor":8.0},{"not_picked":["Noxious Fumes","Backflip"],"picked":"Acrobatics","floor":10.0},{"not_picked":["Sucker Punch+1","Expertise"],"picked":"PiercingWail","floor":13.0},{"not_picked":["Prepared","Cloak And Dagger"],"picked":"Eviscerate+1","floor":14.0},{"not_picked":["Tools of the Trade","After Image"],"picked":"Wraith Form v2","floor":16.0},{"not_picked":["Catalyst","Dagger Spray+1","Cloak And Dagger"],"picked":"SKIP","floor":18.0},{"not_picked":["Heel Hook+1","Underhanded Strike+1"],"picked":"Blur+1","floor":20.0},{"not_picked":["Blade Dance","Catalyst","Bouncing Flask"],"picked":"SKIP","floor":23.0},{"not_picked":["Poisoned Stab+1","Blade Dance","Concentrate+1"],"picked":"SKIP","floor":27.0},{"not_picked":["Blur","Footwork"],"picked":"Choke+1","floor":28.0},{"not_picked":["Backflip","Bane+1"],"picked":"Wraith Form v2","floor":30.0},{"not_picked":["Poisoned Stab+1","Deflect+1","Calculated Gamble"],"picked":"SKIP","floor":31.0},{"not_picked":["Flying Knee+1","Accuracy+1"],"picked":"Tactician","floor":35.0},{"not_picked":["Outmaneuver+1","Blade Dance+1"],"picked":"Choke+1","floor":37.0},{"not_picked":["Backflip","Outmaneuver","PiercingWail"],"picked":"SKIP","floor":38.0},{"not_picked":["Underhanded Strike+1","Dagger Throw+1"],"picked":"Wraith Form v2","floor":39.0},{"not_picked":["Poisoned Stab+1","All Out Attack+1","Flechettes+1"],"picked":"SKIP","floor":40.0},{"not_picked":["Dagger Throw+1","Sucker Punch+1","Slice+1"],"picked":"SKIP","floor":42},{"not_picked":["Sucker Punch+1","Catalyst+1","Cloak And Dagger"],"picked":"SKIP","floor":44},{"not_picked":["Blade Dance+1","Poisoned Stab+1","Cloak And Dagger"],"picked":"SKIP","floor":47},{"not_picked":["Blur+1","Dodge and Roll+1","Dagger Spray+1"],"picked":"SKIP","floor":48},{"not_picked":["Slice+1","Terror+1","Corpse Explosion"],"picked":"SKIP","floor":54}],"player_experience":455086,"relics_obtained":[{"floor":6.0,"key":"Bottled Lightning"},{"floor":8.0,"key":"The Courier"},{"floor":9.0,"key":"Molten Egg 2"},{"floor":13.0,"key":"Pantograph"},{"floor":23.0,"key":"Bag of Marbles"},{"floor":24.0,"key":"Red Mask"},{"floor":27.0,"key":"InkBottle"},{"floor":30.0,"key":"Mummified Hand"},{"floor":40.0,"key":"Lantern"},{"floor":41.0,"key":"CaptainsWheel"},{"floor":43,"key":"Boot"},{"floor":44,"key":"Gambling Chip"},{"floor":54,"key":"Art of War"}],"event_choices":[{"damage_healed":0.0,"max_hp_gain":0.0,"max_hp_loss":0.0,"gold_gain":75.0,"event_name":"betterThird:BetterGoop","player_choice":"Gold","floor":2.0,"gold_loss":0.0,"damage_taken":11.0},{"damage_healed":0.0,"max_hp_gain":0.0,"max_hp_loss":0.0,"gold_gain":0.0,"event_name":"WeMeetAgain","player_choice":"Gave Potion","floor":12.0,"gold_loss":0.0,"damage_taken":0.0,"relics_obtained":["War Paint"]},{"damage_healed":0.0,"max_hp_gain":0.0,"max_hp_loss":0.0,"gold_gain":0.0,"event_name":"Lab","player_choice":"Got Potions","floor":19.0,"gold_loss":0.0,"damage_taken":0.0},{"damage_healed":0.0,"max_hp_gain":0.0,"max_hp_loss":0.0,"gold_gain":0.0,"event_name":"Vampires","player_choice":"Ignored","floor":22.0,"gold_loss":0.0,"damage_taken":0.0},{"damage_healed":0.0,"max_hp_gain":0.0,"max_hp_loss":0.0,"gold_gain":0.0,"event_name":"Masked Bandits","player_choice":"Fought Bandits","floor":24.0,"gold_loss":0.0,"damage_taken":0.0},{"damage_healed":0.0,"max_hp_gain":0.0,"max_hp_loss":0.0,"gold_gain":0.0,"event_name":"Accursed Blacksmith","player_choice":"Forge","floor":36.0,"gold_loss":0.0,"damage_taken":0.0,"cards_upgraded":["Tactician"]},{"damage_healed":0.0,"max_hp_gain":0.0,"max_hp_loss":0.0,"gold_gain":0.0,"event_name":"MindBloom","player_choice":"Fight","floor":41.0,"gold_loss":0.0,"damage_taken":0.0}],"is_beta":false,"boss_relics":[{"not_picked":["Empty Cage","Fusion Hammer"],"picked":"Astrolabe"},{"not_picked":["WristBlade","Black Star"],"picked":"Cursed Key"}],"items_purged_floors":[5,11,21,37,46],"is_endless":false,"potions_floor_spawned":[4,8,10,13,14,23,28,31,33,35,42,44,47],"ascension_level":11}}