{"host":"363c1o4m0ew2jbar","time":1610325409,"event":{"mods":["AchievementEnabler","BaseMod","Better Note","Downfall","Hubris","Minty Spire (QoL Compilation)","Spicy Shops","StSLib"],"gold_per_floor":[99,109,109,109,121,135,158,83,96,107,126,151,61,77,92,197,197,197,207,207,226,226,226,253,253,96,114,130,165,165,181,199,298,298,298,309,323,323,341,341,366,177,189,237,237,237,237],"floor_reached":45,"playtime":2877,"items_purged":["hexamod:Strike","hexamod:Defend","hexamod:Defend"],"score":606,"play_id":"f19f33bc-8852-4348-b2c9-b5250fed3459","local_time":"20210110143649","is_ascension_mode":true,"campfire_choices":[{"floor":1,"key":"RECALL"},{"data":"hexamod:ThermalTransfer","floor":8,"key":"SMITH"},{"data":"hexamod:TimeOfNeed","floor":18,"key":"SMITH"},{"data":"hexamod:RadiantFlame","floor":23,"key":"SMITH"},{"data":"hexamod:TimeWarp","floor":25,"key":"SMITH"},{"floor":30,"key":"REST"},{"data":"hexamod:Strike","floor":35,"key":"PURGE"},{"floor":40,"key":"REST"}],"circlet_count":0,"master_deck":["hexamod:Strike","hexamod:Strike","hexamod:Defend","hexamod:Defend","hexamod:Float","hexamod:TimeWarp+1","hexamod:ThermalTransfer+1","hexamod:CrushingStance","hexamod:GhostflameBarrier","hexamod:AdvancingGuard","hexamod:RadiantFlame+1","hexamod:TimeOfNeed+1","hexamod:ThirdSeal","hexamod:FirstSeal","hexamod:GhostOfSpirePast+1","hexamod:FourthSeal","hexamod:EmpoweringStance+1","hexamod:WildfireWeapon","hexamod:InspiringFlames+1","hexamod:EmpoweredFlame","expansioncontent:DefensiveMode"],"relics":["hexamod:SpiritBrand","hubris:Towel","hubris:TenFootPole","downfall:HeartBlessingRed","hubris:OldNail","hubris:TerracottaHorce","hexamod:BolsterEngine","Peace Pipe","Bottled Lightning","Black Star","Blood Vial","hubris:EmptyBottle"],"acts_visited":["Exordium","TheCity","TheBeyond"],"potions_floor_usage":[13,16,26,29,29,29,31,31,33,33,33,36,42,43,44,45,45,45,45],"damage_taken":[{"damage":3,"enemies":"Jaw Worm","floor":2,"turns":4},{"damage":0,"enemies":"Small Slimes","floor":5,"turns":3},{"damage":0,"enemies":"Cultist","floor":6,"turns":3},{"damage":0,"enemies":"Blue Slaver","floor":9,"turns":3},{"damage":0,"enemies":"Lots of Slimes","floor":10,"turns":3},{"damage":1,"enemies":"Exordium Wildlife","floor":11,"turns":3},{"damage":0,"enemies":"Gremlin Nob","floor":12,"turns":3},{"damage":0,"enemies":"downfall:FleeingMerchant","floor":13,"turns":4},{"damage":0,"enemies":"Gremlin Gang","floor":14,"turns":4},{"damage":5,"enemies":"Exordium Thugs","floor":15,"turns":3},{"damage":31,"enemies":"downfall:Silent","floor":16,"turns":9},{"damage":4,"enemies":"Spheric Guardian","floor":19,"turns":4},{"damage":6,"enemies":"Centurion and Healer","floor":21,"turns":7},{"damage":9,"enemies":"downfall:FleeingMerchant","floor":26,"turns":4},{"damage":15,"enemies":"Snake Plant","floor":27,"turns":4},{"damage":2,"enemies":"Shelled Parasite and Fungi","floor":28,"turns":4},{"damage":35,"enemies":"Gremlin Leader","floor":29,"turns":5},{"damage":2,"enemies":"Centurion and Healer","floor":31,"turns":6},{"damage":10,"enemies":"3 Cultists","floor":32,"turns":6},{"damage":9,"enemies":"downfall:Watcher","floor":33,"turns":9},{"damage":14,"enemies":"3 Darklings","floor":36,"turns":4},{"damage":13,"enemies":"Orb Walker","floor":37,"turns":5},{"damage":15,"enemies":"Jaw Worm Horde","floor":39,"turns":5},{"damage":0,"enemies":"downfall:FleeingMerchant","floor":42,"turns":4},{"damage":39,"enemies":"Writhing Mass","floor":43,"turns":6},{"damage":4,"enemies":"downfall:FleeingMerchant","floor":44,"turns":4},{"damage":78,"enemies":"Giant Head","floor":45,"turns":11}],"seed_played":"1590451049731130746","potions_obtained":[{"floor":2,"key":"AttackPotion"},{"floor":5,"key":"FearPotion"},{"floor":11,"key":"hexamod:InfernoChargePotion"},{"floor":16,"key":"Fire Potion"},{"floor":27,"key":"AttackPotion"},{"floor":28,"key":"Explosive Potion"},{"floor":29,"key":"EntropicBrew"},{"floor":31,"key":"champ:CounterPotion"},{"floor":31,"key":"Weak Potion"},{"floor":32,"key":"CultistPotion"},{"floor":33,"key":"PowerPotion"},{"floor":36,"key":"Regen Potion"},{"floor":42,"key":"Fruit Juice"},{"floor":43,"key":"Weak Potion"},{"floor":44,"key":"Guardian:BlockOnCardUsePotion"}],"is_trial":false,"path_per_floor":["R","M","?","?","M","M","T","R","M","M","M","E","$","M","M","B",null,"R","M","?","M","?","R","T","R","$","M","M","E","R","M","M","B",null,"R","M","M","?","M","R","T","$","M","$","E"],"character_chosen":"THE_SPIRIT","items_purchased":["Peace Pipe","hubris:EmptyBottle","hexamod:EmpoweredFlame","expansioncontent:DefensiveMode"],"campfire_rested":2,"item_purchase_floors":[26,42,44,44],"current_hp_per_floor":[63,60,60,60,60,60,60,60,60,60,59,59,59,59,54,23,58,58,54,54,48,48,48,48,48,46,38,43,15,36,41,38,29,60,60,53,47,47,39,60,60,74,52,71,0,0,0],"gold":237,"neow_bonus":"ONE_RANDOM_RARE_CARD","is_daily":false,"chose_seed":false,"campfire_upgraded":4,"win_rate":0.0,"timestamp":1610325409,"path_taken":["R","M","?","?","?","M","T","R","M","M","M","E","$","M","M","BOSS","R","M","?","M","?","R","T","R","$","M","M","E","R","?","M","BOSS","R","M","M","?","M","R","T","$","M","$","E"],"items_purchased_type":["Relic","Relic","Card","Card"],"build_version":"2020-12-22","purchased_purges":3,"victory":false,"max_hp_per_floor":[70,70,70,70,70,70,70,70,70,70,70,70,70,70,70,70,70,70,70,70,70,70,70,70,70,70,70,70,70,70,70,70,70,70,70,70,70,70,70,70,70,75,75,75,75,75,75],"card_choices":[{"not_picked":["hexamod:SkipABeat","hexamod:NightmareStrike","hexamod:SuperheatedStrike"],"picked":"SKIP","floor":2},{"not_picked":["hexamod:FastForward","hexamod:HeatShield","hexamod:ShieldOfDarkness"],"picked":"SKIP","floor":5},{"not_picked":["hexamod:Hexaguard","hexamod:FastForward","hexamod:ShieldOfDarkness"],"picked":"SKIP","floor":6},{"not_picked":["hexamod:SpectersWail","hexamod:SuperheatedStrike"],"picked":"hexamod:CrushingStance","floor":9},{"not_picked":["hexamod:ChargedBarrage","hexamod:NightmareStrike"],"picked":"hexamod:Firestarter","floor":10},{"not_picked":["hexamod:Incineration","hexamod:HeatShield"],"picked":"hexamod:GhostflameBarrier","floor":11},{"not_picked":["hexamod:BurningTouch","hexamod:SpectersWail"],"picked":"hexamod:AdvancingGuard","floor":12},{"not_picked":["hexamod:Again","hexamod:ShieldOfDarkness","hexamod:PhantomFireball"],"picked":"SKIP","floor":13},{"not_picked":["hexamod:Hexaguard","hexamod:PhantomCloak"],"picked":"hexamod:RadiantFlame","floor":14},{"not_picked":["hexamod:RetreatToShadows","hexamod:SuperheatedStrike","hexamod:DynamicBlow"],"picked":"SKIP","floor":15},{"not_picked":["hexamod:UnleashSpirits","hexamod:GiftsFromTheDead"],"picked":"hexamod:TimeOfNeed","floor":16},{"not_picked":["hexamod:StepThrough","hexamod:ThermalTransfer","hexamod:FastForward"],"picked":"SKIP","floor":19},{"not_picked":["hexamod:ThermalTransfer","hexamod:GhostLash"],"picked":"hexamod:FirstSeal","floor":21},{"not_picked":["hexamod:SwordOfDarkness","hexamod:GhostflameBarrier","hexamod:GhostLash+1"],"picked":"SKIP","floor":21},{"not_picked":["hexamod:Hexaguard","hexamod:TurnItUp"],"picked":"hexamod:GhostOfSpirePast+1","floor":26},{"not_picked":["hexamod:CatchUp+1","hexamod:FastForward","hexamod:NightmareGuise"],"picked":"SKIP","floor":26},{"not_picked":["hexamod:InspiringFlames","hexamod:PhantomFireball","hexamod:GhostOfSpirePast"],"picked":"SKIP","floor":27},{"not_picked":["hexamod:Again","hexamod:GhostLash","hexamod:CrushingStance"],"picked":"SKIP","floor":27},{"not_picked":["hexamod:SpectralSpark","hexamod:Haunt"],"picked":"hexamod:FourthSeal","floor":28},{"not_picked":["hexamod:RainOfEmbers","hexamod:GhostLash","hexamod:PhantomCloak"],"picked":"SKIP","floor":28},{"not_picked":["hexamod:Incineration+1","hexamod:SpectralSpark"],"picked":"hexamod:EmpoweringStance","floor":29},{"not_picked":["hexamod:GhostflameBarrier","hexamod:SwordOfDarkness","hexamod:Haunt"],"picked":"SKIP","floor":29},{"not_picked":["hexamod:Incineration","hexamod:AdvancingGuard","hexamod:GhostLash"],"picked":"SKIP","floor":31},{"not_picked":["hexamod:ThermalTransfer+1","hexamod:NightmareStrike","hexamod:EtherealExpedition"],"picked":"SKIP","floor":31},{"not_picked":["hexamod:RadiantFlame","hexamod:NightmareGuise","hexamod:PhantomCloak"],"picked":"SKIP","floor":32},{"not_picked":["hexamod:GhostflameBarrier+1","hexamod:NightmareStrike+1","hexamod:SuperheatedStrike"],"picked":"SKIP","floor":36},{"not_picked":["hexamod:RecurringNightmare+1","hexamod:SpectersWail","hexamod:NecessarySacrifice"],"picked":"SKIP","floor":36},{"not_picked":["hexamod:Firestarter","hexamod:ShieldOfDarkness+1"],"picked":"hexamod:WildfireWeapon","floor":37},{"not_picked":["hexamod:DynamicBlow+1","hexamod:HauntingEcho","hexamod:Hexaguard+1"],"picked":"SKIP","floor":37},{"not_picked":["hexamod:InspiringFlames+1","hexamod:Again+1","hexamod:BurningTouch"],"picked":"SKIP","floor":39},{"not_picked":["hexamod:Again+1","hexamod:BurningTouch"],"picked":"hexamod:InspiringFlames+1","floor":39},{"not_picked":["hexamod:SpectersWail+1","hexamod:SwordOfDarkness","hexamod:PhantomFireball+1"],"picked":"SKIP","floor":42},{"not_picked":["hexamod:RetreatToShadows","hexamod:StepThrough","hexamod:InspiringFlames"],"picked":"SKIP","floor":42},{"not_picked":["hexamod:SuperheatedStrike+1","hexamod:SpectralAdrenaline","hexamod:SpectersWail"],"picked":"SKIP","floor":43},{"not_picked":["hexamod:GhostOfSpirePast+1","hexamod:GhostOfSpireFuture","hexamod:FlamesFromBeyond+1"],"picked":"SKIP","floor":43},{"not_picked":["hexamod:RadiantFlame","hexamod:ShieldOfDarkness+1","hexamod:BacktrackSmack"],"picked":"SKIP","floor":44},{"not_picked":["hexamod:SpectersWail+1","hexamod:FastForward","hexamod:HeatCrush+1"],"picked":"SKIP","floor":44}],"player_experience":1185048,"relics_obtained":[{"floor":7,"key":"hubris:TenFootPole"},{"floor":12,"key":"hubris:OldNail"},{"floor":24,"key":"hexamod:BolsterEngine"},{"floor":29,"key":"Bottled Lightning"},{"floor":41,"key":"Blood Vial"}],"event_choices":[{"damage_healed":0,"gold_gain":0,"cards_transformed":["hexamod:Sear"],"player_choice":"Transformed","damage_taken":0,"max_hp_gain":0,"max_hp_loss":0,"event_name":"Transmorgrifier","floor":4,"gold_loss":0,"cards_obtained":["hexamod:ThermalTransfer"]},{"damage_healed":0,"gold_gain":0,"player_choice":"Forge","damage_taken":0,"max_hp_gain":0,"max_hp_loss":0,"event_name":"Accursed Blacksmith","floor":38,"gold_loss":0,"cards_upgraded":["hexamod:EmpoweringStance"]}],"is_beta":false,"boss_relics":[{"not_picked":["Tiny House","Runic Pyramid"],"picked":"hubris:TerracottaHorce"},{"not_picked":["hubris:GrandSneckoEye","expansioncontent:StudyCardRelic"],"picked":"Black Star"}],"items_purged_floors":[13,42,44],"is_endless":false,"potions_floor_spawned":[2,5,11,12,16,27,28,31,33,37,43],"killed_by":"Giant Head","ascension_level":6}}