{"host":"ovxa65d68iy9l57e","time":1610405695,"event":{"mods":["AchievementEnabler","BaseMod","Better Altar","Better Skull","Better Vampires","Colored Map","Curses Come First","Minty Spire (QoL Compilation)","Relic Stats","StSLib"],"gold_per_floor":[14,28,42,55,10,10,20,50,100,100,216,231,231,35,35,133,133,152,30,0,18,32,32,32,32],"floor_reached":24,"playtime":1515,"items_purged":[],"score":216,"play_id":"f72e5201-a9df-4cac-8454-f73183c06a08","local_time":"20210111235455","is_ascension_mode":true,"campfire_choices":[{"data":"Dualcast","floor":6,"key":"SMITH"},{"data":"Zap","floor":10,"key":"SMITH"},{"data":"Turbo","floor":13,"key":"SMITH"},{"data":"Coolheaded","floor":15,"key":"SMITH"},{"data":"Core Surge","floor":23,"key":"SMITH"}],"circlet_count":0,"master_deck":["Strike_B","Defend_B","Defend_B","Defend_B","Zap+1","Dualcast+1","Hologram","Coolheaded+1","Conserve Battery","Turbo+1","Ball Lightning","Sweeping Beam","Streamline","Core Surge+1","Melter+1","Compile Driver+1"],"relics":["Cracked Core","The Courier","Nunchaku","Meat on the Bone","Empty Cage","Orichalcum"],"acts_visited":["Exordium","TheCity"],"potions_floor_usage":[4,16,18,22],"damage_taken":[{"damage":1,"enemies":"Cultist","floor":1,"turns":3},{"damage":11,"enemies":"Small Slimes","floor":2,"turns":4},{"damage":12,"enemies":"2 Louse","floor":3,"turns":3},{"damage":0,"enemies":"Large Slime","floor":4,"turns":4},{"damage":7,"enemies":"Red Slaver","floor":7,"turns":3},{"damage":3,"enemies":"Blue Slaver","floor":12,"turns":3},{"damage":13,"enemies":"Hexaghost","floor":16,"turns":7},{"damage":24,"enemies":"Spheric Guardian","floor":18,"turns":6},{"damage":5,"enemies":"2 Thieves","floor":21,"turns":4},{"damage":7,"enemies":"Chosen and Byrds","floor":22,"turns":5},{"damage":43,"enemies":"Slavers","floor":24,"turns":4}],"seed_played":"-6406857573902536035","potions_obtained":[{"floor":1,"key":"Fire Potion"},{"floor":4,"key":"CultistPotion"},{"floor":16,"key":"SpeedPotion"},{"floor":21,"key":"DistilledChaos"}],"is_trial":false,"path_per_floor":["M","M","M","M","$","R","M","?","T","R","?","M","R","$","R","B",null,"M","$","?","M","M","R","E"],"character_chosen":"DEFECT","items_purchased":["Ball Lightning","Meat on the Bone","Orichalcum"],"campfire_rested":0,"item_purchase_floors":[5,14,19],"current_hp_per_floor":[74,63,51,51,51,51,44,44,44,44,36,33,33,33,33,32,75,51,51,51,46,39,39,0,0],"gold":32,"neow_bonus":"REMOVE_TWO","is_daily":false,"chose_seed":false,"campfire_upgraded":5,"win_rate":0.0,"timestamp":1610405695,"path_taken":["M","M","M","M","$","R","?","?","T","R","?","M","R","$","R","BOSS","M","?","?","M","M","R","E"],"items_purchased_type":["Card","Relic","Relic"],"build_version":"2020-12-22","purchased_purges":0,"victory":false,"max_hp_per_floor":[75,75,75,75,75,75,75,75,75,75,75,75,75,75,75,75,75,75,75,75,75,75,75,75,75],"relic_stats":{"Nunchaku":[4],"counters":[11,46],"Orichalcum":[12],"obtain_stats":[{"Nunchaku":9,"The Courier":8,"Orichalcum":19,"Cracked Core":0,"Empty Cage":17,"Meat on the Bone":14},{"Nunchaku":5,"The Courier":5,"Orichalcum":8,"Cracked Core":0,"Empty Cage":7,"Meat on the Bone":6},{"Nunchaku":17,"The Courier":17,"Orichalcum":33,"Cracked Core":0,"Empty Cage":27,"Meat on the Bone":20}],"Meat on the Bone":12},"card_choices":[{"not_picked":["Force Field","Recycle"],"picked":"Hologram","floor":1},{"not_picked":["Darkness","BootSequence"],"picked":"Coolheaded","floor":2},{"not_picked":["Hologram","Heatsinks"],"picked":"Conserve Battery","floor":3},{"not_picked":["Coolheaded","Hologram"],"picked":"Turbo","floor":4},{"not_picked":["Ball Lightning","Gash"],"picked":"Sweeping Beam","floor":7},{"not_picked":["Fusion","Recycle"],"picked":"Streamline","floor":12},{"not_picked":["All For One","Thunder Strike"],"picked":"Core Surge","floor":16},{"not_picked":["Ball Lightning","Stack"],"picked":"Melter+1","floor":18},{"not_picked":["Darkness+1","Cold Snap","Aggregate"],"picked":"SKIP","floor":21},{"not_picked":["Turbo","Reinforced Body"],"picked":"Compile Driver+1","floor":22}],"player_experience":265069,"relics_obtained":[{"floor":9,"key":"Nunchaku"}],"event_choices":[{"damage_healed":0,"gold_gain":30,"player_choice":"Searched \u00273\u0027 times","damage_taken":0,"relics_obtained":["The Courier"],"max_hp_gain":0,"max_hp_loss":0,"event_name":"Dead Adventurer","floor":8,"gold_loss":0},{"damage_healed":0,"gold_gain":116,"player_choice":"GO ","damage_taken":9,"relics_obtained":[],"max_hp_gain":0,"max_hp_loss":0,"event_name":"betterSkull:BetterSkull","floor":11,"gold_loss":0,"cards_upgraded":[]},{"damage_healed":0,"gold_gain":0,"player_choice":"Paid Fearfully","damage_taken":0,"max_hp_gain":0,"max_hp_loss":0,"event_name":"Masked Bandits","floor":20,"gold_loss":30}],"is_beta":false,"boss_relics":[{"not_picked":["Snecko Eye","Tiny House"],"picked":"Empty Cage"}],"items_purged_floors":[],"is_endless":false,"potions_floor_spawned":[1,4,16,21],"killed_by":"Slavers","ascension_level":3}}