{"host":"51f0ad793vly1w6u","time":1610367392,"event":{"mods":["BaseMod","Colored Map","DeckTracker","Hermit","Minty Spire (QoL Compilation)","StSLib","SuperFastMode"],"gold_per_floor":[113,132,142,142,161,161,161,189,189,189,239,273,198,214,214,314,314,325,335,335,195,195,226,242,242,242,257,272,286,6,6,6],"floor_reached":31,"playtime":869,"items_purged":["hermit:Strike_Hermit","hermit:Defend_Hermit","hermit:Snapshot"],"score":294,"play_id":"f1696739-fc5c-45c4-8363-87ba6e3d5fde","local_time":"20210111211632","is_ascension_mode":true,"campfire_choices":[{"data":"hermit:Manifest","floor":6,"key":"SMITH"},{"data":"hermit:WideOpen","floor":10,"key":"SMITH"},{"data":"hermit:LuckOfTheDraw","floor":15,"key":"SMITH"},{"data":"hermit:FatalDesire","floor":25,"key":"SMITH"}],"circlet_count":0,"master_deck":["hermit:Strike_Hermit+1","hermit:Defend_Hermit+1","hermit:Defend_Hermit","hermit:Covet","hermit:Manifest+1","hermit:Spite+1","hermit:WideOpen+1","hermit:Malice+1","hermit:LuckOfTheDraw+1","hermit:FullyLoaded+1","hermit:ShadowCloak","hermit:FatalDesire+1","hermit:ShadowCloak","hermit:DeadMansHand+1"],"relics":["hermit:Momento","Bronze Scales","Regal Pillow","InkBottle","Strawberry","TungstenRod","Snecko Eye","Whetstone","Molten Egg 2","Happy Flower"],"acts_visited":["Exordium","TheCity"],"potions_floor_usage":[12,16,24,29,31],"damage_taken":[{"damage":6,"enemies":"Cultist","floor":1,"turns":4},{"damage":2,"enemies":"2 Louse","floor":2,"turns":2},{"damage":0,"enemies":"Small Slimes","floor":3,"turns":3},{"damage":0,"enemies":"3 Louse","floor":5,"turns":3},{"damage":26,"enemies":"Lagavulin","floor":8,"turns":8},{"damage":5,"enemies":"3 Sentries","floor":12,"turns":6},{"damage":0,"enemies":"Blue Slaver","floor":14,"turns":2},{"damage":24,"enemies":"Hexaghost","floor":16,"turns":7},{"damage":8,"enemies":"2 Thieves","floor":18,"turns":3},{"damage":0,"enemies":"3 Byrds","floor":19,"turns":4},{"damage":30,"enemies":"Book of Stabbing","floor":23,"turns":7},{"damage":4,"enemies":"Shelled Parasite and Fungi","floor":24,"turns":3},{"damage":10,"enemies":"Centurion and Healer","floor":27,"turns":4},{"damage":0,"enemies":"Snake Plant","floor":28,"turns":3},{"damage":7,"enemies":"Sentry and Sphere","floor":29,"turns":6},{"damage":45,"enemies":"Shelled Parasite and Fungi","floor":31,"turns":2}],"seed_played":"6020857314339456527","potions_obtained":[{"floor":3,"key":"SpeedPotion"},{"floor":5,"key":"hermit:Tonic"},{"floor":8,"key":"Regen Potion"},{"floor":14,"key":"PowerPotion"},{"floor":23,"key":"Explosive Potion"},{"floor":24,"key":"AttackPotion"},{"floor":28,"key":"AttackPotion"}],"is_trial":false,"path_per_floor":["M","M","M","?","M","R","?","E","T","R","?","E","$","M","R","B",null,"M","M","?","$","?","E","M","R","T","M","M","M","$","M"],"character_chosen":"HERMIT","items_purchased":["hermit:ShadowCloak","Happy Flower"],"campfire_rested":0,"item_purchase_floors":[21,30],"current_hp_per_floor":[69,67,67,52,52,52,49,23,30,30,30,40,40,40,40,16,82,74,74,74,74,74,44,40,40,40,30,30,23,23,0,0],"gold":6,"neow_bonus":"RANDOM_COMMON_RELIC","is_daily":false,"chose_seed":false,"campfire_upgraded":4,"win_rate":0.0,"timestamp":1610367392,"path_taken":["M","M","?","?","M","R","?","E","T","R","?","E","?","M","R","BOSS","M","M","?","$","?","E","M","R","T","M","?","M","$","M"],"items_purchased_type":["Card","Relic"],"build_version":"2020-12-22","purchased_purges":3,"victory":false,"max_hp_per_floor":[75,75,75,75,75,75,75,75,82,82,82,82,82,82,82,82,82,82,82,82,82,82,82,82,82,82,82,82,82,82,82,82],"card_choices":[{"not_picked":["hermit:ItchyTrigger","hermit:Snipe","hermit:HighCaliber"],"picked":"SKIP","floor":1},{"not_picked":["hermit:HoleUp","hermit:Misfire"],"picked":"hermit:Manifest","floor":2},{"not_picked":["hermit:ItchyTrigger","hermit:TakeAim"],"picked":"hermit:Spite","floor":3},{"not_picked":["hermit:SprayPray","hermit:Manifest","hermit:Coalescence"],"picked":"SKIP","floor":5},{"not_picked":["hermit:Feint","hermit:CursedWeapon"],"picked":"hermit:WideOpen","floor":8},{"not_picked":["hermit:Scavenge","hermit:BigShot"],"picked":"hermit:Malice","floor":12},{"not_picked":["hermit:Reprieve","hermit:Feint"],"picked":"hermit:LuckOfTheDraw","floor":14},{"not_picked":["hermit:Dive","hermit:Quickdraw"],"picked":"hermit:FullyLoaded+1","floor":18},{"not_picked":["hermit:Ricochet","hermit:Headshot","hermit:HighCaliber"],"picked":"SKIP","floor":19},{"not_picked":["hermit:LuckOfTheDraw","hermit:Glare"],"picked":"hermit:DeadMansHand+1","floor":23},{"not_picked":["hermit:HighCaliber","hermit:Coalescence","hermit:Ricochet+1"],"picked":"SKIP","floor":24},{"not_picked":["hermit:WideOpen+1","hermit:EternalForm","hermit:Quickdraw+1"],"picked":"SKIP","floor":27},{"not_picked":["hermit:Feint","hermit:Desperado+1","hermit:Horror"],"picked":"SKIP","floor":28},{"not_picked":["hermit:LowProfile","hermit:WideOpen+1","hermit:BodyArmor"],"picked":"SKIP","floor":29}],"player_experience":1397406,"relics_obtained":[{"floor":8,"key":"InkBottle"},{"floor":9,"key":"Strawberry"},{"floor":12,"key":"TungstenRod"},{"floor":23,"key":"Whetstone"},{"floor":26,"key":"Molten Egg 2"}],"event_choices":[{"damage_healed":0,"gold_gain":0,"player_choice":"Entered Light","damage_taken":15,"max_hp_gain":0,"max_hp_loss":0,"event_name":"Shining Light","floor":4,"gold_loss":0,"cards_upgraded":["hermit:Strike_Hermit","hermit:Defend_Hermit"]},{"damage_healed":0,"gold_gain":0,"player_choice":"Success","damage_taken":3,"relics_obtained":["Regal Pillow"],"max_hp_gain":0,"max_hp_loss":0,"event_name":"Scrap Ooze","floor":7,"gold_loss":0},{"damage_healed":0,"gold_gain":50,"player_choice":"Gained Gold","damage_taken":0,"max_hp_gain":0,"max_hp_loss":0,"event_name":"Golden Wing","floor":11,"gold_loss":0},{"damage_healed":0,"gold_gain":0,"cards_transformed":["hermit:Strike_Hermit","hermit:Strike_Hermit"],"player_choice":"Became Test Subject","damage_taken":0,"max_hp_gain":0,"max_hp_loss":0,"event_name":"Drug Dealer","floor":20,"gold_loss":0,"cards_obtained":["hermit:ShadowCloak","hermit:FatalDesire"]},{"cards_removed":["hermit:Defend_Hermit"],"damage_healed":0,"gold_gain":0,"player_choice":"Offered Basic","damage_taken":0,"max_hp_gain":0,"max_hp_loss":0,"event_name":"Bonfire Elementals","floor":22,"gold_loss":0}],"is_beta":false,"boss_relics":[{"not_picked":["Velvet Choker","Philosopher\u0027s Stone"],"picked":"Snecko Eye"}],"items_purged_floors":[13,21,30],"is_endless":false,"potions_floor_spawned":[3,5,8,14,23,24,28],"killed_by":"Shelled Parasite and Fungi","ascension_level":2}}