{"host":"xz7n3qy1zq36rzpg","time":1610378377,"event":{"mods":["BaseMod","Colored Map","Colored Powertips","Highlight Path","Minty Spire (QoL Compilation)","Quick Restart","Shop Mod"],"gold_per_floor":[119,136,136,136,151,151,186,204,227,246,246,246,263,36,36,136,136,149,74,74,94,94,94,94],"floor_reached":23,"playtime":1232,"items_purged":["Strike_B"],"score":238,"play_id":"cd58c623-c008-4b21-ba56-e90d05f6e522","local_time":"20210111161937","is_ascension_mode":true,"campfire_choices":[{"data":"Cold Snap","floor":6,"key":"SMITH"},{"floor":12,"key":"REST"},{"data":"Melter","floor":15,"key":"SMITH"}],"circlet_count":0,"master_deck":["Strike_B","Defend_B+1","Defend_B","Zap+1","Dualcast","Leap+1","Compile Driver+1","Regret","Cold Snap+1","Conserve Battery","Go for the Eyes","Gash","Jack Of All Trades","Streamline","Ball Lightning","Melter+1","Steam","All For One","Defragment+1","Undo+1","Reprogram+1","Cold Snap","White Noise+1"],"relics":["Cracked Core","War Paint","Juzu Bracelet","Pen Nib","Astrolabe","The Courier","CultistMask"],"acts_visited":["Exordium","TheCity"],"potions_floor_usage":[7,16,21],"damage_taken":[{"damage":12,"enemies":"Small Slimes","floor":1,"turns":3},{"damage":0,"enemies":"Cultist","floor":2,"turns":3},{"damage":0,"enemies":"2 Louse","floor":5,"turns":2},{"damage":8,"enemies":"Lagavulin","floor":7,"turns":6},{"damage":14,"enemies":"Exordium Wildlife","floor":8,"turns":6},{"damage":10,"enemies":"Large Slime","floor":10,"turns":4},{"damage":12,"enemies":"Lots of Slimes","floor":13,"turns":5},{"damage":14,"enemies":"Slime Boss","floor":16,"turns":9},{"damage":22,"enemies":"Shell Parasite","floor":18,"turns":6},{"damage":12,"enemies":"3 Byrds","floor":21,"turns":4},{"damage":41,"enemies":"Slavers","floor":23,"turns":3}],"seed_played":"6759059968655991029","potions_obtained":[{"floor":2,"key":"Weak Potion"},{"floor":7,"key":"BlessingOfTheForge"},{"floor":18,"key":"FocusPotion"}],"is_trial":false,"path_per_floor":["M","M","?","?","M","R","E","M","T","M","?","R","M","$","R","B",null,"M","?","T","M","?","E"],"character_chosen":"DEFECT","items_purchased":["Melter","Steam","ColorlessPotion"],"campfire_rested":1,"item_purchase_floors":[14,14,14],"current_hp_per_floor":[63,63,63,63,63,63,55,41,41,31,31,53,41,41,41,27,75,53,53,53,41,41,0,0],"gold":94,"neow_bonus":"UPGRADE_CARD","is_daily":false,"chose_seed":false,"campfire_upgraded":2,"win_rate":0.0,"timestamp":1610378377,"path_taken":["M","M","?","?","M","R","E","M","T","M","?","R","M","?","R","BOSS","M","?","?","M","?","E"],"items_purchased_type":["Card","Card","Potion"],"build_version":"2020-12-22","purchased_purges":1,"victory":false,"max_hp_per_floor":[75,75,75,75,75,75,75,75,75,75,75,75,75,75,75,75,75,75,75,75,75,75,75,75],"card_choices":[{"not_picked":["Chaos","Turbo"],"picked":"Leap","floor":1},{"not_picked":["Leap","Stack"],"picked":"Compile Driver","floor":2},{"not_picked":["Scrape","Redo"],"picked":"Cold Snap","floor":5},{"not_picked":["Cold Snap","Go for the Eyes"],"picked":"Conserve Battery","floor":7},{"not_picked":["Leap","Recycle"],"picked":"Go for the Eyes","floor":8},{"not_picked":["Stack","Thunder Strike"],"picked":"Gash","floor":10},{"not_picked":["Hologram","Sweeping Beam"],"picked":"Ball Lightning","floor":13},{"not_picked":["Fission","Hyperbeam"],"picked":"All For One","floor":16},{"not_picked":["Barrage+1","Force Field+1"],"picked":"Cold Snap","floor":18},{"not_picked":["Beam Cell","Streamline"],"picked":"White Noise+1","floor":21}],"player_experience":314725,"relics_obtained":[{"floor":7,"key":"Juzu Bracelet"},{"floor":9,"key":"Pen Nib"},{"floor":20,"key":"The Courier"}],"event_choices":[{"damage_healed":0,"gold_gain":0,"player_choice":"Box","damage_taken":0,"relics_obtained":["War Paint"],"max_hp_gain":0,"max_hp_loss":0,"event_name":"Big Fish","floor":3,"gold_loss":0,"cards_obtained":["Regret"]},{"damage_healed":0,"gold_gain":0,"player_choice":"Upgraded","damage_taken":0,"max_hp_gain":0,"max_hp_loss":0,"event_name":"Upgrade Shrine","floor":4,"gold_loss":0,"cards_upgraded":["Compile Driver"]},{"damage_healed":0,"gold_gain":0,"player_choice":"2 cards matched","damage_taken":0,"max_hp_gain":0,"max_hp_loss":0,"event_name":"Match and Keep!","floor":11,"gold_loss":0,"cards_obtained":["Jack Of All Trades","Streamline"]},{"cards_removed":["Defend_B"],"damage_healed":0,"gold_gain":0,"player_choice":"Gave Gold","damage_taken":0,"max_hp_gain":0,"max_hp_loss":0,"event_name":"Beggar","floor":19,"gold_loss":75},{"damage_healed":0,"gold_gain":0,"player_choice":"Trade","damage_taken":0,"relics_obtained":["CultistMask"],"max_hp_gain":0,"max_hp_loss":0,"event_name":"FaceTrader","floor":22,"gold_loss":0}],"is_beta":false,"boss_relics":[{"not_picked":["Snecko Eye","Busted Crown"],"picked":"Astrolabe"}],"items_purged_floors":[14],"is_endless":false,"potions_floor_spawned":[2,7,18],"killed_by":"Slavers","ascension_level":2}}