{"host":"ji1fk25fd1ga4ji1","time":1610383025,"event":{"mods":["2.2 Compatiblity","BaseMod","Colored Map","DeckTracker","Minty Spire (QoL Compilation)","Permanent Neow","Quick Restart","StSLib","SuperFastMode"],"gold_per_floor":[117,133,152,102,102,102,135,135,162,175,175,201,211,246,246,351,351,367,367,367,292,306,306,340,340,340,374,395,418,454,486,498,621,633,671,683,754,547,139,139,172,172,172,204,220,220,220,237,246,246],"floor_reached":51,"playtime":1088,"items_purged":["Strike_P","Defend_P"],"score":902,"play_id":"b06b3aba-883b-4e0b-abd5-af22ce5742df","local_time":"20210112013705","is_ascension_mode":true,"campfire_choices":[{"data":"Eruption","floor":6.0,"key":"SMITH"},{"floor":8.0,"key":"REST"},{"data":"BattleHymn","floor":11.0,"key":"SMITH"},{"data":"Evaluate","floor":15.0,"key":"SMITH"},{"data":"Establishment","floor":23.0,"key":"SMITH"},{"floor":25.0,"key":"REST"},{"floor":28,"key":"REST"},{"floor":32,"key":"REST"},{"data":"BattleHymn","floor":40,"key":"SMITH"},{"floor":42,"key":"REST"},{"floor":46,"key":"REST"},{"floor":49,"key":"REST"}],"circlet_count":0,"master_deck":["Strike_P+1","Strike_P+1","Eruption+1","Vigilance","BattleHymn+1","Evaluate","Evaluate+1","FlyingSleeves","FlurryOfBlows","DeusExMachina","Establishment+1","Evaluate+1","Crescendo+1","BattleHymn","Vault+1","Halt+1","EmptyMind+1","Vault+1","BattleHymn+1","Vault+1"],"relics":["Black Star","Boot","Akabeko","Damaru","GoldenEye","Pantograph","Bottled Flame","Potion Belt","Empty Cage","Dream Catcher","Toy Ornithopter","CeramicFish","Oddly Smooth Stone","MawBank","Toxic Egg 2","Sozu","WingedGreaves","InkBottle","Orichalcum","Pear","Ginger","Calipers","Smiling Mask"],"acts_visited":["Exordium","TheCity","TheBeyond"],"potions_floor_usage":[31,31,33,41],"damage_taken":[{"damage":1.0,"enemies":"Jaw Worm","floor":1.0,"turns":3.0},{"damage":8.0,"enemies":"Small Slimes","floor":2.0,"turns":4.0},{"damage":2.0,"enemies":"2 Louse","floor":3.0,"turns":3.0},{"damage":28.0,"enemies":"3 Sentries","floor":7.0,"turns":8.0},{"damage":0.0,"enemies":"2 Fungi Beasts","floor":10.0,"turns":2.0},{"damage":0.0,"enemies":"Gremlin Nob","floor":12.0,"turns":2.0},{"damage":5.0,"enemies":"Exordium Wildlife","floor":13.0,"turns":3.0},{"damage":0.0,"enemies":"Lagavulin","floor":14.0,"turns":4.0},{"damage":0.0,"enemies":"Slime Boss","floor":16.0,"turns":4.0},{"damage":26.0,"enemies":"2 Thieves","floor":18.0,"turns":4.0},{"damage":0.0,"enemies":"Chosen","floor":22.0,"turns":3.0},{"damage":19.0,"enemies":"Gremlin Leader","floor":24.0,"turns":5.0},{"damage":26,"enemies":"Book of Stabbing","floor":27,"turns":5},{"damage":15,"enemies":"Snake Plant","floor":29,"turns":3},{"damage":13,"enemies":"Cultist and Chosen","floor":30,"turns":4},{"damage":9,"enemies":"Sentry and Sphere","floor":31,"turns":3},{"damage":59,"enemies":"Automaton","floor":33,"turns":8},{"damage":9,"enemies":"3 Shapes","floor":35,"turns":5},{"damage":0,"enemies":"Mind Bloom Boss Battle","floor":37,"turns":3},{"damage":13,"enemies":"Nemesis","floor":41,"turns":4},{"damage":27,"enemies":"Reptomancer","floor":44,"turns":5},{"damage":14,"enemies":"3 Darklings","floor":45,"turns":4},{"damage":19,"enemies":"4 Shapes","floor":48,"turns":4},{"damage":75,"enemies":"Awakened One","floor":50,"turns":10}],"seed_played":"-904548364712493609","potions_obtained":[{"floor":1.0,"key":"FearPotion"},{"floor":3.0,"key":"Swift Potion"},{"floor":12.0,"key":"DuplicationPotion"},{"floor":13.0,"key":"BlessingOfTheForge"},{"floor":14.0,"key":"LiquidBronze"},{"floor":22.0,"key":"GamblersBrew"},{"floor":27,"key":"Energy Potion"},{"floor":31,"key":"Energy Potion"}],"is_trial":false,"path_per_floor":["M","M","M","?","?","R","E","R","T","M","R","E","M","E","R","B",null,"M","?","?","?","M","R","E","R","T","E","R","M","M","M","R","B",null,"M","?","?","$","$","R","E","R","T","E","M","R","?","M","R","B",null],"character_chosen":"WATCHER","items_purchased":["Vault+1","BattleHymn","InkBottle"],"campfire_rested":7,"item_purchase_floors":[38,39,39],"current_hp_per_floor":[71,63,61,61,47,47,19,40,40,40,40,40,35,35,35,60,72,46,46,46,46,46,46,27,48,48,22,43,28,15,16,37,8,72,63,63,72,72,72,72,69,82,82,55,41,65,65,46,70,7],"gold":246,"neow_bonus":"BOSS_RELIC","is_daily":false,"chose_seed":false,"campfire_upgraded":5,"win_rate":0.0,"timestamp":1610383025,"path_taken":["M","M","M","?","?","R","E","R","T","M","R","E","M","E","R","BOSS","M","?","?","?","M","R","E","R","T","E","R","M","M","M","R","BOSS","M","?","?","$","$","R","E","R","T","E","M","R","?","?","R","BOSS"],"items_purchased_type":["Card","Card","Relic"],"build_version":"2020-12-22","purchased_purges":2,"victory":true,"max_hp_per_floor":[72,72,72,72,72,72,72,72,72,72,72,72,72,72,72,72,72,72,72,72,72,72,72,72,72,72,72,72,72,72,72,72,72,72,72,72,72,72,72,72,82,82,82,82,82,82,82,82,82,82],"card_choices":[{"not_picked":["Sanctity","ThirdEye","Swivel"],"picked":"SKIP","floor":1.0},{"not_picked":["FlurryOfBlows","Pray"],"picked":"BattleHymn","floor":2.0},{"not_picked":["ThirdEye","Study"],"picked":"Evaluate","floor":3.0},{"not_picked":["Blasphemy","ClearTheMind"],"picked":"Evaluate","floor":7.0},{"not_picked":["WaveOfTheHand","TalkToTheHand"],"picked":"FlyingSleeves","floor":10.0},{"not_picked":["Evaluate","SignatureMove"],"picked":"FlurryOfBlows","floor":12.0},{"not_picked":["Evaluate","ClearTheMind"],"picked":"DeusExMachina","floor":13.0},{"not_picked":["CrushJoints","CutThroughFate","DevaForm"],"picked":"SKIP","floor":14.0},{"not_picked":["Wish","Blasphemy"],"picked":"Establishment","floor":16.0},{"not_picked":["WaveOfTheHand+1","Worship+1","ReachHeaven+1"],"picked":"SKIP","floor":18.0},{"not_picked":["SignatureMove","LikeWater","JustLucky"],"picked":"SKIP","floor":22.0},{"not_picked":["ThirdEye","Crescendo","CrushJoints+1"],"picked":"SKIP","floor":24.0},{"not_picked":["FlyingSleeves","Indignation+1"],"picked":"Evaluate+1","floor":27},{"not_picked":["Protect+1","FollowUp"],"picked":"Crescendo+1","floor":28},{"not_picked":["Consecrate","Weave+1","FearNoEvil"],"picked":"SKIP","floor":29},{"not_picked":["Pray+1","EmptyFist"],"picked":"BattleHymn","floor":30},{"not_picked":["WindmillStrike+1","FlurryOfBlows+1","Protect+1"],"picked":"SKIP","floor":31},{"not_picked":["Establishment","Scrawl+1"],"picked":"Vault+1","floor":33},{"not_picked":["JustLucky","ForeignInfluence+1"],"picked":"Halt+1","floor":35},{"not_picked":["Protect+1","Conclude+1"],"picked":"EmptyMind+1","floor":37},{"not_picked":["Evaluate+1","ClearTheMind+1","Worship+1"],"picked":"SKIP","floor":41},{"not_picked":["InnerPeace+1","EmptyBody+1","LikeWater+1"],"picked":"SKIP","floor":44},{"not_picked":["FlyingSleeves+1","Halt+1","Protect+1"],"picked":"SKIP","floor":45},{"not_picked":["MasterReality","FollowUp+1","Protect+1"],"picked":"SKIP","floor":48},{"not_picked":["JustLucky+1","ClearTheMind+1"],"picked":"Vault+1","floor":49}],"player_experience":472098,"relics_obtained":[{"floor":7.0,"key":"Boot"},{"floor":7.0,"key":"Akabeko"},{"floor":9.0,"key":"Damaru"},{"floor":12.0,"key":"GoldenEye"},{"floor":12.0,"key":"Pantograph"},{"floor":14.0,"key":"Bottled Flame"},{"floor":14.0,"key":"Potion Belt"},{"floor":24.0,"key":"Toy Ornithopter"},{"floor":24.0,"key":"CeramicFish"},{"floor":26.0,"key":"Oddly Smooth Stone"},{"floor":27,"key":"MawBank"},{"floor":27,"key":"Toxic Egg 2"},{"floor":37,"key":"WingedGreaves"},{"floor":41,"key":"Orichalcum"},{"floor":41,"key":"Pear"},{"floor":43,"key":"Ginger"},{"floor":44,"key":"Calipers"},{"floor":44,"key":"Smiling Mask"}],"event_choices":[{"cards_removed":["Defend_P"],"damage_healed":0.0,"max_hp_gain":0.0,"max_hp_loss":0.0,"gold_gain":0.0,"event_name":"The Cleric","player_choice":"Card Removal","floor":4.0,"gold_loss":50.0,"damage_taken":0.0},{"damage_healed":0.0,"max_hp_gain":0.0,"max_hp_loss":0.0,"gold_gain":0.0,"event_name":"Shining Light","player_choice":"Entered Light","floor":5.0,"gold_loss":0.0,"damage_taken":14.0,"cards_upgraded":["Strike_P","Strike_P"]},{"damage_healed":0.0,"max_hp_gain":0.0,"max_hp_loss":0.0,"gold_gain":0.0,"event_name":"Vampires","player_choice":"Ignored","floor":19.0,"gold_loss":0.0,"damage_taken":0.0},{"damage_healed":0.0,"max_hp_gain":0.0,"max_hp_loss":0.0,"gold_gain":0.0,"event_name":"The Mausoleum","player_choice":"Opened","floor":20.0,"gold_loss":0.0,"damage_taken":0.0,"relics_obtained":["Dream Catcher"]},{"cards_removed":["Defend_P"],"damage_healed":0.0,"max_hp_gain":0.0,"max_hp_loss":0.0,"gold_gain":0.0,"event_name":"Beggar","player_choice":"Gave Gold","floor":21.0,"gold_loss":75.0,"damage_taken":0.0},{"damage_healed":0,"gold_gain":0,"player_choice":"Ignored","damage_taken":0,"max_hp_gain":0,"max_hp_loss":0,"event_name":"Tomb of Lord Red Mask","floor":36,"gold_loss":0},{"damage_healed":0,"gold_gain":0,"player_choice":"Fight","damage_taken":0,"max_hp_gain":0,"max_hp_loss":0,"event_name":"MindBloom","floor":37,"gold_loss":0},{"damage_healed":0,"gold_gain":0,"player_choice":"Ignored","damage_taken":0,"max_hp_gain":0,"max_hp_loss":0,"event_name":"Mysterious Sphere","floor":47,"gold_loss":0}],"is_beta":false,"boss_relics":[{"not_picked":["SacredBark","Tiny House"],"picked":"Empty Cage"},{"not_picked":["Snecko Eye","Pandora\u0027s Box"],"picked":"Sozu"}],"items_purged_floors":[38,39],"is_endless":false,"potions_floor_spawned":[1,3,12,13,14,22,27,31,41,44,48],"ascension_level":1}}