{"host":"ELF","time":1610339903,"event":{"mods":["BaseMod","Minty Spire (QoL Compilation)"],"gold_per_floor":[116,130,205,223,223,253,253,263,336,336,355,32,65,78,78,78,78],"floor_reached":16,"playtime":836,"items_purged":[],"score":218,"play_id":"31c62d1e-37e1-4fb3-a44d-bfa5f993f3d9","local_time":"20210110223823","is_ascension_mode":true,"campfire_choices":[{"floor":7,"key":"REST"},{"floor":10,"key":"REST"},{"floor":15,"key":"REST"}],"circlet_count":0,"master_deck":["AscendersBane","Strike_B","Strike_B","Strike_B","Defend_B","Defend_B","Defend_B","Defend_B","Zap","Dualcast","Glacier","Barrage","Melter","Chaos","Defragment","Defragment","Coolheaded","Consume"],"relics":["Cracked Core","WingedGreaves","White Beast Statue","Bag of Marbles","MealTicket","Strawberry"],"acts_visited":["Exordium"],"potions_floor_usage":[6,13,16],"damage_taken":[{"damage":0,"enemies":"Small Slimes","floor":1,"turns":3},{"damage":2,"enemies":"Jaw Worm","floor":2,"turns":5},{"damage":0,"enemies":"Cultist","floor":4,"turns":4},{"damage":31,"enemies":"3 Sentries","floor":6,"turns":10},{"damage":1,"enemies":"2 Fungi Beasts","floor":8,"turns":3},{"damage":1,"enemies":"Large Slime","floor":11,"turns":5},{"damage":33,"enemies":"Gremlin Nob","floor":13,"turns":5},{"damage":18,"enemies":"Exordium Thugs","floor":14,"turns":6},{"damage":50,"enemies":"Slime Boss","floor":16,"turns":20}],"seed_played":"3276468994825133609","potions_obtained":[{"floor":1,"key":"PowerPotion"},{"floor":2,"key":"Swift Potion"},{"floor":6,"key":"Fire Potion"},{"floor":8,"key":"Ancient Potion"},{"floor":13,"key":"Weak Potion"},{"floor":14,"key":"Swift Potion"}],"is_trial":true,"path_per_floor":["M","M","?","M","?","E","R","M","T","R","M","$","E","M","R","B"],"character_chosen":"DEFECT","items_purchased":["Bag of Marbles","MealTicket"],"campfire_rested":3,"item_purchase_floors":[12,12],"current_hp_per_floor":[64,62,51,51,51,20,41,40,40,61,60,60,34,16,39,0,0],"gold":78,"neow_bonus":"","is_daily":false,"chose_seed":true,"campfire_upgraded":0,"win_rate":0.0,"timestamp":1610339903,"path_taken":["M","M","?","M","?","E","R","?","T","R","M","$","E","M","R","BOSS"],"items_purchased_type":["Relic","Relic"],"build_version":"2020-12-18","purchased_purges":0,"victory":false,"max_hp_per_floor":[71,71,71,71,71,71,71,71,71,71,71,71,78,78,78,78,78],"card_choices":[{"not_picked":["White Noise","Reprogram"],"picked":"Glacier","floor":1},{"not_picked":["Turbo","Compile Driver"],"picked":"Barrage","floor":2},{"not_picked":["Stack","Barrage"],"picked":"Melter","floor":4},{"not_picked":["Meteor Strike","Aggregate"],"picked":"Chaos","floor":6},{"not_picked":["Leap","Gash"],"picked":"Defragment","floor":8},{"not_picked":["Storm","Streamline"],"picked":"Defragment","floor":11},{"not_picked":["Conserve Battery","Machine Learning"],"picked":"Coolheaded","floor":13},{"not_picked":["Streamline","Scrape"],"picked":"Consume","floor":14}],"player_experience":3163580,"relics_obtained":[{"floor":6,"key":"WingedGreaves"},{"floor":9,"key":"White Beast Statue"},{"floor":13,"key":"Strawberry"}],"event_choices":[{"damage_healed":0,"gold_gain":75,"player_choice":"Gather Gold","damage_taken":11,"max_hp_gain":0,"max_hp_loss":0,"event_name":"World of Goop","floor":3,"gold_loss":0},{"cards_removed":["Strike_B"],"damage_healed":0,"gold_gain":0,"player_choice":"Purged","damage_taken":0,"max_hp_gain":0,"max_hp_loss":0,"event_name":"Purifier","floor":5,"gold_loss":0}],"is_beta":true,"boss_relics":[],"items_purged_floors":[],"is_endless":false,"potions_floor_spawned":[1,2,6,8,11,13,14],"killed_by":"Slime Boss","ascension_level":19}}