{"host":"3zhcrllo23fhqv4x","time":1610393545,"event":{"mods":["AchievementEnabler","BaseMod","Downfall","Hermit","Jorbs\u0027s Wanderer Trilogy","Marisa????????","Minty Spire (QoL Compilation)","Remilia??????","StSLib","The Cursed","The Disciple","The Hierophant","The Runesmith","The Servant 0.9.4"],"gold_per_floor":[199,219,219,219,239,164,164,182,201,201,213,313,313,332,349,452,452,377,392,392,492,492,547,547,54,54,54,54],"floor_reached":26,"playtime":1305,"items_purged":["Pride"],"score":248,"play_id":"039ff6b0-cb93-46e8-8a70-0934d8816f5f","local_time":"20210111143225","is_ascension_mode":false,"campfire_choices":[{"floor":1.0,"key":"RECALL"},{"floor":6.0,"key":"REST"},{"data":"hexamod:HexaLevel","floor":18.0,"key":"SMITH"}],"circlet_count":0,"master_deck":["hexamod:Strike","hexamod:Strike","hexamod:Strike","hexamod:Defend","hexamod:Defend","hexamod:Defend","hexamod:Sear","hexamod:Float","hexamod:AdvancingGuard","hexamod:ThirdSeal","hexamod:ThirdSeal","hexamod:SoulSteal","hexamod:RainOfEmbers","hexamod:ChargedBarrage","hexamod:HauntingEcho","hexamod:ThermalTransfer","hexamod:EtherealExpedition","Slimebound:Defend_Slimebound","hexamod:GhostOfSpirePast","hexamod:BacktrackSmack","hexamod:EmpoweredFlame","hexamod:GhostShield","hexamod:FastForward","hexamod:Rewind","hexamod:VolcanoVisage","hexamod:SearingWound","hexamod:HexaLevel+1","hexamod:PhantomFireball+1","hexamod:AdvancingGuard","hexamod:ExtraCrispy","hexamod:NecessarySacrifice","hexamod:PhantomFireball+1","hexamod:FirstSeal","hexamod:VolcanoVisage","hexamod:GhostflameBarrier+1","hexamod:SpectralAdrenaline","hexamod:GhostflameBarrier"],"relics":["hexamod:SpiritBrand","Orichalcum","downfall:HeartBlessingRed","Sozu","downfall:HeartBlessingBlue","Nilry\u0027s Codex","downfall:KnowingSkull","Darkstone Periapt","Membership Card","Du-Vu Doll","Oddly Smooth Stone"],"acts_visited":["Exordium","TheCity"],"potions_floor_usage":[25],"damage_taken":[{"damage":0.0,"enemies":"Small Slimes","floor":2.0,"turns":3.0},{"damage":0.0,"enemies":"Cultist","floor":5.0,"turns":4.0},{"damage":4.0,"enemies":"2 Louse","floor":8.0,"turns":5.0},{"damage":10.0,"enemies":"Large Slime","floor":9.0,"turns":6.0},{"damage":3.0,"enemies":"Gremlin Gang","floor":11.0,"turns":3.0},{"damage":2.0,"enemies":"3 Louse","floor":14.0,"turns":5.0},{"damage":9.0,"enemies":"2 Fungi Beasts","floor":15.0,"turns":4.0},{"damage":24.0,"enemies":"downfall:Watcher","floor":16.0,"turns":12.0},{"damage":19.0,"enemies":"Shell Parasite","floor":19.0,"turns":6.0},{"damage":27,"enemies":"3 Byrds","floor":23,"turns":6},{"damage":4,"enemies":"downfall:FleeingMerchant","floor":25,"turns":4},{"damage":33,"enemies":"Cultist and Chosen","floor":26,"turns":4}],"seed_played":"7936018143564988084","potions_obtained":[{"floor":10.0,"key":"Fire Potion"},{"floor":10.0,"key":"Regen Potion"},{"floor":10.0,"key":"Fruit Juice"},{"floor":14.0,"key":"hexamod:DoubleChargePotion"},{"floor":16.0,"key":"AttackPotion"}],"is_trial":false,"path_per_floor":["R","M","?","?","M","R","T","M","M","?","M","?","?","M","M","B",null,"R","M","?","?","?","M","T","$","M"],"character_chosen":"THE_SPIRIT","items_purchased":["Membership Card","Du-Vu Doll","Oddly Smooth Stone","hexamod:SpectralAdrenaline","hexamod:GhostflameBarrier"],"campfire_rested":1,"item_purchase_floors":[25,25,25,25,25],"current_hp_per_floor":[70,70,70,58,58,70,70,66,56,61,58,58,58,56,47,38,75,85,66,50,50,43,16,16,19,0,0,0],"gold":54,"neow_bonus":"HUNDRED_GOLD","is_daily":false,"chose_seed":false,"campfire_upgraded":1,"win_rate":0.0,"timestamp":1610393545,"path_taken":["R","M","?","?","M","R","T","M","M","?","?","?","?","?","M","BOSS","R","M","?","?","?","M","T","$","?"],"items_purchased_type":["Relic","Relic","Relic","Card","Card"],"build_version":"2020-12-22","purchased_purges":1,"victory":false,"max_hp_per_floor":[70,70,70,70,70,70,70,70,70,75,75,75,75,75,75,75,75,85,85,85,85,85,85,85,85,85,85,85],"card_choices":[{"not_picked":["hexamod:Firestarter","hexamod:PhantomFireball"],"picked":"hexamod:AdvancingGuard","floor":2.0},{"not_picked":["hexamod:GhostShield","hexamod:ShieldOfDarkness"],"picked":"hexamod:ThirdSeal","floor":5.0},{"not_picked":["hexamod:HauntingEcho","hexamod:NightmareGuise"],"picked":"hexamod:ThirdSeal","floor":8.0},{"not_picked":["hexamod:PowerFromBeyond","hexamod:Firestarter"],"picked":"hexamod:SoulSteal","floor":8.0},{"not_picked":["hexamod:EtherealExpedition","hexamod:UnleashSpirits"],"picked":"hexamod:RainOfEmbers","floor":9.0},{"not_picked":["hexamod:SwordOfDarkness","hexamod:PowerFromBeyond"],"picked":"hexamod:ChargedBarrage","floor":9.0},{"not_picked":["hexamod:Firestarter","hexamod:NightmareStrike"],"picked":"hexamod:HauntingEcho","floor":9.0},{"not_picked":["hexamod:Hexaguard","hexamod:ChargedBarrage"],"picked":"hexamod:ThermalTransfer","floor":11.0},{"not_picked":["hexamod:InspiringFlames","hexamod:AdvancingGuard"],"picked":"hexamod:EtherealExpedition","floor":11.0},{"not_picked":["hexamod:InspiringFlames","hexamod:HauntingEcho"],"picked":"hexamod:GhostOfSpirePast","floor":14.0},{"not_picked":["hexamod:UnleashSpirits","hexamod:NightmareGuise"],"picked":"hexamod:BacktrackSmack","floor":14.0},{"not_picked":["hexamod:RainOfEmbers","hexamod:AdvancingGuard"],"picked":"hexamod:EmpoweredFlame","floor":14.0},{"not_picked":["hexamod:InspiringFlames","hexamod:BacktrackSmack"],"picked":"hexamod:GhostShield","floor":15.0},{"not_picked":["hexamod:ParanormalForm","hexamod:HauntingEcho"],"picked":"hexamod:FastForward","floor":15.0},{"not_picked":["hexamod:EtherealExpedition","hexamod:Hexaguard"],"picked":"hexamod:Rewind","floor":15.0},{"not_picked":["hexamod:UnleashSpirits","hexamod:HexaLevel"],"picked":"hexamod:VolcanoVisage","floor":16.0},{"not_picked":["hexamod:TurnItUp","hexamod:CrushingStance"],"picked":"hexamod:SearingWound","floor":16.0},{"not_picked":["hexamod:GiftsFromTheDead","hexamod:EmpoweringStance"],"picked":"hexamod:HexaLevel","floor":16.0},{"not_picked":["hexamod:EtherealExpedition+1","hexamod:NightmareGuise"],"picked":"hexamod:PhantomFireball+1","floor":19.0},{"not_picked":["hexamod:RainOfEmbers+1","hexamod:InspiringFlames"],"picked":"hexamod:AdvancingGuard","floor":19.0},{"not_picked":["hexamod:RainOfEmbers","hexamod:NightmareStrike+1"],"picked":"hexamod:ExtraCrispy","floor":19.0},{"not_picked":["hexamod:GhostLash","hexamod:SwordOfDarkness"],"picked":"hexamod:NecessarySacrifice","floor":23},{"not_picked":["hexamod:GhostLash","hexamod:HauntingEcho"],"picked":"hexamod:PhantomFireball+1","floor":23},{"not_picked":["hexamod:AdvancingGuard","hexamod:FastForward"],"picked":"hexamod:FirstSeal","floor":23},{"not_picked":["hexamod:Firestarter","hexamod:RainOfEmbers+1"],"picked":"hexamod:VolcanoVisage","floor":25},{"not_picked":["hexamod:SpectersWail","hexamod:RainOfEmbers"],"picked":"hexamod:GhostflameBarrier+1","floor":25}],"player_experience":290237,"relics_obtained":[{"floor":20.0,"key":"Nilry\u0027s Codex"},{"floor":24,"key":"Darkstone Periapt"}],"event_choices":[{"damage_healed":0.0,"max_hp_gain":0.0,"max_hp_loss":0.0,"gold_gain":0.0,"event_name":"Scrap Ooze","player_choice":"Success","floor":4.0,"gold_loss":0.0,"damage_taken":12.0,"relics_obtained":["Orichalcum"]},{"damage_healed":0.0,"max_hp_gain":0.0,"max_hp_loss":0.0,"gold_gain":0.0,"event_name":"Lab","player_choice":"Got Potions","floor":10.0,"gold_loss":0.0,"damage_taken":0.0},{"cards_removed":["hexamod:Defend"],"damage_healed":0.0,"max_hp_gain":0.0,"max_hp_loss":0.0,"gold_gain":0.0,"event_name":"NoteForYourself","player_choice":"Took Card","floor":13.0,"gold_loss":0.0,"damage_taken":0.0,"cards_obtained":["Slimebound:Defend_Slimebound"]}],"is_beta":false,"boss_relics":[{"not_picked":["Busted Crown","Coffee Dripper"],"picked":"Sozu"}],"items_purged_floors":[25],"is_endless":false,"potions_floor_spawned":[14,16],"killed_by":"Cultist and Chosen","ascension_level":0}}