{"host":"g01l53quoe6lrer0","time":1610382808,"event":{"mods":["2.2 Compatiblity","AchievementEnabler","BaseMod","Colored Map","Highlight Path","Keyboard Shortcuts","Minty Spire (QoL Compilation)","Permanent Neow","StSLib","SuperFastMode","everything is the same but u backflip on backflip"],"gold_per_floor":[119,69,83,83,101,132,132,149,149,160,178,178,188,217,217],"floor_reached":14,"playtime":417,"items_purged":[],"score":156,"play_id":"fd28e248-546a-4098-8916-4a7c4cf90230","local_time":"20210112013328","is_ascension_mode":true,"campfire_choices":[{"data":"Zap","floor":7,"key":"SMITH"},{"floor":12,"key":"REST"}],"circlet_count":0,"master_deck":["AscendersBane","Strike_B","Strike_B","Strike_B","Defend_B","Defend_B","Zap+1","Dualcast","Hologram","Coolheaded","Leap","Blizzard","Storm","Cold Snap","White Noise","Conserve Battery"],"relics":["Cracked Core","Mummified Hand","Question Card","Shuriken","Kunai"],"acts_visited":["Exordium"],"potions_floor_usage":[11,14],"damage_taken":[{"damage":7,"enemies":"Jaw Worm","floor":1,"turns":3},{"damage":3,"enemies":"Small Slimes","floor":3,"turns":3},{"damage":1,"enemies":"2 Louse","floor":5,"turns":4},{"damage":23,"enemies":"Gremlin Nob","floor":6,"turns":5},{"damage":11,"enemies":"Exordium Thugs","floor":8,"turns":5},{"damage":14,"enemies":"Looter","floor":10,"turns":4},{"damage":4,"enemies":"2 Fungi Beasts","floor":11,"turns":3},{"damage":5,"enemies":"Blue Slaver","floor":13,"turns":3},{"damage":22,"enemies":"Lagavulin","floor":14,"turns":10}],"seed_played":"-5511877454077670191","potions_obtained":[{"floor":6,"key":"BlessingOfTheForge"},{"floor":8,"key":"FairyPotion"},{"floor":10,"key":"Dexterity Potion"},{"floor":11,"key":"ColorlessPotion"},{"floor":14,"key":"Fire Potion"}],"is_trial":false,"path_per_floor":["M","?","M","T","M","E","R","M","T","M","M","R","M","E"],"character_chosen":"DEFECT","items_purchased":[],"campfire_rested":1,"item_purchase_floors":[],"current_hp_per_floor":[61,61,58,58,57,34,34,23,23,9,5,25,20,18,18],"gold":217,"neow_bonus":"REMOVE_TWO","is_daily":false,"chose_seed":false,"campfire_upgraded":1,"win_rate":0.0,"timestamp":1610382808,"path_taken":["M","?","M","?","M","E","R","M","T","M","M","R","M","E"],"items_purchased_type":[],"build_version":"2020-12-22","purchased_purges":0,"victory":false,"max_hp_per_floor":[68,68,68,68,68,68,68,68,68,68,68,68,68,68,68],"card_choices":[{"not_picked":["Redo","Ball Lightning"],"picked":"Hologram","floor":1},{"not_picked":["FTL","Fusion"],"picked":"Coolheaded","floor":3},{"not_picked":["Rebound","Steam Power"],"picked":"Leap","floor":5},{"not_picked":["Rebound","Compile Driver"],"picked":"Blizzard","floor":6},{"not_picked":["Barrage","Conserve Battery","Stack"],"picked":"Storm","floor":8},{"not_picked":["Hologram","Stack","Force Field"],"picked":"Cold Snap","floor":10},{"not_picked":["Steam","Skim","Redo"],"picked":"White Noise","floor":11},{"not_picked":["Skim","Reprogram","Redo"],"picked":"Conserve Battery","floor":13}],"player_experience":150078,"relics_obtained":[{"floor":4,"key":"Mummified Hand"},{"floor":6,"key":"Question Card"},{"floor":9,"key":"Shuriken"},{"floor":14,"key":"Kunai"}],"event_choices":[{"cards_removed":["Defend_B"],"damage_healed":0,"gold_gain":0,"player_choice":"Card Removal","damage_taken":0,"max_hp_gain":0,"max_hp_loss":0,"event_name":"The Cleric","floor":2,"gold_loss":50}],"is_beta":false,"boss_relics":[],"items_purged_floors":[],"is_endless":false,"potions_floor_spawned":[6,8,10,11,14],"killed_by":"Lagavulin","ascension_level":10}}