{"host":"on8rz1ayhhz269sg","time":1610349319,"event":{"mods":["BaseMod","Hermit","Minty Spire (QoL Compilation)","Remilia£®¿Ÿ√◊¿Ú—«£©","StSLib","The Cursed"],"gold_per_floor":[110,110,123,17,17,50,50,62,62,77,94,112,88,100,100,196,196,215,231,231,247,266,266,283,283,283,283,21,21,31,31,31,131,131,146,156,156,172,185,185,201,130,154,169,181,191,44,63,63,63],"floor_reached":51,"playtime":6324,"items_purged":["ScarletImprint"],"score":759,"play_id":"6b35651a-ab03-466a-ba3b-194dc680a139","local_time":"20210111151519","is_ascension_mode":false,"campfire_choices":[{"data":"ScarletShoot","floor":7.0,"key":"SMITH"},{"floor":15.0,"key":"REST"},{"data":"FitfulNightmare","floor":23.0,"key":"SMITH"},{"data":"ScarletImprint","floor":29.0,"key":"SMITH"},{"data":"KillingBlow","floor":32.0,"key":"SMITH"},{"data":"ForecastOfChange","floor":40.0,"key":"SMITH"},{"data":"MastersStateliness","floor":49,"key":"SMITH"}],"circlet_count":0,"master_deck":["Strike_RM+1","Strike_RM+1","Strike_RM+1","Strike_RM+1","Defend_RM+1","Defend_RM+1","Defend_RM+1","Defend_RM+1","RedMoon","ScarletShoot+1","RedRainbow","Maim","CharismaGuard","NightLord","Stigmanizer","SuperhumanBloodyKnife","ScarletSymphony","VampirishNight","FitfulNightmare+1","MastersStateliness","KillingBlow+1","DiffusionOfMisfortune","VampireKiss+1","ScarletMeister","BloodHunter","BombardNight","Septette","ScarletImprint+1","HunterOfTheNight","ScarletImprint+1","ForecastOfChange+1","UnstableMagic+1","ForbiddenFruit+1","BlasphemousPunishment","ChainGang+1","AfternoonTea","LeisurelyOfLord","NightDance+1","StarOfDavid+1","BloodHunter+1","UnstableMagic","MastersStateliness+1"],"relics":["ScarletHat","NeowsBlessing","FaceOfCleric","Du-Vu Doll","Mummified Hand","APieceOfRedMist","Nilry\u0027s Codex","White Beast Statue","Toolbox","ScarletEmblem","Strawberry"],"acts_visited":["Exordium","TheCity","TheBeyond"],"potions_floor_usage":[44,45,46,50,50],"damage_taken":[{"damage":0.0,"enemies":"2 Louse","floor":1.0,"turns":1.0},{"damage":0.0,"enemies":"Small Slimes","floor":3.0,"turns":1.0},{"damage":0.0,"enemies":"Gremlin Nob","floor":6.0,"turns":1.0},{"damage":0.0,"enemies":"Cultist","floor":8.0,"turns":5.0},{"damage":0.0,"enemies":"Blue Slaver","floor":10.0,"turns":5.0},{"damage":0.0,"enemies":"Large Slime","floor":11.0,"turns":2.0},{"damage":20.0,"enemies":"Exordium Thugs","floor":12.0,"turns":4.0},{"damage":8.0,"enemies":"Red Slaver","floor":14.0,"turns":3.0},{"damage":5.0,"enemies":"Slime Boss","floor":16.0,"turns":9.0},{"damage":0.0,"enemies":"Chosen","floor":18.0,"turns":3.0},{"damage":0.0,"enemies":"Shell Parasite","floor":19.0,"turns":4.0},{"damage":0.0,"enemies":"Centurion and Healer","floor":21.0,"turns":6.0},{"damage":9.0,"enemies":"Snake Plant","floor":22.0,"turns":1.0},{"damage":1.0,"enemies":"Sentry and Sphere","floor":24.0,"turns":6.0},{"damage":2.0,"enemies":"Chosen and Byrds","floor":30.0,"turns":3.0},{"damage":0.0,"enemies":"Collector","floor":33.0,"turns":8.0},{"damage":8.0,"enemies":"Orb Walker","floor":35.0,"turns":2.0},{"damage":14.0,"enemies":"3 Darklings","floor":36.0,"turns":4.0},{"damage":12.0,"enemies":"Maw","floor":38.0,"turns":8.0},{"damage":0.0,"enemies":"Sphere and 2 Shapes","floor":39.0,"turns":4.0},{"damage":0,"enemies":"Jaw Worm Horde","floor":41,"turns":4},{"damage":5,"enemies":"3 Darklings","floor":44,"turns":3},{"damage":19,"enemies":"4 Shapes","floor":45,"turns":3},{"damage":3,"enemies":"Sphere and 2 Shapes","floor":46,"turns":3},{"damage":0,"enemies":"3 Darklings","floor":48,"turns":1},{"damage":26,"enemies":"Time Eater","floor":50,"turns":9}],"seed_played":"4553612219136421512","potions_obtained":[{"floor":3.0,"key":"ColorlessPotion"},{"floor":11.0,"key":"Explosive Potion"},{"floor":12.0,"key":"LiquidBronze"},{"floor":14.0,"key":"Strength Potion"},{"floor":19.0,"key":"LiquidBronze"},{"floor":21.0,"key":"Ancient Potion"},{"floor":33.0,"key":"FearPotion"},{"floor":36.0,"key":"GamblersBrew"},{"floor":38.0,"key":"DistilledChaos"},{"floor":39.0,"key":"PowerPotion"},{"floor":41,"key":"DuplicationPotion"},{"floor":44,"key":"Dexterity Potion"},{"floor":45,"key":"Regen Potion"},{"floor":46,"key":"FearPotion"},{"floor":48,"key":"Weak Potion"}],"is_trial":false,"path_per_floor":["M","?","M","$","?","E","R","M","T","M","M","M","$","M","R","B",null,"M","M","?","M","M","R","M","?","T","?","$","R","M","$","R","B",null,"M","M","?","M","M","R","M","$","T","M","M","M","$","M","R","B",null],"character_chosen":"REMILIA","items_purchased":["CharismaGuard","NightLord","MastersStateliness","ScarletImprint","HunterOfTheNight","Toolbox","LeisurelyOfLord","ScarletImprint","UnstableMagic"],"campfire_rested":1,"item_purchase_floors":[4,4,13,28,28,28,42,47,47],"current_hp_per_floor":[75,75,75,75,75,76,76,77,77,78,79,62,62,55,79,79,82,83,84,84,85,77,77,80,64,64,64,64,64,66,66,66,89,89,83,80,80,89,93,93,94,94,101,102,86,98,98,105,105,106],"gold":63,"neow_bonus":"THREE_ENEMY_KILL","is_daily":false,"chose_seed":false,"campfire_upgraded":6,"win_rate":0.0,"timestamp":1610349319,"path_taken":["M","?","M","$","?","E","R","M","T","M","M","M","$","M","R","BOSS","M","M","?","M","M","R","M","?","T","?","$","R","M","?","R","BOSS","M","M","?","M","M","R","M","$","T","?","M","M","$","M","R","BOSS"],"items_purchased_type":["Card","Card","Card","Card","Card","Relic","Card","Card","Card"],"build_version":"2020-12-22","purchased_purges":1,"victory":true,"max_hp_per_floor":[75,75,75,75,75,76,76,77,77,78,79,80,80,81,81,82,82,83,84,84,85,86,86,87,87,87,87,87,87,88,88,88,89,89,90,91,91,92,93,93,94,94,101,102,103,104,104,105,105,106],"card_choices":[{"not_picked":["BombardNight","EmergencyRegeneration"],"picked":"RedRainbow","floor":1.0},{"not_picked":["UltimateOffering","CharismaGuard"],"picked":"Maim","floor":3.0},{"not_picked":["NightDance","TwelveNightmare"],"picked":"Stigmanizer","floor":6.0},{"not_picked":["FavorOfDestiny","CharismaGuard"],"picked":"SuperhumanBloodyKnife","floor":8.0},{"not_picked":["UnstableMagic","DiffusionOfMisfortune"],"picked":"ScarletSymphony","floor":10.0},{"not_picked":["MillenniumVampire","UnstableMagic"],"picked":"VampirishNight","floor":11.0},{"not_picked":["RedMagic","RedRainbow"],"picked":"FitfulNightmare","floor":12.0},{"not_picked":["VampireKiss","Stigmanizer"],"picked":"ScarletImprint","floor":14.0},{"not_picked":["TricksterDevil","QueenOfMidnight"],"picked":"KillingBlow","floor":16.0},{"not_picked":["CharismaGuard","RedRainbow"],"picked":"DiffusionOfMisfortune","floor":18.0},{"not_picked":["BlasphemousPunishment","CharismaGuard+1"],"picked":"VampireKiss+1","floor":19.0},{"not_picked":["CharismaGuard","BloodyMagicSquare"],"picked":"BloodHunter","floor":21.0},{"not_picked":["RedRainbow","BloodHunter"],"picked":"BombardNight","floor":22.0},{"not_picked":["RedRainbow","CharismaGuard+1"],"picked":"Septette","floor":24.0},{"not_picked":["BombardNight","MastersStateliness"],"picked":"ScarletImprint+1","floor":30.0},{"not_picked":["ScarletCoffin","BloodyHallows"],"picked":"ForecastOfChange","floor":33.0},{"not_picked":["CharismaGuard","Stigmanizer"],"picked":"UnstableMagic+1","floor":35.0},{"not_picked":["Stigmanizer","EmergencyRegeneration"],"picked":"ForbiddenFruit+1","floor":36.0},{"not_picked":["VampireKiss","ScarletImprint"],"picked":"BlasphemousPunishment","floor":38.0},{"not_picked":["UltimateOffering","CharismaGuard"],"picked":"ChainGang+1","floor":39.0},{"not_picked":["VampireKiss+1","BlasphemousPunishment"],"picked":"AfternoonTea","floor":41},{"not_picked":["AfternoonTea+1","ScarletDevil+1"],"picked":"NightDance+1","floor":44},{"not_picked":["ScarletMeister","ReincarnationDial+1"],"picked":"StarOfDavid+1","floor":45},{"not_picked":["DiffusionOfMisfortune","CharismaGuard+1"],"picked":"BloodHunter+1","floor":46},{"not_picked":["SuperhumanBloodyKnife+1","VampireKiss"],"picked":"MastersStateliness","floor":48}],"player_experience":145534,"relics_obtained":[{"floor":6.0,"key":"Du-Vu Doll"},{"floor":9.0,"key":"Mummified Hand"},{"floor":25.0,"key":"Nilry\u0027s Codex"},{"floor":26.0,"key":"White Beast Statue"},{"floor":43,"key":"Strawberry"}],"event_choices":[{"damage_healed":0.0,"max_hp_gain":0.0,"max_hp_loss":0.0,"gold_gain":0.0,"event_name":"Shining Light","player_choice":"Ignored","floor":2.0,"gold_loss":0.0,"damage_taken":0.0},{"damage_healed":0.0,"max_hp_gain":0.0,"max_hp_loss":0.0,"gold_gain":0.0,"event_name":"FaceTrader","player_choice":"Trade","floor":5.0,"gold_loss":0.0,"damage_taken":0.0,"relics_obtained":["FaceOfCleric"]},{"damage_healed":0.0,"max_hp_gain":0.0,"max_hp_loss":0.0,"gold_gain":0.0,"event_name":"The Library","player_choice":"Read","floor":20.0,"gold_loss":0.0,"damage_taken":0.0,"cards_obtained":["ScarletMeister"]},{"damage_healed":0.0,"max_hp_gain":0.0,"max_hp_loss":0.0,"gold_gain":0.0,"event_name":"Cursed Tome","player_choice":"Obtained Book","floor":25.0,"gold_loss":0.0,"damage_taken":16.0},{"damage_healed":0.0,"max_hp_gain":0.0,"max_hp_loss":0.0,"gold_gain":0.0,"event_name":"Back to Basics","player_choice":"Simplicity","floor":27.0,"gold_loss":0.0,"damage_taken":0.0,"cards_upgraded":["Strike_RM","Strike_RM","Strike_RM","Strike_RM","Defend_RM","Defend_RM","Defend_RM","Defend_RM"]},{"cards_removed":["ScarletImprint"],"damage_healed":0.0,"max_hp_gain":0.0,"max_hp_loss":0.0,"gold_gain":0.0,"event_name":"Wheel of Change","player_choice":"Card Removal","floor":37.0,"gold_loss":0.0,"damage_taken":0.0}],"is_beta":false,"boss_relics":[{"not_picked":["Pandora\u0027s Box","Philosopher\u0027s Stone"],"picked":"APieceOfRedMist"},{"not_picked":["Tiny House","Runic Pyramid"],"picked":"ScarletEmblem"}],"items_purged_floors":[47],"is_endless":false,"potions_floor_spawned":[3,11,12,14,19,21,30,33,35,36,38,39,41,44,45,46,48],"ascension_level":0}}