{"host":"19tvufa8xx4wr4o1","time":1610327401,"event":{"mods":["AchievementEnabler","BaseMod","Better Sensory Stone","Better Third Choice","Highlight Path","Minty Spire (QoL Compilation)","Relic Stats","StSLib"],"gold_per_floor":[117,117,117,137,149,180,180,206,206,84,103,103,115,129,129,129,129],"floor_reached":16,"playtime":396,"items_purged":["Strike_R"],"score":196,"play_id":"43d4ddd5-88d2-4bdd-917e-97b771a6a5cb","local_time":"20210110191001","is_ascension_mode":true,"campfire_choices":[{"floor":7.0,"key":"REST"},{"floor":12.0,"key":"REST"},{"data":"True Grit","floor":15.0,"key":"SMITH"}],"circlet_count":0,"master_deck":["AscendersBane","Strike_R","Strike_R","Strike_R","Strike_R","Defend_R","Defend_R","Defend_R","Bash","True Grit+1","Sword Boomerang","Immolate","Spot Weakness","Armaments","Pummel"],"relics":["SlaversCollar","HornCleat","Singing Bowl","Darkstone Periapt"],"acts_visited":["Exordium"],"potions_floor_usage":[16,16],"damage_taken":[{"damage":3.0,"enemies":"2 Louse","floor":1.0,"turns":4.0},{"damage":1.0,"enemies":"Cultist","floor":4.0,"turns":3.0},{"damage":12.0,"enemies":"Small Slimes","floor":5.0,"turns":4.0},{"damage":35.0,"enemies":"Lagavulin","floor":6.0,"turns":6.0},{"damage":5.0,"enemies":"3 Sentries","floor":8.0,"turns":3.0},{"damage":4.0,"enemies":"Exordium Thugs","floor":11.0,"turns":4.0},{"damage":1.0,"enemies":"2 Fungi Beasts","floor":13.0,"turns":3.0},{"damage":1.0,"enemies":"Blue Slaver","floor":14.0,"turns":3.0},{"damage":71,"enemies":"Slime Boss","floor":16,"turns":7}],"seed_played":"7930755261663245091","potions_obtained":[{"floor":1.0,"key":"Explosive Potion"},{"floor":8.0,"key":"EntropicBrew"}],"is_trial":false,"path_per_floor":["M","?","?","M","M","E","R","E","T","$","M","R","M","M","R","B"],"character_chosen":"IRONCLAD","items_purchased":["Armaments"],"campfire_rested":2,"item_purchase_floors":[10],"current_hp_per_floor":[65,70,70,69,57,22,46,43,43,43,39,63,64,65,65,0,0],"gold":129,"neow_bonus":"BOSS_RELIC","is_daily":false,"chose_seed":false,"campfire_upgraded":1,"win_rate":0.0,"timestamp":1610327401,"path_taken":["M","?","?","M","?","E","R","E","T","$","M","R","M","M","R","BOSS"],"items_purchased_type":["Card"],"build_version":"2020-12-22","purchased_purges":1,"victory":false,"max_hp_per_floor":[75,80,80,80,80,80,80,82,82,82,82,82,84,86,86,86,86],"relic_stats":{"Darkstone Periapt":0,"Singing Bowl":6,"counters":[9,37],"obtain_stats":[{"Darkstone Periapt":9,"SlaversCollar":0,"HornCleat":6,"Singing Bowl":8,"Burning Blood":0},{"Darkstone Periapt":5,"SlaversCollar":0,"HornCleat":4,"Singing Bowl":5,"Burning Blood":0},{"Darkstone Periapt":20,"SlaversCollar":0,"HornCleat":17,"Singing Bowl":20,"Burning Blood":0}]},"card_choices":[{"not_picked":["Sever Soul","Flex"],"picked":"True Grit","floor":1.0},{"not_picked":["Shrug It Off","Warcry"],"picked":"Sword Boomerang","floor":4.0},{"not_picked":["Burning Pact","Thunderclap"],"picked":"Immolate","floor":5.0},{"not_picked":["True Grit","Ghostly Armor"],"picked":"Spot Weakness","floor":6.0},{"not_picked":["Anger","Warcry","Clash"],"picked":"Singing Bowl","floor":8.0},{"not_picked":["Fire Breathing","Iron Wave"],"picked":"Pummel","floor":11.0},{"not_picked":["Clash","Carnage","Headbutt"],"picked":"Singing Bowl","floor":13.0},{"not_picked":["Warcry","Fiend Fire","Body Slam"],"picked":"Singing Bowl","floor":14.0}],"player_experience":570734,"relics_obtained":[{"floor":6.0,"key":"HornCleat"},{"floor":8.0,"key":"Singing Bowl"},{"floor":9.0,"key":"Darkstone Periapt"}],"event_choices":[{"damage_healed":0.0,"max_hp_gain":5.0,"max_hp_loss":0.0,"gold_gain":0.0,"event_name":"Big Fish","player_choice":"Donut","floor":2.0,"gold_loss":0.0,"damage_taken":0.0},{"cards_removed":["Defend_R"],"damage_healed":0.0,"max_hp_gain":0.0,"max_hp_loss":0.0,"gold_gain":0.0,"event_name":"Purifier","player_choice":"Purged","floor":3.0,"gold_loss":0.0,"damage_taken":0.0}],"is_beta":false,"boss_relics":[],"items_purged_floors":[10],"is_endless":false,"potions_floor_spawned":[1,8,11,14],"killed_by":"Slime Boss","ascension_level":15}}