{"host":"17xjy7b7ubl548g2","time":1610381203,"event":{"mods":["2.2 Compatiblity","Act Like it!","Aspiration","Astrologer","Bard","BaseMod","Bestiary","Challenge The Spire","ChefMod","Colored Map","Conspire","Elementarium","Energized Spire","Gensokyo","GifTheSpireLib","Halation","Hallownest","Hubris","Infinite Spire","Jedi Mod","Jorbs\u0027s Wanderer Trilogy","Marisa（霧雨　魔理沙）","Marked Mod","Menagerie","Minty Spire (QoL Compilation)","Pale of the Ancients","Permanent Neow","Puzzle Mod","Replay The Spire","Robot Space Explorer","Spicy Shops","StSLib","Stuff the Spire","The Blue Laboratory","The Bug Knight","The Construct","The Disciple","The Factory","The Hayseed","The Hierophant","The Marked","The Runesmith","The Sage","TheFirefly"],"gold_per_floor":[115,127,145,164,183,183,217,217,299,299,299,311,339,353,353,451,451,466,478,9,20,31,31,31,45,95,115,144,160,56,86,86,186,186,198,198,72,85,102,102,127,127,153,181,197,197,214,214,214,214],"floor_reached":51,"playtime":6294,"items_purged":["thefirefly:Strike"],"score":859,"play_id":"2a8a88d6-04f2-4edf-87c5-81f8f8017a19","local_time":"20210111110643","is_ascension_mode":true,"campfire_choices":[{"data":"thefirefly:StealthMode","floor":6.0,"key":"SMITH"},{"data":"thefirefly:Regeneration","floor":10.0,"key":"SMITH"},{"data":"thefirefly:CreateClone","floor":15.0,"key":"SMITH"},{"data":"ReplayUltimateDefense","floor":23.0,"key":"SMITH"},{"data":"thefirefly:SoulStrike","floor":32.0,"key":"SMITH"},{"data":"thefirefly:LustForEternity","floor":40.0,"key":"SMITH"},{"data":"thefirefly:LaserMail","floor":42.0,"key":"SMITH"},{"data":"thefirefly:Kugelblitz","floor":46.0,"key":"SMITH"},{"floor":49,"key":"REST"}],"circlet_count":0,"master_deck":["thefirefly:Strike","thefirefly:Defend","thefirefly:Defend","thefirefly:Defend","thefirefly:StealthMode+1","thefirefly:PhotonBlast","thefirefly:Teleport","thefirefly:AuroralDischarge","thefirefly:CreateClone+1","thefirefly:FlakCannon","thefirefly:FlareScreen","thefirefly:Regeneration+1","Menagerie:SagesJudgement","thefirefly:Reposition","thefirefly:Flight","thefirefly:MindControl","thefirefly:SteadyAim","thefirefly:EnergyShield+1","thefirefly:ShieldGenerator+1","ReplayUltimateDefense+1","thefirefly:ReverseEngine","Slice","StuffTheSpire:ReptileScales","thefirefly:Prominence","thefirefly:SoulStrike+1","thefirefly:DecoyShot","thefirefly:CoveringFire","thefirefly:LaserMail+1","thefirefly:InterceptingShot","thefirefly:LustForEternity+1","thefirefly:EnergyShield+1","StuffTheSpire:PlasmaPulse","thefirefly:ChargedLaser","thefirefly:Kugelblitz+1","thefirefly:SearingEnigma","thefirefly:Boost","thefirefly:StarCinder","thefirefly:MirrorShield"],"relics":["thefirefly:StealthSystem","Oddly Smooth Stone","hubris:Icosahedron","Iron Hammer","hubris:BottledRain","energizedSpire:NeverEndingSparkler","Runesmith:AutoHammer","Simple Rune","jedi:HeartOfTheCards","Elementarium:ElementariumTrophy","jedi:paperlyon","jedi:kaleidoscope","thefirefly:LongRangeScanner","infinitespire:CursedDice","Replay:Baseball"],"acts_visited":["Exordium","Menagerie:Menagerie","TheBeyond"],"potions_floor_usage":[50,50,50],"damage_taken":[{"damage":2.0,"enemies":"Menagerie:WhisperingWraith","floor":1.0,"turns":7.0},{"damage":1.0,"enemies":"Menagerie:2_RABBITS","floor":2.0,"turns":4.0},{"damage":0.0,"enemies":"Menagerie:MonstrousExperiment","floor":3.0,"turns":6.0},{"damage":13.0,"enemies":"Menagerie:3_RABBITS","floor":4.0,"turns":5.0},{"damage":13.0,"enemies":"Menagerie:BEAST_MAGE_AND_PROWLING_AMALGAM","floor":5.0,"turns":6.0},{"damage":21.0,"enemies":"Menagerie:VoidReaper","floor":7.0,"turns":8.0},{"damage":0.0,"enemies":"Menagerie:MENAGERIE_WILDLIFE","floor":12.0,"turns":4.0},{"damage":23.0,"enemies":"Menagerie:Hydra","floor":13.0,"turns":7.0},{"damage":0.0,"enemies":"Menagerie:KEEPER_AND_YOUNG_SUNEATER","floor":14.0,"turns":6.0},{"damage":4.0,"enemies":"Menagerie:Suneater","floor":16.0,"turns":15.0},{"damage":0.0,"enemies":"Elementarium:2_ELEMENTALS","floor":18.0,"turns":3.0},{"damage":0.0,"enemies":"Elementarium:Cyclone","floor":19.0,"turns":7.0},{"damage":2.0,"enemies":"Elementarium:VoidBeast","floor":21.0,"turns":10.0},{"damage":0.0,"enemies":"Elementarium:3_ELEMENTALS","floor":22.0,"turns":7.0},{"damage":0.0,"enemies":"Elementarium:Hydrostalker","floor":25.0,"turns":9.0},{"damage":0.0,"enemies":"Elementarium:STONE_GOLEMS","floor":27.0,"turns":8.0},{"damage":5.0,"enemies":"Elementarium:FIRE_NOBILITY","floor":28.0,"turns":11.0},{"damage":0.0,"enemies":"Elementarium:RubyGolem","floor":29.0,"turns":4.0},{"damage":10.0,"enemies":"Elementarium:WarGolem","floor":31.0,"turns":5.0},{"damage":0.0,"enemies":"Elementarium:GolemEmperor","floor":33.0,"turns":17.0},{"damage":0.0,"enemies":"Orb Walker","floor":35.0,"turns":3.0},{"damage":0.0,"enemies":"3 Shapes","floor":38.0,"turns":3.0},{"damage":24.0,"enemies":"3 Darklings","floor":39.0,"turns":6.0},{"damage":0.0,"enemies":"Nemesis","floor":41.0,"turns":7.0},{"damage":3.0,"enemies":"Giant Head","floor":44.0,"turns":9.0},{"damage":0.0,"enemies":"Spire Growth","floor":45.0,"turns":5.0},{"damage":4.0,"enemies":"Jaw Worm Horde","floor":47.0,"turns":3.0},{"damage":0,"enemies":"Replay:Hell Engine","floor":50,"turns":14}],"seed_played":"6440592690716292586","potions_obtained":[{"floor":1.0,"key":"conspire:TimeTravelPotion"},{"floor":3.0,"key":"Dexterity Potion"},{"floor":4.0,"key":"Regen Potion"},{"floor":13.0,"key":"Strength Potion"},{"floor":18.0,"key":"Cursed Concoction"},{"floor":19.0,"key":"jedi:StrikingPotion"},{"floor":21.0,"key":"SteroidPotion"},{"floor":28.0,"key":"blueLaboratory:RememoryPotion"},{"floor":31.0,"key":"blueLaboratory:PhilterOfMotion"},{"floor":33.0,"key":"Strength Potion"},{"floor":44.0,"key":"Fire Potion"},{"floor":45.0,"key":"Strength Potion"}],"is_trial":false,"path_per_floor":["M","M","M","M","M","R","E","?","T","R","?","M","E","M","R","B",null,"M","M","$","M","M","R","?","M","T","M","E","M","$","E","R","B",null,"M","?","$","M","M","R","E","R","T","E","M","R","M","$","R","B",null],"character_chosen":"THE_FIREFLY","items_purchased":["thefirefly:ShieldGenerator+1","ReplayUltimateDefense","thefirefly:CoveringFire","thefirefly:LaserMail","StuffTheSpire:PlasmaPulse","Replay:Baseball"],"campfire_rested":1,"item_purchase_floors":[20,20,30,30,37,48],"current_hp_per_floor":[58,57,57,54,43,43,39,39,39,39,34,36,15,17,17,15,74,76,78,78,78,80,80,80,82,82,84,81,81,81,73,73,75,92,92,92,92,92,70,70,72,72,72,71,73,73,71,61,91,93],"gold":214,"neow_bonus":"TEN_PERCENT_HP_BONUS","is_daily":false,"chose_seed":false,"campfire_upgraded":8,"win_rate":0.0,"timestamp":1610381203,"path_taken":["M","M","M","M","M","R","E","?","T","R","?","M","E","?","R","BOSS","M","M","$","M","M","R","?","M","T","M","E","M","$","E","R","BOSS","M","?","$","?","?","R","E","R","T","E","M","R","M","?","R","BOSS"],"items_purchased_type":["Card","Card","Card","Card","Card","Relic"],"build_version":"2020-12-22","purchased_purges":1,"victory":true,"max_hp_per_floor":[60,60,60,62,64,64,66,66,66,66,66,68,70,72,72,74,74,76,78,78,80,82,82,82,84,84,86,88,88,88,90,90,92,92,92,92,92,92,94,94,96,96,96,98,100,100,102,102,102,104],"card_choices":[{"not_picked":["thefirefly:Distort","thefirefly:Flight"],"picked":"thefirefly:Teleport","floor":1.0},{"not_picked":["thefirefly:Boost","thefirefly:ShieldArray"],"picked":"thefirefly:AuroralDischarge","floor":2.0},{"not_picked":["thefirefly:QuantumTunneling","thefirefly:ReverseEngine"],"picked":"thefirefly:CreateClone","floor":3.0},{"not_picked":["thefirefly:FlareScreen","thefirefly:Teleport"],"picked":"thefirefly:FlakCannon","floor":4.0},{"not_picked":["thefirefly:EMP","thefirefly:StarCinder"],"picked":"thefirefly:FlareScreen","floor":5.0},{"not_picked":["thefirefly:StoredPower","thefirefly:EMP"],"picked":"thefirefly:Regeneration","floor":7.0},{"not_picked":["thefirefly:SteadyAim","thefirefly:RollBack"],"picked":"thefirefly:Reposition","floor":12.0},{"not_picked":["thefirefly:Rend","thefirefly:ParadoxEngine","thefirefly:StoredPower"],"picked":"SKIP","floor":13.0},{"not_picked":["thefirefly:NebulaVeil","thefirefly:AutoTargeting"],"picked":"thefirefly:Flight","floor":14.0},{"not_picked":["thefirefly:TachyonBeam","thefirefly:SoulStrike"],"picked":"thefirefly:MindControl","floor":16.0},{"not_picked":["thefirefly:StoredPower","thefirefly:Pacify"],"picked":"thefirefly:SteadyAim","floor":18.0},{"not_picked":["thefirefly:DecoyShot","thefirefly:AutoTargeting"],"picked":"thefirefly:EnergyShield+1","floor":19.0},{"not_picked":["thefirefly:PhantomStrike","thefirefly:FlakCannon"],"picked":"thefirefly:ReverseEngine","floor":21.0},{"not_picked":["thefirefly:AutoTargeting","thefirefly:Pacify+1","thefirefly:Reposition"],"picked":"SKIP","floor":22.0},{"not_picked":["thefirefly:NebulaVeil+1","thefirefly:StoredPower","thefirefly:Rend"],"picked":"SKIP","floor":25.0},{"not_picked":["thefirefly:PhantomStrike+1","thefirefly:ShieldArray"],"picked":"thefirefly:Prominence","floor":27.0},{"not_picked":["thefirefly:EMP","thefirefly:Teleport"],"picked":"thefirefly:SoulStrike","floor":28.0},{"not_picked":["thefirefly:MirrorShield","thefirefly:ChargedLaser"],"picked":"thefirefly:DecoyShot","floor":29.0},{"not_picked":["thefirefly:Preload","thefirefly:ChargedLaser"],"picked":"thefirefly:InterceptingShot","floor":31.0},{"not_picked":["thefirefly:CreateClone","thefirefly:MindControl"],"picked":"thefirefly:LustForEternity","floor":33.0},{"not_picked":["thefirefly:ShieldArray+1","thefirefly:StarCinder+1"],"picked":"thefirefly:EnergyShield+1","floor":35.0},{"not_picked":["thefirefly:Pacify","thefirefly:StoredPower"],"picked":"thefirefly:ChargedLaser","floor":38.0},{"not_picked":["thefirefly:EMP","thefirefly:Reposition"],"picked":"thefirefly:Kugelblitz","floor":39.0},{"not_picked":["thefirefly:EvasiveManeuver","thefirefly:RollBack"],"picked":"thefirefly:SearingEnigma","floor":41.0},{"not_picked":["thefirefly:Reposition","thefirefly:Cosmogenesis"],"picked":"thefirefly:Boost","floor":44.0},{"not_picked":["thefirefly:AuroralDischarge","thefirefly:Distort"],"picked":"thefirefly:StarCinder","floor":45.0},{"not_picked":["thefirefly:Ruminate+1","thefirefly:RollBack+1"],"picked":"thefirefly:MirrorShield","floor":47.0}],"player_experience":1743570,"relics_obtained":[{"floor":7.0,"key":"Oddly Smooth Stone"},{"floor":9.0,"key":"Iron Hammer"},{"floor":13.0,"key":"hubris:BottledRain"},{"floor":26.0,"key":"Runesmith:AutoHammer"},{"floor":28.0,"key":"Simple Rune"},{"floor":31.0,"key":"jedi:HeartOfTheCards"},{"floor":41.0,"key":"jedi:kaleidoscope"},{"floor":43.0,"key":"thefirefly:LongRangeScanner"},{"floor":44.0,"key":"infinitespire:CursedDice"}],"event_choices":[{"damage_healed":0.0,"max_hp_gain":0.0,"max_hp_loss":0.0,"gold_gain":0.0,"event_name":"Menagerie:MageAndMonster","player_choice":"Help the mage","floor":11.0,"gold_loss":0.0,"damage_taken":5.0,"cards_obtained":["Menagerie:SagesJudgement"]},{"cards_removed":["Strike_G"],"damage_healed":0.0,"max_hp_gain":0.0,"max_hp_loss":0.0,"gold_gain":0.0,"event_name":"Purifier","player_choice":"Purged","floor":36.0,"gold_loss":0.0,"damage_taken":0.0}],"is_beta":false,"boss_relics":[{"not_picked":["Busted Crown","hubris:Backtick"],"picked":"energizedSpire:NeverEndingSparkler"},{"not_picked":["halation:Yufonium","StuffTheSpire:Kangaroo"],"picked":"jedi:paperlyon"}],"items_purged_floors":[20],"is_endless":false,"potions_floor_spawned":[1,3,4,13,18,19,21,28,31,33,35,44,45],"ascension_level":4}}