{"host":"os7ajuuouznx3pj7","time":1610331675,"event":{"mods":["AchievementEnabler","BaseMod","Bestiary","Block Reminder","Colored Map","Colored Powertips","Keyboard Shortcuts","Minty Spire (QoL Compilation)","Quick Restart","Relic Sorter","Relic Stats","SuperFastMode"],"gold_per_floor":[114,114,114,130,107,107,118,118,118,129,146,157,157,175,175,280,280,299,318,318,332,332,332,349,177,177,187,187,206,206,224,224,328,328,340,358,258,258,46,79,79,79,79,90,90,90,18,35,35,35],"floor_reached":51,"playtime":6132,"items_purged":["Defend_P","Strike_P","Strike_P"],"score":646,"play_id":"f8a98e2f-273d-4280-9ee0-d84d93315fc8","local_time":"20210111002115","is_ascension_mode":false,"campfire_choices":[{"data":"Eruption","floor":6.0,"key":"SMITH"},{"data":"FlurryOfBlows","floor":8.0,"key":"SMITH"},{"data":"FearNoEvil","floor":13.0,"key":"SMITH"},{"data":"Wallop","floor":15.0,"key":"SMITH"},{"data":"Crescendo","floor":23.0,"key":"SMITH"},{"data":"FlurryOfBlows","floor":28.0,"key":"SMITH"},{"data":"SpiritShield","floor":30.0,"key":"SMITH"},{"data":"ReachHeaven","floor":32.0,"key":"SMITH"},{"data":"Devotion","floor":42.0,"key":"SMITH"},{"data":"MentalFortress","floor":45.0,"key":"SMITH"},{"data":"ReachHeaven","floor":49,"key":"SMITH"}],"circlet_count":0,"master_deck":["Strike_P","Strike_P+1","Defend_P","Defend_P","Defend_P","Eruption+1","Vigilance+1","FlurryOfBlows+1","FearNoEvil+1","EmptyBody","JustLucky","SpiritShield+1","Consecrate","Wallop+1","FlurryOfBlows+1","Crescendo+1","ReachHeaven+1","Purity","FollowUp+1","Devotion+1","Dark Shackles","Violence","Impatience","Trip","Indignation+1","MentalFortress+1","ReachHeaven+1"],"relics":["Runic Pyramid"],"acts_visited":["Exordium","TheCity","TheBeyond"],"potions_floor_usage":[48,50,50,50],"damage_taken":[{"damage":5.0,"enemies":"Small Slimes","floor":1.0,"turns":3.0},{"damage":6.0,"enemies":"Jaw Worm","floor":4.0,"turns":2.0},{"damage":0.0,"enemies":"Cultist","floor":7.0,"turns":2.0},{"damage":3.0,"enemies":"Red Slaver","floor":10.0,"turns":2.0},{"damage":0.0,"enemies":"2 Fungi Beasts","floor":11.0,"turns":2.0},{"damage":4.0,"enemies":"Exordium Thugs","floor":12.0,"turns":3.0},{"damage":6.0,"enemies":"Gremlin Gang","floor":14.0,"turns":4.0},{"damage":38.0,"enemies":"Slime Boss","floor":16.0,"turns":6.0},{"damage":5.0,"enemies":"2 Thieves","floor":18.0,"turns":3.0},{"damage":3.0,"enemies":"Shell Parasite","floor":19.0,"turns":5.0},{"damage":6.0,"enemies":"Snecko","floor":21.0,"turns":5.0},{"damage":0.0,"enemies":"Chosen and Byrds","floor":24.0,"turns":4.0},{"damage":2.0,"enemies":"Snake Plant","floor":27.0,"turns":3.0},{"damage":0.0,"enemies":"Shelled Parasite and Fungi","floor":29.0,"turns":3.0},{"damage":6.0,"enemies":"Chosen and Byrds","floor":31.0,"turns":4.0},{"damage":29.0,"enemies":"Champ","floor":33.0,"turns":8.0},{"damage":19.0,"enemies":"3 Darklings","floor":35.0,"turns":4.0},{"damage":0.0,"enemies":"3 Shapes","floor":36.0,"turns":4.0},{"damage":1.0,"enemies":"Giant Head","floor":40.0,"turns":6.0},{"damage":0.0,"enemies":"Writhing Mass","floor":44.0,"turns":4.0},{"damage":5,"enemies":"3 Darklings","floor":48,"turns":3},{"damage":48,"enemies":"Time Eater","floor":50,"turns":9}],"seed_played":"-8329348705604396982","potions_obtained":[{"floor":4.0,"key":"ColorlessPotion"},{"floor":10.0,"key":"StancePotion"},{"floor":14.0,"key":"Weak Potion"},{"floor":19.0,"key":"StancePotion"},{"floor":22.0,"key":"GamblersBrew"},{"floor":33.0,"key":"ColorlessPotion"},{"floor":35.0,"key":"Explosive Potion"},{"floor":44.0,"key":"DuplicationPotion"},{"floor":48,"key":"BlessingOfTheForge"}],"is_trial":false,"path_per_floor":["M","?","?","M","$","R","M","R","T","M","M","M","R","M","R","B",null,"M","M","?","M","?","R","M","$","T","M","R","M","R","M","R","B",null,"M","M","$","?","$","E","?","R","T","M","R","?","$","M","R","B",null],"character_chosen":"WATCHER","items_purchased":["EmptyBody","Purity","Trip","Regen Potion"],"campfire_rested":0,"item_purchase_floors":[5,25,39,47],"current_hp_per_floor":[67,53,58,52,52,52,52,52,52,49,49,45,45,39,39,1,77,72,69,69,63,63,63,63,63,63,61,61,61,61,55,55,26,77,58,58,58,48,48,47,47,47,47,47,47,47,47,42,42,9],"gold":35,"neow_bonus":"BOSS_RELIC","is_daily":false,"chose_seed":false,"campfire_upgraded":11,"win_rate":0.0,"timestamp":1610331675,"path_taken":["M","?","?","M","?","R","M","R","T","M","?","M","R","M","R","BOSS","M","M","?","?","?","R","M","$","T","M","R","?","R","M","R","BOSS","M","?","$","?","$","E","?","R","T","M","R","?","$","M","R","BOSS"],"items_purchased_type":["Card","Card","Card","Potion"],"build_version":"2020-12-22","purchased_purges":3,"victory":true,"max_hp_per_floor":[72,72,77,77,77,77,77,77,77,77,77,77,77,77,77,77,77,77,77,77,77,77,77,77,77,77,77,77,77,77,77,77,77,77,77,77,77,77,77,77,77,77,77,77,77,73,73,73,73,73],"relic_stats":{"counters":[22,89],"obtain_stats":[{"PureWater":0,"Runic Pyramid":0},{"PureWater":0,"Runic Pyramid":0},{"PureWater":0,"Runic Pyramid":0}]},"card_choices":[{"not_picked":["BattleHymn","JustLucky"],"picked":"FlurryOfBlows","floor":1.0},{"not_picked":["SignatureMove","ThirdEye"],"picked":"FearNoEvil","floor":4.0},{"not_picked":["LikeWater","CutThroughFate"],"picked":"JustLucky","floor":7.0},{"not_picked":["DeceiveReality","Wallop"],"picked":"SpiritShield","floor":10.0},{"not_picked":["Halt","Worship"],"picked":"Consecrate","floor":11.0},{"not_picked":["Conclude","Prostrate","PathToVictory"],"picked":"SKIP","floor":12.0},{"not_picked":["Worship","Indignation"],"picked":"Wallop","floor":14.0},{"not_picked":["ThirdEye+1","FlyingSleeves"],"picked":"FlurryOfBlows","floor":18.0},{"not_picked":["CutThroughFate","Halt"],"picked":"Crescendo","floor":19.0},{"not_picked":["CarveReality","Consecrate","JustLucky"],"picked":"SKIP","floor":21.0},{"not_picked":["Study","Wallop"],"picked":"ReachHeaven","floor":24.0},{"not_picked":["CrushJoints+1","ForeignInfluence","TalkToTheHand"],"picked":"SKIP","floor":27.0},{"not_picked":["WaveOfTheHand","Protect","JustLucky"],"picked":"SKIP","floor":29.0},{"not_picked":["Evaluate","SandsOfTime"],"picked":"FollowUp+1","floor":31.0},{"not_picked":["LessonLearned","Omniscience"],"picked":"Devotion","floor":33.0},{"not_picked":["Conclude","TalkToTheHand","Weave+1"],"picked":"SKIP","floor":35.0},{"not_picked":["EmptyBody","PathToVictory","CutThroughFate+1"],"picked":"SKIP","floor":36.0},{"not_picked":["Sadistic Nature","Enlightenment"],"picked":"Dark Shackles","floor":38.0},{"not_picked":["Panacea","Finesse"],"picked":"Violence","floor":38.0},{"not_picked":["Enlightenment","Good Instincts"],"picked":"Impatience","floor":38.0},{"not_picked":["EmptyBody+1","DeceiveReality+1"],"picked":"Indignation+1","floor":40.0},{"not_picked":["Consecrate+1","TalkToTheHand+1"],"picked":"MentalFortress","floor":44.0},{"not_picked":["Perseverance","ThirdEye"],"picked":"ReachHeaven","floor":48}],"player_experience":925012,"relics_obtained":[],"event_choices":[{"damage_healed":0.0,"max_hp_gain":0.0,"max_hp_loss":0.0,"gold_gain":0.0,"event_name":"Shining Light","player_choice":"Entered Light","floor":2.0,"gold_loss":0.0,"damage_taken":14.0,"cards_upgraded":["Strike_P","Vigilance"]},{"damage_healed":0.0,"max_hp_gain":5.0,"max_hp_loss":0.0,"gold_gain":0.0,"event_name":"Big Fish","player_choice":"Donut","floor":3.0,"gold_loss":0.0,"damage_taken":0.0},{"damage_healed":0.0,"max_hp_gain":0.0,"max_hp_loss":0.0,"gold_gain":0.0,"event_name":"WeMeetAgain","player_choice":"Ignored","floor":20.0,"gold_loss":0.0,"damage_taken":0.0},{"damage_healed":0.0,"max_hp_gain":0.0,"max_hp_loss":0.0,"gold_gain":0.0,"event_name":"Lab","player_choice":"Got Potions","floor":22.0,"gold_loss":0.0,"damage_taken":0.0},{"damage_healed":0.0,"max_hp_gain":0.0,"max_hp_loss":0.0,"gold_gain":0.0,"event_name":"SensoryStone","player_choice":"Memory 3","floor":38.0,"gold_loss":0.0,"damage_taken":10.0},{"damage_healed":0.0,"max_hp_gain":0.0,"max_hp_loss":0.0,"gold_gain":0.0,"event_name":"Tomb of Lord Red Mask","player_choice":"Ignored","floor":41.0,"gold_loss":0.0,"damage_taken":0.0},{"damage_healed":0.0,"max_hp_gain":0.0,"max_hp_loss":4.0,"gold_gain":0.0,"event_name":"Winding Halls","player_choice":"Max HP","floor":46.0,"gold_loss":0.0,"damage_taken":0.0}],"is_beta":false,"boss_relics":[{"not_picked":["Coffee Dripper","Snecko Eye","Sozu"]},{"not_picked":["Coffee Dripper","Snecko Eye","Sozu"]}],"items_purged_floors":[25,37,39],"is_endless":false,"potions_floor_spawned":[4,10,14,19,24,33,35,44,48],"ascension_level":0}}