{"host":"840yoaz69lavfcgt","time":1610337054,"event":{"mods":["BaseMod","Colored Powertips","DeckTracker","Highlight Path","Minty Spire (QoL Compilation)","Synergy Search"],"gold_per_floor":[113,113,113,38,57,87,87,103,103,118,152,152,6,36,36,134,134,150,162,173,173,173,173,173,173],"floor_reached":24,"playtime":1919,"items_purged":["Regret"],"score":254,"play_id":"bee3f941-e8e0-495d-ba8d-e57b128d6037","local_time":"20210110225054","is_ascension_mode":false,"campfire_choices":[{"floor":12.0,"key":"REST"},{"floor":15.0,"key":"REST"}],"circlet_count":0,"master_deck":["Defend_P","Defend_P","Defend_P","Defend_P","Eruption","Vigilance","PathToVictory+1","Perseverance","Swivel","Pray","DeceiveReality","PathToVictory","Halt","Consecrate","Protect","Prostrate","Brilliance","MasterReality","CurseOfTheBell","FlyingSleeves+1","Pray","Consecrate","Bite","Bite","Bite","Bite"],"relics":["PureWater","NeowsBlessing","Ginger","Matryoshka","Letter Opener","Dream Catcher","Turnip","Pen Nib","Odd Mushroom","Calling Bell","Bag of Marbles","Sundial","Gambling Chip","Question Card"],"acts_visited":["Exordium","TheCity"],"potions_floor_usage":[24],"damage_taken":[{"damage":0.0,"enemies":"Small Slimes","floor":1.0,"turns":1.0},{"damage":0.0,"enemies":"Jaw Worm","floor":5.0,"turns":1.0},{"damage":0.0,"enemies":"Lagavulin","floor":6.0,"turns":1.0},{"damage":0.0,"enemies":"2 Louse","floor":8.0,"turns":2.0},{"damage":4.0,"enemies":"Blue Slaver","floor":10.0,"turns":3.0},{"damage":26.0,"enemies":"3 Sentries","floor":11.0,"turns":8.0},{"damage":14.0,"enemies":"The Mushroom Lair","floor":14.0,"turns":4.0},{"damage":21.0,"enemies":"Slime Boss","floor":16.0,"turns":13.0},{"damage":5.0,"enemies":"Chosen","floor":18.0,"turns":7.0},{"damage":3.0,"enemies":"2 Thieves","floor":19.0,"turns":4.0},{"damage":11.0,"enemies":"Sentry and Sphere","floor":20.0,"turns":8.0},{"damage":56,"enemies":"Slavers","floor":24,"turns":4}],"seed_played":"2716609500051337085","potions_obtained":[{"floor":6.0,"key":"Ancient Potion"},{"floor":8.0,"key":"GamblersBrew"},{"floor":10.0,"key":"SkillPotion"},{"floor":11.0,"key":"BlessingOfTheForge"},{"floor":19.0,"key":"DuplicationPotion"}],"is_trial":false,"path_per_floor":["M","?","?","$","M","E","?","M","T","M","E","R","$","?","R","B",null,"M","M","M","?","?","?","E"],"character_chosen":"WATCHER","items_purchased":["Consecrate","Protect","Fire Potion"],"campfire_rested":2,"item_purchase_floors":[13,13,13],"current_hp_per_floor":[72,72,72,72,72,72,69,69,69,65,39,60,60,46,67,46,72,67,64,53,50,50,50,0,0],"gold":173,"neow_bonus":"THREE_ENEMY_KILL","is_daily":false,"chose_seed":false,"campfire_upgraded":0,"win_rate":0.0,"timestamp":1610337054,"path_taken":["M","?","?","$","M","E","?","M","T","M","E","R","?","?","R","BOSS","M","M","M","?","?","?","E"],"items_purchased_type":["Card","Card","Potion"],"build_version":"2020-12-22","purchased_purges":1,"victory":false,"max_hp_per_floor":[72,72,72,72,72,72,72,72,72,72,72,72,72,72,72,72,72,72,72,72,50,50,50,50,50],"card_choices":[{"not_picked":["Protect","Indignation"],"picked":"PathToVictory","floor":1.0},{"not_picked":["Nirvana","Study"],"picked":"Perseverance","floor":5.0},{"not_picked":["Halt","SashWhip"],"picked":"Swivel","floor":6.0},{"not_picked":["Halt","JustLucky"],"picked":"Pray","floor":8.0},{"not_picked":["FlyingSleeves","Protect"],"picked":"DeceiveReality","floor":10.0},{"not_picked":["Prostrate","ClearTheMind"],"picked":"PathToVictory","floor":11.0},{"not_picked":["Evaluate","Adaptation"],"picked":"Halt","floor":12.0},{"not_picked":["ClearTheMind","Pray"],"picked":"Prostrate","floor":14.0},{"not_picked":["BowlingBash","SashWhip"],"picked":"Brilliance","floor":15.0},{"not_picked":["Devotion","SpiritShield"],"picked":"MasterReality","floor":16.0},{"not_picked":["Evaluate","ThirdEye"],"picked":"FlyingSleeves+1","floor":18.0},{"not_picked":["ClearTheMind","Meditate"],"picked":"Pray","floor":19.0},{"not_picked":["Protect","Wireheading"],"picked":"Consecrate","floor":20.0}],"player_experience":169812,"relics_obtained":[{"floor":6.0,"key":"Matryoshka"},{"floor":9.0,"key":"Dream Catcher"},{"floor":9.0,"key":"Turnip"},{"floor":11.0,"key":"Pen Nib"},{"floor":14.0,"key":"Odd Mushroom"},{"floor":17.0,"key":"Bag of Marbles"},{"floor":17.0,"key":"Sundial"},{"floor":17.0,"key":"Gambling Chip"}],"event_choices":[{"damage_healed":0.0,"max_hp_gain":0.0,"max_hp_loss":0.0,"gold_gain":0.0,"event_name":"Living Wall","player_choice":"Grow","floor":2.0,"gold_loss":0.0,"damage_taken":0.0,"cards_upgraded":["PathToVictory"]},{"damage_healed":0.0,"max_hp_gain":0.0,"max_hp_loss":0.0,"gold_gain":0.0,"event_name":"Big Fish","player_choice":"Box","floor":3.0,"gold_loss":0.0,"damage_taken":0.0,"relics_obtained":["Ginger"],"cards_obtained":["Regret"]},{"damage_healed":0.0,"max_hp_gain":0.0,"max_hp_loss":0.0,"gold_gain":0.0,"event_name":"Scrap Ooze","player_choice":"Success","floor":7.0,"gold_loss":0.0,"damage_taken":3.0,"relics_obtained":["Letter Opener"]},{"damage_healed":0.0,"max_hp_gain":0.0,"max_hp_loss":0.0,"gold_gain":0.0,"event_name":"Mushrooms","player_choice":"Fought Mushrooms","floor":14.0,"gold_loss":0.0,"damage_taken":0.0},{"damage_healed":0.0,"max_hp_gain":0.0,"max_hp_loss":22.0,"gold_gain":0.0,"event_name":"Vampires","player_choice":"Became a vampire","floor":21.0,"gold_loss":0.0,"damage_taken":0.0,"cards_obtained":["Bite","Bite","Bite","Bite","Bite"]},{"damage_healed":0.0,"max_hp_gain":0.0,"max_hp_loss":0.0,"gold_gain":0.0,"event_name":"Ghosts","player_choice":"Ignored","floor":22.0,"gold_loss":0.0,"damage_taken":0.0},{"cards_removed":["Bite"],"damage_healed":0.0,"max_hp_gain":0.0,"max_hp_loss":0.0,"gold_gain":0.0,"event_name":"WeMeetAgain","player_choice":"Gave Card","floor":23.0,"gold_loss":0.0,"damage_taken":0.0,"relics_obtained":["Question Card"]}],"is_beta":false,"boss_relics":[{"not_picked":["Ectoplasm","Cursed Key"],"picked":"Calling Bell"}],"items_purged_floors":[4],"is_endless":false,"potions_floor_spawned":[6,8,10,11,19],"killed_by":"Slavers","ascension_level":0}}