{"host":"x5anfo2w8aotfuta","time":1610343952,"event":{"mods":["AchievementEnabler","BaseMod","Bestiary","Block Reminder","Colored Map","Colored Powertips","DeckTracker","Highlight Path","Minty Spire (QoL Compilation)","Quick Restart","Rare Cards Sparkle","Relic Stats","StSLib"],"gold_per_floor":[17,29,42,42,56,56,84,102,102,102,102,134,148,173,173,276,276,256,274,294,219,23,51,51,51,74,89,114,114,145,45,45,150,150,168,237,227,247,313,313,313,313],"floor_reached":41,"playtime":4544,"items_purged":["Strike_R","Regret"],"score":662,"play_id":"c6390dbd-06c2-4af0-ad68-5735096f2706","local_time":"20210110214552","is_ascension_mode":true,"campfire_choices":[{"data":"Bash","floor":6,"key":"SMITH"},{"data":"Metallicize","floor":11,"key":"SMITH"},{"data":"Flame Barrier","floor":15,"key":"SMITH"},{"data":"Feel No Pain","floor":29,"key":"SMITH"},{"data":"Inflame","floor":32,"key":"SMITH"},{"floor":40,"key":"REST"}],"circlet_count":0,"master_deck":["Defend_R","Defend_R","Defend_R","Bash+1","Reaper+1","Flame Barrier+1","Hemokinesis","Headbutt","Metallicize+1","Shrug It Off","Armaments+1","Double Tap+1","Impervious+1","Inflame+1","Feel No Pain+1","Shockwave+1","True Grit+1","Spot Weakness+1","True Grit+1","Shrug It Off+1","Double Tap+1","Exhume+1","Demon Form+1","Feel No Pain+1","Sword Boomerang+1"],"relics":["Burning Blood","Dream Catcher","Toxic Egg 2","Ice Cream","Paper Frog","Cursed Key","Orichalcum","SsserpentHead","Lantern","Pen Nib","Astrolabe"],"acts_visited":["Exordium","TheCity","TheBeyond"],"potions_floor_usage":[7,13,14,16,16,23,30,41],"damage_taken":[{"damage":9,"enemies":"2 Louse","floor":1,"turns":4},{"damage":12,"enemies":"Jaw Worm","floor":2,"turns":4},{"damage":8,"enemies":"Cultist","floor":3,"turns":4},{"damage":15,"enemies":"Looter","floor":5,"turns":3},{"damage":37,"enemies":"3 Sentries","floor":7,"turns":12},{"damage":9,"enemies":"3 Louse","floor":8,"turns":4},{"damage":46,"enemies":"Gremlin Nob","floor":12,"turns":5},{"damage":2,"enemies":"Gremlin Gang","floor":13,"turns":8},{"damage":19,"enemies":"3 Sentries","floor":14,"turns":11},{"damage":37,"enemies":"Hexaghost","floor":16,"turns":9},{"damage":22,"enemies":"2 Thieves","floor":18,"turns":4},{"damage":12,"enemies":"3 Byrds","floor":19,"turns":6},{"damage":22,"enemies":"Centurion and Healer","floor":20,"turns":9},{"damage":30,"enemies":"Book of Stabbing","floor":23,"turns":6},{"damage":2,"enemies":"Snecko","floor":27,"turns":5},{"damage":37,"enemies":"Slavers","floor":28,"turns":10},{"damage":41,"enemies":"Gremlin Leader","floor":30,"turns":8},{"damage":47,"enemies":"Collector","floor":33,"turns":14},{"damage":11,"enemies":"3 Shapes","floor":35,"turns":7},{"damage":13,"enemies":"3 Darklings","floor":36,"turns":9},{"damage":13,"enemies":"Jaw Worm Horde","floor":38,"turns":6},{"damage":66,"enemies":"Transient","floor":39,"turns":5},{"damage":126,"enemies":"Reptomancer","floor":41,"turns":6}],"seed_played":"4751107866098766216","potions_obtained":[{"floor":3,"key":"PowerPotion"},{"floor":5,"key":"FairyPotion"},{"floor":8,"key":"BlessingOfTheForge"},{"floor":10,"key":"CultistPotion"},{"floor":13,"key":"Regen Potion"},{"floor":14,"key":"ElixirPotion"},{"floor":19,"key":"LiquidMemories"},{"floor":20,"key":"Explosive Potion"},{"floor":35,"key":"SteroidPotion"},{"floor":36,"key":"Fruit Juice"}],"is_trial":false,"path_per_floor":["M","M","M","?","M","R","E","M","T","?","R","E","M","E","R","B",null,"M","M","M","?","$","E","?","?","T","M","E","R","E","$","R","B",null,"M","M","?","M","M","R","E"],"character_chosen":"IRONCLAD","items_purchased":["True Grit+1","Spot Weakness+1"],"campfire_rested":1,"item_purchase_floors":[22,22],"current_hp_per_floor":[77,71,75,75,71,71,55,68,68,68,68,28,42,59,59,40,70,58,58,52,52,52,54,54,54,54,70,49,49,58,58,58,30,68,80,73,73,66,16,40,0,0],"gold":313,"neow_bonus":"THREE_RARE_CARDS","is_daily":false,"chose_seed":false,"campfire_upgraded":5,"win_rate":0.0,"timestamp":1610343952,"path_taken":["M","M","M","?","M","R","E","M","T","?","R","E","M","E","R","BOSS","M","M","M","?","$","E","?","?","T","M","E","R","E","$","R","BOSS","M","?","?","M","?","R","E"],"items_purchased_type":["Card","Card"],"build_version":"2020-12-22","purchased_purges":2,"victory":false,"max_hp_per_floor":[80,80,80,80,80,80,80,80,80,80,80,80,80,80,80,80,80,80,80,80,80,80,80,80,80,80,80,80,80,80,80,80,80,80,80,80,80,80,80,80,85,85],"relic_stats":{"SsserpentHead":150,"Dream Catcher":1,"counters":[23,159],"Astrolabe":["Demon Form","Feel No Pain","Sword Boomerang"],"Pen Nib":[5],"Orichalcum":[96],"Cursed Key":1,"obtain_stats":[{"Ice Cream":12,"SsserpentHead":25,"Dream Catcher":7,"Lantern":28,"Astrolabe":34,"Pen Nib":30,"Toxic Egg 2":9,"Orichalcum":23,"Cursed Key":17,"Burning Blood":0,"Paper Frog":14},{"Ice Cream":7,"SsserpentHead":14,"Dream Catcher":5,"Lantern":16,"Astrolabe":18,"Pen Nib":17,"Toxic Egg 2":6,"Orichalcum":14,"Cursed Key":10,"Burning Blood":0,"Paper Frog":9},{"Ice Cream":36,"SsserpentHead":89,"Dream Catcher":27,"Lantern":104,"Astrolabe":126,"Pen Nib":112,"Toxic Egg 2":31,"Orichalcum":89,"Cursed Key":64,"Burning Blood":0,"Paper Frog":55}],"Burning Blood":126},"card_choices":[{"not_picked":["Double Tap","Demon Form"],"picked":"Reaper","floor":0},{"not_picked":["Headbutt","Second Wind"],"picked":"Flame Barrier","floor":1},{"not_picked":["Carnage","Headbutt"],"picked":"Hemokinesis","floor":2},{"not_picked":["Warcry","Clash"],"picked":"Headbutt","floor":3},{"not_picked":["Whirlwind","Thunderclap"],"picked":"Metallicize","floor":5},{"not_picked":["Sword Boomerang","Heavy Blade"],"picked":"Shrug It Off","floor":7},{"not_picked":["Headbutt","Flex","Pommel Strike"],"picked":"SKIP","floor":8},{"not_picked":["Body Slam","Headbutt","Thunderclap"],"picked":"SKIP","floor":12},{"not_picked":["Pummel","Searing Blow"],"picked":"Armaments+1","floor":13},{"not_picked":["Rupture","Sword Boomerang"],"picked":"Double Tap+1","floor":14},{"not_picked":["Bludgeon","Brutality"],"picked":"Impervious+1","floor":16},{"not_picked":["Anger","Twin Strike"],"picked":"Inflame","floor":18},{"not_picked":["Body Slam+1","Wild Strike"],"picked":"Feel No Pain","floor":19},{"not_picked":["Anger+1","Blood for Blood"],"picked":"Shockwave+1","floor":20},{"not_picked":["Evolve+1","Corruption","Headbutt"],"picked":"SKIP","floor":23},{"not_picked":["Wild Strike","Rage+1","Flex+1"],"picked":"SKIP","floor":27},{"not_picked":["Inflame+1","Clash"],"picked":"Shrug It Off+1","floor":28},{"not_picked":["Perfected Strike","Sever Soul"],"picked":"Double Tap+1","floor":30},{"not_picked":["Reaper","Double Tap+1"],"picked":"Exhume+1","floor":33},{"not_picked":["Anger","Flex+1","Body Slam+1"],"picked":"SKIP","floor":35},{"not_picked":["Clash+1","Iron Wave+1","Rampage"],"picked":"SKIP","floor":36},{"not_picked":["Second Wind+1","Wild Strike+1","Whirlwind+1"],"picked":"SKIP","floor":38},{"not_picked":["Headbutt+1","Twin Strike+1","Whirlwind"],"picked":"SKIP","floor":39}],"player_experience":443078,"relics_obtained":[{"floor":7,"key":"Dream Catcher"},{"floor":9,"key":"Toxic Egg 2"},{"floor":12,"key":"Ice Cream"},{"floor":14,"key":"Paper Frog"},{"floor":23,"key":"Orichalcum"},{"floor":28,"key":"Lantern"},{"floor":30,"key":"Pen Nib"}],"event_choices":[{"damage_healed":0,"gold_gain":0,"player_choice":"Grow","damage_taken":0,"max_hp_gain":0,"max_hp_loss":0,"event_name":"Living Wall","floor":4,"gold_loss":0,"cards_upgraded":["Reaper"]},{"damage_healed":0,"gold_gain":0,"player_choice":"Got Potions","damage_taken":0,"max_hp_gain":0,"max_hp_loss":0,"event_name":"Lab","floor":10,"gold_loss":0},{"cards_removed":["Strike_R"],"damage_healed":0,"gold_gain":0,"player_choice":"Gave Gold","damage_taken":0,"max_hp_gain":0,"max_hp_loss":0,"event_name":"Beggar","floor":21,"gold_loss":75},{"damage_healed":0,"gold_gain":0,"player_choice":"Read","damage_taken":0,"max_hp_gain":0,"max_hp_loss":0,"event_name":"The Library","floor":24,"gold_loss":0,"cards_obtained":["True Grit"]},{"damage_healed":0,"gold_gain":0,"player_choice":"Trade","damage_taken":0,"relics_obtained":["SsserpentHead"],"max_hp_gain":0,"max_hp_loss":0,"event_name":"FaceTrader","floor":25,"gold_loss":0},{"cards_removed":["Strike_R"],"damage_healed":0,"gold_gain":0,"player_choice":"Single Remove","damage_taken":0,"max_hp_gain":0,"max_hp_loss":0,"event_name":"Designer","floor":37,"gold_loss":60}],"is_beta":false,"boss_relics":[{"not_picked":["Empty Cage","SacredBark"],"picked":"Cursed Key"},{"not_picked":["Black Blood","Velvet Choker"],"picked":"Astrolabe"}],"items_purged_floors":[22,31],"is_endless":false,"potions_floor_spawned":[3,5,8,13,14,19,20,35,36],"killed_by":"Reptomancer","ascension_level":8}}