{"host":"jfbo3eu2ui08ej1u","time":1610372112,"event":{"mods":["2.2 Compatiblity","AchievementEnabler","Act Like it!","Aspiration","BaseMod","Better Altar","Better Match","Better Note","Better Sensory Stone","Better Skull","Better Third Choice","Block Reminder","Colored Map","Colored Powertips","Conspire","DeckTracker","Displayed Cursed Tome","Downfall","Energized Spire","Fox Events","GifTheSpireLib","Hermit","Hubris","Infinite Spire","Marked Mod","Minty Spire (QoL Compilation)","Pale of the Ancients","Quick Restart","RRrroohrrRGHHhhh!!","Relic Filter","Reorder Act Four","Replay The Spire","Shop Mod","Spicy Shops","StSLib","Stuff the Spire","The Blue Laboratory","The Disciple","The Forsaken","The Hierophant","The Marked","Uncapped","Unceasing Turn Reminder","Wandering Minibosses"],"gold_per_floor":[113,123,123,134,134,134,161,27,27,49,49,60,60,72,72,150,150,167,147,147],"floor_reached":19,"playtime":646,"items_purged":["StuffTheSpire:CuriosityCurse"],"score":309,"play_id":"b5e91d6d-14f0-496a-8f82-ddc81d9790cb","local_time":"20210111083512","is_ascension_mode":true,"campfire_choices":[{"data":"hubris:DoWhile","floor":6,"key":"SMITH"},{"floor":11,"key":"REST"},{"floor":13,"key":"REST"},{"floor":15,"key":"REST"}],"circlet_count":0,"master_deck":["AscendersBane","Strike_B","Strike_B","Strike_B","Strike_B","Defend_B","Defend_B","Defend_B","Defend_B","Zap","Dualcast","Ball Lightning","rorgmod:Centralize","hubris:DoWhile+1","Panic Button","rorgmod:Hardcode","Ball Lightning","Rebound","StuffTheSpire:ForEach","Self Repair"],"relics":["Cracked Core","rorgmod:Coolant Medium","Orichalcum","conspire:DeflatedDodgeball","Odd Mushroom","hubris:Backtick","Solar Panel","Prayer Wheel"],"acts_visited":["Exordium","TheCity"],"potions_floor_usage":[10,16],"damage_taken":[{"damage":5,"enemies":"2 Louse","floor":1,"turns":2},{"damage":0,"enemies":"Cultist","floor":2,"turns":2},{"damage":4,"enemies":"Jaw Worm","floor":4,"turns":4},{"damage":41,"enemies":"Gremlin Nob","floor":7,"turns":4},{"damage":13,"enemies":"The Mushroom Lair","floor":10,"turns":2},{"damage":10,"enemies":"Blue Slaver","floor":12,"turns":3},{"damage":5,"enemies":"Looter","floor":14,"turns":5},{"damage":46,"enemies":"Slime Boss","floor":16,"turns":9},{"damage":52,"enemies":"3 Byrds","floor":18,"turns":5},{"damage":6,"enemies":"2 Thieves","floor":19,"turns":1}],"seed_played":"2165075522439899217","potions_obtained":[{"floor":2,"key":"SteroidPotion"},{"floor":7,"key":"infinitespire:BlackPotion"},{"floor":10,"key":"FearPotion"}],"is_trial":false,"path_per_floor":["M","M","?","M","?","R","E","$","T","?","R","M","R","M","R","B",null,"M","M"],"character_chosen":"DEFECT","items_purchased":["Ball Lightning"],"campfire_rested":3,"item_purchase_floors":[8],"current_hp_per_floor":[59,59,59,55,55,55,14,14,14,1,22,12,33,28,49,3,54,2,0,0],"gold":147,"neow_bonus":"ONE_RANDOM_RARE_CARD","is_daily":false,"chose_seed":false,"campfire_upgraded":1,"win_rate":0.0,"timestamp":1610372112,"path_taken":["M","M","?","?","?","R","E","$","T","?","R","?","R","M","R","BOSS","M","M"],"items_purchased_type":["Card"],"build_version":"2020-12-22","purchased_purges":1,"victory":false,"max_hp_per_floor":[71,71,71,71,71,71,71,71,71,71,71,71,71,71,71,71,71,71,71,71],"card_choices":[{"not_picked":["StuffTheSpire:CleanHardDrive","rorgmod:Overheat"],"picked":"Ball Lightning","floor":1},{"not_picked":["Ball Lightning","Consume"],"picked":"rorgmod:Centralize","floor":2},{"not_picked":["Hologram","Coolheaded"],"picked":"Panic Button","floor":4},{"not_picked":["Compile Driver","rorgmod:Antivirus"],"picked":"rorgmod:Hardcode","floor":7},{"not_picked":["StuffTheSpire:Plugnplay","rorgmod:Refrigerate"],"picked":"Rebound","floor":10},{"not_picked":["Stack","rorgmod:Fragmentation"],"picked":"StuffTheSpire:ForEach","floor":12},{"not_picked":["rorgmod:Antivirus","StuffTheSpire:NuclearReactor","Recycle"],"picked":"SKIP","floor":14},{"not_picked":["Fission","Echo Form"],"picked":"ReplayTheSpireMod:Fabricate Wheel","floor":16},{"not_picked":["Redo+1","rorgmod:SQL Injection"],"picked":"Self Repair","floor":18},{"not_picked":["rorgmod:Metal Coating","Sweeping Beam","Turbo"],"picked":"SKIP","floor":18}],"player_experience":1192401,"relics_obtained":[{"floor":7,"key":"Orichalcum"},{"floor":9,"key":"conspire:DeflatedDodgeball"},{"floor":10,"key":"Odd Mushroom"}],"event_choices":[{"damage_healed":0,"gold_gain":0,"cards_transformed":["Meteor Strike"],"player_choice":"Transformed","damage_taken":0,"max_hp_gain":0,"max_hp_loss":0,"event_name":"Transmorgrifier","floor":3,"gold_loss":0,"cards_obtained":["hubris:DoWhile"]},{"damage_healed":0,"gold_gain":0,"player_choice":"Fought Mushrooms","damage_taken":0,"max_hp_gain":0,"max_hp_loss":0,"event_name":"Mushrooms","floor":10,"gold_loss":0}],"is_beta":false,"boss_relics":[{"not_picked":["Runic Pyramid","energizedSpire:HugeHouse"],"picked":"hubris:Backtick"}],"items_purged_floors":[8],"is_endless":false,"potions_floor_spawned":[2,7,10,12],"killed_by":"2 Thieves","ascension_level":17}}