{"host":"9l4mw5jqza9qz9hr","time":1610356442,"event":{"mods":["AchievementEnabler","Always Whale","BaseMod","Colored Map","Minty Spire (QoL Compilation)","StSLib","SuperFastMode"],"gold_per_floor":[114,189,189,208,208,246,246,246,296,334,34,53,72,72,72,72,72],"floor_reached":16,"playtime":256,"items_purged":[],"score":108,"play_id":"0851b832-2a53-4599-9ee3-a77b803f9c1c","local_time":"20210111181402","daily_mods":["Allstar","ControlledChaos","Lethality"],"is_ascension_mode":false,"campfire_choices":[{"data":"Apotheosis","floor":7.0,"key":"SMITH"},{"data":"Mayhem","floor":15,"key":"SMITH"}],"circlet_count":0,"master_deck":["Strike_R","Strike_R","Strike_R+1","Strike_R","Strike_R","Defend_R","Defend_R+1","Defend_R","Defend_R","Bash","Mayhem+1","Panacea","Apotheosis+1","Good Instincts","Metamorphosis","Seeing Red","Body Slam","Shrug It Off"],"relics":["Burning Blood","Frozen Eye","Golden Idol","Magic Flower","Sundial","Potion Belt","Frozen Egg 2","Lantern","Medical Kit"],"acts_visited":["Exordium"],"potions_floor_usage":[16,16,16],"damage_taken":[{"damage":3.0,"enemies":"Jaw Worm","floor":1.0,"turns":3.0},{"damage":25.0,"enemies":"2 Louse","floor":4.0,"turns":3.0},{"damage":12.0,"enemies":"Gremlin Nob","floor":6.0,"turns":4.0},{"damage":12.0,"enemies":"Lagavulin","floor":10.0,"turns":4.0},{"damage":4,"enemies":"Small Slimes","floor":12,"turns":3},{"damage":14,"enemies":"Red Slaver","floor":13,"turns":3},{"damage":0,"enemies":"Hexaghost","floor":16,"turns":2}],"seed_played":"2608465768335268498","potions_obtained":[{"floor":4.0,"key":"GamblersBrew"},{"floor":6.0,"key":"DuplicationPotion"},{"floor":8.0,"key":"PowerPotion"},{"floor":8.0,"key":"DistilledChaos"},{"floor":13,"key":"LiquidBronze"}],"is_trial":false,"path_per_floor":["M","?","?","M","?","E","R","?","T","E","$","M","M","?","R","B"],"character_chosen":"IRONCLAD","items_purchased":["Lantern","Medical Kit"],"campfire_rested":0,"item_purchase_floors":[11,11],"current_hp_per_floor":[80,69,49,30,27,24,24,24,24,21,21,26,21,5,5,5,5],"gold":72,"neow_bonus":"","is_daily":true,"chose_seed":false,"campfire_upgraded":2,"win_rate":0.0,"timestamp":1610356442,"path_taken":["M","?","?","M","?","E","R","?","T","E","$","M","?","?","R","BOSS"],"items_purchased_type":["Relic","Relic"],"build_version":"2020-12-22","purchased_purges":0,"victory":false,"max_hp_per_floor":[80,80,80,80,80,80,80,80,80,80,80,80,80,80,80,80,80],"card_choices":[{"not_picked":["Anger","Warcry","Sword Boomerang"],"picked":"SKIP","floor":1.0},{"not_picked":["Metallicize","Warcry","Headbutt"],"picked":"SKIP","floor":4.0},{"not_picked":["Cleave","Intimidate","Flex"],"picked":"SKIP","floor":6.0},{"not_picked":["Armaments","Twin Strike"],"picked":"Seeing Red","floor":10},{"not_picked":["Iron Wave","Power Through"],"picked":"Body Slam","floor":12},{"not_picked":["True Grit","Warcry"],"picked":"Shrug It Off","floor":13}],"player_experience":212896,"relics_obtained":[{"floor":6.0,"key":"Sundial"},{"floor":9.0,"key":"Potion Belt"},{"floor":10,"key":"Frozen Egg 2"}],"event_choices":[{"damage_healed":0.0,"max_hp_gain":0.0,"max_hp_loss":0.0,"gold_gain":75.0,"event_name":"World of Goop","player_choice":"Gather Gold","floor":2.0,"gold_loss":0.0,"damage_taken":11.0},{"damage_healed":0.0,"max_hp_gain":0.0,"max_hp_loss":0.0,"gold_gain":0.0,"event_name":"Golden Idol","player_choice":"Take Damage","floor":3.0,"gold_loss":0.0,"damage_taken":20.0,"relics_obtained":["Golden Idol"]},{"damage_healed":0.0,"max_hp_gain":0.0,"max_hp_loss":0.0,"gold_gain":0.0,"event_name":"Scrap Ooze","player_choice":"Success","floor":5.0,"gold_loss":0.0,"damage_taken":3.0,"relics_obtained":["Magic Flower"]},{"damage_healed":0.0,"max_hp_gain":0.0,"max_hp_loss":0.0,"gold_gain":0.0,"event_name":"Lab","player_choice":"Got Potions","floor":8.0,"gold_loss":0.0,"damage_taken":0.0},{"damage_healed":0,"gold_gain":0,"player_choice":"Entered Light","damage_taken":16,"max_hp_gain":0,"max_hp_loss":0,"event_name":"Shining Light","floor":14,"gold_loss":0,"cards_upgraded":["Defend_R","Strike_R"]}],"is_beta":false,"boss_relics":[],"items_purged_floors":[],"is_endless":false,"potions_floor_spawned":[4,6,13],"killed_by":"Hexaghost","ascension_level":0}}