{"host":"sav7uxregyirlf69","time":1610340186,"event":{"mods":["AchievementEnabler","BaseMod","Colored Map","DeckTracker","Keyboard Shortcuts","Minty Spire (QoL Compilation)","READ ME - Guardian Mod","StSLib","SuperFastMode"],"gold_per_floor":[115,115,126,51,65,65,92,147,217,217,70,70,81,106,106,210,210,222,222,222,236,9,36,36,55,55,55,74,74,74,74],"floor_reached":30,"playtime":545,"items_purged":["Pain","Strike_B"],"score":384,"play_id":"a4119d1a-2cf1-47a0-aa76-5382f62669ec","local_time":"20210111134306","is_ascension_mode":true,"campfire_choices":[{"data":"Defragment","floor":6,"key":"SMITH"},{"floor":10,"key":"REST"},{"data":"Zap","floor":12,"key":"SMITH"},{"floor":15,"key":"REST"},{"floor":24,"key":"REST"}],"circlet_count":0,"master_deck":["AscendersBane","Strike_B","Strike_B","Strike_B","Defend_B","Defend_B","Defend_B","Defend_B","Zap+1","Dualcast","Hologram","Sweeping Beam","Defragment+1","Ball Lightning","Genetic Algorithm","Beam Cell","Echo Form","Compile Driver+1","Capacitor","Recycle","Cold Snap","Normality","BootSequence"],"relics":["Cracked Core","Bag of Marbles","WarpedTongs","Nunchaku","Orichalcum","Eternal Feather","Dream Catcher","Cursed Key","PreservedInsect","HornCleat"],"acts_visited":["Exordium","TheCity"],"potions_floor_usage":[8,15,23,30,30],"damage_taken":[{"damage":1,"enemies":"Cultist","floor":1,"turns":4},{"damage":6,"enemies":"Small Slimes","floor":3,"turns":2},{"damage":7,"enemies":"Jaw Worm","floor":5,"turns":3},{"damage":29,"enemies":"3 Sentries","floor":7,"turns":4},{"damage":18,"enemies":"3 Sentries","floor":8,"turns":7},{"damage":0,"enemies":"3 Louse","floor":13,"turns":2},{"damage":33,"enemies":"Gremlin Nob","floor":14,"turns":4},{"damage":5,"enemies":"Slime Boss","floor":16,"turns":6},{"damage":17,"enemies":"Shell Parasite","floor":18,"turns":4},{"damage":15,"enemies":"2 Thieves","floor":21,"turns":3},{"damage":23,"enemies":"Book of Stabbing","floor":23,"turns":5},{"damage":4,"enemies":"Centurion and Healer","floor":25,"turns":6},{"damage":42,"enemies":"Shelled Parasite and Fungi","floor":28,"turns":6},{"damage":28,"enemies":"Snake Plant","floor":30,"turns":4}],"seed_played":"-6064561232166208160","potions_obtained":[{"floor":3,"key":"EssenceOfSteel"},{"floor":8,"key":"Fruit Juice"},{"floor":16,"key":"GamblersBrew"},{"floor":21,"key":"LiquidBronze"},{"floor":23,"key":"DistilledChaos"},{"floor":25,"key":"FairyPotion"}],"is_trial":false,"path_per_floor":["M","?","M","$","M","R","E","?","T","R","$","R","M","E","R","B",null,"M","?","?","M","$","E","R","M","T","$","M","$","M"],"character_chosen":"DEFECT","items_purchased":["Ball Lightning","Capacitor","PreservedInsect"],"campfire_rested":3,"item_purchase_floors":[11,22,22],"current_hp_per_floor":[67,67,61,61,54,54,25,7,7,35,35,41,41,8,46,41,70,53,53,53,38,38,15,48,44,44,44,2,2,0,0],"gold":74,"neow_bonus":"RANDOM_COMMON_RELIC","is_daily":false,"chose_seed":false,"campfire_upgraded":2,"win_rate":0.0,"timestamp":1610340186,"path_taken":["M","?","?","$","M","R","E","?","T","R","$","R","M","E","R","BOSS","M","?","?","?","$","E","R","M","T","$","M","?","M"],"items_purchased_type":["Card","Card","Relic"],"build_version":"2020-12-22","purchased_purges":2,"victory":false,"max_hp_per_floor":[75,75,75,75,75,75,75,75,75,75,75,75,75,75,80,80,80,80,80,80,80,80,80,80,80,80,80,80,80,80,80],"card_choices":[{"not_picked":["Barrage","Stack"],"picked":"Hologram","floor":1},{"not_picked":["Skim","Double Energy"],"picked":"Sweeping Beam","floor":3},{"not_picked":["Gash","Hologram"],"picked":"Defragment","floor":5},{"not_picked":["Fusion","Hello World","Storm"],"picked":"SKIP","floor":7},{"not_picked":["Sweeping Beam","Barrage"],"picked":"Genetic Algorithm","floor":13},{"not_picked":["Steam","Hyperbeam","Redo"],"picked":"SKIP","floor":14},{"not_picked":["Rebound","Turbo"],"picked":"Beam Cell","floor":15},{"not_picked":["Rainbow","Buffer"],"picked":"Echo Form","floor":16},{"not_picked":["Go for the Eyes+1","Beam Cell"],"picked":"Compile Driver+1","floor":18},{"not_picked":["Melter+1","Static Discharge","Streamline+1"],"picked":"SKIP","floor":21},{"not_picked":["Steam Power","Doom and Gloom","Hello World"],"picked":"SKIP","floor":23},{"not_picked":["Streamline","Blizzard"],"picked":"Recycle","floor":24},{"not_picked":["Barrage+1","Leap"],"picked":"Cold Snap","floor":25},{"not_picked":["Barrage","Aggregate"],"picked":"BootSequence","floor":28}],"player_experience":1237625,"relics_obtained":[{"floor":7,"key":"Nunchaku"},{"floor":8,"key":"Orichalcum"},{"floor":9,"key":"Eternal Feather"},{"floor":14,"key":"Dream Catcher"},{"floor":23,"key":"HornCleat"}],"event_choices":[{"damage_healed":0,"gold_gain":0,"player_choice":"Rummage","damage_taken":0,"relics_obtained":["WarpedTongs"],"max_hp_gain":0,"max_hp_loss":0,"event_name":"Accursed Blacksmith","floor":2,"gold_loss":0,"cards_obtained":["Pain"]},{"damage_healed":0,"gold_gain":0,"player_choice":"Searched \u00271\u0027 times","damage_taken":0,"max_hp_gain":0,"max_hp_loss":0,"event_name":"Dead Adventurer","floor":8,"gold_loss":0},{"damage_healed":0,"gold_gain":0,"player_choice":"Ignored","damage_taken":0,"max_hp_gain":0,"max_hp_loss":0,"event_name":"Ghosts","floor":19,"gold_loss":0},{"damage_healed":0,"gold_gain":0,"player_choice":"Ignored","damage_taken":0,"max_hp_gain":0,"max_hp_loss":0,"event_name":"NoteForYourself","floor":20,"gold_loss":0}],"is_beta":false,"boss_relics":[{"not_picked":["Runic Pyramid","Black Star"],"picked":"Cursed Key"}],"items_purged_floors":[4,11],"is_endless":false,"potions_floor_spawned":[3,8,16,21,23,25],"killed_by":"Snake Plant","ascension_level":10}}