{"host":"4328iixd8pca51w5","time":1610353222,"event":{"mods":["2.2 Compatiblity","AchievementEnabler","BaseMod","CapriCore","Colored Map","KOR Keyword Fix","Minty Spire (QoL Compilation)","StSLib","The Immortal"],"gold_per_floor":[116,132,132,144,74,104,121,121,121,121,149,149,149,182,182,282,282,298,309,75,15,15,15,40,58,58,92,92,92,92],"floor_reached":28,"playtime":4390,"items_purged":[],"score":486,"play_id":"39604254-5276-483a-8cdc-5f886f01392b","local_time":"20210111172022","is_ascension_mode":true,"campfire_choices":[{"data":"MokouMod:Overheat","floor":8.0,"key":"SMITH"},{"data":"MokouMod:ResoluteFlare","floor":10.0,"key":"SMITH"},{"data":"MokouMod:ResoluteFlare","floor":13.0,"key":"SMITH"},{"floor":15.0,"key":"REST"},{"data":"MokouMod:RisingSunBarrier","floor":23.0,"key":"SMITH"}],"circlet_count":0,"master_deck":["AscendersBane","MokouMod:Strike","MokouMod:Strike","MokouMod:Strike","MokouMod:Strike","MokouMod:HeatSpark","MokouMod:Overheat+1","MokouMod:ResoluteFlare+1","MokouMod:AdaptivePyromancy","MokouMod:ScorchedEarth","MokouMod:FlareStarter","MokouMod:ResoluteFlare+1","MokouMod:ScorchingColumn","MokouMod:Burn","MokouMod:Singe","MokouMod:Ventilation","MokouMod:Burn","MokouMod:BurningDraft","MokouMod:RisingSunBarrier+1","MokouMod:HeartofFire+1","MokouMod:ScorchedEarth","MokouMod:Ember+1"],"relics":["MokouMod:PhoenixFeather","Vajra","Bag of Marbles","Smiling Mask","Kunai","Pantograph","Empty Cage","Tiny Chest","Sundial","Blue Candle","Lantern"],"acts_visited":["Exordium","TheCity"],"potions_floor_usage":[25,27,28],"damage_taken":[{"damage":2.0,"enemies":"Jaw Worm","floor":1.0,"turns":3.0},{"damage":6.0,"enemies":"Cultist","floor":2.0,"turns":4.0},{"damage":7.0,"enemies":"Small Slimes","floor":4.0,"turns":3.0},{"damage":47.0,"enemies":"3 Sentries","floor":6.0,"turns":8.0},{"damage":1.0,"enemies":"2 Fungi Beasts","floor":7.0,"turns":3.0},{"damage":0.0,"enemies":"Gremlin Nob","floor":11.0,"turns":2.0},{"damage":0.0,"enemies":"Lagavulin","floor":14.0,"turns":2.0},{"damage":49.0,"enemies":"The Guardian","floor":16.0,"turns":8.0},{"damage":12.0,"enemies":"3 Byrds","floor":18.0,"turns":6.0},{"damage":2.0,"enemies":"Chosen","floor":19.0,"turns":4.0},{"damage":25.0,"enemies":"Slavers","floor":24.0,"turns":5.0},{"damage":2,"enemies":"3 Cultists","floor":25,"turns":4},{"damage":46,"enemies":"Book of Stabbing","floor":27,"turns":6},{"damage":0,"enemies":"Snake Plant","floor":28,"turns":1}],"seed_played":"-1765207066740056893","potions_obtained":[{"floor":2.0,"key":"Ancient Potion"},{"floor":7.0,"key":"FearPotion"},{"floor":11.0,"key":"SkillPotion"},{"floor":16.0,"key":"Swift Potion"},{"floor":18.0,"key":"SkillPotion"},{"floor":25,"key":"AttackPotion"},{"floor":27,"key":"SneckoOil"}],"is_trial":false,"path_per_floor":["M","M","?","M","$","E","M","R","T","R","E","?","R","E","R","B",null,"M","M","$","?","$","R","E","M","T","E","M"],"character_chosen":"MKU","items_purchased":["MokouMod:ScorchedEarth","Tiny Chest","MokouMod:RisingSunBarrier"],"campfire_rested":1,"item_purchase_floors":[5,20,20],"current_hp_per_floor":[66,60,60,53,53,6,5,5,5,5,5,5,5,5,27,3,57,45,43,43,43,43,43,18,16,16,12,12,12,12],"gold":92,"neow_bonus":"RANDOM_COMMON_RELIC","is_daily":false,"chose_seed":false,"campfire_upgraded":4,"win_rate":0.0,"timestamp":1610353222,"path_taken":["M","M","?","?","$","E","M","R","T","R","E","?","R","E","R","BOSS","M","M","$","?","?","R","E","M","T","E","?"],"items_purchased_type":["Card","Relic","Card"],"build_version":"2020-12-22","purchased_purges":0,"victory":false,"max_hp_per_floor":[75,75,75,75,75,75,75,75,75,75,75,75,75,75,75,75,75,75,75,75,75,75,75,75,75,75,75,75,75,75],"card_choices":[{"not_picked":["MokouMod:AdaptivePyromancy","MokouMod:Afterburner"],"picked":"MokouMod:Overheat","floor":1.0},{"not_picked":["MokouMod:RetainTemperature","MokouMod:FlareStarter"],"picked":"MokouMod:ResoluteFlare","floor":2.0},{"not_picked":["MokouMod:FlamingFireTalons","MokouMod:IllusoryBattlefield"],"picked":"MokouMod:AdaptivePyromancy","floor":4.0},{"not_picked":["MokouMod:CrimsonFlare","MokouMod:GuidingSmoke"],"picked":"MokouMod:FlareStarter","floor":6.0},{"not_picked":["MokouMod:CrimsonFlare","MokouMod:Stoke"],"picked":"MokouMod:ResoluteFlare","floor":7.0},{"not_picked":["MokouMod:ProfanedFlare","MokouMod:AdaptivePyromancy"],"picked":"MokouMod:ScorchingColumn","floor":11.0},{"not_picked":["MokouMod:RetainTemperature","MokouMod:ImperishableFlame"],"picked":"MokouMod:Singe","floor":14.0},{"not_picked":["MokouMod:Rebirth","MokouMod:ProfanedFlare"],"picked":"MokouMod:Ventilation","floor":16.0},{"not_picked":["MokouMod:InfernalWave+1","MokouMod:Afterburner"],"picked":"MokouMod:Burn","floor":18.0},{"not_picked":["MokouMod:IgnitionBarrier+1","MokouMod:Overheat"],"picked":"MokouMod:BurningDraft","floor":19.0},{"not_picked":["MokouMod:Cataclysm","MokouMod:ImperishableFlame"],"picked":"MokouMod:HeartofFire+1","floor":24.0},{"not_picked":["MokouMod:Refresh","MokouMod:Extinguish"],"picked":"MokouMod:ScorchedEarth","floor":25},{"not_picked":["MokouMod:BurningHiddenBullet","MokouMod:IcarusDive"],"picked":"MokouMod:Ember+1","floor":27}],"player_experience":214907,"relics_obtained":[{"floor":6.0,"key":"Bag of Marbles"},{"floor":9.0,"key":"Smiling Mask"},{"floor":11.0,"key":"Kunai"},{"floor":14.0,"key":"Pantograph"},{"floor":24.0,"key":"Sundial"},{"floor":26,"key":"Blue Candle"},{"floor":27,"key":"Lantern"}],"event_choices":[{"cards_removed":["MokouMod:Defend"],"damage_healed":0.0,"max_hp_gain":0.0,"max_hp_loss":0.0,"gold_gain":0.0,"event_name":"Bonfire Elementals","player_choice":"Offered Basic","floor":3.0,"gold_loss":0.0,"damage_taken":0.0},{"damage_healed":0.0,"max_hp_gain":0.0,"max_hp_loss":0.0,"gold_gain":0.0,"cards_transformed":["MokouMod:Defend"],"event_name":"Living Wall","player_choice":"Change","floor":12.0,"gold_loss":0.0,"damage_taken":0.0,"cards_obtained":["MokouMod:Burn"]},{"cards_removed":["MokouMod:Defend"],"damage_healed":0.0,"max_hp_gain":0.0,"max_hp_loss":0.0,"gold_gain":0.0,"event_name":"Designer","player_choice":"Single Remove","floor":21.0,"gold_loss":60.0,"damage_taken":0.0}],"is_beta":false,"boss_relics":[{"not_picked":["Snecko Eye","Velvet Choker"],"picked":"Empty Cage"}],"items_purged_floors":[],"is_endless":false,"potions_floor_spawned":[2,7,11,16,18,25,27],"killed_by":"Snake Plant","ascension_level":10}}