{"host":"aryhiqwk5b07l19u","time":1610371974,"event":{"mods":["Act Like it!","Arknights The Spire","BaseMod","Better Third Choice","Colored Powertips","Downfall","Gensokyo","HololiveMod","Koishi","Marisa£®ÏF”Í°°ƒß¿Ì…≥£©","Minty Spire (QoL Compilation)","Quick Restart","Rare Cards Sparkle","Reimu£®≤©¿ˆ¡È√Œ£©","Relic Stats","Remilia£®¿Ÿ√◊¿Ú—«£©","Replay The Spire","StSLib","The Administrix","The Construct","The Servant 0.9.4","Yakumo Yukari mod","Youmu£®ªÍ∆«—˝√Œ£©","Yuyuko"],"gold_per_floor":[139,150,170,170,30,30,41,56,56,56,56,70,102,120,120,221,221,241,491,441,288,301,330,330,355,355,355,355,371,371,198,198,298,298,313,313,8,119,158,186,227,257,257,272,272,272,89,107,107,107,107,107,15,44,44],"floor_reached":56,"playtime":2813,"items_purged":[],"score":1370,"play_id":"04cb3c7b-ef27-4764-9e79-53f77c619bff","local_time":"20210111213254","is_ascension_mode":false,"campfire_choices":[{"data":"PositiveMatter_Antimatter_Universe_purple","floor":6.0,"key":"SMITH"},{"floor":15.0,"key":"RECALL"},{"data":"Theboundaryofcreation_purpleEX","floor":30.0,"key":"SMITH"},{"data":"Sadistic Nature","floor":32.0,"key":"SMITH"},{"data":"BarrageBoundary_PipeDream_purple","floor":45,"key":"SMITH"},{"data":"Know_ledgeAbilityRealm_purple","floor":49,"key":"SMITH"},{"data":"expansioncontent:DashGenerateEvil","floor":52,"key":"SMITH"}],"circlet_count":0,"master_deck":["AT_purpleEX+1","AT_purpleEX","AT_purpleEX","Defend_purpleEX+1","Defend_purpleEX+1","Defend_purpleEX","Observe_purple_1","Observe_purple_2","PositiveMatter_Antimatter_Universe_purple+1","Bait_Toxicbait_purple","OpenedBox_purple","Boundary_ObjectiveBoundary_purple","StateErode_purple+1","RealityDreamConfluencek_purple","ContainerChange_purple+1","EighthInstrument_OneDividesIntoTwo_purple","Madness+1","ExternalForce_HighSpeedFlying_purple+1","StretchesForeverDream_purple+1","Theboundaryofcreation_purpleEX+1","Mirror_FourBoundary_purple","Shame","StretchesForeverDream_purple+1","Sadistic Nature+1","Gensokyo:ShootingStar","Know_ledgeAbilityRealm_purple+1","RuptureOfTimeAndSpace_purple+1","Shallow_ocean_purpleEX+1","Boundary_of_Extermination_purpleEX+1","Mirror_Drifter_purple+1","Line_surface_state_purple+1","ExistenceContinue_purple","BarrageBoundary_PipeDream_purple+1","Boundary_of_Extermination_purpleEX+1","StateDuplicate_purple+1","expansioncontent:DashGenerateEvil+1","Umbrella_purple+1","expansioncontent:CaCaw","Boundary_ObjectiveBoundary_purple+1"],"relics":["Boundary_crack","Memoryfragments_purpleEX","Toy Ornithopter","Replay:Multitool","Happy Flower","Mercury Hourglass","Empty Cage","Guide Book","Bottled Tornado","Gensokyo:RedStar","Torii","HornCleat","Coffee Dripper","TheEssenceOfRealm","TentaclePot:ReiMu","Whetstone","Mango","Regal Pillow","Calipers","TungstenRod"],"acts_visited":["Gensokyo:Gensokyoest","TheEnding"],"potions_floor_usage":[50,50,50],"damage_taken":[{"damage":7.0,"enemies":"Gensokyo:Gryphon","floor":1.0,"turns":5.0},{"damage":10.0,"enemies":"Gensokyo:2_Kodama","floor":2.0,"turns":4.0},{"damage":0.0,"enemies":"Gensokyo:3_Fairies","floor":3.0,"turns":5.0},{"damage":0.0,"enemies":"Gensokyo:2_Rabbits","floor":7.0,"turns":6.0},{"damage":14.0,"enemies":"Gensokyo:LivingMonolith","floor":8.0,"turns":4.0},{"damage":5.0,"enemies":"Gensokyo:Python_and_Kodama","floor":12.0,"turns":5.0},{"damage":29.0,"enemies":"Gensokyo:Mamizou","floor":13.0,"turns":11.0},{"damage":11.0,"enemies":"Gensokyo:2_Rabbits","floor":14.0,"turns":5.0},{"damage":33.0,"enemies":"Gensokyo:Kokoro","floor":16.0,"turns":13.0},{"damage":19.0,"enemies":"Gensokyo:2_Gloops","floor":18.0,"turns":6.0},{"damage":24.0,"enemies":"Gensokyo:CosmicMonolith","floor":22.0,"turns":5.0},{"damage":30.0,"enemies":"Gensokyo:Koishi","floor":23.0,"turns":8.0},{"damage":25.0,"enemies":"Gensokyo:Reisen","floor":25.0,"turns":6.0},{"damage":4.0,"enemies":"Gensokyo:Wraith","floor":29.0,"turns":5.0},{"damage":0.0,"enemies":"Gensokyo:Eternal_Rivals","floor":33.0,"turns":10.0},{"damage":0,"enemies":"Gensokyo:AncientGuardian","floor":35,"turns":5},{"damage":9,"enemies":"Gensokyo:3_Bats","floor":39,"turns":3},{"damage":0,"enemies":"Gensokyo:Doremy","floor":40,"turns":6},{"damage":0,"enemies":"Gensokyo:3_Boulders","floor":41,"turns":4},{"damage":2,"enemies":"Gensokyo:Marisa","floor":42,"turns":4},{"damage":6,"enemies":"Gensokyo:4_Bats","floor":44,"turns":2},{"damage":0,"enemies":"Gensokyo:SeedOfUnknown","floor":48,"turns":4},{"damage":31,"enemies":"Gensokyo:Scarlet_Devils","floor":50,"turns":4},{"damage":13,"enemies":"Shield and Spear","floor":54,"turns":3},{"damage":30,"enemies":"The Heart","floor":55,"turns":9}],"seed_played":"5365659680688663362","potions_obtained":[{"floor":1.0,"key":"SpeedPotion"},{"floor":2.0,"key":"SteroidPotion"},{"floor":12.0,"key":"Explosive Potion"},{"floor":14.0,"key":"Elixir"},{"floor":18.0,"key":"Weak Potion"},{"floor":22.0,"key":"Weak Potion"},{"floor":29.0,"key":"Explosive Potion"},{"floor":39,"key":"Fire Potion"},{"floor":40,"key":"Death Potion"},{"floor":42,"key":"Block Potion"}],"is_trial":false,"path_per_floor":["M","M","M","?","?","R","M","M","T","R","?","M","E","M","R","B",null,"M","?","?","$","M","E","R","E","T","?","R","M","R","$","R","B",null,"M","?","COS","?","M","E","M","E","T","M","R","?","$","M","R","B",null,"R","$","E","B",null],"character_chosen":"Youkari","items_purchased":["Guide Book","Sadistic Nature","expansioncontent:DashGenerateEvil","expansioncontent:CaCaw"],"campfire_rested":0,"item_purchase_floors":[21,31,47,53],"current_hp_per_floor":[66,57,59,59,59,59,61,50,50,50,57,54,45,37,37,17,77,60,60,67,67,48,25,25,13,13,13,37,35,35,35,35,80,80,80,68,68,68,64,69,69,82,82,79,79,42,42,43,43,27,94,94,94,85,55],"gold":44,"neow_bonus":"RANDOM_COMMON_RELIC","is_daily":false,"chose_seed":false,"campfire_upgraded":6,"win_rate":0.0,"timestamp":1610371974,"path_taken":["M","M","M","?","?","R","M","M","T","R","?","M","E","M","R","BOSS","M","?","?","?","M","E","R","E","T","?","R","M","R","$","R","BOSS","M","?","COS","?","M","E","M","E","T","M","R","?","$","M","R","BOSS","R","$","E","BOSS"],"items_purchased_type":["Relic","Card","Card","Card"],"build_version":"2020-12-22","purchased_purges":0,"victory":true,"max_hp_per_floor":[70,70,70,70,70,70,70,70,70,70,77,77,77,77,77,77,77,77,73,80,80,80,80,80,80,80,80,80,80,80,80,80,80,80,80,80,80,80,80,80,80,94,94,94,94,94,94,94,94,94,94,94,94,94,94],"relic_stats":{"Regal Pillow":0,"Happy Flower":[39],"Torii":15,"counters":[25,140],"Whetstone":["AT_purpleEX","Shallow_ocean_purpleEX"],"obtain_stats":[{"Regal Pillow":43,"Calipers":46,"Happy Flower":10,"Torii":25,"Guide Book":21,"TentaclePot:ReiMu":37,"Mango":42,"Replay:Multitool":5,"Boundary_crack":0,"Whetstone":40,"Bottled Tornado":23,"Empty Cage":17,"Gensokyo:RedStar":24,"Mercury Hourglass":13,"Frozen Eye":23,"HornCleat":26,"Coffee Dripper":34,"TheEssenceOfRealm":37,"Toy Ornithopter":0,"TungstenRod":54,"Memoryfragments_purpleEX":0},{"Regal Pillow":20,"Calipers":21,"Happy Flower":5,"Torii":13,"Guide Book":10,"TentaclePot:ReiMu":16,"Mango":20,"Replay:Multitool":3,"Boundary_crack":0,"Whetstone":18,"Bottled Tornado":12,"Empty Cage":9,"Gensokyo:RedStar":12,"Mercury Hourglass":7,"Frozen Eye":11,"HornCleat":13,"Coffee Dripper":15,"TheEssenceOfRealm":16,"Toy Ornithopter":0,"TungstenRod":24,"Memoryfragments_purpleEX":0},{"Regal Pillow":118,"Calipers":120,"Happy Flower":24,"Torii":82,"Guide Book":63,"TentaclePot:ReiMu":102,"Mango":118,"Replay:Multitool":14,"Boundary_crack":0,"Whetstone":111,"Bottled Tornado":76,"Empty Cage":57,"Gensokyo:RedStar":76,"Mercury Hourglass":40,"Frozen Eye":68,"HornCleat":82,"Coffee Dripper":97,"TheEssenceOfRealm":102,"Toy Ornithopter":0,"TungstenRod":131,"Memoryfragments_purpleEX":0}],"Toy Ornithopter":50,"TungstenRod":12,"Mercury Hourglass":[344]},"card_choices":[{"not_picked":["Line_surface_state_purple","StateErode_purple"],"picked":"PositiveMatter_Antimatter_Universe_purple","floor":1.0},{"not_picked":["Worldmountain_purple","SharpContractionReality_purple"],"picked":"Bait_Toxicbait_purple","floor":2.0},{"not_picked":["ExistenceContinue_purple","Shallow_ocean_purpleEX"],"picked":"OpenedBox_purple","floor":3.0},{"not_picked":["Mirror_WaveAndshot_purple","Mirror_FormAndEmptin_purple"],"picked":"Boundary_ObjectiveBoundary_purple","floor":4.0},{"not_picked":["SharpContractionReality_purple","StateDuplicate_purple"],"picked":"StateErode_purple","floor":4.0},{"not_picked":["Yakumo_Ran_purple","Shallow_ocean_purpleEX"],"picked":"CommonSense_AntiCommonSense_purple","floor":7.0},{"not_picked":["StateDuplicate_purple","AdvanceAttack_purple"],"picked":"StateErode_purple","floor":8.0},{"not_picked":["Mirror_FormAndEmptin_purple","SharpContractionReality_purple"],"picked":"RealityDreamConfluencek_purple","floor":12.0},{"not_picked":["EighthInstrument_OneDividesIntoTwo_purple","SharpContractionReality_purple"],"picked":"ContainerChange_purple","floor":13.0},{"not_picked":["DimensionStaggered_purple","StateDuplicate_purple"],"picked":"EighthInstrument_OneDividesIntoTwo_purple","floor":14.0},{"not_picked":["D_absorption_purple","GluttonyofRealm_purpleEX"],"picked":"KnowledgeAbilityRealm_purple","floor":16.0},{"not_picked":["Mirror_FormAndEmptin_purple","Realm_recovery_purpleEX+1"],"picked":"ExternalForce_HighSpeedFlying_purple+1","floor":18.0},{"not_picked":["StateDuplicate_purple","WeekHit_purple"],"picked":"StretchesForeverDream_purple","floor":22.0},{"not_picked":["Anti_communist_purple","SfantasyHide_purple"],"picked":"Theboundaryofcreation_purpleEX","floor":23.0},{"not_picked":["RuptureOfTimeAndSpace_purple","DimensionStaggered_purple"],"picked":"Mirror_FourBoundary_purple","floor":25.0},{"not_picked":["Charmbait_purple","PositiveMatter_Antimatter_Universe_purple"],"picked":"StretchesForeverDream_purple+1","floor":29.0},{"not_picked":[],"picked":"Gensokyo:ShootingStar","floor":33.0},{"not_picked":["KnowledgeAbilityRealm_purple","ContainerChange_purple"],"picked":"Know_ledgeAbilityRealm_purple","floor":33.0},{"not_picked":["OmniscientAndOmnipotent_Monster_purple+1","StateDuplicate_purple+1"],"picked":"RuptureOfTimeAndSpace_purple+1","floor":35},{"not_picked":["StateDuplicate_purple","DimensionStaggered_purple"],"picked":"Shallow_ocean_purpleEX","floor":38},{"not_picked":["Line_surface_state_purple","ExistenceContinue_purple"],"picked":"Boundary_of_Extermination_purpleEX+1","floor":38},{"not_picked":["RuleDissolution_purple","StateDuplicate_purple+1"],"picked":"Mirror_Drifter_purple+1","floor":38},{"not_picked":["OmniscientAndOmnipotent_Monster_purple","SharpContractionReality_purple+1"],"picked":"Line_surface_state_purple+1","floor":39},{"not_picked":["StateErode_purple","SfantasyHide_purple"],"picked":"ExistenceContinue_purple","floor":40},{"not_picked":["OmniscientAndOmnipotent_Monster_purple","Line_surface_state_purple"],"picked":"BarrageBoundary_PipeDream_purple","floor":41},{"not_picked":["Umbrella_purple","Charmbait_purple"],"picked":"Boundary_of_Extermination_purpleEX+1","floor":42},{"not_picked":["RuleDissolution_purple","Extrememeaning_purpleEX"],"picked":"StateDuplicate_purple+1","floor":44},{"not_picked":["Realm_recovery_purpleEX","Charmbait_purple"],"picked":"Umbrella_purple+1","floor":48},{"not_picked":["WingOfChimera_purple","BarrageBoundary_PipeDream_purple"],"picked":"Boundary_ObjectiveBoundary_purple+1","floor":54}],"player_experience":782057,"relics_obtained":[{"floor":13.0,"key":"Mercury Hourglass"},{"floor":23.0,"key":"Bottled Tornado"},{"floor":25.0,"key":"Torii"},{"floor":26.0,"key":"HornCleat"},{"floor":40,"key":"Whetstone"},{"floor":42,"key":"Mango"},{"floor":43,"key":"Regal Pillow"},{"floor":54,"key":"TungstenRod"}],"event_choices":[],"is_beta":false,"boss_relics":[{"not_picked":["RedLine:ReiMu","Busted Crown"],"picked":"Empty Cage"},{"not_picked":["ChewingGum","Philosopher\u0027s Stone"],"picked":"Coffee Dripper"}],"items_purged_floors":[],"is_endless":false,"potions_floor_spawned":[1,2,12,14,18,22,29,39,40,42],"ascension_level":0}}