{"host":"nn8dnwg7qu5hzjj2","time":1610401860,"event":{"mods":["AchievementEnabler","AlwaysNeverKeys","BaseMod","Better Match","Better Note","Better Sensory Stone","Better Third Choice","Better Vampires","Card Forge","Colored Map","Colored Powertips","Dark Map","Data Control","Filter the Spire","Highlight Path","Infinite Spire","Minty Spire (QoL Compilation)","Permanent Neow","Poem Panic","Practice Mode","Relic Filter","Relic Sorter","Replay The Spire","Shop Mod","StSLib","SuperFastMode","Synergy Search","The Jungle","Transform Curses","Uncapped","Waifu the Spire"],"gold_per_floor":[118,128,143,159,845,845,877,877,958,958,977,990,1002,1028,1028,1124,1124,1144,1162,1162,1162,1176,1202,1212,568,620,645,658,678,34,49,49,53,53],"floor_reached":33,"playtime":1417,"items_purged":[],"score":453,"play_id":"675d8028-e010-415b-9432-eb3eebff3b88","local_time":"20210111145100","is_ascension_mode":false,"campfire_choices":[{"floor":6,"key":"REST"},{"floor":8,"key":"REST"},{"floor":15,"key":"REST"},{"floor":32,"key":"DIG"}],"circlet_count":0,"master_deck":["Barricade+1","Entrench+1","Burst+1","Catalyst+1","Deadly Poison+1","Genetic Algorithm+1","ReplayTheSpireMod:Echoes of Time+1","infinitespire:Starlight+1","infinitespire:FutureSight+1","Deadly Poison+1","Omniscience+1","Exhume+1","Insight+1","Whirlwind+1","Sword Boomerang+1","Blasphemy+1","Collect+1","ConjureBlade+1","DevaForm+1"],"relics":["Black Blood","Hammer of Thor","Seething Fire","Anvil of the Gods","NeowsBlessing","Juzu Bracelet","King of Hearts","Omamori","infinitespire:FocusingShard","Ginger","Toxic Egg 2","Gremlin Food","Torii","Paper Frog","infinitespire:ShieldingShard","Frozen Eye","infinitespire:Lucky Rock","War Paint","infinitespire:Midas Blood","Darkstone Periapt","Guide Book","Potion Belt"],"acts_visited":["Exordium","TheCity"],"potions_floor_usage":[16,16,16,28,28,31,31],"damage_taken":[{"damage":33.0,"enemies":"2 Louse","floor":1.0,"turns":6.0},{"damage":13.0,"enemies":"Small Slimes","floor":2.0,"turns":3.0},{"damage":0.0,"enemies":"Cultist","floor":3.0,"turns":2.0},{"damage":0,"enemies":"Large Slime","floor":4,"turns":2},{"damage":0,"enemies":"Lagavulin","floor":7,"turns":2},{"damage":0,"enemies":"Exordium Wildlife","floor":11,"turns":1},{"damage":0,"enemies":"2 Fungi Beasts","floor":12,"turns":1},{"damage":0,"enemies":"Large Slime","floor":13,"turns":1},{"damage":0,"enemies":"3 Sentries","floor":14,"turns":1},{"damage":0,"enemies":"The Guardian","floor":16,"turns":1},{"damage":0,"enemies":"Spheric Guardian","floor":18,"turns":2},{"damage":0,"enemies":"2 Thieves","floor":19,"turns":1},{"damage":0,"enemies":"Sentry and Sphere","floor":22,"turns":1},{"damage":15,"enemies":"Replay:Snechameleon","floor":23,"turns":3},{"damage":0,"enemies":"3 Cultists","floor":24,"turns":1},{"damage":0,"enemies":"Book of Stabbing","floor":27,"turns":3},{"damage":0,"enemies":"Snake Plant","floor":28,"turns":1},{"damage":0,"enemies":"Shelled Parasite and Fungi","floor":29,"turns":1},{"damage":9,"enemies":"Centurion and Healer","floor":31,"turns":2},{"damage":100012,"enemies":"Champ","floor":33,"turns":4}],"seed_played":"-2996425577451276121","potions_obtained":[{"floor":2.0,"key":"SpeedPotion"},{"floor":4,"key":"SneckoOil"},{"floor":7,"key":"Explosive Potion"},{"floor":18,"key":"Energy Potion"},{"floor":19,"key":"DistilledChaos"},{"floor":23,"key":"LiquidMemories"},{"floor":29,"key":"Elixir"}],"is_trial":false,"path_per_floor":["M","M","M","M","$","R","E","R","T","?","M","M","M","E","R_BF","B",null,"M","M","?","?","M","E","M","$","T","E","M","M","$","M","R_BF","B"],"character_chosen":"IRONCLAD","items_purchased":["Juzu Bracelet","King of Hearts","Paper Frog","infinitespire:ShieldingShard","Frozen Eye","infinitespire:Midas Blood","Darkstone Periapt","Guide Book"],"campfire_rested":3,"item_purchase_floors":[5,5,25,25,25,30,30,30],"current_hp_per_floor":[78,73,79,80,80,80,80,80,80,25,31,37,43,49,73,80,80,80,80,80,80,80,80,80,80,80,80,80,80,80,80,80,0,0],"gold":53,"neow_bonus":"THREE_ENEMY_KILL","is_daily":false,"chose_seed":false,"campfire_upgraded":0,"win_rate":0.0,"timestamp":1610401860,"path_taken":["M","M","M","M","$","R","E","R","T","?","M","M","M","E","R_BF","BOSS","M","M","?","?","M","E","M","$","T","E","M","M","?","M","R_BF","BOSS"],"items_purchased_type":["Relic","Relic","Relic","Relic","Relic","Relic","Relic","Relic"],"build_version":"2020-12-22","purchased_purges":0,"victory":false,"max_hp_per_floor":[80,80,80,80,80,80,80,80,80,80,80,80,80,80,80,80,80,80,80,80,80,80,80,80,80,80,80,80,80,80,80,80,80,80],"card_choices":[{"not_picked":["Dark Embrace","Whirlwind"],"picked":"Cleave","floor":1.0},{"not_picked":["Wild Strike","Warcry","Whirlwind"],"picked":"SKIP","floor":2.0},{"not_picked":["Anger","Iron Wave","ReplayTheSpireMod:Strike From Hell"],"picked":"SKIP","floor":3.0},{"not_picked":["Replay:Undeath\u0027s Touch","Hemokinesis","Impervious"],"picked":"SKIP","floor":4},{"not_picked":["Pommel Strike","Warcry","Pummel"],"picked":"SKIP","floor":7},{"not_picked":["Pommel Strike","Searing Blow"],"picked":"Seeing Red+1","floor":11},{"not_picked":["Clothesline","Rupture","Entrench+1"],"picked":"SKIP","floor":12},{"not_picked":["Entrench+1","Combust","ReplayTheSpireMod:Limb From Limb"],"picked":"SKIP","floor":13},{"not_picked":["Run Through","Infernal Blade+1","Wild Strike"],"picked":"SKIP","floor":14},{"not_picked":["Iron Wave","Replay:Undeath\u0027s Touch","Ghostly Armor+1"],"picked":"SKIP","floor":18},{"not_picked":["Pommel Strike","Evolve+1","Thunderclap+1"],"picked":"SKIP","floor":19},{"not_picked":["Clothesline","Double Tap+1","Armaments+1"],"picked":"SKIP","floor":22},{"not_picked":["Power Through+1","Reaper"],"picked":"Whirlwind","floor":23},{"not_picked":["ReplayTheSpireMod:Strike From Hell","Power Through+1","Havoc+1"],"picked":"SKIP","floor":24},{"not_picked":["Iron Wave","ReplayTheSpireMod:Strike From Hell+1"],"picked":"Sword Boomerang","floor":27},{"not_picked":["Disarm+1","Heavy Blade","Dual Wield+1"],"picked":"SKIP","floor":28},{"not_picked":["Pommel Strike+1","Iron Wave","Thunderclap"],"picked":"SKIP","floor":29},{"not_picked":["Rampage","infinitespire:OneForAll+1","Warcry+1"],"picked":"SKIP","floor":31}],"player_experience":124381,"relics_obtained":[{"floor":7,"key":"Omamori"},{"floor":9,"key":"infinitespire:FocusingShard"},{"floor":14,"key":"Gremlin Food"},{"floor":23,"key":"Torii"},{"floor":26,"key":"infinitespire:Lucky Rock"},{"floor":27,"key":"War Paint"},{"floor":32,"key":"Potion Belt"}],"event_choices":[{"cards_removed":["ReplayTheSpireMod:Echoes of Time"],"damage_healed":0,"gold_gain":0,"player_choice":"Give","damage_taken":0,"max_hp_gain":0,"max_hp_loss":0,"event_name":"betterNote:BetterNote","floor":20,"gold_loss":0,"cards_obtained":["None"]},{"damage_healed":0,"gold_gain":0,"player_choice":"Insight","damage_taken":0,"max_hp_gain":0,"max_hp_loss":0,"event_name":"betterThird:BetterWriting","floor":21,"gold_loss":0,"cards_obtained":["Insight"]}],"is_beta":false,"boss_relics":[{"not_picked":["Runic Cube","Coffee Dripper"],"picked":"Black Blood"}],"items_purged_floors":[],"is_endless":false,"potions_floor_spawned":[2,4,7,11,14,18,19,23,27,29],"killed_by":"Champ","ascension_level":0}}