{"host":"bpkhhmvsfrvlto2l","time":1610398140,"event":{"mods":["2.2 Compatiblity","AchievementEnabler","Act Like it!","AlwaysNeverKeys","Aspiration","BaseMod","Better Silent Start","Challenge The Spire","Colored Map","Colored Powertips","Custom Start","Downfall","Energized Spire","Friendly Minions","GifTheSpireLib","Halation","Hubris","Infinite Spire","Ironclad Rager","Mimic Mod","Minty Spire (QoL Compilation)","Permanent Neow","Quick Restart","Random Character Button","Relic Sorter","Replay The Spire","Spikes Relics","StSLib","Stuff the Spire","Swap Starting Deck Mod","Trackpad"],"gold_per_floor":[114,126,50,50,50,50,75,75,75,109,109,123,135,35,35,137,137,149,149,109,126,126,126,146,146,183,183,214,214,247,259,259,355,355,370,390,390,390,247,247,280,280,280,280,297,317,336,147,147,147],"floor_reached":51,"playtime":1296,"items_purged":["Shame","Compile Driver"],"score":1126,"play_id":"e07051fa-7e3d-4174-a22e-92f7cd3bd782","local_time":"20210111154900","is_ascension_mode":true,"campfire_choices":[{"data":"Reprogram","floor":6,"key":"SMITH"},{"data":"FTL","floor":8,"key":"SMITH"},{"data":"Self Repair","floor":15,"key":"SMITH"},{"data":"PlatinumSkin","floor":23,"key":"SMITH"},{"data":"White Noise","floor":25,"key":"SMITH"},{"data":"Gash","floor":27,"key":"SMITH"},{"data":"Master of Strategy","floor":29,"key":"SMITH"},{"data":"Rip and Tear","floor":40,"key":"SMITH"},{"data":"Steam","floor":44,"key":"SMITH"},{"data":"Reprogram","floor":49,"key":"SMITH"}],"circlet_count":0,"master_deck":["Gash+1","Gash+1","Gash+1","Gash+1","Rip and Tear+1","Reprogram+1","Steam+1","Steam+1","Steam+1","Steam+1","Steam+1","FTL+1","Self Repair+1","Gash+1","Machine Learning+1","PlatinumSkin+1","Master of Strategy+1","White Noise+1","Gash+1","Reprogram+1"],"relics":["Cracked Core","halation:PinkSoulGem","StuffTheSpire:EmeraldSignet","ReplayTheSpireMod:Ninjato","Lantern","hubris:Towel","ReplayTheSpireMod:ShopPack","InkBottle","Matryoshka","Art of War","Turnip","halation:HeavySnake","Lizard Tail","Orichalcum","infinitespire:Joker Card","hubris:TenFootPole","StuffTheSpire:Barrel","TheAbacus"],"acts_visited":["Exordium","TheCity","TheBeyond"],"potions_floor_usage":[7,16,26,28,30,33,41,50],"damage_taken":[{"damage":0,"enemies":"Jaw Worm","floor":1,"turns":2},{"damage":0,"enemies":"Small Slimes","floor":2,"turns":2},{"damage":0,"enemies":"3 Sentries","floor":7,"turns":7},{"damage":6,"enemies":"Gremlin Nob","floor":10,"turns":4},{"damage":0,"enemies":"2 Louse","floor":12,"turns":2},{"damage":0,"enemies":"Large Slime","floor":13,"turns":2},{"damage":0,"enemies":"Fading Forest","floor":16,"turns":8},{"damage":2,"enemies":"3 Byrds","floor":18,"turns":4},{"damage":6,"enemies":"Shell Parasite","floor":21,"turns":3},{"damage":2,"enemies":"Centurion and Healer","floor":24,"turns":3},{"damage":5,"enemies":"Snecko","floor":26,"turns":5},{"damage":19,"enemies":"Slavers","floor":28,"turns":4},{"damage":4,"enemies":"Book of Stabbing","floor":30,"turns":3},{"damage":55,"enemies":"Snecko","floor":31,"turns":5},{"damage":0,"enemies":"Automaton","floor":33,"turns":3},{"damage":5,"enemies":"3 Shapes","floor":35,"turns":4},{"damage":21,"enemies":"3 Darklings","floor":36,"turns":3},{"damage":0,"enemies":"Giant Head","floor":41,"turns":4},{"damage":21,"enemies":"Jaw Worm Horde","floor":45,"turns":2},{"damage":8,"enemies":"Spire Growth","floor":46,"turns":3},{"damage":3,"enemies":"3 Darklings","floor":47,"turns":2},{"damage":20,"enemies":"infinitespire:MassOfShapes","floor":50,"turns":5}],"seed_played":"-1388223623914571103","potions_obtained":[{"floor":2,"key":"ColorlessPotion"},{"floor":7,"key":"Energy Potion"},{"floor":13,"key":"SteroidPotion"},{"floor":16,"key":"Milkshake"},{"floor":18,"key":"PowerPotion"},{"floor":24,"key":"Block Potion"},{"floor":31,"key":"Strength Potion"},{"floor":36,"key":"Energy Potion"},{"floor":46,"key":"FearPotion"},{"floor":47,"key":"Energy Potion"}],"is_trial":false,"path_per_floor":["M","M","$","?","$","R","E","R","T","E","?","M","M","$","R","B",null,"M","?","?","M","AVR","R","M","R","MIM","R","E","R","E","M","R","B",null,"M","M","AVR","?","$","R","E","?","T","R","M","M","M","$","R","B",null],"character_chosen":"DEFECT","items_purchased":["FTL","Gash","AttackPotion","Orichalcum","Reprogram","TheAbacus"],"campfire_rested":0,"item_purchase_floors":[3,14,14,39,48,48],"current_hp_per_floor":[57,57,57,57,57,57,57,57,57,51,51,51,51,51,51,57,57,57,57,57,57,57,57,57,57,57,57,48,48,54,30,30,40,53,48,37,37,37,37,37,49,49,49,49,28,30,37,37,37,27],"gold":147,"neow_bonus":"","is_daily":false,"chose_seed":false,"campfire_upgraded":10,"win_rate":0.0,"timestamp":1610398140,"path_taken":["M","M","$","?","$","R","E","R","T","E","?","M","M","$","R","BOSS","M","?","?","M","AVR","R","M","R","MIM","R","E","R","E","M","R","BOSS","M","M","AVR","?","$","R","E","?","T","R","?","M","?","?","R","BOSS"],"items_purchased_type":["Card","Card","Potion","Relic","Card","Relic"],"build_version":"2020-12-22","purchased_purges":2,"victory":true,"max_hp_per_floor":[57,57,57,57,57,57,57,57,57,57,57,57,57,57,57,57,57,57,57,57,57,57,57,57,57,57,57,57,57,57,57,57,57,57,57,57,57,57,57,57,57,57,57,57,57,57,57,57,57,57],"card_choices":[{"not_picked":["Chill","Go for the Eyes","Streamline"],"picked":"SKIP","floor":1},{"not_picked":["StuffTheSpire:Synthwave","Conserve Battery"],"picked":"Steam","floor":2},{"not_picked":["RefreshScreen","Aggregate","Leap"],"picked":"SKIP","floor":7},{"not_picked":["FTL","Storm","Steam Power"],"picked":"SKIP","floor":10},{"not_picked":["Redo","Reinforced Body","Biased Cognition"],"picked":"SKIP","floor":12},{"not_picked":["Capacitor","Go for the Eyes"],"picked":"Self Repair","floor":13},{"not_picked":["Amplify","hubris:DoWhile"],"picked":"Machine Learning","floor":16},{"not_picked":["Cold Snap","Loop","StuffTheSpire:NuclearReactor"],"picked":"SKIP","floor":18},{"not_picked":["Conserve Battery","BasicCrystalCard","Sweeping Beam"],"picked":"SKIP","floor":21},{"not_picked":["Replay:SS_hec_1","Forethought"],"picked":"PlatinumSkin","floor":22},{"not_picked":["The Bomb","Feint"],"picked":"Master of Strategy","floor":22},{"not_picked":["Reinforced Body+1","Chaos"],"picked":"White Noise","floor":24},{"not_picked":["ReplaySort","Go for the Eyes"],"picked":"Compile Driver","floor":28},{"not_picked":["StuffTheSpire:Plugnplay+1","StuffTheSpire:LoadUp"],"picked":"Gash+1","floor":30},{"not_picked":["Conserve Battery","Turbo+1","Crystallizer"],"picked":"SKIP","floor":35},{"not_picked":["Beam Cell+1","Lockon+1","Aggregate"],"picked":"SKIP","floor":36},{"not_picked":["Static Discharge","Cold Snap+1","Self Repair+1"],"picked":"SKIP","floor":41},{"not_picked":["ReplayTheSpireMod:Repulse+1","Redo","ReplaySolidLightProjector+1"],"picked":"SKIP","floor":45},{"not_picked":["Rebound+1","StuffTheSpire:LoadUp+1","Beam Cell"],"picked":"SKIP","floor":46},{"not_picked":["StuffTheSpire:GlassShard","Conserve Battery+1","Double Energy"],"picked":"SKIP","floor":47}],"player_experience":70176,"relics_obtained":[{"floor":7,"key":"StuffTheSpire:EmeraldSignet"},{"floor":9,"key":"ReplayTheSpireMod:Ninjato"},{"floor":10,"key":"Lantern"},{"floor":26,"key":"InkBottle"},{"floor":26,"key":"Matryoshka"},{"floor":28,"key":"Art of War"},{"floor":30,"key":"Turnip"},{"floor":41,"key":"infinitespire:Joker Card"},{"floor":43,"key":"hubris:TenFootPole"},{"floor":43,"key":"StuffTheSpire:Barrel"}],"event_choices":[{"damage_healed":0,"gold_gain":0,"player_choice":"Upgraded Two","damage_taken":0,"max_hp_gain":0,"max_hp_loss":0,"event_name":"Designer","floor":20,"gold_loss":40,"cards_upgraded":["Steam","Machine Learning"]}],"is_beta":false,"boss_relics":[{"not_picked":["energizedSpire:OgreHead","Kintsugi","halation:LoveArrow"]},{"not_picked":["Replay:Bronze Core","Philosopher\u0027s Stone"],"picked":"halation:HeavySnake"}],"items_purged_floors":[22,37],"is_endless":false,"potions_floor_spawned":[2,7,13,16,18,24,31,36,46,47],"ascension_level":5}}