{"host":"llpusn9usp8rznkj","time":1610325116,"event":{"mods":["2.2 Compatiblity","Aspiration","BaseMod","Colored Map","Colored Powertips","Conspire","Hubris","Minty Spire (QoL Compilation)","Quick Restart","Rare Cards Sparkle","Replay The Spire","StSLib","The Cursed"],"gold_per_floor":[115,115,128,128,25,25,54,54,54,87,47,65,65,85,85,85,85],"floor_reached":16,"playtime":488,"items_purged":[],"score":266,"play_id":"09ee72fa-ed8d-4cac-8983-acb03f2f6fa0","local_time":"20210110193156","is_ascension_mode":true,"campfire_choices":[{"data":"Poisoned Stab","floor":6,"key":"SMITH"},{"data":"Inflame","floor":8,"key":"SMITH"},{"data":"Anger","floor":13,"key":"SMITH"},{"data":"Battle Trance","floor":15,"key":"SMITH"}],"circlet_count":0,"master_deck":["AscendersBane","Strike_R","Strike_R","Strike_R","Defend_R","Defend_R","Defend_R","Defend_R","Bash+1","Whirlwind","Heel Hook","Flechettes","Poisoned Stab+1","Flash of Steel","Inflame+1","conspire:ExplosiveBarrier","Anger+1","Battle Trance+1"],"relics":["Burning Blood","NeowsBlessing","conspire:Flyswatter","ReplayTheSpireMod:TigerMarble"],"acts_visited":["Exordium"],"potions_floor_usage":[10,14],"damage_taken":[{"damage":0,"enemies":"2 Louse","floor":1,"turns":1},{"damage":0,"enemies":"Small Slimes","floor":3,"turns":1},{"damage":0,"enemies":"Lagavulin","floor":7,"turns":1},{"damage":10,"enemies":"3 Sentries","floor":10,"turns":4},{"damage":7,"enemies":"Jaw Worm","floor":12,"turns":2},{"damage":1,"enemies":"Looter","floor":14,"turns":3},{"damage":90,"enemies":"Fading Forest","floor":16,"turns":11}],"seed_played":"-4358590951319101831","potions_obtained":[{"floor":3,"key":"Fire Potion"},{"floor":10,"key":"AttackPotion"}],"is_trial":false,"path_per_floor":["M","?","M","?","$","R","E","R","T","E","$","M","R","M","R","B"],"character_chosen":"IRONCLAD","items_purchased":["Flash of Steel","conspire:ExplosiveBarrier"],"campfire_rested":0,"item_purchase_floors":[5,11],"current_hp_per_floor":[74,74,75,75,75,75,75,75,75,71,71,74,74,75,75,0,0],"gold":85,"neow_bonus":"THREE_ENEMY_KILL","is_daily":false,"chose_seed":false,"campfire_upgraded":4,"win_rate":0.0,"timestamp":1610325116,"path_taken":["M","?","M","?","?","R","E","R","T","E","$","M","R","M","R","BOSS"],"items_purchased_type":["Card","Card"],"build_version":"2020-12-22","purchased_purges":0,"victory":false,"max_hp_per_floor":[75,75,75,75,75,75,75,75,75,75,75,75,75,75,75,75,75],"card_choices":[{"not_picked":["Twin Strike","Replay:Undeath\u0027s Touch"],"picked":"Whirlwind","floor":1},{"not_picked":["Sever Soul","Wild Strike"],"picked":"Run Through","floor":3},{"not_picked":["Reckless Charge","Pommel Strike"],"picked":"Inflame","floor":7},{"not_picked":["Dropkick","Evolve","ReplayTheSpireMod:LeadingStrike"],"picked":"SKIP","floor":10},{"not_picked":["Evolve","Dark Embrace"],"picked":"Anger","floor":12},{"not_picked":["Heavy Blade","Demon Form"],"picked":"Battle Trance","floor":14}],"player_experience":1129931,"relics_obtained":[{"floor":7,"key":"conspire:Flyswatter"},{"floor":10,"key":"ReplayTheSpireMod:TigerMarble"}],"event_choices":[{"damage_healed":0,"gold_gain":0,"player_choice":"Grow","damage_taken":0,"max_hp_gain":0,"max_hp_loss":0,"event_name":"Living Wall","floor":2,"gold_loss":0,"cards_upgraded":["Bash"]}],"is_beta":false,"boss_relics":[],"items_purged_floors":[],"is_endless":false,"potions_floor_spawned":[3,10],"killed_by":"Fading Forest","ascension_level":20}}