{"host":"0e0lo445kffy4sr5","time":1610389324,"event":{"mods":["AchievementEnabler","BaseMod","Colored Map","Colored Powertips","Highlight Path","Key Reminder","Minty Spire (QoL Compilation)","Permanent Neow","StSLib","SuperFastMode"],"gold_per_floor":[113,32,32,107,107,107,119,146,172,200,200,217,227,227,227],"floor_reached":14,"playtime":859,"items_purged":[],"score":103,"play_id":"1d1726fb-04c8-488c-9257-0b13703c62b2","local_time":"20210111132204","is_ascension_mode":true,"campfire_choices":[{"floor":6,"key":"RECALL"},{"floor":11,"key":"REST"}],"circlet_count":0,"master_deck":["Strike_G","Strike_G","Strike_G","Strike_G","Strike_G","Defend_G","Defend_G","Defend_G","Defend_G","Defend_G","Survivor","Neutralize","Deadly Poison","Leg Sweep","Pain","Footwork","Corpse Explosion","Corpse Explosion","Masterful Stab"],"relics":["Ring of the Snake","WarpedTongs","keyreminder:keyreminder","Bronze Scales","Tough Bandages"],"acts_visited":["Exordium"],"potions_floor_usage":[10,10,14,14],"damage_taken":[{"damage":0,"enemies":"Small Slimes","floor":1,"turns":3},{"damage":4,"enemies":"2 Louse","floor":7,"turns":3},{"damage":29,"enemies":"Gremlin Nob","floor":8,"turns":6},{"damage":17,"enemies":"3 Sentries","floor":10,"turns":4},{"damage":8,"enemies":"Cultist","floor":12,"turns":4},{"damage":11,"enemies":"Exordium Thugs","floor":13,"turns":4},{"damage":17,"enemies":"Gremlin Nob","floor":14,"turns":5}],"seed_played":"-6982661638796297664","potions_obtained":[{"floor":1,"key":"SteroidPotion"},{"floor":8,"key":"SteroidPotion"},{"floor":12,"key":"LiquidMemories"},{"floor":13,"key":"Swift Potion"}],"is_trial":false,"path_per_floor":["M","$","?","?","?","R","M","E","T","E","R","M","M","E"],"character_chosen":"THE_SILENT","items_purchased":["Leg Sweep"],"campfire_rested":1,"item_purchase_floors":[2],"current_hp_per_floor":[70,70,75,64,64,64,60,31,31,14,36,28,17,0,0],"gold":227,"neow_bonus":"THREE_CARDS","is_daily":false,"chose_seed":false,"campfire_upgraded":0,"win_rate":0.0,"timestamp":1610389324,"path_taken":["M","$","?","?","?","R","?","E","T","E","R","M","M","E"],"items_purchased_type":["Card"],"build_version":"2020-12-13","purchased_purges":0,"victory":false,"max_hp_per_floor":[70,70,75,75,75,75,75,75,75,75,75,75,75,75,75],"card_choices":[{"not_picked":["Outmaneuver","Dagger Spray"],"picked":"Deadly Poison","floor":0},{"not_picked":["Cloak And Dagger","Slice","Caltrops"],"picked":"SKIP","floor":1},{"not_picked":["Backstab","Skewer"],"picked":"Footwork","floor":7},{"not_picked":["PiercingWail","Sucker Punch"],"picked":"Corpse Explosion","floor":8},{"not_picked":["Caltrops","Dagger Throw"],"picked":"Corpse Explosion","floor":10},{"not_picked":["Flying Knee","Flechettes","Expertise"],"picked":"SKIP","floor":12},{"not_picked":["Tactician","Dagger Throw"],"picked":"Masterful Stab","floor":13}],"player_experience":45008,"relics_obtained":[{"floor":8,"key":"Bronze Scales"},{"floor":10,"key":"Tough Bandages"}],"event_choices":[{"damage_healed":0,"gold_gain":0,"player_choice":"Donut","damage_taken":0,"max_hp_gain":5,"max_hp_loss":0,"event_name":"Big Fish","floor":3,"gold_loss":0},{"damage_healed":0,"gold_gain":75,"player_choice":"Gather Gold","damage_taken":11,"max_hp_gain":0,"max_hp_loss":0,"event_name":"World of Goop","floor":4,"gold_loss":0},{"damage_healed":0,"gold_gain":0,"player_choice":"Rummage","damage_taken":0,"relics_obtained":["WarpedTongs"],"max_hp_gain":0,"max_hp_loss":0,"event_name":"Accursed Blacksmith","floor":5,"gold_loss":0,"cards_obtained":["Pain"]}],"is_beta":false,"boss_relics":[],"items_purged_floors":[],"is_endless":false,"potions_floor_spawned":[1,8,12,13],"killed_by":"Gremlin Nob","ascension_level":1}}