{"host":"6to8m083wj0ro91z","time":1610383588,"event":{"mods":["100% Spire Juice","BaseMod","Better Third Choice","BetterRewards","CatGirl Mod","ChefMod","Friendly Minions","Hubris","Mad Scientist","Marisa????????","Minty Spire (QoL Compilation)","Railgun Mod","Robot Space Explorer","Shade Mod","Spicy Shops","StSLib","The Blackbeard","The Death Knight","The Gatherer","The Marked","The Mystic","The Necromancer","The Servant 0.9.4","WarShipGirlsR/????R mod"],"gold_per_floor":[109,121,131,144,163,188,188,199,199,224,237,257,276,294,294,294,294],"floor_reached":16,"playtime":1147,"items_purged":["Moonworks:Strike","Moonworks:Strike"],"score":120,"play_id":"c78aaf39-7fd0-428f-a86b-10477a0cab21","local_time":"20210111174628","is_ascension_mode":false,"campfire_choices":[{"floor":7,"key":"REST"},{"data":"Moonworks:Ambush","floor":15,"key":"SMITH"}],"circlet_count":0,"master_deck":["Moonworks:Strike","Moonworks:Strike","Moonworks:Defend","Moonworks:Defend","Moonworks:Defend","Moonworks:Defend","Moonworks:Ambush+1","Moonworks:LongDistanceShot","Moonworks:JonathanRush","Moonworks:JonathanRush","Moonworks:CloudOfSeagulls","Moonworks:EvilSpyWorkPreparation","Moonworks:WindyEnchantment","Moonworks:WindyEnchantment","Moonworks:LulusLuckyEgg","Moonworks:WindyEnchantment","Moonworks:JonathanRush","Moonworks:BackdoorTrade","Moonworks:NicePresent"],"relics":["Moonworks:BrokenBomb","Moonworks:Homemark","Nunchaku","hubris:CuriousFeather","TheAbacus","Shovel","Matryoshka","Pear"],"acts_visited":["Exordium"],"potions_floor_usage":[10,14,16,16,16],"damage_taken":[{"damage":0.0,"enemies":"Cultist","floor":1.0,"turns":3.0},{"damage":10.0,"enemies":"Small Slimes","floor":2.0,"turns":3.0},{"damage":0.0,"enemies":"2 Louse","floor":3.0,"turns":2.0},{"damage":0.0,"enemies":"Gremlin Gang","floor":4.0,"turns":3.0},{"damage":4,"enemies":"2 Fungi Beasts","floor":5,"turns":3},{"damage":8,"enemies":"Lagavulin","floor":6,"turns":5},{"damage":0,"enemies":"Large Slime","floor":8,"turns":3},{"damage":5,"enemies":"Gremlin Nob","floor":10,"turns":3},{"damage":5,"enemies":"Looter","floor":11,"turns":3},{"damage":6,"enemies":"Red Slaver","floor":12,"turns":3},{"damage":1,"enemies":"Large Slime","floor":13,"turns":4},{"damage":3,"enemies":"Exordium Thugs","floor":14,"turns":4},{"damage":19,"enemies":"The Guardian","floor":16,"turns":5}],"seed_played":"-4407458732374044150","potions_obtained":[{"floor":2.0,"key":"GamblersBrew"},{"floor":6,"key":"Fire Potion"},{"floor":10,"key":"FearPotion"},{"floor":14,"key":"GamblersBrew"}],"is_trial":false,"path_per_floor":["M","M","M","M","M","E","R","M","T","E","M","M","M","M","R","B"],"character_chosen":"THE_STARBREAKER","items_purchased":["Nunchaku","hubris:CuriousFeather","Moonworks:JonathanRush","TheAbacus","Moonworks:JonathanRush","Block Potion","PowerPotion"],"campfire_rested":1,"item_purchase_floors":[0,0,0,0,0,0,0],"current_hp_per_floor":[33,23,23,23,19,11,29,29,29,34,29,23,22,19,19,0,0],"gold":294,"neow_bonus":"","is_daily":false,"chose_seed":false,"campfire_upgraded":1,"win_rate":0.0,"timestamp":1610383588,"path_taken":["M","?","M","M","M","E","R","M","T","E","M","M","?","M","R","BOSS"],"items_purchased_type":["Relic","Relic","Card","Relic","Card","Potion","Potion"],"build_version":"2020-12-22","purchased_purges":2,"victory":false,"max_hp_per_floor":[60,60,60,60,60,60,60,60,60,70,70,70,70,70,70,70,70],"card_choices":[{"not_picked":["Moonworks:SakisCookie","Moonworks:MiracleWalker"],"picked":"Moonworks:CloudOfSeagulls","floor":1.0},{"not_picked":["Moonworks:MixPhenomenon","Moonworks:ImOnFire"],"picked":"Moonworks:EvilSpyWorkPreparation","floor":2.0},{"not_picked":["Moonworks:BigMagnum","Moonworks:DeployBits"],"picked":"Moonworks:WindyEnchantment","floor":3.0},{"not_picked":["Moonworks:Assault","Moonworks:FinalBattle","Moonworks:BigMagnum"],"picked":"SKIP","floor":4},{"not_picked":["Moonworks:Assault","Moonworks:ImOnFire","Moonworks:ScrambledEve"],"picked":"SKIP","floor":5},{"not_picked":["Moonworks:ReproductionOfRecords","Moonworks:LulusLuckyEgg"],"picked":"Moonworks:WindyEnchantment","floor":6},{"not_picked":["Moonworks:FinalBattle","Moonworks:NicePresent"],"picked":"Moonworks:LulusLuckyEgg","floor":8},{"not_picked":["Moonworks:ImOnFire","Moonworks:x16BigRocket"],"picked":"Moonworks:WindyEnchantment","floor":10},{"not_picked":["Moonworks:RagingMadness","Moonworks:DeployBits"],"picked":"Moonworks:JonathanRush","floor":11},{"not_picked":["Moonworks:FinalSurgery","Moonworks:AwakeningOfTalent","Moonworks:RedAndBlue"],"picked":"SKIP","floor":12},{"not_picked":["Moonworks:AwakeningOfTalent","Moonworks:EvilSpyWorkPreparation"],"picked":"Moonworks:BackdoorTrade","floor":13},{"not_picked":["Moonworks:CloudOfSeagulls","Moonworks:CompletionReward"],"picked":"Moonworks:NicePresent","floor":14}],"player_experience":1086440,"relics_obtained":[{"floor":6,"key":"Shovel"},{"floor":9,"key":"Matryoshka"},{"floor":10,"key":"Pear"}],"event_choices":[],"is_beta":false,"boss_relics":[],"items_purged_floors":[0,0],"is_endless":false,"potions_floor_spawned":[2,4,6,10,13,14],"killed_by":"The Guardian","ascension_level":0}}