{"host":"sav7uxregyirlf69","time":1610346928,"event":{"mods":["AchievementEnabler","BaseMod","Colored Map","DeckTracker","Keyboard Shortcuts","Minty Spire (QoL Compilation)","READ ME - Guardian Mod","StSLib","SuperFastMode"],"gold_per_floor":[119,194,194,194,206,238,136,165,165,497,194,218,218,233,233,329,329,343,46,66,66,66,98,98,132,132,148,148,163,163,190,190,290,290,305,360,53,53,64,64,93,93,140,167,17,51,51,77,77,77,77,77,8,34,34],"floor_reached":56,"playtime":1562,"items_purged":["Strike_B","Strike_B","Strike_B","Strike_B"],"score":2437,"play_id":"7144ee73-9349-4e60-a6f5-04a837606b99","local_time":"20210111153528","is_ascension_mode":true,"campfire_choices":[{"data":"Defragment","floor":13,"key":"SMITH"},{"data":"Loop","floor":15,"key":"SMITH"},{"data":"Seek","floor":28,"key":"SMITH"},{"data":"Consume","floor":30,"key":"SMITH"},{"data":"Coolheaded","floor":32,"key":"SMITH"},{"data":"Hologram","floor":40,"key":"SMITH"},{"data":"Panacea","floor":42,"key":"SMITH"},{"floor":49,"key":"RECALL"},{"data":"Skim","floor":52,"key":"SMITH"}],"circlet_count":0,"master_deck":["AscendersBane","Defend_B+1","Defend_B","Defend_B","Defend_B","Zap","Dualcast+1","Glacier+1","Defragment+1","Compile Driver","Biased Cognition","Loop+1","Cold Snap","Coolheaded+1","Seek+1","Blizzard+1","Hologram+1","Capacitor+1","Defragment+1","Aggregate+1","Consume+1","BootSequence+1","Electrodynamics","Hologram","Panacea+1","Master of Strategy","Discovery","Skim+1","Stack+1","Defragment"],"relics":["Cracked Core","NeowsBlessing","FossilizedHelix","Toy Ornithopter","Kunai","WingedGreaves","Old Coin","Centennial Puzzle","Odd Mushroom","Philosopher\u0027s Stone","DataDisk","Blood Vial","Ice Cream","Lizard Tail","SlaversCollar","Bird Faced Urn","Omamori","PreservedInsect","Regal Pillow","HornCleat","OrangePellets","Shovel","Letter Opener","War Paint"],"acts_visited":["Exordium","TheCity","TheBeyond","TheEnding"],"potions_floor_usage":[8,10,16,23,31,33,55,55,55],"damage_taken":[{"damage":0,"enemies":"Cultist","floor":1,"turns":1},{"damage":0,"enemies":"Small Slimes","floor":5,"turns":1},{"damage":0,"enemies":"Lagavulin","floor":6,"turns":2},{"damage":10,"enemies":"Gremlin Nob","floor":8,"turns":5},{"damage":0,"enemies":"Lagavulin","floor":10,"turns":7},{"damage":4,"enemies":"The Mushroom Lair","floor":12,"turns":4},{"damage":0,"enemies":"Jaw Worm","floor":14,"turns":5},{"damage":0,"enemies":"The Guardian","floor":16,"turns":16},{"damage":0,"enemies":"Shell Parasite","floor":18,"turns":8},{"damage":0,"enemies":"Chosen","floor":20,"turns":6},{"damage":10,"enemies":"Slavers","floor":23,"turns":7},{"damage":0,"enemies":"Book of Stabbing","floor":25,"turns":7},{"damage":0,"enemies":"3 Cultists","floor":27,"turns":5},{"damage":0,"enemies":"Snake Plant","floor":29,"turns":6},{"damage":0,"enemies":"Gremlin Leader","floor":31,"turns":8},{"damage":0,"enemies":"Champ","floor":33,"turns":13},{"damage":0,"enemies":"3 Darklings","floor":35,"turns":3},{"damage":19,"enemies":"2 Orb Walkers","floor":36,"turns":6},{"damage":0,"enemies":"3 Shapes","floor":39,"turns":4},{"damage":0,"enemies":"Nemesis","floor":41,"turns":9},{"damage":17,"enemies":"Reptomancer","floor":44,"turns":3},{"damage":0,"enemies":"Giant Head","floor":46,"turns":8},{"damage":0,"enemies":"Nemesis","floor":48,"turns":5},{"damage":0,"enemies":"Awakened One","floor":50,"turns":14},{"damage":7,"enemies":"Shield and Spear","floor":54,"turns":5},{"damage":54,"enemies":"The Heart","floor":55,"turns":10}],"seed_played":"-4441425432612099804","potions_obtained":[{"floor":1,"key":"Fire Potion"},{"floor":8,"key":"LiquidMemories"},{"floor":12,"key":"ColorlessPotion"},{"floor":16,"key":"Block Potion"},{"floor":18,"key":"GamblersBrew"},{"floor":25,"key":"Ancient Potion"},{"floor":31,"key":"GamblersBrew"},{"floor":36,"key":"LiquidBronze"}],"is_trial":false,"path_per_floor":["M","?","?","?","M","E","$","E","T","E","$","?","R","M","R","B",null,"M","$","M","?","?","E","?","E","T","M","R","M","R","E","R","B",null,"M","?","$","?","M","R","E","R","T","E","$","E","?","E","R","B",null,"R","$","E","B",null],"character_chosen":"DEFECT","items_purchased":["Compile Driver","PowerPotion","Centennial Puzzle","DataDisk","Hologram","Omamori","OrangePellets","Defragment"],"campfire_rested":0,"item_purchase_floors":[7,11,11,19,19,37,45,53],"current_hp_per_floor":[68,57,42,39,39,39,39,34,34,39,39,35,35,35,35,40,66,66,66,66,52,52,47,47,49,49,51,51,53,53,60,60,67,77,79,61,61,51,65,65,79,79,79,65,65,79,79,80,80,80,80,80,80,80,32],"gold":34,"neow_bonus":"THREE_ENEMY_KILL","is_daily":false,"chose_seed":false,"campfire_upgraded":8,"win_rate":0.0,"timestamp":1610346928,"path_taken":["M","?","?","?","?","E","?","E","T","E","$","?","R","M","R","BOSS","M","$","M","?","?","E","?","E","T","M","R","?","R","E","R","BOSS","M","?","$","?","M","R","E","R","T","E","?","E","?","E","R","BOSS","R","$","E","BOSS"],"items_purchased_type":["Card","Potion","Relic","Relic","Card","Relic","Relic","Card"],"build_version":"2020-12-22","purchased_purges":4,"victory":true,"max_hp_per_floor":[75,75,75,75,75,75,75,75,75,75,75,75,75,75,75,75,75,75,75,75,80,80,80,80,80,80,80,80,80,80,80,80,80,80,80,80,80,80,80,80,80,80,80,80,80,80,80,80,80,80,80,80,80,80,80],"card_choices":[{"not_picked":["Steam","Hologram"],"picked":"Glacier","floor":1},{"not_picked":["Stack","Beam Cell"],"picked":"Go for the Eyes","floor":5},{"not_picked":["Gash","Compile Driver"],"picked":"Defragment","floor":6},{"not_picked":["Hologram","Ball Lightning"],"picked":"Biased Cognition","floor":8},{"not_picked":["Leap","Recycle"],"picked":"Loop","floor":10},{"not_picked":["Heatsinks","Leap"],"picked":"Cold Snap","floor":12},{"not_picked":["Doom and Gloom","Scrape"],"picked":"Coolheaded","floor":14},{"not_picked":["Rainbow","Hyperbeam"],"picked":"Seek","floor":16},{"not_picked":["Sweeping Beam","Compile Driver"],"picked":"Blizzard","floor":18},{"not_picked":["Melter","Conserve Battery"],"picked":"Capacitor+1","floor":20},{"not_picked":["Multi-Cast","Skim"],"picked":"Defragment+1","floor":23},{"not_picked":["Stack+1","Tempest","Static Discharge"],"picked":"SKIP","floor":25},{"not_picked":["BootSequence","Steam"],"picked":"Aggregate+1","floor":27},{"not_picked":["BootSequence","Undo+1"],"picked":"Consume","floor":29},{"not_picked":["Darkness","Compile Driver"],"picked":"BootSequence+1","floor":31},{"not_picked":["Amplify","Buffer"],"picked":"Electrodynamics","floor":33},{"not_picked":["Go for the Eyes","FTL","Force Field"],"picked":"SKIP","floor":35},{"not_picked":["Redo+1","Steam"],"picked":"Hologram","floor":36},{"not_picked":["Dramatic Entrance","Bandage Up"],"picked":"Panacea","floor":38},{"not_picked":["Forethought","Impatience"],"picked":"Master of Strategy","floor":38},{"not_picked":["Chrysalis","Jack Of All Trades"],"picked":"Discovery","floor":38},{"not_picked":["Compile Driver","Scrape+1"],"picked":"Skim","floor":39},{"not_picked":["BootSequence+1","Steam","Thunder Strike"],"picked":"SKIP","floor":41},{"not_picked":["Compile Driver","Stack","Conserve Battery+1"],"picked":"SKIP","floor":44},{"not_picked":["Aggregate","Steam+1","Barrage"],"picked":"SKIP","floor":46},{"not_picked":["Recycle","Gash+1"],"picked":"Stack","floor":48},{"not_picked":["Streamline+1","BootSequence","Coolheaded"],"picked":"SKIP","floor":54}],"player_experience":1239838,"relics_obtained":[{"floor":6,"key":"Toy Ornithopter"},{"floor":8,"key":"Kunai"},{"floor":9,"key":"WingedGreaves"},{"floor":10,"key":"Old Coin"},{"floor":12,"key":"Odd Mushroom"},{"floor":23,"key":"Blood Vial"},{"floor":25,"key":"Ice Cream"},{"floor":31,"key":"Lizard Tail"},{"floor":36,"key":"Bird Faced Urn"},{"floor":41,"key":"PreservedInsect"},{"floor":43,"key":"Regal Pillow"},{"floor":44,"key":"HornCleat"},{"floor":46,"key":"Shovel"},{"floor":48,"key":"Letter Opener"},{"floor":54,"key":"War Paint"}],"event_choices":[{"damage_healed":0,"gold_gain":75,"player_choice":"Gather Gold","damage_taken":11,"max_hp_gain":0,"max_hp_loss":0,"event_name":"World of Goop","floor":2,"gold_loss":0},{"damage_healed":0,"gold_gain":0,"player_choice":"Entered Light","damage_taken":15,"max_hp_gain":0,"max_hp_loss":0,"event_name":"Shining Light","floor":3,"gold_loss":0,"cards_upgraded":["Glacier","Defend_B"]},{"damage_healed":0,"gold_gain":0,"player_choice":"Success","damage_taken":3,"relics_obtained":["FossilizedHelix"],"max_hp_gain":0,"max_hp_loss":0,"event_name":"Scrap Ooze","floor":4,"gold_loss":0},{"damage_healed":0,"gold_gain":0,"player_choice":"Fought Mushrooms","damage_taken":0,"max_hp_gain":0,"max_hp_loss":0,"event_name":"Mushrooms","floor":12,"gold_loss":0},{"damage_healed":0,"gold_gain":0,"player_choice":"Shed Blood","damage_taken":19,"max_hp_gain":5,"max_hp_loss":0,"event_name":"Forgotten Altar","floor":21,"gold_loss":0},{"damage_healed":0,"gold_gain":0,"player_choice":"Ignored","damage_taken":0,"max_hp_gain":0,"max_hp_loss":0,"event_name":"Ghosts","floor":22,"gold_loss":0},{"damage_healed":0,"gold_gain":0,"player_choice":"Forge","damage_taken":0,"max_hp_gain":0,"max_hp_loss":0,"event_name":"Accursed Blacksmith","floor":24,"gold_loss":0,"cards_upgraded":["Blizzard"]},{"damage_healed":0,"gold_gain":0,"player_choice":"Fight","damage_taken":0,"max_hp_gain":0,"max_hp_loss":0,"event_name":"Mysterious Sphere","floor":36,"gold_loss":0},{"damage_healed":0,"gold_gain":0,"player_choice":"Memory 3","damage_taken":10,"max_hp_gain":0,"max_hp_loss":0,"event_name":"SensoryStone","floor":38,"gold_loss":0},{"cards_removed":["Go for the Eyes"],"damage_healed":0,"gold_gain":0,"player_choice":"Removed Attack","damage_taken":0,"max_hp_gain":0,"max_hp_loss":0,"event_name":"Falling","floor":47,"gold_loss":0}],"is_beta":false,"boss_relics":[{"not_picked":["SacredBark","Tiny House"],"picked":"Philosopher\u0027s Stone"},{"not_picked":["Cursed Key","Nuclear Battery"],"picked":"SlaversCollar"}],"items_purged_floors":[7,11,19,37],"is_endless":false,"potions_floor_spawned":[1,8,12,16,18,20,25,31,36,41,46,48,54],"ascension_level":10}}