{"host":"uceopoba4zvqsgiy","time":1610347565,"event":{"mods":["Act Like it!","BaseMod","Better Skull","Better Third Choice","Elementarium","Evolution","GifTheSpireLib","Hermit","Humility","Infinite Spire","Jorbs\u0027s Wanderer Trilogy","Marked Mod","Minty Spire (QoL Compilation)","Potionbrewer","Replay The Spire","Robot Space Explorer","Shade Mod","Spicy Shops","StSLib","Stuff the Spire","The Blue Laboratory","The Caster","The Cursed","The Dragon Tamer","The Hierophant","The Judge","The Jungle","Wandering Minibosses"],"gold_per_floor":[113,113,133,143,143,168,178,158,158],"floor_reached":8,"playtime":576,"items_purged":[],"score":75,"play_id":"c75b4c97-c2d8-4f57-b877-991f43ee0422","local_time":"20210111171605","is_ascension_mode":true,"campfire_choices":[],"circlet_count":0,"master_deck":["Strike_G","Strike_G","Strike_G","Strike_G","Strike_G","Defend_G","Defend_G","Defend_G","Defend_G","Survivor","Neutralize","Deadly Poison","Riddle With Holes","Burst","Bouncing Flask"],"relics":["Ring of the Snake","EVO:Axolotl","NeowsBlessing","Pet Ghost"],"acts_visited":["Exordium"],"potions_floor_usage":[8],"damage_taken":[{"damage":0,"enemies":"Cultist","floor":1,"turns":1},{"damage":0,"enemies":"2 Louse","floor":3,"turns":1},{"damage":0,"enemies":"Jaw Worm","floor":4,"turns":1},{"damage":30,"enemies":"Lagavulin","floor":6,"turns":7},{"damage":2,"enemies":"2 Fungi Beasts","floor":7,"turns":4},{"damage":31,"enemies":"Gremlin Nob","floor":8,"turns":3}],"seed_played":"71831682443345830","potions_obtained":[{"floor":3,"key":"BlessingOfTheForge"},{"floor":7,"key":"PowerPotion"}],"is_trial":false,"path_per_floor":["M","?","M","M","$","E","M","E"],"character_chosen":"THE_SILENT","items_purchased":[],"campfire_rested":0,"item_purchase_floors":[],"current_hp_per_floor":[63,63,63,63,63,33,31,0,0],"gold":158,"neow_bonus":"THREE_ENEMY_KILL","is_daily":false,"chose_seed":false,"campfire_upgraded":0,"win_rate":0.0,"timestamp":1610347565,"path_taken":["M","?","M","?","$","E","M","E"],"items_purchased_type":[],"build_version":"2020-12-22","purchased_purges":0,"victory":false,"max_hp_per_floor":[70,70,70,70,70,70,70,70,70],"card_choices":[{"not_picked":["Acrobatics","Dodge and Roll"],"picked":"Deadly Poison","floor":1},{"not_picked":["Concentrate","StuffTheSpire:Injection"],"picked":"Burst","floor":3},{"not_picked":["StuffTheSpire:ReptileScales","Underhanded Strike","Concentrate"],"picked":"SKIP","floor":4},{"not_picked":["Expertise","ReplayTheSpireMod:The Works","Skewer"],"picked":"SKIP","floor":6},{"not_picked":["StuffTheSpire:Incursion","Backflip"],"picked":"Bouncing Flask","floor":7}],"player_experience":1657147,"relics_obtained":[{"floor":6,"key":"Pet Ghost"}],"event_choices":[{"damage_healed":0,"gold_gain":0,"cards_transformed":["Defend_G"],"player_choice":"Transformed","damage_taken":0,"max_hp_gain":0,"max_hp_loss":0,"event_name":"Transmorgrifier","floor":2,"gold_loss":0,"cards_obtained":["Riddle With Holes"]}],"is_beta":false,"boss_relics":[],"items_purged_floors":[],"is_endless":false,"potions_floor_spawned":[3,7],"killed_by":"Gremlin Nob","ascension_level":6}}