{"host":"wgo6ezn0zcq3jgqa","time":1610359586,"event":{"mods":["Act Like it!","BaseMod","Downfall","GifTheSpireLib","Hallownest","Hermit","KinomotoSakuraMod(木之本樱)","Marisa（F雨　魔理沙）","Minty Spire (QoL Compilation)","RumiaBox-露米娅的神秘盒子","SOS（斯巴达之子）","StSLib","The Bug Knight","The Cursed","【功能Mod】混沌之环修复补丁"],"gold_per_floor":[99,99,99,24,24,40,66,51,84,84,117,128,163,163,181,276,276,201,214,226,226,101,101,125,180,230,299,349,719,776,876,895,895,895],"floor_reached":33,"playtime":2147,"items_purged":["Regret"],"score":377,"play_id":"1b81e3a7-0f87-4af5-bf6d-b07829fcfde4","local_time":"20210111180626","is_ascension_mode":true,"campfire_choices":[{"floor":1.0,"key":"RECALL"},{"data":"HollowMod:AwokenDreamNail","floor":18.0,"key":"SMITH"}],"circlet_count":0,"master_deck":["HollowMod:NailStrikeStart","HollowMod:NailStrikeStart+1","HollowMod:NailStrikeStart+1","HollowMod:QuickDashStart","HollowMod:QuickDashStart","HollowMod:QuickDashStart","HollowMod:QuickDashStart+1","HollowMod:FocusHealStart","HollowMod:PogoStrike","HollowMod:MantisMark","HollowMod:CloakDash","HollowMod:CycloneSlash","HollowMod:QuirrelsAssistance+1","HollowMod:MantisMark","HollowMod:SharpenedNail","HollowMod:CloakDash","HollowMod:SharpenedNail","HollowMod:AwokenDreamNail+1","CurseOfTheBell","HollowMod:CycloneSlash","Slimebound:CheckThePlaybook","Slimebound:Icky","HollowMod:HowlingWraiths","HollowMod:CloakDash","HollowMod:HuntersJournal","HollowMod:GreatSlash+1","HollowMod:ChannelNail+1"],"relics":["HollowMod:VesselMask","downfall:HeartsMalice","SSSystem","Dream Catcher","Boot","Calling Bell","ChaoDraw","Meat on the Bone","MealTicket","downfall:HeartBlessingRed","downfall:KnowingSkull","Juzu Bracelet","Pen Nib","Bag of Marbles","Shovel","HollowMod:DelicateFlower"],"acts_visited":[],"potions_floor_usage":[30,33],"damage_taken":[{"damage":0.0,"enemies":"Small Slimes","floor":2.0,"turns":1.0},{"damage":0.0,"enemies":"downfall:FleeingMerchant","floor":4.0,"turns":1.0},{"damage":0.0,"enemies":"Jaw Worm","floor":5.0,"turns":1.0},{"damage":0.0,"enemies":"Cultist","floor":6.0,"turns":2.0},{"damage":2.0,"enemies":"downfall:FleeingMerchant","floor":8.0,"turns":4.0},{"damage":19.0,"enemies":"Gremlin Nob","floor":9.0,"turns":4.0},{"damage":0.0,"enemies":"3 Sentries","floor":11.0,"turns":2.0},{"damage":0.0,"enemies":"Large Slime","floor":12.0,"turns":3.0},{"damage":31.0,"enemies":"Gremlin Nob","floor":13.0,"turns":4.0},{"damage":0.0,"enemies":"Lots of Slimes","floor":15.0,"turns":3.0},{"damage":14.0,"enemies":"downfall:Watcher","floor":16.0,"turns":9.0},{"damage":0.0,"enemies":"Chosen","floor":19.0,"turns":3.0},{"damage":19.0,"enemies":"Snecko","floor":20.0,"turns":4.0},{"damage":3.0,"enemies":"downfall:FleeingMerchant","floor":22.0,"turns":4.0},{"damage":16.0,"enemies":"3 Cultists","floor":25.0,"turns":3.0},{"damage":21.0,"enemies":"Centurion and Healer","floor":26.0,"turns":3.0},{"damage":3.0,"enemies":"Slavers","floor":27.0,"turns":1.0},{"damage":3.0,"enemies":"Chosen and Byrds","floor":28.0,"turns":1.0},{"damage":9.0,"enemies":"downfall:FleeingMerchant","floor":29.0,"turns":4.0},{"damage":22,"enemies":"Book of Stabbing","floor":30,"turns":4},{"damage":14,"enemies":"downfall:Silent","floor":31,"turns":3},{"damage":31,"enemies":"Shelled Parasite and Fungi","floor":32,"turns":5},{"damage":38,"enemies":"downfall:Ironclad","floor":33,"turns":2}],"seed_played":"-8964819529975283857","potions_obtained":[{"floor":9.0,"key":"ColorlessPotion"},{"floor":11.0,"key":"EssenceOfSteel"},{"floor":13.0,"key":"SpeedPotion"},{"floor":15.0,"key":"Ancient Potion"},{"floor":19.0,"key":"DuplicationPotion"},{"floor":25.0,"key":"Fire Potion"},{"floor":28.0,"key":"AttackPotion"}],"is_trial":false,"path_per_floor":["R","M","?","$","M","M","T","$","E","?","E","M","E","?","M","B",null,"R","M","M","?","$","?","T","M","M","E","M","$","E","?","M","B"],"character_chosen":"THE_BUGKNIGHT","items_purchased":["Juzu Bracelet"],"campfire_rested":0,"item_purchase_floors":[22],"current_hp_per_floor":[75,75,75,75,75,75,75,75,56,56,56,56,25,25,31,23,75,75,75,62,62,72,72,72,56,47,44,41,53,43,47,34,0,0],"gold":895,"neow_bonus":"THREE_ENEMY_KILL","is_daily":false,"chose_seed":false,"campfire_upgraded":1,"win_rate":0.0,"timestamp":1610359586,"path_taken":["R","M","?","?","?","M","T","$","E","?","E","?","E","?","M","BOSS","R","M","M","?","$","?","T","M","M","E","M","$","E","?","M","BOSS"],"items_purchased_type":["Relic"],"build_version":"2020-12-22","purchased_purges":1,"victory":false,"max_hp_per_floor":[75,75,75,75,75,75,75,75,75,75,75,75,75,75,75,75,75,75,75,75,75,75,75,75,75,75,75,75,75,75,75,75,75,75],"card_choices":[{"not_picked":["HollowMod:HuntersJournal","HollowMod:InfectionAssault"],"picked":"HollowMod:MantisMark","floor":2.0},{"not_picked":["HollowMod:MonomonsArchive","HollowMod:ShapeofUnn"],"picked":"HollowMod:CloakDash","floor":4.0},{"not_picked":["HollowMod:GoodIntentions","HollowMod:SharpenedShadows","HollowMod:Grubsong"],"picked":"SKIP","floor":5.0},{"not_picked":["HollowMod:CloakDash","HollowMod:FallenFury"],"picked":"HollowMod:CycloneSlash","floor":6.0},{"not_picked":["HollowMod:DoubleDash","HollowMod:SoulShaman"],"picked":"HollowMod:QuirrelsAssistance","floor":8.0},{"not_picked":["HollowMod:FastStrike","HollowMod:DoubleDash"],"picked":"HollowMod:MantisMark","floor":9.0},{"not_picked":["HollowMod:DoubleDash","HollowMod:NewInfectedGuardian","HollowMod:PerfectDash"],"picked":"SKIP","floor":11.0},{"not_picked":["HollowMod:FallenFury","HollowMod:DashSlash"],"picked":"HollowMod:SharpenedNail","floor":12.0},{"not_picked":["HollowMod:TaintedHusks","HollowMod:PerfectDash"],"picked":"HollowMod:CloakDash","floor":13.0},{"not_picked":["HollowMod:QuirrelsAssistance","HollowMod:BrokenVessel"],"picked":"HollowMod:SharpenedNail","floor":15.0},{"not_picked":["HollowMod:LordofShades","HollowMod:HerrahsAnger"],"picked":"HollowMod:AwokenDreamNail","floor":16.0},{"not_picked":["HollowMod:TaintedHusks+1","HollowMod:SharpenedNail"],"picked":"HollowMod:CycloneSlash","floor":19.0},{"not_picked":["HollowMod:InfectedCysts","HollowMod:SoulEater","HollowMod:NewJinnsSoul+1"],"picked":"SKIP","floor":20.0},{"not_picked":["HollowMod:DungDefenderAura","HollowMod:SoulStrike","HollowMod:PureVessel"],"picked":"SKIP","floor":22.0},{"not_picked":["HollowMod:Grubsong","HollowMod:MantisMark"],"picked":"HollowMod:HowlingWraiths","floor":25.0},{"not_picked":["HollowMod:DescendingDark+1","HollowMod:SiblingsShadow"],"picked":"HollowMod:CloakDash","floor":26.0},{"not_picked":["HollowMod:Hiveblood","HollowMod:SiblingsSouls"],"picked":"HollowMod:HuntersJournal","floor":27.0},{"not_picked":["HollowMod:CycloneSlash","HollowMod:SoulSplash"],"picked":"HollowMod:GreatSlash+1","floor":28.0},{"not_picked":["HollowMod:InfectedCysts","HollowMod:PureVessel","HollowMod:SoulShaman"],"picked":"SKIP","floor":30},{"not_picked":["HollowMod:DreamGate+1","HollowMod:DoubleDash"],"picked":"HollowMod:ChannelNail+1","floor":32}],"player_experience":130984,"relics_obtained":[{"floor":9.0,"key":"SSSystem"},{"floor":11.0,"key":"Dream Catcher"},{"floor":13.0,"key":"Boot"},{"floor":17.0,"key":"ChaoDraw"},{"floor":17.0,"key":"Meat on the Bone"},{"floor":17.0,"key":"MealTicket"},{"floor":24.0,"key":"Pen Nib"},{"floor":27.0,"key":"Bag of Marbles"},{"floor":31,"key":"Shovel"},{"floor":31,"key":"HollowMod:DelicateFlower"}],"event_choices":[{"damage_healed":0.0,"max_hp_gain":0.0,"max_hp_loss":0.0,"gold_gain":0.0,"event_name":"Upgrade Shrine","player_choice":"Upgraded","floor":10.0,"gold_loss":0.0,"damage_taken":0.0,"cards_upgraded":["HollowMod:QuirrelsAssistance"]}],"is_beta":false,"boss_relics":[{"not_picked":["EasyGame_NEW","SoulBox"],"picked":"Calling Bell"}],"items_purged_floors":[4],"is_endless":false,"potions_floor_spawned":[9,11,13,15,19,25,28],"killed_by":"downfall:Ironclad","ascension_level":1}}