{"host":"vrsxkkch9ccrec7k","time":1610391020,"event":{"mods":["Act Like it!","BaseMod","Bestiary","Better Sensory Stone","Better Third Choice","Better Vampires","Downfall","Minty Spire (QoL Compilation)","Permanent Neow","Relic Stats","Spicy Shops","StSLib"],"gold_per_floor":[99,109,109,109,125,125,125,160,260,260,23,43,43,62,79,178,178,178,194,260,310,320,0,0,50,50,81,131,162,193,255,278,390,402,339,368,392,63,413,413,413,4,4,21,47,47,61,86,100,100],"floor_reached":51,"playtime":5326,"items_purged":["champ:Strike","champ:Strike","champ:Strike","champ:FaceSlap"],"score":1134,"play_id":"0538a860-ed0b-4090-843c-584f9b649321","local_time":"20210111135020","is_ascension_mode":true,"campfire_choices":[{"data":"champ:Execute","floor":1,"key":"SMITH"},{"data":"champ:GutPunch","floor":6,"key":"SMITH"},{"floor":13,"key":"REST"},{"data":"champ:StrikeOfGenius","floor":18,"key":"SMITH"},{"data":"champ:HoldFirm","floor":26,"key":"SMITH"},{"data":"champ:Improvising","floor":35,"key":"SMITH"},{"data":"champ:PerfectForm","floor":40,"key":"SMITH"},{"data":"champ:Backstep","floor":43,"key":"SMITH"}],"circlet_count":0,"master_deck":["champ:Defend","champ:Defend","champ:Defend","champ:Defend","champ:Execute+1","champ:Taunt+1","champ:GutPunch+1","champ:Control","champ:HoldFirm+1","champ:Backstep+1","champ:Haymaker+1","champ:FanOfKnives+1","champ:IronFortress","champ:StrikeOfGenius+1","champ:RageSigil+1","champ:RapidStrikes+1","champ:BerserkerStyle","Necronomicurse","champ:ShieldSigil+1","Bite+1","champ:BringItOn+1","champ:Improvising+1","champ:PerfectForm+1","champ:EnchantSword","champ:HeartStrike+1","champ:AdrenalArmor+1","champ:StanceDance+1"],"relics":["champ:ChampionCrown","Molten Egg 2","Vajra","CloakClasp","SsserpentHead","Cursed Key","Necronomicon","Toy Ornithopter","MawBank","Black Star","downfall:HeartBlessingGreen","Happy Flower","CaptainsWheel","OrangePellets","Lee\u0027s Waffle","Gremlin Horn","Lantern","Question Card","Nunchaku","Thread and Needle"],"acts_visited":["Exordium","TheCity","TheBeyond"],"potions_floor_usage":[29,29,30,32,44,48,48,48],"damage_taken":[{"damage":10,"enemies":"2 Louse","floor":2,"turns":3},{"damage":16,"enemies":"Small Slimes","floor":5,"turns":4},{"damage":35,"enemies":"Lagavulin","floor":8,"turns":5},{"damage":49,"enemies":"Lagavulin","floor":9,"turns":7},{"damage":20,"enemies":"downfall:FleeingMerchant","floor":11,"turns":4},{"damage":0,"enemies":"Cultist","floor":12,"turns":1},{"damage":6,"enemies":"Large Slime","floor":14,"turns":3},{"damage":0,"enemies":"2 Fungi Beasts","floor":15,"turns":3},{"damage":19,"enemies":"downfall:Silent","floor":16,"turns":6},{"damage":0,"enemies":"Spheric Guardian","floor":19,"turns":2},{"damage":23,"enemies":"Cultist and Chosen","floor":20,"turns":4},{"damage":17,"enemies":"Shelled Parasite and Fungi","floor":22,"turns":3},{"damage":30,"enemies":"downfall:FleeingMerchant","floor":23,"turns":4},{"damage":13,"enemies":"Slavers","floor":27,"turns":4},{"damage":20,"enemies":"Book of Stabbing","floor":29,"turns":3},{"damage":19,"enemies":"Snake Plant","floor":30,"turns":3},{"damage":35,"enemies":"Centurion and Healer","floor":32,"turns":4},{"damage":52,"enemies":"downfall:Defect","floor":33,"turns":7},{"damage":9,"enemies":"Orb Walker","floor":36,"turns":3},{"damage":39,"enemies":"3 Shapes","floor":37,"turns":6},{"damage":8,"enemies":"downfall:FleeingMerchant","floor":38,"turns":2},{"damage":36,"enemies":"Jaw Worm Horde","floor":44,"turns":4},{"damage":46,"enemies":"Giant Head","floor":45,"turns":6},{"damage":51,"enemies":"Transient","floor":47,"turns":5},{"damage":72,"enemies":"Reptomancer","floor":48,"turns":3},{"damage":43,"enemies":"Maw","floor":49,"turns":7},{"damage":59,"enemies":"downfall:Watcher","floor":50,"turns":6}],"seed_played":"-3511670627884939063","potions_obtained":[{"floor":9,"key":"Energy Potion"},{"floor":14,"key":"Energy Potion"},{"floor":15,"key":"Slimebound:ThreeZeroPotion"},{"floor":16,"key":"Strength Potion"},{"floor":19,"key":"Block Potion"},{"floor":20,"key":"LiquidBronze"},{"floor":30,"key":"Regen Potion"},{"floor":32,"key":"Guardian:BlockOnCardUsePotion"},{"floor":33,"key":"champ:OpenerPotion"},{"floor":36,"key":"Weak Potion"},{"floor":44,"key":"Strength Potion"}],"is_trial":false,"path_per_floor":["R","M","?","?","M","R","T","E","?","?","$","M","R","M","M","B",null,"R","M","M","?","M","$","T","?","R","E","?","E","M","?","M","B",null,"R","M","M","$","?","R","T","$","R","M","E","$","M","E","M","B",null],"character_chosen":"THE_CHAMP","items_purchased":["champ:Backstep","champ:Haymaker+1","champ:BerserkerStyle","Happy Flower","champ:PerfectForm","CaptainsWheel","OrangePellets","Lee\u0027s Waffle","Gremlin Horn"],"campfire_rested":1,"item_purchase_floors":[11,11,23,38,38,38,42,42,42],"current_hp_per_floor":[99,94,94,94,91,91,91,66,37,37,37,37,66,66,66,65,99,99,99,94,94,88,88,88,72,72,70,70,79,81,63,65,71,98,98,98,98,98,98,98,98,105,105,105,105,105,88,82,88,88],"gold":100,"neow_bonus":"TEN_PERCENT_HP_BONUS","is_daily":false,"chose_seed":false,"campfire_upgraded":7,"win_rate":0.0,"timestamp":1610391020,"path_taken":["R","M","?","?","?","R","T","E","?","?","$","M","R","M","M","BOSS","R","M","?","?","M","$","T","?","R","E","?","E","M","?","M","BOSS","R","M","M","$","?","R","T","?","R","M","E","$","M","E","M","BOSS"],"items_purchased_type":["Card","Card","Card","Relic","Card","Relic","Relic","Relic","Relic"],"build_version":"2020-12-22","purchased_purges":4,"victory":true,"max_hp_per_floor":[99,99,99,99,99,99,99,99,99,99,99,99,99,99,99,99,99,99,99,99,99,99,99,99,99,99,99,93,93,93,98,98,98,98,98,98,98,98,98,98,98,105,105,105,105,105,105,105,105,105],"relic_stats":{"Lee\u0027s Waffle":7,"Happy Flower":[10],"Gremlin Horn":[5,5],"counters":[27,112],"CloakClasp":[157],"Cursed Key":0,"MawBank":108,"Question Card":3,"SsserpentHead":350,"OrangePellets":[3],"Nunchaku":[2],"Necronomicon":[18],"Black Star":2,"obtain_stats":[{"Lee\u0027s Waffle":42,"Lantern":45,"Happy Flower":38,"Gremlin Horn":42,"Vajra":8,"champ:ChampionCrown":0,"downfall:HeartBlessingGreen":35,"Thread and Needle":48,"CloakClasp":9,"Cursed Key":17,"MawBank":29,"Question Card":45,"SsserpentHead":10,"OrangePellets":42,"CaptainsWheel":38,"Nunchaku":48,"Molten Egg 2":7,"Necronomicon":25,"Black Star":34,"Toy Ornithopter":27},{"Lee\u0027s Waffle":21,"Lantern":23,"Happy Flower":21,"Gremlin Horn":21,"Vajra":3,"champ:ChampionCrown":0,"downfall:HeartBlessingGreen":18,"Thread and Needle":25,"CloakClasp":4,"Cursed Key":9,"MawBank":15,"Question Card":23,"SsserpentHead":4,"OrangePellets":21,"CaptainsWheel":21,"Nunchaku":25,"Molten Egg 2":2,"Necronomicon":13,"Black Star":18,"Toy Ornithopter":14},{"Lee\u0027s Waffle":81,"Lantern":91,"Happy Flower":81,"Gremlin Horn":81,"Vajra":12,"champ:ChampionCrown":0,"downfall:HeartBlessingGreen":70,"Thread and Needle":99,"CloakClasp":19,"Cursed Key":36,"MawBank":56,"Question Card":91,"SsserpentHead":19,"OrangePellets":81,"CaptainsWheel":81,"Nunchaku":99,"Molten Egg 2":7,"Necronomicon":49,"Black Star":70,"Toy Ornithopter":53}],"Toy Ornithopter":40},"card_choices":[{"not_picked":["champ:GladiatorsShout","champ:Lariat"],"picked":"champ:GutPunch","floor":2},{"not_picked":["champ:FlashCut","champ:GladiatorsShout"],"picked":"champ:FaceSlap","floor":5},{"not_picked":["champ:IgnorePain","champ:DefensiveShout"],"picked":"champ:Control","floor":8},{"not_picked":["champ:ShieldWall","champ:CrookedStrike+1"],"picked":"champ:HoldFirm","floor":11},{"not_picked":["champ:BerserkersShout","champ:GladiatorsShout"],"picked":"champ:FanOfKnives+1","floor":12},{"not_picked":["champ:DefensiveShout","champ:Haymaker+1"],"picked":"champ:IronFortress","floor":14},{"not_picked":["champ:RecklessLeap+1","champ:BerserkersShout","champ:FalseCounter"],"picked":"SKIP","floor":15},{"not_picked":["champ:SteelEdge+1","champ:Devastate+1"],"picked":"champ:StrikeOfGenius","floor":16},{"not_picked":["champ:GladiatorsShout","champ:CrookedStrike+1","champ:FlashCut+1"],"picked":"SKIP","floor":19},{"not_picked":["champ:CrookedStrike+1","champ:FanOfKnives+1","champ:BladeFlurry+1"],"picked":"SKIP","floor":20},{"not_picked":["champ:GutPunch+1","champ:ShieldWall"],"picked":"champ:RageSigil+1","floor":22},{"not_picked":["champ:ViciousMockery+1","champ:FanOfKnives+1"],"picked":"champ:RapidStrikes+1","floor":23},{"not_picked":["champ:DefensiveShout","champ:FaceSlap+1"],"picked":"champ:ShieldSigil+1","floor":27},{"not_picked":["champ:ShieldSlam+1","champ:IronFortress","champ:SkillfulDodge"],"picked":"SKIP","floor":29},{"not_picked":["champ:BladeFlurry+1","champ:GutPunch+1","champ:Balance+1"],"picked":"SKIP","floor":30},{"not_picked":["champ:PerfectedStrike+1","champ:FlashCut+1"],"picked":"champ:BringItOn+1","floor":32},{"not_picked":["champ:EnchantSword","champ:SteelEdge+1"],"picked":"champ:Improvising","floor":33},{"not_picked":["champ:Aggression","champ:EnGarde","champ:PreciseThrust+1"],"picked":"SKIP","floor":36},{"not_picked":["champ:DefensiveShout+1","champ:FlashCut+1","champ:CrookedStrike+1"],"picked":"SKIP","floor":37},{"not_picked":["champ:CrookedStrike+1","champ:GladiatorsShout+1","champ:RageSigil"],"picked":"SKIP","floor":38},{"not_picked":["champ:FlashCut+1","champ:FanOfKnives+1","champ:FaceSlap+1"],"picked":"SKIP","floor":44},{"not_picked":["champ:GutPunch+1","champ:DefensiveStyle+1"],"picked":"champ:EnchantSword","floor":45},{"not_picked":["champ:ShieldSigil","champ:Circumvent","champ:Haymaker+1"],"picked":"champ:HeartStrike+1","floor":47},{"not_picked":["champ:PerfectedStrike+1","champ:DefensiveShout","champ:Encircle+1"],"picked":"champ:AdrenalArmor+1","floor":48},{"not_picked":["champ:Aggression+1","champ:Circumvent+1","champ:DefensiveShout+1"],"picked":"champ:StanceDance+1","floor":49}],"player_experience":1469166,"relics_obtained":[{"floor":7,"key":"Molten Egg 2"},{"floor":8,"key":"Vajra"},{"floor":9,"key":"CloakClasp"},{"floor":25,"key":"Necronomicon"},{"floor":27,"key":"Toy Ornithopter"},{"floor":29,"key":"MawBank"},{"floor":45,"key":"Lantern"},{"floor":45,"key":"Question Card"},{"floor":48,"key":"Nunchaku"},{"floor":48,"key":"Thread and Needle"}],"event_choices":[{"damage_healed":0,"gold_gain":0,"player_choice":"Forge","damage_taken":0,"max_hp_gain":0,"max_hp_loss":0,"event_name":"Accursed Blacksmith","floor":4,"gold_loss":0,"cards_upgraded":["champ:Taunt"]},{"damage_healed":0,"gold_gain":0,"player_choice":"Trade","damage_taken":0,"relics_obtained":["SsserpentHead"],"max_hp_gain":0,"max_hp_loss":0,"event_name":"FaceTrader","floor":10,"gold_loss":0},{"damage_healed":0,"gold_gain":0,"player_choice":"Became a vampire","damage_taken":0,"max_hp_gain":0,"max_hp_loss":6,"event_name":"Vampires","floor":28,"gold_loss":0,"cards_obtained":["Bite"]},{"damage_healed":0,"gold_gain":300,"player_choice":"Gold","damage_taken":0,"max_hp_gain":0,"max_hp_loss":0,"event_name":"Wheel of Change","floor":39,"gold_loss":0}],"is_beta":false,"boss_relics":[{"not_picked":["Coffee Dripper","Pandora\u0027s Box"],"picked":"Cursed Key"},{"not_picked":["Runic Dome","Fusion Hammer"],"picked":"Black Star"}],"items_purged_floors":[11,23,23,38],"is_endless":false,"potions_floor_spawned":[9,14,15,16,19,20,30,32,33,36,44,45,47],"ascension_level":4}}