{"host":"hfxp6ue4pvwo3fit","time":1610331146,"event":{"mods":["AchievementEnabler","BaseMod","Colored Map","Colored Powertips","Highlight Path","Minty Spire (QoL Compilation)","Relic Stats","StSLib","SuperFastMode"],"gold_per_floor":[116,129,129,129,141,141,171,14,14,26,59,59,76,86,86,163,163,176,176,43,43,43,43,43],"floor_reached":23,"playtime":773,"items_purged":["Tactician"],"score":398,"play_id":"c6d49da4-08c5-4a5e-a765-50233763a615","local_time":"20210110201226","is_ascension_mode":true,"campfire_choices":[{"data":"Neutralize","floor":6,"key":"SMITH"},{"floor":12,"key":"REST"},{"data":"Corpse Explosion","floor":15,"key":"SMITH"}],"circlet_count":0,"master_deck":["AscendersBane","Survivor","Neutralize+1","Blur","Infinite Blades","Flying Knee","Finisher","Corpse Explosion+1","Dagger Throw","Dash","Poisoned Stab","Blade Dance","Envenom","Dagger Spray","Bane","Quick Slash","Choke","Unload","Bane","Infinite Blades","Masterful Stab","Cloak And Dagger","Shame"],"relics":["Ring of the Snake","Bag of Marbles","Boot","Peace Pipe","Paper Crane","Pandora\u0027s Box","Bird Faced Urn"],"acts_visited":["Exordium","TheCity"],"potions_floor_usage":[7,7,11,14,16,23,23],"damage_taken":[{"damage":0,"enemies":"2 Louse","floor":1,"turns":5},{"damage":7,"enemies":"Jaw Worm","floor":2,"turns":7},{"damage":4,"enemies":"Small Slimes","floor":5,"turns":4},{"damage":13,"enemies":"3 Sentries","floor":7,"turns":11},{"damage":8,"enemies":"3 Louse","floor":10,"turns":4},{"damage":21,"enemies":"Lagavulin","floor":11,"turns":7},{"damage":0,"enemies":"2 Fungi Beasts","floor":13,"turns":4},{"damage":15,"enemies":"Red Slaver","floor":14,"turns":5},{"damage":4,"enemies":"The Guardian","floor":16,"turns":11},{"damage":8,"enemies":"3 Byrds","floor":18,"turns":3},{"damage":50,"enemies":"Slavers","floor":23,"turns":3}],"seed_played":"7243189986198952174","potions_obtained":[{"floor":0,"key":"DistilledChaos"},{"floor":0,"key":"BlessingOfTheForge"},{"floor":5,"key":"Regen Potion"},{"floor":10,"key":"Regen Potion"},{"floor":13,"key":"SkillPotion"},{"floor":14,"key":"BlessingOfTheForge"},{"floor":16,"key":"SkillPotion"},{"floor":18,"key":"SteroidPotion"}],"is_trial":false,"path_per_floor":["M","M","?","T","M","R","E","$","T","M","E","R","M","M","R","B",null,"M","?","$","?","?","E"],"character_chosen":"THE_SILENT","items_purchased":["Corpse Explosion","Cloak And Dagger"],"campfire_rested":1,"item_purchase_floors":[8,20],"current_hp_per_floor":[59,52,32,32,28,28,30,30,30,22,16,35,35,20,20,16,54,46,46,46,46,46,0,0],"gold":43,"neow_bonus":"THREE_SMALL_POTIONS","is_daily":false,"chose_seed":false,"campfire_upgraded":2,"win_rate":0.0,"timestamp":1610331146,"path_taken":["M","M","?","?","M","R","E","$","T","M","E","R","M","M","R","BOSS","M","?","$","?","?","E"],"items_purchased_type":["Card","Card"],"build_version":"2020-12-22","purchased_purges":1,"victory":false,"max_hp_per_floor":[66,66,66,66,66,66,66,66,66,66,66,66,66,66,66,66,66,66,66,66,66,66,66,66],"relic_stats":{"Peace Pipe":0,"counters":[11,64],"Bird Faced Urn":[2],"Pandora\u0027s Box":["Burst","Tactician","Dagger Spray","Bane","Quick Slash","Choke","Unload","Bane","Infinite Blades","Masterful Stab"],"Boot":[78],"obtain_stats":[{"Peace Pipe":9,"Bird Faced Urn":21,"Pandora\u0027s Box":17,"Bag of Marbles":4,"Paper Crane":11,"Boot":7,"Ring of the Snake":0},{"Peace Pipe":4,"Bird Faced Urn":10,"Pandora\u0027s Box":9,"Bag of Marbles":2,"Paper Crane":6,"Boot":4,"Ring of the Snake":0},{"Peace Pipe":27,"Bird Faced Urn":61,"Pandora\u0027s Box":58,"Bag of Marbles":12,"Paper Crane":38,"Boot":27,"Ring of the Snake":0}],"Ring of the Snake":[22]},"card_choices":[{"not_picked":["Tactician","Acrobatics"],"picked":"Blur","floor":1},{"not_picked":["Calculated Gamble","Bane"],"picked":"Infinite Blades","floor":2},{"not_picked":["Leg Sweep","Quick Slash"],"picked":"Flying Knee","floor":5},{"not_picked":["Prepared","Setup"],"picked":"Finisher","floor":7},{"not_picked":["Deflect","Prepared"],"picked":"Dagger Throw","floor":10},{"not_picked":["Glass Knife","Tactician"],"picked":"Dash","floor":11},{"not_picked":["Acrobatics","Blade Dance"],"picked":"Poisoned Stab","floor":13},{"not_picked":["Quick Slash","Backflip"],"picked":"Blade Dance","floor":14},{"not_picked":["Venomology","Die Die Die"],"picked":"Envenom","floor":16},{"not_picked":["Expertise","Distraction","Deflect"],"picked":"SKIP","floor":18}],"player_experience":496975,"relics_obtained":[{"floor":4,"key":"Bag of Marbles"},{"floor":7,"key":"Boot"},{"floor":9,"key":"Peace Pipe"},{"floor":11,"key":"Paper Crane"}],"event_choices":[{"damage_healed":0,"gold_gain":0,"player_choice":"Entered Light","damage_taken":20,"max_hp_gain":0,"max_hp_loss":0,"event_name":"Shining Light","floor":3,"gold_loss":0,"cards_upgraded":["Defend_G","Defend_G"]},{"cards_removed":["Burst"],"damage_healed":0,"gold_gain":0,"player_choice":"Elegance","damage_taken":0,"max_hp_gain":0,"max_hp_loss":0,"event_name":"Back to Basics","floor":19,"gold_loss":0},{"damage_healed":0,"gold_gain":0,"player_choice":"Stole Relic","damage_taken":0,"relics_obtained":["Bird Faced Urn"],"max_hp_gain":0,"max_hp_loss":0,"event_name":"Addict","floor":21,"gold_loss":0,"cards_obtained":["Shame"]},{"damage_healed":0,"gold_gain":0,"player_choice":"Ignored","damage_taken":0,"max_hp_gain":0,"max_hp_loss":0,"event_name":"The Mausoleum","floor":22,"gold_loss":0}],"is_beta":false,"boss_relics":[{"not_picked":["Coffee Dripper","Snecko Eye"],"picked":"Pandora\u0027s Box"}],"items_purged_floors":[20],"is_endless":false,"potions_floor_spawned":[5,10,13,14,16,18],"killed_by":"Slavers","ascension_level":20}}