{"host":"8lgo2trwv2o0qyml","time":1610399849,"event":{"mods":["BaseMod","Colored Map","Colored Powertips","DeckTracker","Highlight Path","Hubris","Infinite Spire","Minty Spire (QoL Compilation)","Quick Restart","Random Character Button","Relic Sorter","Replay The Spire","StSLib","SuperFastMode","Synergy Search"],"gold_per_floor":[117,127,127,127,153,153,185,213,213,213,213,237,263,28,28,133,133,154,79,4,21,21,21,40,3,3,3,20,20,44,57,57,157,157,175,191,208,232,260,260,285,313,337,337,361,396,422,440,440,456,456],"floor_reached":50,"playtime":2852,"items_purged":["ReplayTheSpireMod:Doomed"],"score":556,"play_id":"b5ba8b5b-305d-46c8-a746-1b471692f4b5","local_time":"20210111161729","daily_mods":["Vintage","Heirloom"],"is_ascension_mode":false,"campfire_choices":[{"data":"Gash","floor":6,"key":"SMITH"},{"data":"Rage","floor":10,"key":"SMITH"},{"data":"Barricade","floor":23,"key":"SMITH"},{"floor":29,"key":"REST"},{"floor":32,"key":"REST"},{"data":"Seek","floor":40,"key":"SMITH"},{"floor":49,"key":"REST"}],"circlet_count":0,"master_deck":["Defend_B","Defend_B","Zap","Dualcast+1","ReplayTheSpireMod:Uncanny Aura+1","Barricade+1","Amnesia","Conserve Battery+1","hubris:DuctTapeCard","Seek+1","CurseOfTheBell"],"relics":["Cracked Core","Replay:Accelerometer","hubris:CuriousFeather","Replay:Antivirus Software","Replay:Bandana","hubris:DisguiseKit","ReplayTheSpireMod:Shallot","Darkstone Periapt","Cables","Symbiotic Virus","Runic Capacitor","Kintsugi","infinitespire:Bottled Soul","hubris:CrystalStatue","Vajra","Mirror","Lantern","Potion Belt","hubris:DuctTape","Calling Bell","Nunchaku","infinitespire:Midas Blood","Pocketwatch","hubris:MysteriousPyramids","Onion Ring","Lizard Tail","Shuriken","Bag of Preparation","Toxic Egg 2","hubris:TenFootPole","infinitespire:Lucky Rock","Blue Doll","Solar Panel","hubris:PeanutButter","Meat on the Bone"],"acts_visited":["Exordium","TheCity","TheBeyond"],"potions_floor_usage":[33,33,33,33,45,47,47,50,50,50],"damage_taken":[{"damage":1,"enemies":"Cultist","floor":1,"turns":3},{"damage":0,"enemies":"2 Louse","floor":2,"turns":1},{"damage":1,"enemies":"Jaw Worm","floor":5,"turns":3},{"damage":29,"enemies":"Lagavulin","floor":7,"turns":8},{"damage":0,"enemies":"Large Slime","floor":8,"turns":6},{"damage":0,"enemies":"Exordium Thugs","floor":12,"turns":4},{"damage":0,"enemies":"Lots of Slimes","floor":13,"turns":3},{"damage":34,"enemies":"The Guardian","floor":16,"turns":9},{"damage":7,"enemies":"Chosen","floor":18,"turns":4},{"damage":23,"enemies":"3 Byrds","floor":21,"turns":4},{"damage":22,"enemies":"Snake Plant","floor":24,"turns":4},{"damage":17,"enemies":"Snecko","floor":28,"turns":4},{"damage":12,"enemies":"Shelled Parasite and Fungi","floor":30,"turns":4},{"damage":11,"enemies":"Sentry and Sphere","floor":31,"turns":8},{"damage":3,"enemies":"Collector","floor":33,"turns":11},{"damage":0,"enemies":"3 Darklings","floor":35,"turns":8},{"damage":0,"enemies":"3 Shapes","floor":36,"turns":5},{"damage":6,"enemies":"Jaw Worm Horde","floor":37,"turns":5},{"damage":7,"enemies":"Transient","floor":38,"turns":5},{"damage":21,"enemies":"4 Shapes","floor":39,"turns":5},{"damage":31,"enemies":"Jaw Worm Horde","floor":41,"turns":4},{"damage":55,"enemies":"Sphere and 2 Shapes","floor":42,"turns":6},{"damage":0,"enemies":"Writhing Mass","floor":45,"turns":4},{"damage":19,"enemies":"3 Darklings","floor":46,"turns":7},{"damage":0,"enemies":"Maw","floor":47,"turns":10},{"damage":0,"enemies":"4 Shapes","floor":48,"turns":6},{"damage":51,"enemies":"Time Eater","floor":50,"turns":11}],"seed_played":"-3095683152909103018","potions_obtained":[{"floor":1,"key":"EssenceOfSteel"},{"floor":7,"key":"PowerPotion"},{"floor":8,"key":"Venom Potion"},{"floor":30,"key":"PotionOfCapacity"},{"floor":33,"key":"Languid Potion"},{"floor":36,"key":"EssenceOfSteel"},{"floor":37,"key":"Energy Potion"},{"floor":38,"key":"Dexterity Potion"},{"floor":46,"key":"Strength Potion"},{"floor":47,"key":"BlessingOfTheForge"},{"floor":48,"key":"Energy Potion"}],"is_trial":true,"path_per_floor":["M","M","$","?","M","R","E","M","T","R","?","M","M","$","R_BF","B",null,"M","$","?","M","?","R","M","$","T","?","M","R","M","M","R","B",null,"M","M","M","M","M","R","M","M","T","?","M","M","M","M","R","B"],"character_chosen":"DEFECT","items_purchased":["Runic Capacitor","ReplayTheSpireMod:Uncanny Aura","Conserve Battery+1"],"campfire_rested":3,"item_purchase_floors":[14,14,25],"current_hp_per_floor":[74,74,74,74,73,73,44,44,44,44,44,44,44,44,66,32,87,80,80,80,57,57,57,35,35,35,35,18,44,32,21,47,44,93,93,93,87,80,59,59,28,26,26,26,26,7,7,15,42,0,0],"gold":456,"neow_bonus":"","is_daily":false,"chose_seed":false,"campfire_upgraded":4,"win_rate":0.0,"timestamp":1610399849,"path_taken":["M","M","?","?","M","R","E","M","T","R","?","?","?","$","R_BF","BOSS","M","$","?","M","?","R","M","$","T","?","?","R","M","M","R","BOSS","M","M","M","M","M","R","M","M","T","?","M","M","M","M","R","BOSS"],"items_purchased_type":["Relic","Card","Card"],"build_version":"2020-12-22","purchased_purges":1,"victory":false,"max_hp_per_floor":[75,75,75,75,75,75,75,75,75,75,75,75,75,75,75,75,87,87,87,87,87,87,87,87,87,87,87,87,87,87,87,87,87,93,93,93,93,93,93,93,93,93,93,93,93,93,93,93,93,93,93],"card_choices":[{"not_picked":["Ball Lightning","Go for the Eyes","Barrage"],"picked":"Rage","floor":7},{"not_picked":["Echo Form","Thunder Strike","Electrodynamics"],"picked":"Barricade","floor":16},{"not_picked":["ReplayTheSpireMod:Fabricate Wheel","hubris:DoWhile","Feed"],"picked":"Seek","floor":33}],"player_experience":66367,"relics_obtained":[{"floor":1,"key":"Replay:Antivirus Software"},{"floor":2,"key":"Replay:Bandana"},{"floor":5,"key":"hubris:DisguiseKit"},{"floor":7,"key":"Replay:Accelerometer"},{"floor":8,"key":"ReplayTheSpireMod:Shallot"},{"floor":9,"key":"Darkstone Periapt"},{"floor":12,"key":"Cables"},{"floor":13,"key":"Symbiotic Virus"},{"floor":18,"key":"infinitespire:Bottled Soul"},{"floor":21,"key":"hubris:CrystalStatue"},{"floor":24,"key":"Vajra"},{"floor":26,"key":"Mirror"},{"floor":28,"key":"Lantern"},{"floor":30,"key":"Potion Belt"},{"floor":31,"key":"hubris:DuctTape"},{"floor":34,"key":"Nunchaku"},{"floor":34,"key":"infinitespire:Midas Blood"},{"floor":34,"key":"Pocketwatch"},{"floor":35,"key":"hubris:MysteriousPyramids"},{"floor":36,"key":"Onion Ring"},{"floor":37,"key":"Lizard Tail"},{"floor":38,"key":"Shuriken"},{"floor":39,"key":"Bag of Preparation"},{"floor":41,"key":"Toxic Egg 2"},{"floor":42,"key":"hubris:TenFootPole"},{"floor":43,"key":"infinitespire:Lucky Rock"},{"floor":45,"key":"Blue Doll"},{"floor":46,"key":"Solar Panel"},{"floor":47,"key":"hubris:PeanutButter"},{"floor":48,"key":"Meat on the Bone"}],"event_choices":[{"cards_removed":["Defend_B"],"damage_healed":0,"gold_gain":0,"player_choice":"Gave Gold","damage_taken":0,"max_hp_gain":0,"max_hp_loss":0,"event_name":"Beggar","floor":20,"gold_loss":75},{"damage_healed":0,"gold_gain":0,"player_choice":"Ignored","damage_taken":0,"max_hp_gain":0,"max_hp_loss":0,"event_name":"NoteForYourself","floor":27,"gold_loss":0}],"is_beta":false,"boss_relics":[{"not_picked":["FrozenCore","Inserter"],"picked":"Kintsugi"},{"not_picked":["Replay:Wanted Poster","Black Star"],"picked":"Calling Bell"}],"items_purged_floors":[19],"is_endless":false,"potions_floor_spawned":[1,7,8,13,30,33,36,37,38,46,47,48],"killed_by":"Time Eater","ascension_level":0}}