{"host":"2sr8q4b3ioepghas","time":1610335592,"event":{"mods":["BaseMod","Bestiary","Colored Map","Curses Come First","FTL Soundtrack","Minty Spire (QoL Compilation)","Permanent Neow","Quick Restart","Rare Cards Sparkle","StSLib","UnlockEverythingMod"],"gold_per_floor":[117,132,151,171,171,171,188,188,188,188,188,204,45,75,75,151,151,168,180,215,215,215],"floor_reached":21,"playtime":638,"items_purged":["Strike_B"],"score":362,"play_id":"24f92547-8b64-4460-b3b7-9af1add83186","local_time":"20210111132632","is_ascension_mode":true,"campfire_choices":[{"data":"Static Discharge","floor":6.0,"key":"SMITH"},{"data":"Sweeping Beam","floor":8.0,"key":"SMITH"},{"floor":15.0,"key":"REST"}],"circlet_count":0,"master_deck":["AscendersBane","Strike_B","Strike_B","Defend_B","Defend_B","Defend_B","Defend_B","Zap","Dualcast","Sweeping Beam+1","Static Discharge+1","Genetic Algorithm+1","Ball Lightning+1","Coolheaded","Skim","Rip and Tear","Glacier","Biased Cognition","Coolheaded","Coolheaded"],"relics":["Velvet Choker","Mummified Hand","Dream Catcher","Philosopher\u0027s Stone","Red Mask"],"acts_visited":["Exordium","TheCity"],"potions_floor_usage":[],"damage_taken":[{"damage":2.0,"enemies":"Cultist","floor":1.0,"turns":4.0},{"damage":10.0,"enemies":"2 Louse","floor":2.0,"turns":3.0},{"damage":4.0,"enemies":"Small Slimes","floor":3.0,"turns":3.0},{"damage":0.0,"enemies":"3 Louse","floor":4.0,"turns":3.0},{"damage":11.0,"enemies":"Exordium Thugs","floor":7.0,"turns":5.0},{"damage":0.0,"enemies":"Looter","floor":12.0,"turns":3.0},{"damage":8.0,"enemies":"Gremlin Nob","floor":14.0,"turns":3.0},{"damage":16.0,"enemies":"The Guardian","floor":16.0,"turns":15.0},{"damage":17,"enemies":"Shell Parasite","floor":18,"turns":4},{"damage":13,"enemies":"Chosen","floor":19,"turns":5},{"damage":15,"enemies":"Masked Bandits","floor":20,"turns":4}],"seed_played":"4238133610039538788","potions_obtained":[{"floor":1.0,"key":"SneckoOil"},{"floor":3.0,"key":"BlessingOfTheForge"},{"floor":4.0,"key":"Block Potion"},{"floor":5.0,"key":"ColorlessPotion"},{"floor":5.0,"key":"PowerPotion"},{"floor":12.0,"key":"FocusPotion"},{"floor":18,"key":"SkillPotion"}],"is_trial":false,"path_per_floor":["M","M","M","M","?","R","M","R","T","?","?","M","$","E","R","B",null,"M","M","?","$"],"character_chosen":"DEFECT","items_purchased":["Skim"],"campfire_rested":1,"item_purchase_floors":[13],"current_hp_per_floor":[62,52,48,48,48,48,37,37,37,30,9,9,9,1,22,6,55,38,25,10,10,10],"gold":215,"neow_bonus":"BOSS_RELIC","is_daily":false,"chose_seed":false,"campfire_upgraded":2,"win_rate":0.0,"timestamp":1610335592,"path_taken":["M","?","M","?","?","R","?","R","T","?","?","M","$","E","R","BOSS","M","M","?","$"],"items_purchased_type":["Card"],"build_version":"2020-12-22","purchased_purges":1,"victory":false,"max_hp_per_floor":[71,71,71,71,71,71,71,71,71,71,71,71,71,71,71,71,71,71,71,71,71,71],"card_choices":[{"not_picked":["Stack","Turbo"],"picked":"Sweeping Beam","floor":1.0},{"not_picked":["Redo","Darkness"],"picked":"Static Discharge","floor":2.0},{"not_picked":["White Noise","Hologram","Darkness"],"picked":"SKIP","floor":3.0},{"not_picked":["Leap","FTL"],"picked":"Genetic Algorithm","floor":4.0},{"not_picked":["Storm","Streamline"],"picked":"Ball Lightning","floor":7.0},{"not_picked":["Storm","Hologram"],"picked":"Coolheaded","floor":12.0},{"not_picked":["Hyperbeam","Recycle"],"picked":"Rip and Tear","floor":14.0},{"not_picked":["Defragment","Conserve Battery"],"picked":"Glacier","floor":15.0},{"not_picked":["Rainbow","Amplify"],"picked":"Biased Cognition","floor":16.0},{"not_picked":["Leap","Stack","Beam Cell"],"picked":"SKIP","floor":18},{"not_picked":["FTL","Hologram+1"],"picked":"Coolheaded","floor":19},{"not_picked":["Beam Cell+1","Sweeping Beam"],"picked":"Coolheaded","floor":20}],"player_experience":43070,"relics_obtained":[{"floor":9.0,"key":"Mummified Hand"},{"floor":14.0,"key":"Dream Catcher"},{"floor":20,"key":"Red Mask"}],"event_choices":[{"damage_healed":0.0,"max_hp_gain":0.0,"max_hp_loss":0.0,"gold_gain":0.0,"event_name":"Lab","player_choice":"Got Potions","floor":5.0,"gold_loss":0.0,"damage_taken":0.0},{"cards_removed":["Strike_B"],"damage_healed":0.0,"max_hp_gain":0.0,"max_hp_loss":0.0,"gold_gain":0.0,"event_name":"Golden Wing","player_choice":"Card Removal","floor":10.0,"gold_loss":0.0,"damage_taken":7.0},{"damage_healed":0.0,"max_hp_gain":0.0,"max_hp_loss":0.0,"gold_gain":0.0,"event_name":"Shining Light","player_choice":"Entered Light","floor":11.0,"gold_loss":0.0,"damage_taken":21.0,"cards_upgraded":["Genetic Algorithm","Ball Lightning"]},{"damage_healed":0,"gold_gain":0,"player_choice":"Fought Bandits","damage_taken":0,"max_hp_gain":0,"max_hp_loss":0,"event_name":"Masked Bandits","floor":20,"gold_loss":0}],"is_beta":false,"boss_relics":[{"not_picked":["Sozu","SlaversCollar"],"picked":"Philosopher\u0027s Stone"}],"items_purged_floors":[13],"is_endless":false,"potions_floor_spawned":[1,3,4,12,18],"ascension_level":20}}