{"host":"p9t7qd83igtcp2bh","time":1610403264,"event":{"mods":["2.2 Compatiblity","AchievementEnabler","BaseMod","Colored Map","Colored Powertips","Custom Start","DeckTracker","Keyboard Shortcuts","Minty Spire (QoL Compilation)","Permanent Neow","StSLib","SuperFastMode","everything is the same but u backflip on backflip"],"gold_per_floor":[117,117,132,132,144,176,176,188,237,237,237],"floor_reached":10,"playtime":372,"items_purged":[],"score":126,"play_id":"62880913-9172-4d12-88fd-21f90d125565","local_time":"20210112071424","is_ascension_mode":true,"campfire_choices":[],"circlet_count":0,"master_deck":["AscendersBane","Strike_B","Strike_B","Strike_B","Strike_B","Defend_B","Defend_B","Defend_B","Defend_B","Zap","Dualcast","Compile Driver","FTL","Chill","Chaos"],"relics":["Black Star","TungstenRod","Singing Bowl","Peace Pipe"],"acts_visited":["Exordium"],"potions_floor_usage":[10,10,10,10],"damage_taken":[{"damage":9.0,"enemies":"Jaw Worm","floor":1.0,"turns":4.0},{"damage":7.0,"enemies":"2 Louse","floor":3.0,"turns":4.0},{"damage":7.0,"enemies":"Cultist","floor":5.0,"turns":4.0},{"damage":8.0,"enemies":"3 Sentries","floor":6.0,"turns":10.0},{"damage":13.0,"enemies":"Large Slime","floor":8.0,"turns":6.0},{"damage":22,"enemies":"Gremlin Nob","floor":10,"turns":3}],"seed_played":"-449271891583201379","potions_obtained":[{"floor":1.0,"key":"DuplicationPotion"},{"floor":5.0,"key":"AttackPotion"},{"floor":8.0,"key":"EntropicBrew"}],"is_trial":false,"path_per_floor":["M","?","M","?","M","E","T","M","T","E"],"character_chosen":"DEFECT","items_purchased":[],"campfire_rested":0,"item_purchase_floors":[],"current_hp_per_floor":[55,55,48,48,41,33,33,22,22,0,0],"gold":237,"neow_bonus":"BOSS_RELIC","is_daily":false,"chose_seed":false,"campfire_upgraded":0,"win_rate":0.0,"timestamp":1610403264,"path_taken":["M","?","M","?","M","E","?","?","T","E"],"items_purchased_type":[],"build_version":"2020-12-22","purchased_purges":0,"victory":false,"max_hp_per_floor":[71,71,71,71,71,71,71,73,73,73,73],"card_choices":[{"not_picked":["Heatsinks","Stack"],"picked":"Compile Driver","floor":1.0},{"not_picked":["Conserve Battery","Compile Driver"],"picked":"FTL","floor":3.0},{"not_picked":["Conserve Battery","Aggregate"],"picked":"Chill","floor":5.0},{"not_picked":["Gash","Conserve Battery"],"picked":"Chaos","floor":6.0},{"not_picked":["Hologram","Scrape","Undo"],"picked":"Singing Bowl","floor":8.0}],"player_experience":616433,"relics_obtained":[{"floor":6.0,"key":"TungstenRod"},{"floor":6.0,"key":"Singing Bowl"},{"floor":7.0,"key":"Peace Pipe"}],"event_choices":[{"damage_healed":0.0,"max_hp_gain":0.0,"max_hp_loss":0.0,"gold_gain":0.0,"event_name":"The Cleric","player_choice":"Leave","floor":2.0,"gold_loss":0.0,"damage_taken":0.0},{"damage_healed":0.0,"max_hp_gain":0.0,"max_hp_loss":0.0,"gold_gain":0.0,"event_name":"Liars Game","player_choice":"Ignored","floor":4.0,"gold_loss":0.0,"damage_taken":0.0}],"is_beta":false,"boss_relics":[],"items_purged_floors":[],"is_endless":false,"potions_floor_spawned":[1,5,8],"killed_by":"Gremlin Nob","ascension_level":17}}