{"host":"359hz4210ybch7ku","time":1610326172,"event":{"mods":["BaseMod","Block Reminder","Colored Map","Colored Powertips","Highlight Path","Minty Spire (QoL Compilation)","Slay the Relics Exporter","StSLib"],"gold_per_floor":[212,231,51,65,85,127,127,146,199,218,218,242,242,242,242,356,356,380,14,23,43,17,17,53,53,108,108,152,152,27,56,56,152,161,173,105,131,149,173,209,209,209,209],"floor_reached":42,"playtime":3379,"items_purged":["Strike_P","Protect","ReachHeaven+1"],"score":614,"play_id":"94638649-fcaf-44a7-9381-447f272788be","local_time":"20210110164932","is_ascension_mode":true,"campfire_choices":[{"data":"TalkToTheHand","floor":7,"key":"SMITH"},{"data":"DeceiveReality","floor":11,"key":"SMITH"},{"data":"WaveOfTheHand","floor":13,"key":"SMITH"},{"data":"Prostrate","floor":15,"key":"SMITH"},{"data":"BattleHymn","floor":23,"key":"SMITH"},{"data":"Ragnarok","floor":25,"key":"SMITH"},{"data":"ReachHeaven","floor":27,"key":"SMITH"},{"data":"Consecrate","floor":29,"key":"SMITH"},{"floor":32,"key":"REST"},{"floor":41,"key":"REST"}],"circlet_count":0,"master_deck":["Strike_P+1","Strike_P","Defend_P","Defend_P","Defend_P","Defend_P","Eruption","Vigilance","DeceiveReality+1","Prostrate+1","WaveOfTheHand+1","TalkToTheHand+1","FollowUp","Consecrate+1","Crescendo","Ragnarok+1","BattleHymn+1","Vengeance","Consecrate+1","FearNoEvil","EmptyFist+1","Study+1","ClearTheMind","CurseOfTheBell","MentalFortress+1","Sanctity+1","Madness","Madness","FollowUp+1","Devotion+1"],"relics":["PureWater","CeramicFish","Whetstone","Black Star","Oddly Smooth Stone","InkBottle","Happy Flower","Strawberry","Letter Opener","HornCleat","Calling Bell","Akabeko","Frozen Egg 2","WingedGreaves","TeardropLocket","Bag of Preparation"],"acts_visited":["Exordium","TheCity","TheBeyond"],"potions_floor_usage":[6,10,18,24,28,40,42],"damage_taken":[{"damage":0,"enemies":"Jaw Worm","floor":1,"turns":3},{"damage":3,"enemies":"Small Slimes","floor":2,"turns":6},{"damage":0,"enemies":"Cultist","floor":4,"turns":4},{"damage":0,"enemies":"2 Fungi Beasts","floor":5,"turns":7},{"damage":21,"enemies":"Lagavulin","floor":6,"turns":14},{"damage":3,"enemies":"Looter","floor":8,"turns":4},{"damage":0,"enemies":"Lots of Slimes","floor":10,"turns":3},{"damage":1,"enemies":"Large Slime","floor":12,"turns":4},{"damage":8,"enemies":"The Guardian","floor":16,"turns":17},{"damage":8,"enemies":"2 Thieves","floor":18,"turns":4},{"damage":0,"enemies":"Chosen","floor":21,"turns":3},{"damage":0,"enemies":"Gremlin Leader","floor":24,"turns":4},{"damage":27,"enemies":"Slavers","floor":28,"turns":4},{"damage":24,"enemies":"Snake Plant","floor":31,"turns":3},{"damage":5,"enemies":"Collector","floor":33,"turns":8},{"damage":5,"enemies":"3 Darklings","floor":35,"turns":3},{"damage":8,"enemies":"3 Shapes","floor":37,"turns":3},{"damage":23,"enemies":"Sphere and 2 Shapes","floor":39,"turns":5},{"damage":13,"enemies":"Nemesis","floor":40,"turns":5},{"damage":45,"enemies":"Giant Head","floor":42,"turns":7}],"seed_played":"-1060845586925022957","potions_obtained":[{"floor":4,"key":"BlessingOfTheForge"},{"floor":5,"key":"BlessingOfTheForge"},{"floor":6,"key":"AttackPotion"},{"floor":8,"key":"EssenceOfSteel"},{"floor":21,"key":"Swift Potion"},{"floor":31,"key":"Ancient Potion"},{"floor":33,"key":"BottledMiracle"},{"floor":37,"key":"AttackPotion"}],"is_trial":false,"path_per_floor":["M","M","$","M","M","E","R","M","T","M","R","M","R","?","R","B",null,"M","$","?","M","$","R","E","R","T","R","E","R","$","M","R","B",null,"M","$","M","?","M","E","R","E"],"character_chosen":"WATCHER","items_purchased":["WaveOfTheHand","TalkToTheHand","Oddly Smooth Stone","BattleHymn","Explosive Potion","FearNoEvil","MentalFortress+1"],"campfire_rested":2,"item_purchase_floors":[3,3,19,19,19,22,36],"current_hp_per_floor":[72,69,69,69,69,48,48,45,45,45,45,44,44,37,37,29,72,64,64,64,64,64,64,64,64,71,71,44,44,44,20,43,38,79,74,74,66,56,33,20,43,0,0],"gold":209,"neow_bonus":"HUNDRED_GOLD","is_daily":false,"chose_seed":false,"campfire_upgraded":8,"win_rate":0.0,"timestamp":1610326172,"path_taken":["M","M","$","M","M","E","R","M","T","M","R","M","R","?","R","BOSS","M","$","?","?","$","R","E","R","T","R","E","R","$","M","R","BOSS","M","$","M","?","M","E","R","E"],"items_purchased_type":["Card","Card","Relic","Card","Potion","Card","Card"],"build_version":"2020-12-22","purchased_purges":3,"victory":false,"max_hp_per_floor":[72,72,72,72,72,72,72,72,72,72,72,72,72,72,72,72,72,72,72,72,72,72,72,72,72,79,79,79,79,79,79,79,79,79,79,79,79,79,79,79,79,79,79],"card_choices":[{"not_picked":["BowlingBash","PathToVictory"],"picked":"DeceiveReality","floor":1},{"not_picked":["Indignation","EmptyMind"],"picked":"Prostrate","floor":2},{"not_picked":["CrushJoints","JustLucky","Halt"],"picked":"SKIP","floor":4},{"not_picked":["FlyingSleeves","Evaluate"],"picked":"FollowUp","floor":5},{"not_picked":["Perseverance","Evaluate"],"picked":"Consecrate","floor":6},{"not_picked":["ThirdEye","Vengeance"],"picked":"Protect","floor":8},{"not_picked":["JustLucky","Fasting2","WaveOfTheHand"],"picked":"SKIP","floor":10},{"not_picked":["PathToVictory","JustLucky"],"picked":"Crescendo","floor":12},{"not_picked":["Omniscience","Blasphemy"],"picked":"Ragnarok","floor":16},{"not_picked":["EmptyMind","Protect"],"picked":"ReachHeaven","floor":18},{"not_picked":["Evaluate","Protect"],"picked":"Consecrate","floor":21},{"not_picked":["FlyingSleeves","BowlingBash"],"picked":"EmptyFist+1","floor":24},{"not_picked":["CutThroughFate","JustLucky"],"picked":"Study+1","floor":28},{"not_picked":["CrushJoints","ConjureBlade"],"picked":"ClearTheMind","floor":31},{"not_picked":["CrushJoints","EmptyFist","WreathOfFlame"],"picked":"SKIP","floor":35},{"not_picked":["Fasting2+1","FlyingSleeves"],"picked":"Sanctity+1","floor":37},{"not_picked":["SashWhip+1","JustLucky"],"picked":"FollowUp+1","floor":39},{"not_picked":["Protect+1","Fasting2+1"],"picked":"Devotion+1","floor":40}],"player_experience":184197,"relics_obtained":[{"floor":6,"key":"CeramicFish"},{"floor":9,"key":"Whetstone"},{"floor":24,"key":"InkBottle"},{"floor":24,"key":"Happy Flower"},{"floor":26,"key":"Strawberry"},{"floor":28,"key":"Letter Opener"},{"floor":28,"key":"HornCleat"},{"floor":34,"key":"Akabeko"},{"floor":34,"key":"Frozen Egg 2"},{"floor":34,"key":"WingedGreaves"},{"floor":40,"key":"TeardropLocket"},{"floor":40,"key":"Bag of Preparation"}],"event_choices":[{"cards_removed":["Strike_P"],"damage_healed":0,"gold_gain":0,"player_choice":"Card Removal","damage_taken":7,"max_hp_gain":0,"max_hp_loss":0,"event_name":"Golden Wing","floor":14,"gold_loss":0},{"damage_healed":0,"gold_gain":0,"player_choice":"1 cards matched","damage_taken":0,"max_hp_gain":0,"max_hp_loss":0,"event_name":"Match and Keep!","floor":20,"gold_loss":0,"cards_obtained":["Vengeance"]},{"damage_healed":0,"gold_gain":0,"player_choice":"Embrace Madness","damage_taken":10,"max_hp_gain":0,"max_hp_loss":0,"event_name":"Winding Halls","floor":38,"gold_loss":0,"cards_obtained":["Madness","Madness"]}],"is_beta":false,"boss_relics":[{"not_picked":["Philosopher\u0027s Stone","SlaversCollar"],"picked":"Black Star"},{"not_picked":["Fusion Hammer","Astrolabe"],"picked":"Calling Bell"}],"items_purged_floors":[3,19,30],"is_endless":false,"potions_floor_spawned":[4,5,6,8,21,31,33,37],"killed_by":"Giant Head","ascension_level":4}}