{"host":"2m78pqva0leqn903","time":1610374538,"event":{"mods":["BaseMod","Minty Spire (QoL Compilation)","StSLib","TestMod"],"gold_per_floor":[118,518,528,478,478,512,512,529,529,202,202,214,79,104,104],"floor_reached":14,"playtime":506,"items_purged":["Strike_P","Strike_P"],"score":129,"play_id":"6c97fb91-8476-4ff2-a067-2d110f2df769","local_time":"20210111221538","is_ascension_mode":true,"campfire_choices":[{"data":"Eruption","floor":7,"key":"SMITH"}],"circlet_count":0,"master_deck":["Defend_P","Defend_P","Defend_P","Defend_P","Eruption+1","Vigilance","Prostrate","FlurryOfBlows","InnerPeace","WindmillStrike","Judgement","FlurryOfBlows","Adaptation"],"relics":["PureWater","testmod-Fanaticism","NeowsBlessing","Kunai","Oddly Smooth Stone","Pantograph","Meat on the Bone","Omamori"],"acts_visited":["Exordium"],"potions_floor_usage":[],"damage_taken":[{"damage":0,"enemies":"Small Slimes","floor":1,"turns":1},{"damage":0,"enemies":"2 Louse","floor":3,"turns":2},{"damage":0,"enemies":"Gremlin Nob","floor":6,"turns":1},{"damage":0,"enemies":"Cultist","floor":8,"turns":2},{"damage":0,"enemies":"Exordium Thugs","floor":12,"turns":3},{"damage":8,"enemies":"3 Sentries","floor":14,"turns":5}],"seed_played":"9148752873784222079","potions_obtained":[{"floor":1,"key":"AttackPotion"},{"floor":8,"key":"Weak Potion"},{"floor":12,"key":"Energy Potion"}],"is_trial":false,"path_per_floor":["M","?","M","?","?","E","R","M","T","$","?","M","$","E"],"character_chosen":"WATCHER","items_purchased":["Meat on the Bone","Adaptation"],"campfire_rested":0,"item_purchase_floors":[10,13],"current_hp_per_floor":[72,72,72,72,69,69,69,69,69,69,69,69,69,66,66],"gold":104,"neow_bonus":"THREE_ENEMY_KILL","is_daily":false,"chose_seed":false,"campfire_upgraded":1,"win_rate":0.0,"timestamp":1610374538,"path_taken":["M","?","M","?","?","E","R","M","T","$","?","?","?","E"],"items_purchased_type":["Relic","Card"],"build_version":"2020-12-22","purchased_purges":2,"victory":false,"max_hp_per_floor":[72,72,72,72,72,72,72,72,72,72,72,72,72,72,72],"card_choices":[{"not_picked":["EmptyFist","Halt"],"picked":"Prostrate","floor":1},{"not_picked":["FlyingSleeves","JustLucky"],"picked":"FlurryOfBlows","floor":3},{"not_picked":["Consecrate","FlurryOfBlows"],"picked":"InnerPeace","floor":6},{"not_picked":["SashWhip","Evaluate"],"picked":"WindmillStrike","floor":8},{"not_picked":["FlyingSleeves","EmptyBody"],"picked":"FlurryOfBlows","floor":12}],"player_experience":905717,"relics_obtained":[{"floor":6,"key":"Oddly Smooth Stone"},{"floor":9,"key":"Pantograph"},{"floor":14,"key":"Omamori"}],"event_choices":[{"damage_healed":0,"gold_gain":400,"player_choice":"Sell","damage_taken":0,"max_hp_gain":0,"max_hp_loss":0,"event_name":"¶÷ÂåË¹µÄÅÌ×Ó","floor":2,"relics_lost":["testmod-TestBox"],"gold_loss":0},{"cards_removed":["Strike_P"],"damage_healed":0,"gold_gain":0,"player_choice":"Card Removal","damage_taken":0,"max_hp_gain":0,"max_hp_loss":0,"event_name":"The Cleric","floor":4,"gold_loss":50},{"damage_healed":0,"gold_gain":0,"player_choice":"Success","damage_taken":3,"relics_obtained":["Kunai"],"max_hp_gain":0,"max_hp_loss":0,"event_name":"Scrap Ooze","floor":5,"gold_loss":0},{"damage_healed":0,"gold_gain":0,"cards_transformed":["Strike_P"],"player_choice":"Transformed","damage_taken":0,"max_hp_gain":0,"max_hp_loss":0,"event_name":"Transmorgrifier","floor":11,"gold_loss":0,"cards_obtained":["Judgement"]}],"is_beta":false,"boss_relics":[],"items_purged_floors":[10,13],"is_endless":false,"potions_floor_spawned":[1,8,12,14],"killed_by":"3 Sentries","ascension_level":1}}