{"host":"wshh0nphwn6jv7vj","time":1610392491,"event":{"mods":["BaseMod","Bestiary","Minty Spire (QoL Compilation)","Relic Stats"],"gold_per_floor":[366,379,379,379,66,66,91,91,91,102,134,148,22,34,34,108,108,127,127,144,144,194,194,214,214,214],"floor_reached":25,"playtime":1115,"items_purged":["Strike_B","Strike_B"],"score":390,"play_id":"9a6c2dca-f547-4163-9efd-f3fa135b4766","local_time":"20210111141451","is_ascension_mode":true,"campfire_choices":[{"data":"Sweeping Beam","floor":6,"key":"SMITH"},{"data":"Rainbow","floor":8,"key":"SMITH"},{"floor":15,"key":"REST"},{"floor":23,"key":"REST"}],"circlet_count":0,"master_deck":["AscendersBane","Strike_B","Defend_B","Defend_B","Defend_B","Defend_B","Zap","Dualcast","Sweeping Beam","Gash","Streamline","Sweeping Beam+1","Rainbow+1","Streamline+1","Go for the Eyes+1","BootSequence","Go for the Eyes+1","Skim","Fission","Consume","Turbo+1","Decay","Chill"],"relics":["Medical Kit","Molten Egg 2","Gremlin Horn","Vajra","Inserter","Nloth\u0027s Gift"],"acts_visited":["Exordium","TheCity"],"potions_floor_usage":[12,16,16,20,25],"damage_taken":[{"damage":2,"enemies":"Jaw Worm","floor":1,"turns":3},{"damage":5,"enemies":"2 Louse","floor":2,"turns":3},{"damage":20,"enemies":"Lagavulin","floor":7,"turns":5},{"damage":0,"enemies":"Small Slimes","floor":10,"turns":2},{"damage":37,"enemies":"Gremlin Nob","floor":11,"turns":4},{"damage":6,"enemies":"Red Slaver","floor":12,"turns":3},{"damage":2,"enemies":"2 Fungi Beasts","floor":14,"turns":3},{"damage":14,"enemies":"Hexaghost","floor":16,"turns":7},{"damage":0,"enemies":"3 Byrds","floor":18,"turns":5},{"damage":34,"enemies":"Chosen","floor":20,"turns":6},{"damage":40,"enemies":"3 Cultists","floor":24,"turns":5},{"damage":6,"enemies":"Centurion and Healer","floor":25,"turns":2}],"seed_played":"3524444768140996828","potions_obtained":[{"floor":1,"key":"FocusPotion"},{"floor":7,"key":"FairyPotion"},{"floor":11,"key":"FearPotion"},{"floor":12,"key":"ColorlessPotion"},{"floor":16,"key":"DistilledChaos"},{"floor":18,"key":"CultistPotion"},{"floor":24,"key":"BlessingOfTheForge"}],"is_trial":false,"path_per_floor":["M","M","?","?","$","R","E","R","T","M","E","M","$","M","R","B",null,"M","?","M","?","?","R","M","M"],"character_chosen":"DEFECT","items_purchased":["Medical Kit","Streamline","Sweeping Beam","Go for the Eyes+1"],"campfire_rested":2,"item_purchase_floors":[5,5,5,13],"current_hp_per_floor":[62,57,50,55,55,55,35,35,35,35,20,14,14,12,32,18,56,56,56,22,22,22,42,2,0,0],"gold":214,"neow_bonus":"TWO_FIFTY_GOLD","is_daily":false,"chose_seed":false,"campfire_upgraded":2,"win_rate":0.0,"timestamp":1610392491,"path_taken":["M","M","?","?","$","R","E","R","T","M","E","M","$","M","R","BOSS","M","?","?","?","?","R","M","M"],"items_purchased_type":["Relic","Card","Card","Card"],"build_version":"2020-12-22","purchased_purges":2,"victory":false,"max_hp_per_floor":[64,64,64,69,69,69,69,69,69,69,69,69,69,69,69,69,69,69,69,69,69,69,69,69,69,69],"relic_stats":{"Inserter":[9],"Gremlin Horn":[5,5],"counters":[12,48],"Nloth\u0027s Gift":0,"Medical Kit":[4],"obtain_stats":[{"Inserter":17,"Gremlin Horn":9,"Vajra":11,"Molten Egg 2":7,"Nloth\u0027s Gift":19,"Cracked Core":0,"Medical Kit":5},{"Inserter":8,"Gremlin Horn":3,"Vajra":5,"Molten Egg 2":3,"Nloth\u0027s Gift":9,"Cracked Core":0,"Medical Kit":2},{"Inserter":30,"Gremlin Horn":11,"Vajra":17,"Molten Egg 2":11,"Nloth\u0027s Gift":35,"Cracked Core":0,"Medical Kit":6}]},"card_choices":[{"not_picked":["Steam Power","Cold Snap"],"picked":"Sweeping Beam","floor":1},{"not_picked":["Beam Cell","Self Repair"],"picked":"Gash","floor":2},{"not_picked":["Hologram","Double Energy"],"picked":"Rainbow","floor":7},{"not_picked":["Force Field","Leap"],"picked":"Streamline+1","floor":10},{"not_picked":["Loop","Scrape+1"],"picked":"Go for the Eyes+1","floor":11},{"not_picked":["Beam Cell+1","Barrage+1"],"picked":"BootSequence","floor":12},{"not_picked":["Streamline+1","Redo"],"picked":"Skim","floor":14},{"not_picked":["Hyperbeam+1","Biased Cognition"],"picked":"Fission","floor":16},{"not_picked":["Loop","FTL+1"],"picked":"Consume","floor":18},{"not_picked":["Gash+1","Rebound+1"],"picked":"Turbo+1","floor":20},{"not_picked":["BootSequence","Genetic Algorithm"],"picked":"Chill","floor":24}],"player_experience":1565771,"relics_obtained":[{"floor":7,"key":"Molten Egg 2"},{"floor":9,"key":"Gremlin Horn"},{"floor":11,"key":"Vajra"}],"event_choices":[{"cards_removed":["Strike_B"],"damage_healed":0,"gold_gain":0,"player_choice":"Card Removal","damage_taken":7,"max_hp_gain":0,"max_hp_loss":0,"event_name":"Golden Wing","floor":3,"gold_loss":0},{"damage_healed":0,"gold_gain":0,"player_choice":"Donut","damage_taken":0,"max_hp_gain":5,"max_hp_loss":0,"event_name":"Big Fish","floor":4,"gold_loss":0},{"damage_healed":0,"gold_gain":0,"player_choice":"Traded Relic","damage_taken":0,"relics_obtained":["Nloth\u0027s Gift"],"max_hp_gain":0,"max_hp_loss":0,"event_name":"N\u0027loth","floor":19,"relics_lost":["Cracked Core"],"gold_loss":0},{"damage_healed":0,"gold_gain":0,"player_choice":"Smashed Altar","damage_taken":0,"max_hp_gain":0,"max_hp_loss":0,"event_name":"Forgotten Altar","floor":21,"gold_loss":0,"cards_obtained":["Decay"]},{"damage_healed":0,"gold_gain":50,"player_choice":"Pray","damage_taken":0,"max_hp_gain":0,"max_hp_loss":0,"event_name":"Golden Shrine","floor":22,"gold_loss":0}],"is_beta":false,"boss_relics":[{"not_picked":["Pandora\u0027s Box","Cursed Key"],"picked":"Inserter"}],"items_purged_floors":[5,13],"is_endless":false,"potions_floor_spawned":[1,7,11,12,16,18,24],"killed_by":"Centurion and Healer","ascension_level":17}}