{"host":"gf95gjygaqy6b70i","time":1610380724,"event":{"mods":["BaseMod","Colored Map","Colored Powertips","Minty Spire (QoL Compilation)"],"gold_per_floor":[114,130,144,144,161,193,210,210,210,230,241,241,241,256,256,360,360,370,370,390,22,222,222,253,272,272,300,300,318,318,337,337,434,434,447,463,463,477,577,577,577,19,46,64,64,99,99,21,21,21,21,21,21,49,49,49],"floor_reached":55,"playtime":2541,"items_purged":[],"score":741,"play_id":"8608af9a-cbfc-4d1b-a78c-323429486267","local_time":"20210111165844","is_ascension_mode":false,"campfire_choices":[{"floor":8.0,"key":"REST"},{"floor":12.0,"key":"REST"},{"floor":15.0,"key":"REST"},{"floor":23.0,"key":"RECALL"},{"floor":28.0,"key":"REST"},{"data":"Barricade","floor":30.0,"key":"SMITH"},{"floor":32.0,"key":"REST"},{"floor":40.0,"key":"REST"},{"data":"Pommel Strike","floor":41.0,"key":"SMITH"},{"data":"Fire Breathing","floor":49.0,"key":"SMITH"},{"data":"Shrug It Off","floor":52,"key":"SMITH"}],"circlet_count":0,"master_deck":["Strike_R","Strike_R","Strike_R","Strike_R","Defend_R","Defend_R","Defend_R","Bash","Evolve","Anger","Shrug It Off","Shrug It Off+1","Pommel Strike","Inflame","Wild Strike","Cleave","Fire Breathing+1","Power Through","Barricade+1","Headbutt","Shockwave","Intimidate","Power Through+1","Fire Breathing","Burning Pact","Sword Boomerang+1","Pommel Strike+1","Double Tap","Clothesline+1","Iron Wave+1","Cleave","Shrug It Off","Rampage","Flex","Inflame"],"relics":["Burning Blood","Boot","Omamori","Mummified Hand","Busted Crown","MutagenicStrength","Lizard Tail","Question Card","WingedGreaves","Mark of Pain","Bird Faced Urn","Red Skull","Blood Vial","Juzu Bracelet","Oddly Smooth Stone"],"acts_visited":["Exordium","TheCity","TheBeyond","TheEnding"],"potions_floor_usage":[50,55],"damage_taken":[{"damage":11.0,"enemies":"2 Louse","floor":1.0,"turns":4.0},{"damage":6.0,"enemies":"Jaw Worm","floor":2.0,"turns":3.0},{"damage":6.0,"enemies":"Cultist","floor":3.0,"turns":4.0},{"damage":1.0,"enemies":"2 Fungi Beasts","floor":5.0,"turns":3.0},{"damage":40.0,"enemies":"Lagavulin","floor":6.0,"turns":7.0},{"damage":14.0,"enemies":"3 Louse","floor":7.0,"turns":4.0},{"damage":16.0,"enemies":"Gremlin Gang","floor":10.0,"turns":4.0},{"damage":11.0,"enemies":"Exordium Wildlife","floor":11.0,"turns":3.0},{"damage":3.0,"enemies":"3 Louse","floor":14.0,"turns":3.0},{"damage":27.0,"enemies":"The Guardian","floor":16.0,"turns":8.0},{"damage":22.0,"enemies":"2 Thieves","floor":18.0,"turns":4.0},{"damage":4.0,"enemies":"3 Byrds","floor":20.0,"turns":3.0},{"damage":22.0,"enemies":"Book of Stabbing","floor":24.0,"turns":6.0},{"damage":2.0,"enemies":"Snake Plant","floor":25.0,"turns":5.0},{"damage":20.0,"enemies":"Slavers","floor":27.0,"turns":6.0},{"damage":12.0,"enemies":"Shelled Parasite and Fungi","floor":29.0,"turns":7.0},{"damage":6.0,"enemies":"Centurion and Healer","floor":31.0,"turns":3.0},{"damage":30.0,"enemies":"Collector","floor":33.0,"turns":10.0},{"damage":16.0,"enemies":"3 Shapes","floor":35.0,"turns":6.0},{"damage":25.0,"enemies":"3 Darklings","floor":36.0,"turns":7.0},{"damage":14.0,"enemies":"Spire Growth","floor":38.0,"turns":5.0},{"damage":8.0,"enemies":"Jaw Worm Horde","floor":44.0,"turns":5.0},{"damage":0.0,"enemies":"Writhing Mass","floor":45.0,"turns":1.0},{"damage":14.0,"enemies":"Giant Head","floor":46.0,"turns":8.0},{"damage":53,"enemies":"Time Eater","floor":50,"turns":13},{"damage":84,"enemies":"Shield and Spear","floor":54,"turns":8},{"damage":80,"enemies":"The Heart","floor":55,"turns":5}],"seed_played":"-6545881153636963348","potions_obtained":[{"floor":1.0,"key":"SneckoOil"},{"floor":3.0,"key":"Energy Potion"},{"floor":10.0,"key":"Strength Potion"},{"floor":11.0,"key":"LiquidBronze"},{"floor":14.0,"key":"Strength Potion"},{"floor":18.0,"key":"Swift Potion"},{"floor":20.0,"key":"ElixirPotion"},{"floor":25.0,"key":"ColorlessPotion"},{"floor":35.0,"key":"SmokeBomb"},{"floor":38.0,"key":"BlessingOfTheForge"},{"floor":44.0,"key":"Block Potion"},{"floor":54,"key":"BlessingOfTheForge"}],"is_trial":false,"path_per_floor":["M","M","M","?","M","E","M","R","T","M","M","R","?","M","R","B",null,"M","?","M","$","?","R","E","M","T","E","R","M","R","M","R","B",null,"M","M","?","M","?","R","R","$","T","M","M","E","?","$","R","B",null,"R","$","E","B"],"character_chosen":"IRONCLAD","items_purchased":["Lizard Tail","Intimidate","Bird Faced Urn","Shrug It Off","Red Skull","Energy Potion","Inflame"],"campfire_rested":6,"item_purchase_floors":[21,21,42,42,42,42,48],"current_hp_per_floor":[75,75,75,63,68,34,26,50,50,40,35,59,59,62,80,59,80,64,64,66,66,66,66,50,54,54,40,64,58,58,58,80,56,80,70,51,51,43,43,67,67,67,67,75,80,72,72,72,72,39,80,80,80,14,0,0],"gold":49,"neow_bonus":"TRANSFORM_CARD","is_daily":false,"chose_seed":false,"campfire_upgraded":4,"win_rate":0.0,"timestamp":1610380724,"path_taken":["M","M","M","?","M","E","M","R","T","M","M","R","?","M","R","BOSS","M","?","M","$","?","R","E","M","T","E","R","?","R","M","R","BOSS","M","M","?","M","?","R","R","$","T","M","?","E","?","$","R","BOSS","R","$","E","BOSS"],"items_purchased_type":["Relic","Card","Relic","Card","Relic","Potion","Card"],"build_version":"2020-12-22","purchased_purges":0,"victory":false,"max_hp_per_floor":[80,80,80,80,80,80,80,80,80,80,80,80,80,80,80,80,80,80,80,80,80,80,80,80,80,80,80,80,80,80,80,80,80,80,80,80,80,80,80,80,80,80,80,80,80,80,80,80,80,80,80,80,80,80,80,80],"card_choices":[{"not_picked":["Sever Soul","Dark Embrace"],"picked":"Anger","floor":1.0},{"not_picked":["Sever Soul","Feel No Pain"],"picked":"Shrug It Off","floor":2.0},{"not_picked":["Sever Soul","Blood for Blood"],"picked":"Shrug It Off","floor":3.0},{"not_picked":["Reckless Charge","Heavy Blade"],"picked":"Pommel Strike","floor":5.0},{"not_picked":["Blood for Blood","Body Slam"],"picked":"Inflame","floor":6.0},{"not_picked":["Evolve","Combust"],"picked":"Wild Strike","floor":7.0},{"not_picked":["Heavy Blade","Iron Wave"],"picked":"Cleave","floor":10.0},{"not_picked":["Reckless Charge","Flex"],"picked":"Fire Breathing","floor":11.0},{"not_picked":["Searing Blow","Bludgeon"],"picked":"Power Through","floor":14.0},{"not_picked":["Bludgeon","Reaper"],"picked":"Barricade","floor":16.0},{"not_picked":[],"picked":"Headbutt","floor":18.0},{"not_picked":[],"picked":"Shockwave","floor":20.0},{"not_picked":[],"picked":"Power Through+1","floor":24.0},{"not_picked":["Thunderclap+1"],"picked":"Fire Breathing","floor":25.0},{"not_picked":["Anger"],"picked":"Burning Pact","floor":27.0},{"not_picked":["Thunderclap"],"picked":"Sword Boomerang+1","floor":29.0},{"not_picked":["Iron Wave"],"picked":"Pommel Strike","floor":31.0},{"not_picked":["Corruption"],"picked":"Double Tap","floor":33.0},{"not_picked":["Headbutt+1"],"picked":"Clothesline+1","floor":35.0},{"not_picked":["Heavy Blade"],"picked":"Iron Wave+1","floor":36.0},{"not_picked":["Clash+1"],"picked":"Cleave","floor":38.0},{"not_picked":["Bloodletting+1"],"picked":"Rampage","floor":44.0},{"not_picked":["Corruption"],"picked":"Flex","floor":46.0},{"not_picked":["Sword Boomerang","Thunderclap+1"],"picked":"SKIP","floor":54}],"player_experience":31724,"relics_obtained":[{"floor":6.0,"key":"Omamori"},{"floor":9.0,"key":"Mummified Hand"},{"floor":24.0,"key":"Question Card"},{"floor":27.0,"key":"WingedGreaves"},{"floor":43.0,"key":"Blood Vial"},{"floor":46.0,"key":"Juzu Bracelet"},{"floor":54,"key":"Oddly Smooth Stone"}],"event_choices":[{"damage_healed":0.0,"max_hp_gain":0.0,"max_hp_loss":0.0,"gold_gain":0.0,"event_name":"Scrap Ooze","player_choice":"Success","floor":4.0,"gold_loss":0.0,"damage_taken":12.0,"relics_obtained":["Boot"]},{"damage_healed":0.0,"max_hp_gain":0.0,"max_hp_loss":0.0,"gold_gain":0.0,"event_name":"Golden Idol","player_choice":"Ignored","floor":13.0,"gold_loss":0.0,"damage_taken":0.0},{"damage_healed":0.0,"max_hp_gain":0.0,"max_hp_loss":0.0,"gold_gain":0.0,"event_name":"Drug Dealer","player_choice":"Inject Mutagens","floor":19.0,"gold_loss":0.0,"damage_taken":0.0,"relics_obtained":["MutagenicStrength"]},{"damage_healed":0.0,"max_hp_gain":0.0,"max_hp_loss":0.0,"gold_gain":200.0,"event_name":"Wheel of Change","player_choice":"Gold","floor":22.0,"gold_loss":0.0,"damage_taken":0.0},{"damage_healed":0.0,"max_hp_gain":0.0,"max_hp_loss":0.0,"gold_gain":0.0,"event_name":"Tomb of Lord Red Mask","player_choice":"Ignored","floor":37.0,"gold_loss":0.0,"damage_taken":0.0},{"damage_healed":0.0,"max_hp_gain":0.0,"max_hp_loss":0.0,"gold_gain":100.0,"event_name":"Golden Shrine","player_choice":"Pray","floor":39.0,"gold_loss":0.0,"damage_taken":0.0},{"cards_removed":["Defend_R"],"damage_healed":0.0,"max_hp_gain":0.0,"max_hp_loss":0.0,"gold_gain":0.0,"event_name":"Falling","player_choice":"Removed Skill","floor":47.0,"gold_loss":0.0,"damage_taken":0.0}],"is_beta":false,"boss_relics":[{"not_picked":["Ectoplasm","Snecko Eye"],"picked":"Busted Crown"},{"not_picked":["Calling Bell","Black Blood"],"picked":"Mark of Pain"}],"items_purged_floors":[],"is_endless":false,"potions_floor_spawned":[1,3,10,11,14,18,20,25,35,38,44,54],"killed_by":"The Heart","ascension_level":0}}