{"host":"hve1dyh1ly81yl9f","time":1610388049,"event":{"mods":["BaseMod","Colored Map","DeckTracker","Highlight Path","Keyboard Shortcuts","Minty Spire (QoL Compilation)","Permanent Neow","Quick Restart","StSLib","SuperFastMode"],"gold_per_floor":[367,377,112,112,125,153,153,187,213,246,123,123,50,69,69,169,169,189,189,189,288,48,77,77,108,108,138,148,174,185,199,199,296,296,314,40,1039,1091,1091,1091,1110,1110,1110,1110,905,916,916,543,543,543],"floor_reached":51,"playtime":1537,"items_purged":["Strike_R","Strike_R","Strike_R","Strike_R","Strike_R","Defend_R"],"score":1150,"play_id":"17629eb8-5da0-461d-8a4d-e2622730492b","local_time":"20210112030049","is_ascension_mode":true,"campfire_choices":[{"data":"Whirlwind","floor":7,"key":"SMITH"},{"floor":15,"key":"REST"},{"floor":32,"key":"REST"},{"data":"Whirlwind","floor":40,"key":"SMITH"},{"data":"Sever Soul","floor":42,"key":"SMITH"},{"data":"Rampage","floor":44,"key":"SMITH"},{"data":"Whirlwind","floor":49,"key":"SMITH"}],"circlet_count":0,"master_deck":["Defend_R","Defend_R","Defend_R","Bash","Rampage+1","True Grit","Burning Pact","Whirlwind+1","Sword Boomerang","True Grit","Shrug It Off","True Grit+1","Shrug It Off","True Grit","Flex","Whirlwind+1","Sever Soul+1","Normality","Normality","Writhe","Whirlwind+1","Whirlwind+1"],"relics":["Burning Blood","Membership Card","Orichalcum","Ancient Tea Set","Bronze Scales","Lizard Tail","Bag of Marbles","Happy Flower","Red Skull","Velvet Choker","WingedGreaves","Shuriken","Meat on the Bone","Letter Opener","InkBottle","Singing Bowl","MealTicket","Sozu","Mango","Du-Vu Doll","Mummified Hand","Toolbox","Brimstone","Sundial","Blood Vial"],"acts_visited":["Exordium","TheCity","TheBeyond"],"potions_floor_usage":[6,10,33,33,33],"damage_taken":[{"damage":14,"enemies":"2 Louse","floor":1,"turns":2},{"damage":6,"enemies":"Cultist","floor":2,"turns":3},{"damage":12,"enemies":"Jaw Worm","floor":5,"turns":4},{"damage":23,"enemies":"3 Sentries","floor":6,"turns":5},{"damage":27,"enemies":"Lagavulin","floor":8,"turns":6},{"damage":7,"enemies":"3 Sentries","floor":10,"turns":4},{"damage":8,"enemies":"Red Slaver","floor":14,"turns":1},{"damage":26,"enemies":"The Guardian","floor":16,"turns":8},{"damage":10,"enemies":"Chosen","floor":18,"turns":4},{"damage":34,"enemies":"Book of Stabbing","floor":23,"turns":5},{"damage":21,"enemies":"Gremlin Leader","floor":25,"turns":5},{"damage":35,"enemies":"Slavers","floor":27,"turns":3},{"damage":0,"enemies":"2 Thieves","floor":28,"turns":1},{"damage":20,"enemies":"Snake Plant","floor":30,"turns":3},{"damage":20,"enemies":"Snecko","floor":31,"turns":5},{"damage":44,"enemies":"Collector","floor":33,"turns":6},{"damage":22,"enemies":"3 Darklings","floor":35,"turns":3},{"damage":47,"enemies":"2 Orb Walkers","floor":38,"turns":4},{"damage":9,"enemies":"3 Shapes","floor":41,"turns":5},{"damage":24,"enemies":"Spire Growth","floor":46,"turns":3},{"damage":75,"enemies":"Awakened One","floor":50,"turns":6}],"seed_played":"-505059621964687026","potions_obtained":[{"floor":1,"key":"Block Potion"},{"floor":2,"key":"Strength Potion"},{"floor":8,"key":"Energy Potion"},{"floor":23,"key":"DistilledChaos"},{"floor":27,"key":"PowerPotion"},{"floor":28,"key":"SkillPotion"}],"is_trial":false,"path_per_floor":["M","M","$","?","M","E","R","E","T","E","$","?","$","M","R","B",null,"M","T","?","?","$","E","?","E","T","E","M","T","M","M","R","B",null,"M","$","?","?","?","R","M","R","T","R","$","M","?","$","R","B",null],"character_chosen":"IRONCLAD","items_purchased":["Membership Card","Burning Pact","Whirlwind","Bag of Marbles","Red Skull","Shrug It Off","Shuriken","True Grit","Whirlwind","Mango","Sever Soul","Whirlwind","Toolbox","Brimstone","Sundial","Blood Vial"],"campfire_rested":2,"item_purchase_floors":[3,3,3,11,13,22,22,22,36,36,36,45,45,48,48,48],"current_hp_per_floor":[64,64,64,64,58,41,41,20,20,19,19,19,19,17,38,18,59,55,55,72,72,72,44,44,41,41,26,46,46,46,44,67,43,71,57,86,86,59,84,84,81,81,81,81,96,80,80,95,95,40],"gold":543,"neow_bonus":"TWO_FIFTY_GOLD","is_daily":false,"chose_seed":false,"campfire_upgraded":5,"win_rate":0.0,"timestamp":1610388049,"path_taken":["M","M","$","?","M","E","R","E","T","E","?","?","$","?","R","BOSS","M","?","?","?","$","E","?","E","T","E","M","?","M","M","R","BOSS","M","$","?","?","?","R","M","R","T","R","$","M","?","$","R","BOSS"],"items_purchased_type":["Relic","Card","Card","Relic","Relic","Card","Relic","Card","Card","Relic","Card","Card","Relic","Relic","Relic","Relic"],"build_version":"2020-12-22","purchased_purges":6,"victory":true,"max_hp_per_floor":[72,72,72,72,72,72,72,72,72,72,72,72,72,72,72,72,72,72,72,72,72,72,72,72,72,72,74,76,76,78,78,78,80,80,82,96,96,98,98,98,98,98,98,98,98,100,100,100,100,100],"card_choices":[{"not_picked":["Cleave","Rage"],"picked":"Rampage","floor":1},{"not_picked":["Anger","Metallicize"],"picked":"True Grit","floor":2},{"not_picked":["Rampage","Twin Strike"],"picked":"Sword Boomerang","floor":5},{"not_picked":["Clash","Flex"],"picked":"True Grit","floor":6},{"not_picked":["Body Slam","Pommel Strike"],"picked":"Shrug It Off","floor":8},{"not_picked":["Clothesline","Uppercut","Flame Barrier"],"picked":"SKIP","floor":10},{"not_picked":["Shrug It Off","Twin Strike","Limit Break"],"picked":"SKIP","floor":14},{"not_picked":["Feed","Fiend Fire"],"picked":"Berserk","floor":16},{"not_picked":["Dual Wield","Heavy Blade"],"picked":"True Grit+1","floor":18},{"not_picked":["Body Slam","Clash+1","Anger"],"picked":"SKIP","floor":23},{"not_picked":["Combust","Hemokinesis","Rampage"],"picked":"SKIP","floor":25},{"not_picked":["Double Tap","Armaments","Pummel+1"],"picked":"Singing Bowl","floor":27},{"not_picked":["Uppercut","Clash+1","Perfected Strike"],"picked":"Singing Bowl","floor":28},{"not_picked":["Dark Embrace","Evolve","Armaments"],"picked":"Singing Bowl","floor":30},{"not_picked":["Pummel+1","Headbutt+1"],"picked":"Flex","floor":31},{"not_picked":["Corruption","Bludgeon","Exhume"],"picked":"Singing Bowl","floor":33},{"not_picked":["Dark Embrace","Warcry","Havoc"],"picked":"Singing Bowl","floor":35},{"not_picked":["Sword Boomerang+1","Feel No Pain+1","Pummel"],"picked":"Singing Bowl","floor":38},{"not_picked":["Anger+1","Inflame"],"picked":"Whirlwind+1","floor":41},{"not_picked":["Reckless Charge+1","Body Slam","Clash"],"picked":"Singing Bowl","floor":46}],"player_experience":305182,"relics_obtained":[{"floor":6,"key":"Orichalcum"},{"floor":8,"key":"Ancient Tea Set"},{"floor":9,"key":"Bronze Scales"},{"floor":10,"key":"Lizard Tail"},{"floor":19,"key":"WingedGreaves"},{"floor":23,"key":"Meat on the Bone"},{"floor":25,"key":"Letter Opener"},{"floor":26,"key":"InkBottle"},{"floor":27,"key":"Singing Bowl"},{"floor":29,"key":"MealTicket"},{"floor":38,"key":"Du-Vu Doll"},{"floor":43,"key":"Mummified Hand"}],"event_choices":[{"damage_healed":0,"gold_gain":0,"player_choice":"0 cards matched","damage_taken":0,"max_hp_gain":0,"max_hp_loss":0,"event_name":"Match and Keep!","floor":4,"gold_loss":0,"cards_obtained":[]},{"damage_healed":0,"gold_gain":0,"player_choice":"Gave Potion","damage_taken":0,"relics_obtained":["Happy Flower"],"max_hp_gain":0,"max_hp_loss":0,"event_name":"WeMeetAgain","floor":12,"gold_loss":0},{"damage_healed":24,"gold_gain":0,"player_choice":"Heal","damage_taken":0,"max_hp_gain":0,"max_hp_loss":0,"event_name":"The Library","floor":20,"gold_loss":0},{"damage_healed":0,"gold_gain":99,"player_choice":"Stole From Cult","damage_taken":0,"max_hp_gain":0,"max_hp_loss":0,"event_name":"Nest","floor":21,"gold_loss":0},{"damage_healed":0,"gold_gain":0,"player_choice":"Ignored","damage_taken":0,"max_hp_gain":0,"max_hp_loss":0,"event_name":"Ghosts","floor":24,"gold_loss":0},{"damage_healed":0,"gold_gain":999,"player_choice":"Gold","damage_taken":0,"max_hp_gain":0,"max_hp_loss":0,"event_name":"MindBloom","floor":37,"gold_loss":0,"cards_obtained":["Normality","Normality"]},{"damage_healed":0,"gold_gain":0,"player_choice":"Fight","damage_taken":0,"max_hp_gain":0,"max_hp_loss":0,"event_name":"Mysterious Sphere","floor":38,"gold_loss":0},{"damage_healed":25,"gold_gain":0,"player_choice":"Writhe","damage_taken":0,"max_hp_gain":0,"max_hp_loss":0,"event_name":"Winding Halls","floor":39,"gold_loss":0,"cards_obtained":["Writhe"]},{"cards_removed":["Berserk"],"damage_healed":0,"gold_gain":0,"player_choice":"Removed Power","damage_taken":0,"max_hp_gain":0,"max_hp_loss":0,"event_name":"Falling","floor":47,"gold_loss":0}],"is_beta":false,"boss_relics":[{"not_picked":["Calling Bell","Mark of Pain"],"picked":"Velvet Choker"},{"not_picked":["Philosopher\u0027s Stone","SlaversCollar"],"picked":"Sozu"}],"items_purged_floors":[3,11,22,36,45,48],"is_endless":false,"potions_floor_spawned":[1,2,8,23,27,28,31,38,46],"ascension_level":7}}