{"host":"f5n4tidiz2n5sooh","time":1610378960,"event":{"mods":["BaseMod","Colored Map","Minty Spire (QoL Compilation)","Relic Stats","Slay the Relics Exporter","StSLib"],"gold_per_floor":[114,125,125,125,125,125,166,166,166,181,49,68,68,108,108,201,201,214,234,234,19,37,37,37,37],"floor_reached":24,"playtime":588,"items_purged":["Strike_B"],"score":433,"play_id":"0e8663b7-e510-4bd5-b5ea-610505f476b1","local_time":"20210111092920","is_ascension_mode":true,"campfire_choices":[{"data":"Barrage","floor":6,"key":"SMITH"},{"floor":8,"key":"REST"},{"data":"Multi-Cast","floor":15,"key":"SMITH"},{"data":"Undo","floor":23,"key":"SMITH"}],"circlet_count":0,"master_deck":["AscendersBane","Strike_B","Strike_B","Defend_B","Defend_B","Defend_B","Defend_B","Zap","Dualcast","Barrage+1","Multi-Cast+1","Ball Lightning","Ball Lightning","Echo Form","Undo+1"],"relics":["Cracked Core","Golden Idol","Singing Bowl","Pear","Bag of Marbles","Symbiotic Virus","Coffee Dripper","DataDisk"],"acts_visited":["Exordium","TheCity"],"potions_floor_usage":[12,16,19],"damage_taken":[{"damage":7,"enemies":"Small Slimes","floor":1,"turns":3},{"damage":0,"enemies":"2 Louse","floor":2,"turns":3},{"damage":44,"enemies":"Gremlin Nob","floor":7,"turns":4},{"damage":2,"enemies":"Jaw Worm","floor":10,"turns":4},{"damage":0,"enemies":"Large Slime","floor":12,"turns":4},{"damage":25,"enemies":"Lagavulin","floor":14,"turns":5},{"damage":13,"enemies":"Slime Boss","floor":16,"turns":6},{"damage":18,"enemies":"2 Thieves","floor":18,"turns":3},{"damage":16,"enemies":"Shell Parasite","floor":19,"turns":2},{"damage":24,"enemies":"Centurion and Healer","floor":22,"turns":5},{"damage":13,"enemies":"Slavers","floor":24,"turns":1}],"seed_played":"-5215639850651934318","potions_obtained":[{"floor":7,"key":"DuplicationPotion"},{"floor":10,"key":"Energy Potion"},{"floor":14,"key":"FocusPotion"},{"floor":16,"key":"FearPotion"}],"is_trial":false,"path_per_floor":["M","M","?","?","?","R","E","R","T","M","$","M","?","E","R","B",null,"M","M","?","$","M","R","E"],"character_chosen":"DEFECT","items_purchased":["Ball Lightning","DataDisk","SteroidPotion"],"campfire_rested":1,"item_purchase_floors":[11,21,21],"current_hp_per_floor":[64,64,64,69,62,62,20,43,53,51,51,51,51,28,28,15,71,55,41,35,35,11,11,0,0],"gold":37,"neow_bonus":"TEN_PERCENT_HP_BONUS","is_daily":false,"chose_seed":false,"campfire_upgraded":3,"win_rate":0.0,"timestamp":1610378960,"path_taken":["M","M","?","?","?","R","E","R","T","M","$","?","?","E","R","BOSS","M","M","?","?","M","R","E"],"items_purchased_type":["Card","Relic","Potion"],"build_version":"2020-12-22","purchased_purges":1,"victory":false,"max_hp_per_floor":[78,78,71,76,76,76,78,78,88,88,88,88,88,90,90,90,90,92,94,94,94,94,94,94,94],"relic_stats":{"Singing Bowl":8,"counters":[11,40],"Golden Idol":53,"obtain_stats":[{"DataDisk":21,"Pear":9,"Singing Bowl":7,"Golden Idol":3,"Bag of Marbles":13,"Coffee Dripper":17,"Cracked Core":0,"Symbiotic Virus":14},{"DataDisk":9,"Pear":3,"Singing Bowl":3,"Golden Idol":2,"Bag of Marbles":5,"Coffee Dripper":7,"Cracked Core":0,"Symbiotic Virus":6},{"DataDisk":34,"Pear":10,"Singing Bowl":10,"Golden Idol":6,"Bag of Marbles":18,"Coffee Dripper":29,"Cracked Core":0,"Symbiotic Virus":23}]},"card_choices":[{"not_picked":["Leap","Aggregate","Turbo"],"picked":"SKIP","floor":1},{"not_picked":["Conserve Battery","Steam"],"picked":"Barrage","floor":2},{"not_picked":["Rebound","Redo","Turbo"],"picked":"Singing Bowl","floor":7},{"not_picked":["Sweeping Beam","Tempest"],"picked":"Multi-Cast","floor":10},{"not_picked":["Rip and Tear","Tempest"],"picked":"Ball Lightning","floor":12},{"not_picked":["White Noise","Gash","Lockon"],"picked":"Singing Bowl","floor":14},{"not_picked":["Thunder Strike","Reboot"],"picked":"Echo Form","floor":16},{"not_picked":["Compile Driver","Rebound","Consume"],"picked":"Singing Bowl","floor":18},{"not_picked":["Sunder","Steam","Gash"],"picked":"Singing Bowl","floor":19},{"not_picked":["Steam","Sweeping Beam"],"picked":"Undo","floor":22}],"player_experience":1997572,"relics_obtained":[{"floor":7,"key":"Singing Bowl"},{"floor":9,"key":"Pear"},{"floor":14,"key":"Symbiotic Virus"}],"event_choices":[{"damage_healed":0,"gold_gain":0,"player_choice":"Lose Max HP","damage_taken":0,"relics_obtained":["Golden Idol"],"max_hp_gain":0,"max_hp_loss":7,"event_name":"Golden Idol","floor":3,"gold_loss":0},{"damage_healed":0,"gold_gain":0,"player_choice":"Donut","damage_taken":0,"max_hp_gain":5,"max_hp_loss":0,"event_name":"Big Fish","floor":4,"gold_loss":0},{"cards_removed":["Strike_B"],"damage_healed":0,"gold_gain":0,"player_choice":"Card Removal","damage_taken":7,"max_hp_gain":0,"max_hp_loss":0,"event_name":"Golden Wing","floor":5,"gold_loss":0},{"damage_healed":0,"gold_gain":0,"player_choice":"Searched \u00272\u0027 times","damage_taken":0,"relics_obtained":["Bag of Marbles"],"max_hp_gain":0,"max_hp_loss":0,"event_name":"Dead Adventurer","floor":13,"gold_loss":0},{"damage_healed":0,"gold_gain":0,"player_choice":"","damage_taken":6,"max_hp_gain":0,"max_hp_loss":0,"event_name":"Knowing Skull","floor":20,"potions_obtained":[],"gold_loss":0,"cards_obtained":[]}],"is_beta":false,"boss_relics":[{"not_picked":["Fusion Hammer","Tiny House"],"picked":"Coffee Dripper"}],"items_purged_floors":[11],"is_endless":false,"potions_floor_spawned":[7,10,14,16],"killed_by":"Slavers","ascension_level":20}}