{"host":"51mqhfpmwwd4kxyt","time":1610358344,"event":{"mods":["BaseMod","Downfall","Googly Eyes","Highlight Path","Minty Spire (QoL Compilation)","READ ME - Guardian Mod","StSLib","The Cursed","The Servant 0.9.4"],"gold_per_floor":[17,27,27,27,27,27,38,38,38,52,227,259,12,12,12,109,109,123,138,138,148,0,0,0,12,12,12,22,47,47,47,47,47,47],"floor_reached":33,"playtime":1767,"items_purged":["Strike_G"],"score":355,"play_id":"c70a4b15-60ff-496c-b8b6-c59e41289804","local_time":"20210111044544","is_ascension_mode":true,"campfire_choices":[{"data":"1","floor":6,"key":"LIFT"},{"data":"2","floor":8,"key":"LIFT"},{"data":"Footwork","floor":15,"key":"SMITH"},{"floor":23,"key":"REST"},{"floor":27,"key":"REST"},{"floor":30,"key":"REST"},{"data":"3","floor":32,"key":"LIFT"}],"circlet_count":0,"master_deck":["Strike_G+1","Strike_G","Strike_G","Defend_G","Defend_G","Defend_G","Defend_G","Defend_G","Survivor+1","Neutralize","Footwork+1","Leg Sweep","Dodge and Roll","Acrobatics","Doubt","PiercingWail","Bullet Time","Blade Dance+1","Backflip+1","Prepared","Calculated Gamble","Setup","Outmaneuver","Backflip+1"],"relics":["Ring of the Snake","Girya","Bag of Preparation","Omamori","Matryoshka","WristBlade","StrikeDummy","InkBottle","Ancient Tea Set","Ornamental Fan","Juzu Bracelet"],"acts_visited":["Exordium","TheCity"],"potions_floor_usage":[16,16,21],"damage_taken":[{"damage":5,"enemies":"2 Louse","floor":1,"turns":3},{"damage":0,"enemies":"Jaw Worm","floor":2,"turns":6},{"damage":0,"enemies":"Small Slimes","floor":7,"turns":5},{"damage":0,"enemies":"Looter","floor":10,"turns":5},{"damage":16,"enemies":"Lagavulin","floor":12,"turns":8},{"damage":11,"enemies":"The Guardian","floor":16,"turns":12},{"damage":22,"enemies":"Chosen","floor":18,"turns":8},{"damage":0,"enemies":"3 Byrds","floor":19,"turns":5},{"damage":0,"enemies":"Snake Plant","floor":21,"turns":4},{"damage":15,"enemies":"Centurion and Healer","floor":25,"turns":6},{"damage":0,"enemies":"Snecko","floor":28,"turns":5},{"damage":21,"enemies":"Slavers","floor":29,"turns":8},{"damage":61,"enemies":"Collector","floor":33,"turns":9}],"seed_played":"-4195555978860331322","potions_obtained":[{"floor":1,"key":"PowerPotion"},{"floor":7,"key":"CultistPotion"},{"floor":19,"key":"SteroidPotion"},{"floor":29,"key":"FearPotion"}],"is_trial":false,"path_per_floor":["M","M","?","?","$","R","M","R","T","M","?","E","$","?","R","B",null,"M","M","?","M","$","R","?","M","T","R","M","E","R","?","R","B"],"character_chosen":"THE_SILENT","items_purchased":["Matryoshka","Calculated Gamble"],"campfire_rested":3,"item_purchase_floors":[13,22],"current_hp_per_floor":[58,58,58,44,44,44,44,44,44,44,44,28,28,45,45,34,61,39,39,39,39,39,60,47,32,32,54,54,33,55,55,55,0,0],"gold":47,"neow_bonus":"ONE_RARE_RELIC","is_daily":false,"chose_seed":false,"campfire_upgraded":1,"win_rate":0.0,"timestamp":1610358344,"path_taken":["M","M","?","?","$","R","M","R","T","M","?","E","?","?","R","BOSS","M","M","?","?","$","R","?","M","T","R","M","E","R","?","R","BOSS"],"items_purchased_type":["Relic","Card"],"build_version":"2020-12-22","purchased_purges":1,"victory":false,"max_hp_per_floor":[70,70,70,70,70,70,70,70,70,70,70,70,70,70,70,70,70,70,70,70,70,70,70,75,75,75,75,75,75,75,75,75,75,75],"card_choices":[{"not_picked":["All Out Attack","Bane"],"picked":"Footwork","floor":1},{"not_picked":["Caltrops","Underhanded Strike"],"picked":"Leg Sweep","floor":2},{"not_picked":["Poisoned Stab","Dagger Spray"],"picked":"Dodge and Roll","floor":7},{"not_picked":["Infinite Blades","Quick Slash"],"picked":"Acrobatics","floor":10},{"not_picked":["Predator","Riddle With Holes"],"picked":"PiercingWail","floor":12},{"not_picked":["Grand Finale","Glass Knife"],"picked":"Bullet Time","floor":16},{"not_picked":["Prepared+1","Backstab"],"picked":"Blade Dance+1","floor":18},{"not_picked":["Flying Knee","Quick Slash"],"picked":"Backflip+1","floor":19},{"not_picked":["Deflect","Bane"],"picked":"Prepared","floor":21},{"not_picked":["Cloak And Dagger","Bane"],"picked":"Setup","floor":25},{"not_picked":["Choke+1","Well Laid Plans"],"picked":"Outmaneuver","floor":28},{"not_picked":["Expertise","Finisher"],"picked":"Backflip+1","floor":29}],"player_experience":383685,"relics_obtained":[{"floor":9,"key":"Bag of Preparation"},{"floor":12,"key":"Omamori"},{"floor":26,"key":"InkBottle"},{"floor":26,"key":"Ancient Tea Set"},{"floor":29,"key":"Ornamental Fan"}],"event_choices":[{"damage_healed":0,"gold_gain":0,"cards_transformed":["Strike_G"],"player_choice":"Change","damage_taken":0,"max_hp_gain":0,"max_hp_loss":0,"event_name":"Living Wall","floor":3,"gold_loss":0,"cards_obtained":["Bouncing Flask"]},{"damage_healed":0,"gold_gain":0,"player_choice":"Entered Light","damage_taken":14,"max_hp_gain":0,"max_hp_loss":0,"event_name":"Shining Light","floor":4,"gold_loss":0,"cards_upgraded":["Survivor","Strike_G"]},{"damage_healed":0,"gold_gain":175,"player_choice":"AGREE","damage_taken":0,"max_hp_gain":0,"max_hp_loss":0,"event_name":"Liars Game","floor":11,"gold_loss":0,"cards_obtained":["Doubt"]},{"damage_healed":17,"gold_gain":0,"player_choice":"Healed and dodged fight","damage_taken":0,"max_hp_gain":0,"max_hp_loss":0,"event_name":"Mushrooms","floor":14,"gold_loss":0,"cards_obtained":["Parasite"]},{"cards_removed":["Bouncing Flask"],"damage_healed":0,"gold_gain":0,"player_choice":"Gave Card","damage_taken":0,"relics_obtained":["StrikeDummy"],"max_hp_gain":0,"max_hp_loss":0,"event_name":"WeMeetAgain","floor":20,"gold_loss":0},{"damage_healed":0,"gold_gain":0,"player_choice":"Shed Blood","damage_taken":18,"max_hp_gain":5,"max_hp_loss":0,"event_name":"Forgotten Altar","floor":24,"gold_loss":0},{"damage_healed":0,"gold_gain":0,"player_choice":"Stole Relic","damage_taken":0,"relics_obtained":["Juzu Bracelet"],"max_hp_gain":0,"max_hp_loss":0,"event_name":"Addict","floor":31,"gold_loss":0,"cards_obtained":["Shame"]}],"is_beta":false,"boss_relics":[{"not_picked":["SlaversCollar","Tiny House"],"picked":"WristBlade"}],"items_purged_floors":[22],"is_endless":false,"potions_floor_spawned":[1,7,19,29],"killed_by":"Collector","ascension_level":7}}