{"host":"61r95uy0hn86b9iu","time":1610406936,"event":{"mods":["AchievementEnabler","BaseMod","Better Vampires","BetterRewards","Colored Powertips","Hubris","Minty Spire (QoL Compilation)","Shop Mod","StSLib"],"gold_per_floor":[110,130,130,130,142,142,177,177,177,177,196,32,32,52,52,128,128,139,139,139],"floor_reached":19,"playtime":466,"items_purged":[],"score":534,"play_id":"1aed5758-3692-43f9-abec-4c26c0365993","local_time":"20210111171536","is_ascension_mode":true,"campfire_choices":[{"floor":6.0,"key":"REST"},{"floor":8.0,"key":"REST"},{"floor":10.0,"key":"REST"},{"floor":15,"key":"REST"}],"circlet_count":0,"master_deck":["AscendersBane","Strike_B","Strike_B","Strike_B","Strike_B","Defend_B","Defend_B","Defend_B","Defend_B","Zap","Dualcast","Doom and Gloom","White Noise","Go for the Eyes","Self Repair","hubris:PowerSurge","hubris:Ukulele","Reinforced Body","Echo Form","Conserve Battery"],"relics":["Cracked Core","hubris:Potato","Gremlin Horn","hubris:DeckOfHolding","hubris:ToyBattleship","Shovel","Oddly Smooth Stone","hubris:Stopwatch"],"acts_visited":["Exordium","TheCity"],"potions_floor_usage":[19],"damage_taken":[{"damage":1.0,"enemies":"Cultist","floor":1.0,"turns":3.0},{"damage":9.0,"enemies":"Jaw Worm","floor":2.0,"turns":4.0},{"damage":9.0,"enemies":"2 Louse","floor":5.0,"turns":2.0},{"damage":32.0,"enemies":"Gremlin Nob","floor":7.0,"turns":4.0},{"damage":0.0,"enemies":"Gremlin Gang","floor":11.0,"turns":3.0},{"damage":5.0,"enemies":"Large Slime","floor":14.0,"turns":4.0},{"damage":63,"enemies":"Hexaghost","floor":16,"turns":12},{"damage":46,"enemies":"Shell Parasite","floor":18,"turns":5},{"damage":32,"enemies":"Spheric Guardian","floor":19,"turns":4}],"seed_played":"5049424889383559097","potions_obtained":[{"floor":5.0,"key":"PotionOfCapacity"},{"floor":7.0,"key":"Strength Potion"},{"floor":16,"key":"Regen Potion"},{"floor":18,"key":"SmokeBomb"}],"is_trial":false,"path_per_floor":["M","M","T","T","M","R","E","R","T","R","M","$","?","M","R","B",null,"M","M"],"character_chosen":"DEFECT","items_purchased":["hubris:Potato","Apotheosis","hubris:PowerSurge","hubris:Ukulele"],"campfire_rested":4,"item_purchase_floors":[0,0,12,12],"current_hp_per_floor":[44,35,35,35,26,47,15,36,36,57,57,57,57,59,71,15,57,18,0,0],"gold":139,"neow_bonus":"","is_daily":false,"chose_seed":false,"campfire_upgraded":0,"win_rate":0.0,"timestamp":1610406936,"path_taken":["M","M","?","?","M","R","E","R","T","R","M","$","?","M","R","BOSS","M","?"],"items_purchased_type":["Relic","Card","Card","Card"],"build_version":"2020-12-22","purchased_purges":0,"victory":false,"max_hp_per_floor":[71,71,71,71,71,71,71,71,71,71,71,71,71,71,71,71,71,71,71,71],"card_choices":[{"not_picked":["Streamline","Hologram","Fusion"],"picked":"SKIP","floor":1.0},{"not_picked":["Storm","Conserve Battery"],"picked":"Doom and Gloom","floor":2.0},{"not_picked":["Recycle","Go for the Eyes"],"picked":"White Noise","floor":5.0},{"not_picked":["Compile Driver","Aggregate"],"picked":"Go for the Eyes","floor":7.0},{"not_picked":["Ball Lightning","Streamline"],"picked":"Self Repair","floor":11.0},{"not_picked":["Rebound","hubris:Prefetch"],"picked":"Reinforced Body","floor":14.0},{"not_picked":["hubris:SpecializedCircuitry","Machine Learning"],"picked":"Echo Form","floor":16},{"not_picked":["Double Energy","Steam Power+1"],"picked":"Conserve Battery","floor":18}],"player_experience":3269924,"relics_obtained":[{"floor":3.0,"key":"Gremlin Horn"},{"floor":4.0,"key":"hubris:DeckOfHolding"},{"floor":7.0,"key":"hubris:ToyBattleship"},{"floor":9.0,"key":"Shovel"}],"event_choices":[{"damage_healed":0.0,"max_hp_gain":0.0,"max_hp_loss":0.0,"gold_gain":0.0,"event_name":"WeMeetAgain","player_choice":"Gave Potion","floor":13.0,"gold_loss":0.0,"damage_taken":0.0,"relics_obtained":["Oddly Smooth Stone"]}],"is_beta":false,"boss_relics":[{"not_picked":["Runic Dome","Black Star"],"picked":"hubris:Stopwatch"}],"items_purged_floors":[],"is_endless":false,"potions_floor_spawned":[5,7,16,18],"killed_by":"Spheric Guardian","ascension_level":20}}