{"host":"pq8o62wp0h1hflf3","time":1610392308,"event":{"mods":["BaseMod","Minty Spire (QoL Compilation)","Relic Stats","ojb\u0027s Info Mod"],"gold_per_floor":[110,110,126,51,101,131,151,151,151,181,193,231,255,302,314,399,411,436,448,460,91,91,91,103,118,118,132,146,146,163,163,163,240,240,260,98,98,0,19,19,39,64,111,143,168,168,11,61,61,61,61,61,61,4,38,38,38],"floor_reached":56,"playtime":4519,"items_purged":["Strike_B","Strike_B"],"score":2362,"play_id":"8287d8f8-ee7d-4602-ac81-67eadb4766d7","local_time":"20210111141148","is_ascension_mode":true,"campfire_choices":[{"data":"Sunder","floor":8,"key":"SMITH"},{"data":"White Noise","floor":11,"key":"SMITH"},{"data":"Zap","floor":15,"key":"SMITH"},{"floor":23,"key":"REST"},{"data":"Creative AI","floor":32,"key":"SMITH"},{"floor":40,"key":"REST"},{"floor":46,"key":"RECALL"},{"floor":49,"key":"REST"},{"floor":53,"key":"REST"}],"circlet_count":0,"master_deck":["AscendersBane","Defend_B","Defend_B","Defend_B","Defend_B","Zap+1","Dualcast","Ball Lightning+1","Sunder+1","White Noise+1","Coolheaded","Core Surge","Coolheaded","Creative AI+1","Turbo","Capacitor","Cold Snap","Glacier","Consume","Force Field","Capacitor","Force Field","Biased Cognition","Amplify","Hologram+1","Buffer","Steam Power+1","Glacier+1","Seek"],"relics":["Cracked Core","NeowsBlessing","Mummified Hand","Shuriken","MawBank","Thread and Needle","Happy Flower","Runic Pyramid","Orrery","Fusion Hammer","Runic Capacitor","Red Mask","Symbiotic Virus","Ancient Tea Set","Orichalcum","Turnip","Anchor","Bottled Tornado"],"acts_visited":["Exordium","TheCity","TheBeyond","TheEnding"],"potions_floor_usage":[10,16,28,39,51,56],"damage_taken":[{"damage":0,"enemies":"Jaw Worm","floor":1,"turns":1},{"damage":0,"enemies":"Cultist","floor":3,"turns":1},{"damage":0,"enemies":"Gremlin Nob","floor":6,"turns":1},{"damage":0,"enemies":"Small Slimes","floor":7,"turns":2},{"damage":39,"enemies":"Lagavulin","floor":10,"turns":7},{"damage":0,"enemies":"3 Sentries","floor":12,"turns":5},{"damage":0,"enemies":"Exordium Wildlife","floor":13,"turns":3},{"damage":18,"enemies":"Gremlin Nob","floor":14,"turns":4},{"damage":0,"enemies":"Hexaghost","floor":16,"turns":9},{"damage":20,"enemies":"3 Byrds","floor":18,"turns":5},{"damage":0,"enemies":"Chosen","floor":24,"turns":5},{"damage":0,"enemies":"Snecko","floor":25,"turns":6},{"damage":0,"enemies":"3 Cultists","floor":27,"turns":5},{"damage":2,"enemies":"Cultist and Chosen","floor":28,"turns":7},{"damage":16,"enemies":"Shelled Parasite and Fungi","floor":30,"turns":10},{"damage":0,"enemies":"Champ","floor":33,"turns":19},{"damage":0,"enemies":"3 Shapes","floor":35,"turns":5},{"damage":22,"enemies":"3 Darklings","floor":39,"turns":4},{"damage":0,"enemies":"Spire Growth","floor":41,"turns":7},{"damage":17,"enemies":"Reptomancer","floor":42,"turns":7},{"damage":0,"enemies":"Giant Head","floor":44,"turns":9},{"damage":2,"enemies":"Mind Bloom Boss Battle","floor":45,"turns":6},{"damage":54,"enemies":"Awakened One","floor":50,"turns":71},{"damage":0,"enemies":"Donu and Deca","floor":51,"turns":7},{"damage":31,"enemies":"Shield and Spear","floor":55,"turns":12},{"damage":50,"enemies":"The Heart","floor":56,"turns":9}],"seed_played":"9219504752195617650","potions_obtained":[{"floor":1,"key":"EssenceOfSteel"},{"floor":3,"key":"Regen Potion"},{"floor":12,"key":"FocusPotion"},{"floor":16,"key":"EssenceOfDarkness"},{"floor":25,"key":"FocusPotion"},{"floor":33,"key":"Weak Potion"},{"floor":35,"key":"GamblersBrew"}],"is_trial":false,"path_per_floor":["M","?","M","$","?","E","M","R","T","E","R","E","M","E","R","B",null,"M","?","?","$","?","R","M","M","T","M","M","$","M","?","R","B",null,"M","$","?","?","M","R","M","E","T","E","?","R","$","?","R","B","B",null,"R","$","E","B"],"character_chosen":"DEFECT","items_purchased":["Orrery","Capacitor","Force Field","Runic Capacitor","Anchor","Dexterity Potion"],"campfire_rested":4,"item_purchase_floors":[21,21,21,36,47,54],"current_hp_per_floor":[64,64,64,64,64,64,64,64,64,38,38,38,38,20,20,20,58,38,38,18,18,12,34,34,34,34,34,32,32,16,16,16,16,61,61,61,61,61,39,61,61,44,44,44,42,42,42,42,64,10,10,60,76,76,45,0,0],"gold":38,"neow_bonus":"THREE_ENEMY_KILL","is_daily":false,"chose_seed":false,"campfire_upgraded":4,"win_rate":0.0,"timestamp":1610392308,"path_taken":["M","?","M","$","?","E","M","R","T","E","R","E","M","E","R","BOSS","M","?","?","$","?","R","?","M","T","M","M","?","M","?","R","BOSS","M","$","?","?","M","R","M","E","T","E","?","R","$","?","R","BOSS","BOSS","R","$","E","BOSS"],"items_purchased_type":["Relic","Card","Card","Relic","Relic","Potion"],"build_version":"2020-12-22","purchased_purges":2,"victory":false,"max_hp_per_floor":[71,71,71,71,71,71,71,71,71,71,71,71,71,71,71,71,71,71,71,76,76,76,76,76,76,76,76,76,76,76,76,76,76,76,76,76,76,76,76,76,76,76,76,76,76,76,76,76,76,76,76,76,76,76,76,76,76],"relic_stats":{"Happy Flower":[67],"counters":[26,226],"Mummified Hand":[261],"Shuriken":[3],"Turnip":[2],"Orichalcum":[60],"MawBank":132,"obtain_stats":[{"NeowsBlessing":0,"Happy Flower":14,"Thread and Needle":12,"Runic Capacitor":36,"Orichalcum":44,"Bottled Tornado":55,"MawBank":10,"Ancient Tea Set":43,"Anchor":47,"Mummified Hand":6,"Shuriken":9,"Orrery":21,"Fusion Hammer":34,"Turnip":45,"Red Mask":38,"Cracked Core":0,"Symbiotic Virus":42,"Runic Pyramid":17},{"NeowsBlessing":0,"Happy Flower":8,"Thread and Needle":6,"Runic Capacitor":17,"Orichalcum":21,"Bottled Tornado":25,"MawBank":5,"Ancient Tea Set":20,"Anchor":22,"Mummified Hand":3,"Shuriken":4,"Orrery":10,"Fusion Hammer":16,"Turnip":22,"Red Mask":17,"Cracked Core":0,"Symbiotic Virus":20,"Runic Pyramid":9},{"NeowsBlessing":0,"Happy Flower":24,"Thread and Needle":17,"Runic Capacitor":95,"Orichalcum":122,"Bottled Tornado":217,"MawBank":12,"Ancient Tea Set":113,"Anchor":128,"Mummified Hand":3,"Shuriken":5,"Orrery":38,"Fusion Hammer":90,"Turnip":128,"Red Mask":95,"Cracked Core":0,"Symbiotic Virus":113,"Runic Pyramid":33}]},"card_choices":[{"not_picked":["Lockon","Rebound"],"picked":"Ball Lightning","floor":1},{"not_picked":["Beam Cell","Hologram"],"picked":"Sunder","floor":3},{"not_picked":["Heatsinks","Stack","Streamline"],"picked":"SKIP","floor":6},{"not_picked":["Chaos","Hello World"],"picked":"White Noise","floor":7},{"not_picked":["Storm","Sunder","Force Field"],"picked":"SKIP","floor":10},{"not_picked":["Hologram","Blizzard"],"picked":"Coolheaded","floor":12},{"not_picked":["Chaos","Streamline"],"picked":"Core Surge","floor":13},{"not_picked":["Consume","Hologram"],"picked":"Coolheaded","floor":14},{"not_picked":["Fission","All For One"],"picked":"Creative AI","floor":16},{"not_picked":["Sweeping Beam","Cold Snap"],"picked":"Turbo","floor":18},{"not_picked":["Ball Lightning","Rip and Tear"],"picked":"Glacier","floor":21},{"not_picked":["FTL","Turbo+1"],"picked":"Consume","floor":21},{"not_picked":["Beam Cell","Recycle"],"picked":"Force Field","floor":21},{"not_picked":["Streamline","Ball Lightning","Beam Cell"],"picked":"SKIP","floor":24},{"not_picked":["Genetic Algorithm","Go for the Eyes"],"picked":"Biased Cognition","floor":25},{"not_picked":["Force Field","Sweeping Beam+1","Streamline"],"picked":"SKIP","floor":27},{"not_picked":["Loop","Coolheaded"],"picked":"Amplify","floor":28},{"not_picked":["Redo","Reprogram"],"picked":"Hologram+1","floor":30},{"not_picked":["Rainbow","Core Surge"],"picked":"Buffer","floor":33},{"not_picked":["Turbo","Rebound"],"picked":"Steam Power+1","floor":35},{"not_picked":["Consume","Doom and Gloom","Barrage"],"picked":"SKIP","floor":39},{"not_picked":["Gash+1","Double Energy+1","Reprogram"],"picked":"SKIP","floor":41},{"not_picked":["Cold Snap","Reprogram"],"picked":"Glacier+1","floor":42},{"not_picked":["Scrape+1","Beam Cell+1","Coolheaded+1"],"picked":"SKIP","floor":44},{"not_picked":["Coolheaded","Storm"],"picked":"Seek","floor":55}],"player_experience":1118385,"relics_obtained":[{"floor":6,"key":"Mummified Hand"},{"floor":9,"key":"Shuriken"},{"floor":10,"key":"MawBank"},{"floor":12,"key":"Thread and Needle"},{"floor":14,"key":"Happy Flower"},{"floor":42,"key":"Symbiotic Virus"},{"floor":43,"key":"Ancient Tea Set"},{"floor":44,"key":"Orichalcum"},{"floor":45,"key":"Turnip"},{"floor":55,"key":"Bottled Tornado"}],"event_choices":[{"damage_healed":0,"gold_gain":0,"player_choice":"Grow","damage_taken":0,"max_hp_gain":0,"max_hp_loss":0,"event_name":"Living Wall","floor":2,"gold_loss":0,"cards_upgraded":["Ball Lightning"]},{"damage_healed":0,"gold_gain":50,"player_choice":"Pray","damage_taken":0,"max_hp_gain":0,"max_hp_loss":0,"event_name":"Golden Shrine","floor":5,"gold_loss":0},{"damage_healed":0,"gold_gain":0,"cards_transformed":["Strike_B","Strike_B"],"player_choice":"Became Test Subject","damage_taken":0,"max_hp_gain":0,"max_hp_loss":0,"event_name":"Drug Dealer","floor":19,"gold_loss":0,"cards_obtained":["Capacitor","Cold Snap"]},{"damage_healed":0,"gold_gain":0,"player_choice":"Shed Blood","damage_taken":25,"max_hp_gain":5,"max_hp_loss":0,"event_name":"Forgotten Altar","floor":20,"gold_loss":0},{"damage_healed":0,"gold_gain":0,"player_choice":"","damage_taken":6,"max_hp_gain":0,"max_hp_loss":0,"event_name":"Knowing Skull","floor":22,"potions_obtained":[],"gold_loss":0,"cards_obtained":[]},{"damage_healed":0,"gold_gain":0,"player_choice":"Ignored","damage_taken":0,"max_hp_gain":0,"max_hp_loss":0,"event_name":"Vampires","floor":31,"gold_loss":0},{"damage_healed":0,"gold_gain":0,"player_choice":"Ignored","damage_taken":0,"max_hp_gain":0,"max_hp_loss":0,"event_name":"Mysterious Sphere","floor":37,"gold_loss":0},{"damage_healed":0,"gold_gain":0,"player_choice":"Paid","damage_taken":0,"relics_obtained":["Red Mask"],"max_hp_gain":0,"max_hp_loss":0,"event_name":"Tomb of Lord Red Mask","floor":38,"gold_loss":98},{"damage_healed":0,"gold_gain":0,"player_choice":"Fight","damage_taken":0,"max_hp_gain":0,"max_hp_loss":0,"event_name":"MindBloom","floor":45,"gold_loss":0},{"damage_healed":0,"gold_gain":50,"player_choice":"Pray","damage_taken":0,"max_hp_gain":0,"max_hp_loss":0,"event_name":"Golden Shrine","floor":48,"gold_loss":0}],"is_beta":false,"boss_relics":[{"not_picked":["Nuclear Battery","Cursed Key"],"picked":"Runic Pyramid"},{"not_picked":["FrozenCore","Empty Cage"],"picked":"Fusion Hammer"}],"items_purged_floors":[4,21],"is_endless":false,"potions_floor_spawned":[1,3,12,16,25,27,33,35],"killed_by":"The Heart","ascension_level":20}}