{"host":"y36bp6mnm73x3iob","time":1610405285,"event":{"mods":["2.2 Compatiblity","Aspiration","BaseMod","Downfall","GifTheSpireLib","Hermit","Hubris","Marisa????????","Minty Spire (QoL Compilation)","Replay The Spire","Retaliation","StSLib","Stuff the Spire","The Cursed","The Disciple","The Servant 0.9.4"],"gold_per_floor":[117,134,134,153,66,66,81,98,98,114,133,160,160,176,176,277,277,288,308,40,57,69,69,97,114,167,167,167],"floor_reached":27,"playtime":1225,"items_purged":[],"score":241,"play_id":"047d3dc9-a29f-4c15-8cbd-a3bfc50201a6","local_time":"20210112004805","is_ascension_mode":false,"campfire_choices":[{"data":"KidneyShot","floor":6,"key":"SMITH"},{"floor":15,"key":"REST"},{"floor":23,"key":"REST"}],"circlet_count":0,"master_deck":["Strike_S","Strike_S","Strike_S","Strike_S","Defend_S","Defend_S","Defend_S","Defend_S","KidneyShot+1","Exchange","MoonPhase","SurpressingFire","Defy","Ricochet+1","Rearm","Deny","Starlight","Moonlight","DoubleEdge","Sunlight","StarChef","LightFlow","Sabotage","Defy","SilverBlades","SilverBlades","SoulSculpture","Rearm","Advance+1","DoubleEdge","DoubleEdge+1","Replace+1"],"relics":["Uniform","Vajra","Oddly Smooth Stone","Replay:Bottled Flurry","DDmod:BarbedSlagRelic","StoneMask","Blue Doll"],"acts_visited":["Exordium","TheCity"],"potions_floor_usage":[7,14,16,16,16,21,25,27],"damage_taken":[{"damage":2,"enemies":"Small Slimes","floor":1,"turns":3},{"damage":6,"enemies":"Cultist","floor":2,"turns":5},{"damage":3,"enemies":"Jaw Worm","floor":4,"turns":5},{"damage":0,"enemies":"Exordium Thugs","floor":7,"turns":4},{"damage":10,"enemies":"Large Slime","floor":8,"turns":5},{"damage":4,"enemies":"2 Fungi Beasts","floor":10,"turns":2},{"damage":2,"enemies":"Exordium Wildlife","floor":11,"turns":2},{"damage":19,"enemies":"3 Sentries","floor":12,"turns":4},{"damage":0,"enemies":"Large Slime","floor":14,"turns":4},{"damage":5,"enemies":"Slime Boss","floor":16,"turns":8},{"damage":7,"enemies":"Chosen","floor":18,"turns":5},{"damage":10,"enemies":"Spheric Guardian","floor":19,"turns":4},{"damage":24,"enemies":"Snake Plant","floor":21,"turns":2},{"damage":14,"enemies":"Snecko","floor":22,"turns":6},{"damage":23,"enemies":"Book of Stabbing","floor":24,"turns":5},{"damage":15,"enemies":"Chosen and Byrds","floor":25,"turns":4},{"damage":18,"enemies":"Cultist and Chosen","floor":27,"turns":5}],"seed_played":"-7758742609416256445","potions_obtained":[{"floor":2,"key":"SteroidPotion"},{"floor":3,"key":"FearPotion"},{"floor":3,"key":"Slimebound:ThreeZeroPotion"},{"floor":3,"key":"Venom Potion"},{"floor":8,"key":"Dexterity Potion"},{"floor":14,"key":"Adrenaline Potion"},{"floor":19,"key":"champ:CounterPotion"},{"floor":21,"key":"DistilledChaos"},{"floor":22,"key":"Swift Potion"}],"is_trial":false,"path_per_floor":["M","M","?","M","$","R","M","M","T","M","M","E","?","M","R","B",null,"M","M","$","M","M","R","E","M","T","M"],"character_chosen":"THE_SERVANT","items_purchased":["Ricochet+1","Rearm","SilverBlades","SoulSculpture","Rearm"],"campfire_rested":2,"item_purchase_floors":[5,5,20,20,20],"current_hp_per_floor":[63,57,57,54,54,54,54,44,44,40,38,19,19,19,38,33,65,61,54,54,33,22,42,22,13,13,0,0],"gold":167,"neow_bonus":"RANDOM_COMMON_RELIC","is_daily":false,"chose_seed":false,"campfire_upgraded":1,"win_rate":0.0,"timestamp":1610405285,"path_taken":["M","M","?","M","?","R","?","M","T","M","M","E","?","M","R","BOSS","M","M","$","M","M","R","E","M","T","M"],"items_purchased_type":["Card","Card","Card","Card","Card"],"build_version":"2020-12-22","purchased_purges":0,"victory":false,"max_hp_per_floor":[65,65,65,65,65,65,65,65,65,65,65,65,65,65,65,65,65,66,67,67,68,69,69,70,72,72,73,73],"card_choices":[{"not_picked":["DoubleEdge","ShiftingGears"],"picked":"MoonPhase","floor":1},{"not_picked":["DoubleEdge","Unruled"],"picked":"SurpressingFire","floor":2},{"not_picked":["FanOfKnives","TimeWarp"],"picked":"Defy","floor":4},{"not_picked":["ShatteredReality","Ricochet"],"picked":"Deny","floor":7},{"not_picked":["Rewind","Revamp"],"picked":"Starlight","floor":8},{"not_picked":["ShiftingGears","Misdirection"],"picked":"Moonlight","floor":10},{"not_picked":["BottledTime","Spin"],"picked":"DoubleEdge","floor":11},{"not_picked":["ShatteredReality","Misdirection"],"picked":"Sunlight","floor":12},{"not_picked":["ReturningBlade","Spin"],"picked":"StarChef","floor":14},{"not_picked":["KillingDoll","Dilation"],"picked":"LightFlow","floor":16},{"not_picked":["Snipe+1","Defy"],"picked":"Sabotage","floor":18},{"not_picked":["Rearm","TimeWarp"],"picked":"Defy","floor":19},{"not_picked":["Rewind","FastForward"],"picked":"Advance+1","floor":21},{"not_picked":["Barrier","Alleviate"],"picked":"DoubleEdge","floor":22},{"not_picked":["Gouge","Alleviate"],"picked":"DoubleEdge+1","floor":24},{"not_picked":["Defy+1","Unruled"],"picked":"Replace+1","floor":25}],"player_experience":472363,"relics_obtained":[{"floor":9,"key":"Oddly Smooth Stone"},{"floor":12,"key":"Replay:Bottled Flurry"},{"floor":24,"key":"Blue Doll"}],"event_choices":[{"damage_healed":0,"gold_gain":0,"player_choice":"Got Potions","damage_taken":0,"max_hp_gain":0,"max_hp_loss":0,"event_name":"Lab","floor":3,"gold_loss":0}],"is_beta":false,"boss_relics":[{"not_picked":["Replay:Drink Me","Astrolabe"],"picked":"StoneMask"}],"items_purged_floors":[],"is_endless":false,"potions_floor_spawned":[2,4,8,14,19,21,22],"killed_by":"Cultist and Chosen","ascension_level":0}}