{"host":"z4nt7tdd4gjrinn7","time":1610388556,"event":{"mods":["BaseMod","Minty Spire (QoL Compilation)","StSLib"],"gold_per_floor":[117,117,117,117,136,136,159,159,159,159,159,169,169,198,198,298,298,314,329,280,300,300,300],"floor_reached":22,"playtime":1404,"items_purged":[],"score":191,"play_id":"38c43609-c9ce-4876-823a-b852479e2527","local_time":"20210111130916","is_ascension_mode":true,"campfire_choices":[{"data":"Demon Form","floor":6,"key":"SMITH"},{"floor":8,"key":"REST"},{"floor":13,"key":"REST"},{"data":"Perfected Strike","floor":15,"key":"SMITH"}],"circlet_count":0,"master_deck":["Strike_R","Strike_R","Strike_R","Strike_R","Strike_R","Defend_R","Defend_R","Defend_R","Defend_R","Bash","Demon Form+1","Iron Wave","Thunderclap","Perfected Strike+1","Armaments","Flame Barrier","Juggernaut","Sword Boomerang+1","Thunderclap","Cleave","Anger"],"relics":["Burning Blood","Odd Mushroom","Strawberry","Lizard Tail","Shuriken","Black Star"],"acts_visited":["Exordium","TheCity"],"potions_floor_usage":[16,19],"damage_taken":[{"damage":5,"enemies":"Small Slimes","floor":1,"turns":5},{"damage":1,"enemies":"Cultist","floor":5,"turns":4},{"damage":41,"enemies":"The Mushroom Lair","floor":7,"turns":6},{"damage":6,"enemies":"Jaw Worm","floor":12,"turns":2},{"damage":9,"enemies":"Gremlin Nob","floor":14,"turns":5},{"damage":29,"enemies":"The Guardian","floor":16,"turns":11},{"damage":44,"enemies":"Shell Parasite","floor":18,"turns":8},{"damage":20,"enemies":"3 Byrds","floor":19,"turns":5},{"damage":68,"enemies":"Shelled Parasite and Fungi","floor":21,"turns":8},{"damage":30,"enemies":"Centurion and Healer","floor":22,"turns":5}],"seed_played":"-5757987403959564690","potions_obtained":[{"floor":7,"key":"ColorlessPotion"},{"floor":14,"key":"Weak Potion"},{"floor":18,"key":"AttackPotion"}],"is_trial":false,"path_per_floor":["M","?","?","?","M","R","?","R","T","$","?","M","R","E","R","B",null,"M","M","$","M","M"],"character_chosen":"IRONCLAD","items_purchased":["Cleave"],"campfire_rested":2,"item_purchase_floors":[20],"current_hp_per_floor":[80,80,85,85,85,85,50,75,82,82,82,82,92,89,89,66,92,54,40,40,28,0,0],"gold":300,"neow_bonus":"ONE_RANDOM_RARE_CARD","is_daily":false,"chose_seed":false,"campfire_upgraded":2,"win_rate":0.0,"timestamp":1610388556,"path_taken":["M","?","?","?","M","R","?","R","T","$","?","M","R","E","R","BOSS","M","?","$","M","M"],"items_purchased_type":["Card"],"build_version":"2020-12-22","purchased_purges":0,"victory":false,"max_hp_per_floor":[80,80,85,85,85,85,85,85,92,92,92,92,92,92,92,92,92,92,92,92,92,92,92],"card_choices":[{"not_picked":["Pommel Strike","Havoc"],"picked":"Iron Wave","floor":1},{"not_picked":["Disarm","Clothesline"],"picked":"Thunderclap","floor":5},{"not_picked":["Demon Form","True Grit"],"picked":"Perfected Strike","floor":7},{"not_picked":["Wild Strike","Sever Soul"],"picked":"Armaments","floor":12},{"not_picked":["Uppercut","Perfected Strike"],"picked":"Flame Barrier","floor":14},{"not_picked":["Demon Form","Exhume"],"picked":"Juggernaut","floor":16},{"not_picked":["Body Slam","Bloodletting"],"picked":"Sword Boomerang+1","floor":18},{"not_picked":["Body Slam","Warcry"],"picked":"Thunderclap","floor":19},{"not_picked":["Reckless Charge+1","Pommel Strike+1"],"picked":"Anger","floor":21}],"player_experience":52454,"relics_obtained":[{"floor":7,"key":"Odd Mushroom"},{"floor":9,"key":"Strawberry"},{"floor":14,"key":"Shuriken"}],"event_choices":[{"damage_healed":0,"gold_gain":0,"player_choice":"Ignored","damage_taken":0,"max_hp_gain":0,"max_hp_loss":0,"event_name":"Shining Light","floor":2,"gold_loss":0},{"damage_healed":0,"gold_gain":0,"player_choice":"Donut","damage_taken":0,"max_hp_gain":5,"max_hp_loss":0,"event_name":"Big Fish","floor":3,"gold_loss":0},{"damage_healed":0,"gold_gain":0,"player_choice":"Ignored","damage_taken":0,"max_hp_gain":0,"max_hp_loss":0,"event_name":"Golden Wing","floor":4,"gold_loss":0},{"damage_healed":0,"gold_gain":0,"player_choice":"Fought Mushrooms","damage_taken":0,"max_hp_gain":0,"max_hp_loss":0,"event_name":"Mushrooms","floor":7,"gold_loss":0},{"damage_healed":0,"gold_gain":0,"player_choice":"Gave Potion","damage_taken":0,"relics_obtained":["Lizard Tail"],"max_hp_gain":0,"max_hp_loss":0,"event_name":"WeMeetAgain","floor":11,"gold_loss":0}],"is_beta":false,"boss_relics":[{"not_picked":["Runic Dome","Busted Crown"],"picked":"Black Star"}],"items_purged_floors":[],"is_endless":false,"potions_floor_spawned":[7,14,18],"killed_by":"Centurion and Healer","ascension_level":1}}