{"host":"32dedufnxebqtmo3","time":1610334676,"event":{"mods":["AchievementEnabler","BaseMod","Better Third Choice","Card Filter","Colored Powertips","Defuse TimeMaze Blight","GifTheSpireLib","Minty Spire (QoL Compilation)","MostiFishMod","Permanent Neow","Relic Filter","Relic Stats","Remove Card Discount Mod","Shop Mod","StSLib","The Cursed","Unceasing Turn Reminder"],"gold_per_floor":[-1286,-1269,-1249,-1249,-1232,-1232,-1201,-1190,-1190,-1190,-1171,-1171,-1151,-1137,-1137,-1032,-1032,-1014,-915,-896,-896,-896,-865,-854,-839,-760,-750,-750,-733,-717,-690,-690,-589,-589,-577,-566,-551,-534,-524,-524,-524,-508,-484,-459,-459,-439,-411,-397,-397,-397],"floor_reached":51,"playtime":2749,"items_purged":[],"score":1111,"play_id":"aad7203f-6bbd-4e87-8d7e-f72f71674c5a","local_time":"20210110191116","is_ascension_mode":false,"campfire_choices":[{"data":"Neutralize","floor":6,"key":"SMITH"},{"data":"After Image","floor":10,"key":"SMITH"},{"data":"Cloak And Dagger","floor":12,"key":"SMITH"},{"data":"Cloak And Dagger","floor":15,"key":"SMITH"},{"data":"Cloak And Dagger","floor":28,"key":"SMITH"},{"data":"Cloak And Dagger","floor":32,"key":"SMITH"},{"data":"Cloak And Dagger","floor":41,"key":"SMITH"},{"data":"Prepared","floor":45,"key":"SMITH"},{"data":"Blade Dance","floor":49,"key":"SMITH"}],"circlet_count":0,"master_deck":["Strike_G","Strike_G","Strike_G","Strike_G","Strike_G","Defend_G","Defend_G+1","Defend_G","Defend_G+1","Defend_G","Survivor","Neutralize+1","Dramatic Entrance","MostiFishMod:PerfectParry","Dagger Spray","Noxious Fumes","Slice","After Image+1","Quick Slash","Cloak And Dagger+1","Blade Dance+1","Cloak And Dagger+1","MostiFishMod:SpreadingSpore","Cloak And Dagger+1","Cloak And Dagger+1","Accuracy+1","Infinite Blades","Backflip","Quick Slash","Blade Dance+1","Quick Slash+1","Infinite Blades","Cloak And Dagger+1","Flash of Steel","Prepared+1","Backflip","Cloak And Dagger+1"],"relics":["Ring of the Snake","DaveBox","SynthV:MejaisSoulstealer","SynthV:TestCard","Centennial Puzzle","Bag of Marbles","Mercury Hourglass","Runic Pyramid","HornCleat","Bottled Lightning","Bottled Flame","GuanYuAspect","War Paint","Mummified Hand","Frozen Egg 2"],"acts_visited":["Exordium","TheCity","TheBeyond"],"potions_floor_usage":[36,38,50,50,50,50,50,50,50,50,50],"damage_taken":[{"damage":0,"enemies":"2 Louse","floor":1,"turns":2},{"damage":0,"enemies":"Small Slimes","floor":2,"turns":2},{"damage":0,"enemies":"Cultist","floor":3,"turns":1},{"damage":0,"enemies":"2 Fungi Beasts","floor":5,"turns":2},{"damage":0,"enemies":"3 Sentries","floor":7,"turns":3},{"damage":0,"enemies":"Large Slime","floor":8,"turns":3},{"damage":0,"enemies":"Gremlin Gang","floor":11,"turns":1},{"damage":0,"enemies":"2 Fungi Beasts","floor":13,"turns":1},{"damage":0,"enemies":"Blue Slaver","floor":14,"turns":1},{"damage":0,"enemies":"Slime Boss","floor":16,"turns":4},{"damage":0,"enemies":"Shell Parasite","floor":18,"turns":2},{"damage":0,"enemies":"Chosen","floor":20,"turns":2},{"damage":0,"enemies":"Slavers","floor":23,"turns":3},{"damage":0,"enemies":"Snecko","floor":24,"turns":3},{"damage":0,"enemies":"Cultist and Chosen","floor":25,"turns":3},{"damage":0,"enemies":"3 Cultists","floor":27,"turns":3},{"damage":0,"enemies":"Centurion and Healer","floor":29,"turns":2},{"damage":0,"enemies":"Sentry and Sphere","floor":30,"turns":4},{"damage":0,"enemies":"Book of Stabbing","floor":31,"turns":4},{"damage":0,"enemies":"Automaton","floor":33,"turns":6},{"damage":0,"enemies":"3 Shapes","floor":35,"turns":1},{"damage":0,"enemies":"Orb Walker","floor":36,"turns":1},{"damage":1,"enemies":"4 Shapes","floor":37,"turns":2},{"damage":0,"enemies":"Writhing Mass","floor":38,"turns":5},{"damage":0,"enemies":"Jaw Worm Horde","floor":39,"turns":2},{"damage":0,"enemies":"4 Shapes","floor":42,"turns":1},{"damage":0,"enemies":"Reptomancer","floor":44,"turns":3},{"damage":0,"enemies":"3 Darklings","floor":46,"turns":1},{"damage":0,"enemies":"Giant Head","floor":47,"turns":5},{"damage":0,"enemies":"Writhing Mass","floor":48,"turns":4},{"damage":0,"enemies":"Awakened One","floor":50,"turns":5}],"seed_played":"-932926688727031799","potions_obtained":[{"floor":3,"key":"Explosive Potion"},{"floor":7,"key":"CunningPotion"},{"floor":13,"key":"GamblersBrew"},{"floor":14,"key":"CunningPotion"},{"floor":16,"key":"Ancient Potion"},{"floor":37,"key":"FearPotion"},{"floor":39,"key":"SteroidPotion"},{"floor":42,"key":"Swift Potion"},{"floor":46,"key":"EssenceOfSteel"}],"is_trial":false,"path_per_floor":["M","M","M","?","M","R","E","M","T","R","M","R","M","M","R","B",null,"M","?","M","?","?","E","M","M","T","M","R","M","M","E","R","B",null,"M","M","M","M","M","?","R","M","T","E","R","M","E","M","R","B",null],"character_chosen":"THE_SILENT","items_purchased":[],"campfire_rested":0,"item_purchase_floors":[],"current_hp_per_floor":[70,70,70,67,67,67,67,67,67,67,67,67,67,67,67,67,70,70,70,70,70,70,70,70,70,70,70,70,70,70,70,70,70,35,35,35,35,35,35,35,35,35,35,35,35,35,35,35,35,35],"gold":-397,"neow_bonus":"RANDOM_COLORLESS","is_daily":false,"chose_seed":false,"campfire_upgraded":9,"win_rate":0.0,"timestamp":1610334676,"path_taken":["M","M","M","?","M","R","E","M","T","R","M","R","M","M","R","BOSS","M","?","M","?","?","E","M","M","T","M","R","?","M","E","R","BOSS","M","M","M","M","M","?","R","M","T","E","R","M","E","M","R","BOSS"],"items_purchased_type":[],"build_version":"2020-12-22","purchased_purges":0,"victory":true,"max_hp_per_floor":[70,70,70,70,70,70,70,70,70,70,70,70,70,70,70,70,70,70,70,70,70,70,70,70,70,70,70,70,70,70,70,70,70,35,35,35,35,35,35,35,35,35,35,35,35,35,35,35,35,35],"relic_stats":{"Centennial Puzzle":[3],"counters":[31,81],"Mummified Hand":[15],"War Paint":["Defend_G","Defend_G"],"obtain_stats":[{"SynthV:MejaisSoulstealer":0,"DaveBox":0,"War Paint":43,"Frozen Egg 2":47,"Mercury Hourglass":9,"Centennial Puzzle":4,"Bottled Flame":31,"SynthV:TestCard":1,"HornCleat":23,"GuanYuAspect":34,"Mummified Hand":44,"Bag of Marbles":7,"Bottled Lightning":26,"Ring of the Snake":0,"Runic Pyramid":17},{"SynthV:MejaisSoulstealer":0,"DaveBox":0,"War Paint":26,"Frozen Egg 2":29,"Mercury Hourglass":6,"Centennial Puzzle":3,"Bottled Flame":19,"SynthV:TestCard":1,"HornCleat":13,"GuanYuAspect":20,"Mummified Hand":27,"Bag of Marbles":5,"Bottled Lightning":15,"Ring of the Snake":0,"Runic Pyramid":10},{"SynthV:MejaisSoulstealer":0,"DaveBox":0,"War Paint":63,"Frozen Egg 2":72,"Mercury Hourglass":13,"Centennial Puzzle":5,"Bottled Flame":45,"SynthV:TestCard":2,"HornCleat":27,"GuanYuAspect":51,"Mummified Hand":66,"Bag of Marbles":10,"Bottled Lightning":33,"Ring of the Snake":0,"Runic Pyramid":20}],"Ring of the Snake":[62],"Mercury Hourglass":[284]},"card_choices":[{"not_picked":["Finesse","Good Instincts"],"picked":"Dramatic Entrance","floor":0},{"not_picked":["Quick Slash","Underhanded Strike"],"picked":"MostiFishMod:PerfectParry","floor":1},{"not_picked":["Dagger Throw","Outmaneuver","MostiFishMod:PerfectParry","Setup"],"picked":"Dagger Spray","floor":2},{"not_picked":["Outmaneuver","MostiFishMod:PerfectParry","Doppelganger","Prepared"],"picked":"Noxious Fumes","floor":3},{"not_picked":["Quick Slash","Poisoned Stab","MostiFishMod:AdrenalineArouse","Backflip"],"picked":"Slice","floor":5},{"not_picked":["Skewer","Backflip","Quick Slash","Dagger Spray"],"picked":"After Image","floor":7},{"not_picked":["MostiFishMod:PerfectParry","Prepared","Outmaneuver","Calculated Gamble"],"picked":"Quick Slash","floor":8},{"not_picked":["Dagger Throw","Backstab","Backflip","Heel Hook"],"picked":"Cloak And Dagger","floor":11},{"not_picked":["Deflect","All Out Attack","Bouncing Flask","Endless Agony"],"picked":"Blade Dance","floor":13},{"not_picked":["Prepared","MostiFishMod:PerfectParry","Skewer","Flying Knee"],"picked":"Cloak And Dagger","floor":14},{"not_picked":["Die Die Die","MostiFishMod:Dislodge","MostiFishMod:ShivMaster","After Image"],"picked":"MostiFishMod:SpreadingSpore","floor":16},{"not_picked":["Dagger Throw","Deflect","MostiFishMod:PoisonShield","Noxious Fumes"],"picked":"Cloak And Dagger","floor":18},{"not_picked":["Flying Knee","Dodge and Roll","Deflect","PiercingWail","Outmaneuver+1"],"picked":"SKIP","floor":20},{"not_picked":["MostiFishMod:FrostNova","Underhanded Strike","Deflect+1","MostiFishMod:Wind"],"picked":"Cloak And Dagger","floor":23},{"not_picked":["All Out Attack","Underhanded Strike","Heel Hook+1","Prepared"],"picked":"Accuracy+1","floor":24},{"not_picked":["Underhanded Strike","Bane","Sucker Punch+1","Blade Dance"],"picked":"Infinite Blades","floor":25},{"not_picked":["Dagger Spray","Phantasmal Killer","PiercingWail","Caltrops","All Out Attack"],"picked":"SKIP","floor":27},{"not_picked":["MostiFishMod:PerfectParry+1","Choke","Sucker Punch","Deflect"],"picked":"Backflip","floor":29},{"not_picked":["Underhanded Strike","Sucker Punch+1","Outmaneuver","MostiFishMod:FrostNova"],"picked":"Quick Slash","floor":30},{"not_picked":["Predator","Venomology","MostiFishMod:PoisonShield","Poisoned Stab"],"picked":"Blade Dance+1","floor":31},{"not_picked":["MostiFishMod:GrandStart","MostiFishMod:Confrontation","Storm of Steel","Bullet Time"],"picked":"MostiFishMod:FullyArmed","floor":33},{"not_picked":["Outmaneuver","Dodge and Roll+1","Underhanded Strike+1","Flying Knee+1"],"picked":"Quick Slash+1","floor":35},{"not_picked":["Deflect+1","Sucker Punch+1","MostiFishMod:Dislodge","Quick Slash"],"picked":"Infinite Blades","floor":36},{"not_picked":["MostiFishMod:PerfectParry+1","Dodge and Roll","Tactician+1","Deflect","Leg Sweep"],"picked":"SKIP","floor":37},{"not_picked":["Quick Slash+1","Riddle With Holes","Finisher","MostiFishMod:PerfectParry+1"],"picked":"Cloak And Dagger","floor":38},{"not_picked":["Riddle With Holes","Flying Knee","Slice+1","Endless Agony","Tactician"],"picked":"SKIP","floor":39},{"not_picked":["Master of Strategy","Discovery","Dramatic Entrance","Secret Technique"],"picked":"Flash of Steel","floor":40},{"not_picked":["Dagger Throw","Expertise","Terror","Choke+1"],"picked":"Prepared","floor":42},{"not_picked":["Masterful Stab","Prepared","Bane+1","Endless Agony+1"],"picked":"Backflip","floor":44},{"not_picked":["Leg Sweep+1","Dagger Throw","Heel Hook","Deflect+1"],"picked":"Cloak And Dagger+1","floor":46},{"not_picked":["Slice+1","Backstab+1","PiercingWail+1","Catalyst+1","Distraction"],"picked":"SKIP","floor":47},{"not_picked":["Tactician","MostiFishMod:PoisonShield","Deadly Poison+1","Endless Agony","Poisoned Stab+1"],"picked":"SKIP","floor":48}],"player_experience":667740,"relics_obtained":[{"floor":1,"key":"SynthV:TestCard"},{"floor":7,"key":"Bag of Marbles"},{"floor":9,"key":"Mercury Hourglass"},{"floor":23,"key":"HornCleat"},{"floor":26,"key":"Bottled Lightning"},{"floor":31,"key":"Bottled Flame"},{"floor":43,"key":"War Paint"},{"floor":44,"key":"Mummified Hand"},{"floor":47,"key":"Frozen Egg 2"}],"event_choices":[{"damage_healed":0,"gold_gain":0,"player_choice":"Relic ","damage_taken":3,"max_hp_gain":0,"max_hp_loss":0,"event_name":"betterThird:BetterScrap","floor":4,"gold_loss":0,"cards_obtained":["ForeignInfluence"]},{"damage_healed":0,"gold_gain":99,"player_choice":"Steal","damage_taken":0,"max_hp_gain":0,"max_hp_loss":0,"event_name":"betterThird:BetterNest","floor":19,"gold_loss":0},{"damage_healed":0,"gold_gain":0,"player_choice":"Ignored","damage_taken":0,"max_hp_gain":0,"max_hp_loss":0,"event_name":"Vampires","floor":21,"gold_loss":0},{"damage_healed":0,"gold_gain":0,"player_choice":"Ignored","damage_taken":0,"max_hp_gain":0,"max_hp_loss":0,"event_name":"NoteForYourself","floor":22,"gold_loss":0},{"damage_healed":0,"gold_gain":0,"player_choice":"Memory 1","damage_taken":0,"max_hp_gain":0,"max_hp_loss":0,"event_name":"SensoryStone","floor":40,"gold_loss":0}],"is_beta":false,"boss_relics":[{"not_picked":["RhineSuit","Velvet Choker"],"picked":"Runic Pyramid"},{"not_picked":["Fusion Hammer","Busted Crown"],"picked":"GuanYuAspect"}],"items_purged_floors":[],"is_endless":false,"potions_floor_spawned":[3,7,13,14,16,18,25,27,31,37,39,42,44,46],"ascension_level":0}}