{"host":"0ttaavwaei2fh9kw","time":1610385795,"event":{"mods":["Act Like it!","Aspiration","BaseMod","Chen","Colored Map","Decade(王小明)","Downfall","Gensokyo","Hallownest","Hubris","Infinite Spire","KinomotoSakuraMod(木之本樱)","Lobotomy","LobotomyExtend","Marisa（F雨　魔理沙）","Minty Spire (QoL Compilation)","Prisma Mod","Reimu（博丽灵梦）","Remilia（蕾米莉亚）","Replay The Spire","Spicy Shops","StSLib","The Jungle","The Servant 0.9.4","WarShipGirlsR/战舰少女R mod","Youmu（魂魄妖梦）"],"gold_per_floor":[115,115,115,115,135,163,178,178,178,178,213,213,144,32,32,130,130,442,453,472,472,472,472,490,506,557,573,600,600,600,611,611,611,611,611,611],"floor_reached":35,"playtime":1638,"items_purged":["ReplayTheSpireMod:Doomed"],"score":285,"play_id":"086c06ea-168e-48c8-a941-b264e241988d","local_time":"20210112012315","is_ascension_mode":false,"campfire_choices":[{"data":"PrismaMod:IllyaUncommonDefend","floor":8.0,"key":"SMITH"},{"data":"infinitespire:FinalStrike","floor":12.0,"key":"SMITH"},{"data":"PrismaMod:IllyaUberAttackChannel","floor":15.0,"key":"SMITH"},{"data":"PrismaMod:IllyaCarnivalOrbs","floor":23,"key":"SMITH"},{"data":"PrismaMod:IllyaCarnivalOrbs","floor":29,"key":"SMITH"},{"floor":34,"key":"DIG"}],"circlet_count":0,"master_deck":["PrismaMod:IllyaCommonAttack","PrismaMod:IllyaCommonDefend","PrismaMod:IllyaCommonAttack","PrismaMod:IllyaCommonDefend","PrismaMod:IllyaCommonAttack","PrismaMod:IllyaCommonDefend","PrismaMod:IllyaCommonAttack","PrismaMod:IllyaCommonDefend","PrismaMod:IllyaCommonAttack","PrismaMod:IllyaCommonDefend","PrismaMod:IllyaUncommonAttack","PrismaMod:IllyaUncommonDefend+1","FairyFestival","infinitespire:FinalStrike+1","PrismaMod:IllyaUberAttackChannel+1","PrismaMod:IllyaBerserCAR","Pot Of Greed","Pot Of Greed","PrismaMod:IllyaUberAttackChannel","PrismaMod:IllyaCarnivalOrbs+1","PrismaMod:IllyaCarnivalDefend","PrismaMod:IllyaDevil+1","Pot Of Greed","PrismaMod:IllyaCarnivalOrbs+1","PrismaMod:IllyaRapidFire+1","PrismaMod:IllyaInstallArcher","PrismaMod:IllyaInstallAlterEgo"],"relics":["PrismaMod:PrismaRuby","CogitoBucket","LetterFromLob","hubris:MedicalManual","Grinning Jar","ReplayTheSpireMod:CursedCoin","Replay:Baseball","Ring of Chaos","ReplayTheSpireMod:TigerMarble","Juzu Bracelet","Blue Doll","Replay:Bottled Flurry","StoneCalendar"],"acts_visited":["Gensokyo:Gensokyo","Gensokyo:Gensokyo"],"potions_floor_usage":[25,25],"damage_taken":[{"damage":0.0,"enemies":"Gensokyo:Gryphon","floor":1.0,"turns":5.0},{"damage":0.0,"enemies":"Gensokyo:2_Kodama","floor":5.0,"turns":4.0},{"damage":28.0,"enemies":"Gensokyo:Cirno","floor":6.0,"turns":9.0},{"damage":0.0,"enemies":"Gensokyo:Python","floor":7.0,"turns":2.0},{"damage":2.0,"enemies":"Gensokyo:Mamizou","floor":11.0,"turns":5.0},{"damage":21.0,"enemies":"Gensokyo:Reimu","floor":16.0,"turns":9.0},{"damage":15,"enemies":"theJungle:5_Spyders","floor":18,"turns":4},{"damage":6,"enemies":"theJungle:GiantWrat","floor":19,"turns":3},{"damage":4,"enemies":"theJungle:Lyon","floor":20,"turns":3},{"damage":0,"enemies":"theJungle:2_Snecko_Cultists","floor":24,"turns":3},{"damage":20,"enemies":"theJungle:2_Flameangoes","floor":25,"turns":5},{"damage":0,"enemies":"Snake Plant","floor":27,"turns":4},{"damage":5,"enemies":"Nightmare","floor":28,"turns":6},{"damage":8,"enemies":"theJungle:2_Snecko_Cultists","floor":31,"turns":4},{"damage":22,"enemies":"theJungle:TotemBoss","floor":35,"turns":2}],"seed_played":"-8066358421646032810","potions_obtained":[{"floor":6.0,"key":"champ:CounterPotion"},{"floor":7.0,"key":"Weak Potion"},{"floor":11.0,"key":"Strength Potion"},{"floor":19,"key":"LifebloodPotion"},{"floor":27,"key":"SteroidPotion"}],"is_trial":false,"path_per_floor":["M","?","?","?","M","E","M","R","T","M","E","R","$","COS","R","B",null,"M","M","M","?","AVR","R","M","M","T","M","NM","R","?","M","PTL","PTL","R_BF","B"],"character_chosen":"ILLYA","items_purchased":["ReplayTheSpireMod:CursedCoin","Replay:Baseball"],"campfire_rested":0,"item_purchase_floors":[13,13],"current_hp_per_floor":[75,75,75,58,58,30,30,30,30,30,28,28,28,28,28,7,75,60,54,50,50,50,50,50,34,34,34,29,29,29,21,21,21,21,0,0],"gold":611,"neow_bonus":"","is_daily":false,"chose_seed":false,"campfire_upgraded":5,"win_rate":0.0,"timestamp":1610385795,"path_taken":["M","?","?","?","M","E","M","R","T","M","E","R","?","COS","R","BOSS","M","M","M","?","AVR","R","M","M","T","M","NM","R","?","M","PTL","PTL","R_BF","BOSS"],"items_purchased_type":["Relic","Relic"],"build_version":"2020-12-22","purchased_purges":1,"victory":false,"max_hp_per_floor":[75,75,75,75,75,75,75,75,75,75,75,75,75,75,75,75,75,75,75,75,75,75,75,75,75,75,75,75,75,75,75,75,75,75,75,75],"card_choices":[{"not_picked":["HappyTeddy","Porccubus"],"picked":"FairyFestival","floor":1.0},{"not_picked":["PrismaMod:IllyaUncommonEvoke","PrismaMod:IllyaUpgradeOrbs","PrismaMod:IllyaStunPoison"],"picked":"SKIP","floor":1.0},{"not_picked":["infinitespire:TheBestDefense","infinitespire:Punishment"],"picked":"infinitespire:FinalStrike","floor":4.0},{"not_picked":["PrismaMod:IllyaCheapAttack","PrismaMod:IllyaRussianRoulette","PrismaMod:IllyaPartialInstallAssassin"],"picked":"SKIP","floor":5.0},{"not_picked":["PrismaMod:IllyaFriendMaker","PrismaMod:IllyaAssassinRevenge"],"picked":"PrismaMod:IllyaUberAttackChannel","floor":6.0},{"not_picked":["PrismaMod:IllyaMinorRapidFire","PrismaMod:IllyaPoisonTippedWeapons"],"picked":"PrismaMod:IllyaBerserCAR","floor":7.0},{"not_picked":["PrismaMod:IllyaSaphire","PrismaMod:IllyaPartialInstallAssassin"],"picked":"PrismaMod:IllyaUberAttackChannel","floor":11.0},{"not_picked":["PrismaMod:IllyaCarnivalAttack","PrismaMod:IllyaUberDefendChannel"],"picked":"PrismaMod:IllyaCarnivalOrbs","floor":16.0},{"not_picked":["PrismaMod:IllyaCheapChannelDefend+1","PrismaMod:IllyaFeed"],"picked":"PrismaMod:IllyaCarnivalDefend","floor":18},{"not_picked":["PrismaMod:IllyaMinorZwei","PrismaMod:IllyaTestament","PrismaMod:IllyaGun+1"],"picked":"SKIP","floor":19},{"not_picked":["PrismaMod:IllyaBoysLove","PrismaMod:IllyaBlindPoisonToss+1"],"picked":"PrismaMod:IllyaDevil+1","floor":20},{"not_picked":["PrismaMod:IllyaUncommonEvoke","PrismaMod:IllyaStunPoison"],"picked":"PrismaMod:IllyaRapidFire+1","floor":24},{"not_picked":["PrismaMod:IllyaCommonEvoke+1","PrismaMod:IllyaAssassinRevenge"],"picked":"PrismaMod:IllyaInstallArcher","floor":25},{"not_picked":["PrismaMod:IllyaDualEvoke","PrismaMod:IllyaHassanGift","PrismaMod:IllyaPoisonTippedWeapons"],"picked":"SKIP","floor":27},{"not_picked":["PrismaMod:IllyaCarnivalPrismaAstolfo","PrismaMod:IllyaUncommonEvoke+1"],"picked":"PrismaMod:IllyaInstallAlterEgo","floor":28},{"not_picked":["PrismaMod:IllyaPoisonBlock","PrismaMod:IllyaCheapDefend","PrismaMod:IllyaGun+1"],"picked":"SKIP","floor":31}],"player_experience":168612,"relics_obtained":[{"floor":1.0,"key":"LetterFromLob"},{"floor":6.0,"key":"hubris:MedicalManual"},{"floor":9.0,"key":"Grinning Jar"},{"floor":26,"key":"Blue Doll"},{"floor":28,"key":"Replay:Bottled Flurry"},{"floor":34,"key":"StoneCalendar"}],"event_choices":[],"is_beta":false,"boss_relics":[{"not_picked":["hubris:BlackHole","Snecko Eye"],"picked":"Ring of Chaos"}],"items_purged_floors":[13],"is_endless":true,"potions_floor_spawned":[6,7,11,19,24,27],"killed_by":"theJungle:TotemBoss","ascension_level":0}}