{"host":"m1168lp3vv5pgdep","time":1610373466,"event":{"mods":["Act Like it!","Aspiration","BaseMod","Better Altar","Better Match","Better Sensory Stone","Better Skull","Better Third Choice","Block Reminder","CCEM","Curses Come First","Elementarium","Gensokyo","GungeonMod","Hallownest","Hermit","Hubris","Menagerie","Minty Spire (QoL Compilation)","Pale of the Ancients","Permanent Neow","Quick Restart","Small Relic Pack","Spicy Shops","StSLib","The Bug Knight","The Forsaken","The Marked","Wandering Minibosses","WarShipGirlsR/????R mod"],"gold_per_floor":[111,128,128,142,155,155,190,190,214,224,10,30,42,75,75,172,172,187,112,128,148,48,80,98,98,125,125,144,155,155,165,165,260,260,273,148,148,198,214,240,240,240,240],"floor_reached":42,"playtime":4693,"items_purged":["Strike_R","Strike_R","Strike_R"],"score":510,"play_id":"2e82210a-ef7e-407f-bce8-10200bd95b29","local_time":"20210111135746","is_ascension_mode":false,"campfire_choices":[{"floor":6.0,"key":"RECALL"},{"data":"Body Slam","floor":8.0,"key":"SMITH"},{"data":"Flame Barrier","floor":15.0,"key":"SMITH"},{"data":"Fire Breathing","floor":27,"key":"SMITH"},{"floor":32,"key":"REST"},{"floor":41,"key":"REST"}],"circlet_count":0,"master_deck":["Defend_R","Defend_R","Defend_R","Defend_R","Bash","Body Slam+1","True Grit","Pummel","Power Through","Flame Barrier+1","Feed","Rampage","Feed+1","Fire Breathing+1","Power Through","Metallicize","Flame Barrier","Fire Breathing","Entrench","Pummel"],"relics":["Burning Blood","relicPack:DSword","theForsaken:Lifeblossom","Odd Mushroom","Happy Flower","Empty Cage","hubris:TinFlute","FaceOfCleric","Dream Catcher","hubris:FunFungus","wanderingMiniBosses:Blackblade","CCEMRelics:PorcelainBowl"],"acts_visited":["Exordium","TheCity","TheBeyond"],"potions_floor_usage":[23,23,33,38,40,40,40,42],"damage_taken":[{"damage":5.0,"enemies":"Cultist","floor":1.0,"turns":4.0},{"damage":0.0,"enemies":"2 Louse","floor":2.0,"turns":3.0},{"damage":1.0,"enemies":"Small Slimes","floor":4.0,"turns":4.0},{"damage":20.0,"enemies":"Red Slaver","floor":5.0,"turns":7.0},{"damage":20.0,"enemies":"3 Sentries","floor":7.0,"turns":9.0},{"damage":4.0,"enemies":"2 Fungi Beasts","floor":10.0,"turns":4.0},{"damage":0.0,"enemies":"The Mushroom Lair","floor":12.0,"turns":5.0},{"damage":0.0,"enemies":"Gremlin Gang","floor":13.0,"turns":5.0},{"damage":12.0,"enemies":"Gremlin Nob","floor":14.0,"turns":4.0},{"damage":25.0,"enemies":"Slime Boss","floor":16.0,"turns":12.0},{"damage":15,"enemies":"Chosen","floor":18,"turns":9},{"damage":26,"enemies":"2 Thieves","floor":20,"turns":6},{"damage":34,"enemies":"Sentry and Sphere","floor":21,"turns":7},{"damage":20,"enemies":"Slavers","floor":23,"turns":6},{"damage":18,"enemies":"Snecko","floor":24,"turns":5},{"damage":0,"enemies":"Shelled Parasite and Fungi","floor":28,"turns":6},{"damage":5,"enemies":"Centurion and Healer","floor":29,"turns":8},{"damage":25,"enemies":"Snake Plant","floor":31,"turns":5},{"damage":34,"enemies":"Collector","floor":33,"turns":12},{"damage":20,"enemies":"3 Darklings","floor":35,"turns":11},{"damage":67,"enemies":"Mind Bloom Boss Battle","floor":38,"turns":10},{"damage":20,"enemies":"3 Shapes","floor":39,"turns":4},{"damage":33,"enemies":"Reptomancer","floor":40,"turns":8},{"damage":108,"enemies":"Giant Head","floor":42,"turns":10}],"seed_played":"4517677625273501594","potions_obtained":[{"floor":1.0,"key":"FearPotion"},{"floor":2.0,"key":"SpeedPotion"},{"floor":5.0,"key":"DemoMod:LeadSkinPotion"},{"floor":7.0,"key":"BloodPotion"},{"floor":12.0,"key":"Dexterity Potion"},{"floor":20,"key":"FearPotion"},{"floor":21,"key":"Dexterity Potion"},{"floor":28,"key":"BlessingOfTheForge"},{"floor":35,"key":"Regen Potion"},{"floor":39,"key":"DistilledChaos"},{"floor":40,"key":"ColorlessPotion"}],"is_trial":false,"path_per_floor":["M","M","?","M","M","R","E","R","T","M","$","?","M","E","R","B",null,"M","?","M","M","$","E","M","?","T","R","M","M","?","M","R","B",null,"M","$","?","?","M","E","R","E"],"character_chosen":"IRONCLAD","items_purchased":["Pummel","Dexterity Potion"],"campfire_rested":2,"item_purchase_floors":[11,11],"current_hp_per_floor":[88,88,53,58,44,44,30,30,30,55,55,67,79,79,79,66,88,79,79,68,53,53,52,50,50,50,50,67,82,82,70,106,85,124,112,112,112,83,81,62,101,0,0],"gold":240,"neow_bonus":"TEN_PERCENT_HP_BONUS","is_daily":false,"chose_seed":false,"campfire_upgraded":3,"win_rate":0.0,"timestamp":1610373466,"path_taken":["M","?","?","M","M","R","E","R","T","M","$","?","M","E","R","BOSS","M","?","M","M","$","E","M","?","T","R","M","?","?","M","R","BOSS","M","$","?","?","M","E","R","E"],"items_purchased_type":["Card","Potion"],"build_version":"2020-12-22","purchased_purges":3,"victory":false,"max_hp_per_floor":[88,88,88,88,88,88,88,88,88,88,88,88,88,88,88,88,88,88,88,91,98,98,105,109,109,109,109,114,122,122,123,123,124,124,125,125,125,126,131,132,132,132,132],"card_choices":[{"not_picked":["Uppercut","Feel No Pain","Hemokinesis"],"picked":"SKIP","floor":1.0},{"not_picked":["Evolve","Intimidate","Carnage"],"picked":"SKIP","floor":2.0},{"not_picked":["Cleave","Burning Pact"],"picked":"Body Slam","floor":4.0},{"not_picked":["Feel No Pain","Hemokinesis","Sword Boomerang"],"picked":"SKIP","floor":5.0},{"not_picked":["Intimidate","Clothesline","Thunderclap"],"picked":"SKIP","floor":7.0},{"not_picked":["Second Wind","Sword Boomerang"],"picked":"True Grit","floor":10.0},{"not_picked":["Cleave","Dual Wield"],"picked":"Power Through","floor":12.0},{"not_picked":["Iron Wave","Reckless Charge"],"picked":"Flame Barrier","floor":13.0},{"not_picked":["Warcry","Carnage","hubris:CleavingFinish"],"picked":"SKIP","floor":14.0},{"not_picked":["Bludgeon","Double Tap"],"picked":"Feed","floor":16.0},{"not_picked":["Rage","Infernal Blade"],"picked":"Rampage","floor":18},{"not_picked":["Limit Break+1","Berserk+1"],"picked":"Feed+1","floor":19},{"not_picked":["Heavy Blade","Sword Boomerang","Searing Blow+1"],"picked":"SKIP","floor":20},{"not_picked":["Perfected Strike","Rupture+1"],"picked":"Fire Breathing","floor":21},{"not_picked":["hubris:SharpeningStone","Cleave"],"picked":"Power Through","floor":23},{"not_picked":["Heavy Blade","Seeing Red"],"picked":"Metallicize","floor":24},{"not_picked":["Perfected Strike+1","DemoMod:WhiteBlade"],"picked":"Flame Barrier","floor":28},{"not_picked":["Thunderclap","Havoc+1"],"picked":"Fire Breathing","floor":29},{"not_picked":["Anger+1","DemoMod:BlackBlade+1","Wild Strike+1"],"picked":"SKIP","floor":31},{"not_picked":["hubris:ReadiedAction+1","Clothesline+1","Infernal Blade"],"picked":"SKIP","floor":35},{"not_picked":["hubris:ReadiedAction+1","True Grit","Headbutt"],"picked":"SKIP","floor":39},{"not_picked":["Second Wind+1","Seeing Red+1","hubris:SharpeningStone+1"],"picked":"SKIP","floor":40}],"player_experience":166842,"relics_obtained":[{"floor":7.0,"key":"theForsaken:Lifeblossom"},{"floor":12.0,"key":"Odd Mushroom"},{"floor":14.0,"key":"Happy Flower"},{"floor":23,"key":"hubris:TinFlute"},{"floor":26,"key":"Dream Catcher"},{"floor":38,"key":"hubris:FunFungus"},{"floor":38,"key":"wanderingMiniBosses:Blackblade"},{"floor":40,"key":"CCEMRelics:PorcelainBowl"}],"event_choices":[{"damage_healed":0.0,"max_hp_gain":0.0,"max_hp_loss":0.0,"gold_gain":0.0,"event_name":"Mushrooms","player_choice":"Fought Mushrooms","floor":12.0,"gold_loss":0.0,"damage_taken":0.0},{"damage_healed":0,"gold_gain":0,"player_choice":"2","damage_taken":0,"max_hp_gain":0,"max_hp_loss":0,"event_name":"betterMatch:BetterMatch","floor":19,"gold_loss":0,"cards_obtained":["betterMatch:RareCard"]},{"damage_healed":0,"gold_gain":0,"player_choice":"Trade","damage_taken":0,"relics_obtained":["FaceOfCleric"],"max_hp_gain":0,"max_hp_loss":0,"event_name":"FaceTrader","floor":25,"gold_loss":0},{"damage_healed":0,"gold_gain":0,"player_choice":"Read","damage_taken":0,"max_hp_gain":0,"max_hp_loss":0,"event_name":"The Library","floor":30,"gold_loss":0,"cards_obtained":["Entrench"]},{"damage_healed":0,"gold_gain":0,"player_choice":"Fight","damage_taken":0,"max_hp_gain":0,"max_hp_loss":0,"event_name":"MindBloom","floor":38,"gold_loss":0}],"is_beta":false,"boss_relics":[{"not_picked":["Cursed Key","Runic Dome"],"picked":"Empty Cage"},{"not_picked":["CCEMRelics:TransientCore","Busted Crown","hubris:BlackHole"]}],"items_purged_floors":[11,22,36],"is_endless":false,"potions_floor_spawned":[1,2,5,7,12,20,21,28,35,39,40],"killed_by":"Giant Head","ascension_level":0}}