{"host":"sav7uxregyirlf69","time":1610370016,"event":{"mods":["AchievementEnabler","BaseMod","Colored Map","DeckTracker","Keyboard Shortcuts","Minty Spire (QoL Compilation)","READ ME - Guardian Mod","StSLib","SuperFastMode"],"gold_per_floor":[116,116,130,130,55,82,82,112,135,155,155,174,184,203,203,276,276,296,296,308,358,374,400,182,182,182,198,27,41,41,41,41,112,112,122,122,42,42,52,64,97,116,165,165,165,165,15,15,15,15,15,15,15,15,15],"floor_reached":54,"playtime":1079,"items_purged":["Strike_B","Strike_B","Defend_B","Strike_B+1"],"score":1216,"play_id":"628a1c15-749b-4ef6-a0e2-16525a1a76a2","local_time":"20210111220016","is_ascension_mode":true,"campfire_choices":[{"data":"Dualcast","floor":7.0,"key":"SMITH"},{"data":"Beam Cell","floor":11.0,"key":"SMITH"},{"data":"Hologram","floor":15.0,"key":"SMITH"},{"floor":25.0,"key":"REST"},{"floor":32.0,"key":"REST"},{"floor":44,"key":"REST"},{"data":"Recycle","floor":46,"key":"SMITH"},{"floor":49,"key":"RECALL"},{"data":"Consume","floor":52,"key":"SMITH"}],"circlet_count":0,"master_deck":["AscendersBane","Defend_B+1","Defend_B","Defend_B","Zap+1","Dualcast+1","Compile Driver","Electrodynamics","Cold Snap+1","Self Repair","Beam Cell+1","Turbo","Hologram+1","Ball Lightning","Chill","Hologram+1","Coolheaded","Flash of Steel","Leap","Barrage","Recycle+1","Consume+1","Reinforced Body+1","Hologram+1","Panacea"],"relics":["Cracked Core","NeowsBlessing","Incense Burner","Shuriken","Whetstone","War Paint","Busted Crown","Juzu Bracelet","Eternal Feather","Inserter","Question Card","White Beast Statue"],"acts_visited":["Exordium","TheCity","TheBeyond","TheEnding"],"potions_floor_usage":[40,41],"damage_taken":[{"damage":0.0,"enemies":"Small Slimes","floor":1.0,"turns":1.0},{"damage":0.0,"enemies":"Jaw Worm","floor":3.0,"turns":1.0},{"damage":0.0,"enemies":"Gremlin Nob","floor":6.0,"turns":1.0},{"damage":10.0,"enemies":"Lagavulin","floor":8.0,"turns":7.0},{"damage":1.0,"enemies":"Cultist","floor":10.0,"turns":3.0},{"damage":9.0,"enemies":"Looter","floor":12.0,"turns":3.0},{"damage":14.0,"enemies":"Exordium Thugs","floor":13.0,"turns":4.0},{"damage":7.0,"enemies":"Red Slaver","floor":14.0,"turns":2.0},{"damage":16.0,"enemies":"The Guardian","floor":16.0,"turns":10.0},{"damage":13.0,"enemies":"2 Thieves","floor":18.0,"turns":3.0},{"damage":1.0,"enemies":"Spheric Guardian","floor":20.0,"turns":4.0},{"damage":39.0,"enemies":"Shelled Parasite and Fungi","floor":22.0,"turns":5.0},{"damage":15.0,"enemies":"Book of Stabbing","floor":23.0,"turns":5.0},{"damage":15.0,"enemies":"Snake Plant","floor":27.0,"turns":4.0},{"damage":34.0,"enemies":"Snecko","floor":29.0,"turns":6.0},{"damage":39.0,"enemies":"Collector","floor":33.0,"turns":7.0},{"damage":8.0,"enemies":"3 Shapes","floor":35.0,"turns":5.0},{"damage":22,"enemies":"Orb Walker","floor":39,"turns":5},{"damage":28,"enemies":"Sphere and 2 Shapes","floor":40,"turns":4},{"damage":17,"enemies":"Nemesis","floor":41,"turns":7},{"damage":30,"enemies":"Writhing Mass","floor":42,"turns":8},{"damage":39,"enemies":"Awakened One","floor":50,"turns":16},{"damage":83,"enemies":"Shield and Spear","floor":54,"turns":8}],"seed_played":"-4310363257305768995","potions_obtained":[{"floor":6.0,"key":"FairyPotion"},{"floor":10.0,"key":"Strength Potion"},{"floor":12.0,"key":"DistilledChaos"},{"floor":23.0,"key":"Weak Potion"},{"floor":27.0,"key":"Energy Potion"},{"floor":33.0,"key":"Strength Potion"},{"floor":40,"key":"Strength Potion"}],"is_trial":false,"path_per_floor":["M","?","M","T","$","E","R","E","T","M","R","M","M","M","R","B",null,"M","?","M","?","M","E","$","R","T","M","$","M","$","?","R","B",null,"M","?","$","?","M","M","E","M","T","R","T","R","$","?","R","B",null,"R","$","E"],"character_chosen":"DEFECT","items_purchased":["Coolheaded","Flash of Steel","Leap","Consume"],"campfire_rested":3,"item_purchase_floors":[24,24,28,37],"current_hp_per_floor":[64,64,64,64,64,64,64,61,61,67,67,65,58,51,51,42,64,58,58,64,64,32,24,24,45,45,37,37,10,10,10,43,11,56,55,55,55,55,40,19,9,18,18,53,53,67,67,67,67,35,59,67,67,0,0],"gold":15,"neow_bonus":"THREE_ENEMY_KILL","is_daily":false,"chose_seed":false,"campfire_upgraded":5,"win_rate":0.0,"timestamp":1610370016,"path_taken":["M","?","M","?","$","E","R","E","T","?","R","M","M","M","R","BOSS","M","?","M","?","?","E","$","R","T","M","$","M","?","?","R","BOSS","M","?","$","?","M","M","E","M","T","R","?","R","?","?","R","BOSS","R","$","E"],"items_purchased_type":["Card","Card","Card","Card"],"build_version":"2020-12-22","purchased_purges":4,"victory":false,"max_hp_per_floor":[71,71,71,71,71,71,71,71,71,71,71,71,71,71,71,71,71,71,71,71,71,71,71,71,71,71,71,71,71,71,71,71,71,71,71,71,71,67,67,67,67,67,67,67,67,67,67,67,67,67,67,67,67,67,67],"card_choices":[{"not_picked":["Rebound","Turbo"],"picked":"Compile Driver","floor":1.0},{"not_picked":["Rebound","Stack"],"picked":"Cold Snap","floor":3.0},{"not_picked":["Machine Learning","Steam"],"picked":"Self Repair","floor":6.0},{"not_picked":["Rebound","Fission"],"picked":"Beam Cell","floor":8.0},{"not_picked":["Redo","Conserve Battery"],"picked":"Turbo","floor":10.0},{"not_picked":["Fusion","Redo","Rip and Tear"],"picked":"SKIP","floor":12.0},{"not_picked":["Rebound","Beam Cell"],"picked":"Hologram","floor":13.0},{"not_picked":["Rebound","Streamline"],"picked":"Ball Lightning","floor":14.0},{"not_picked":[],"picked":"Chill","floor":18.0},{"not_picked":[],"picked":"Hologram+1","floor":20.0},{"not_picked":["Stack+1"],"picked":"SKIP","floor":22.0},{"not_picked":["Auto Shields"],"picked":"SKIP","floor":23.0},{"not_picked":["Compile Driver"],"picked":"SKIP","floor":27.0},{"not_picked":[],"picked":"Barrage","floor":29.0},{"not_picked":[],"picked":"Recycle","floor":35.0},{"not_picked":["Streamline"],"picked":"SKIP","floor":39},{"not_picked":[],"picked":"Reinforced Body+1","floor":40},{"not_picked":["Stack"],"picked":"SKIP","floor":41},{"not_picked":["Steam Power"],"picked":"Hologram+1","floor":42},{"not_picked":["Forethought"],"picked":"Panacea","floor":48}],"player_experience":1249311,"relics_obtained":[{"floor":4.0,"key":"Incense Burner"},{"floor":6.0,"key":"Shuriken"},{"floor":8.0,"key":"Whetstone"},{"floor":9.0,"key":"War Paint"},{"floor":23.0,"key":"Juzu Bracelet"},{"floor":26.0,"key":"Eternal Feather"},{"floor":41,"key":"Question Card"},{"floor":45,"key":"White Beast Statue"}],"event_choices":[{"damage_healed":0.0,"max_hp_gain":0.0,"max_hp_loss":0.0,"gold_gain":0.0,"cards_transformed":["Strike_B"],"event_name":"Living Wall","player_choice":"Change","floor":2.0,"gold_loss":0.0,"damage_taken":0.0,"cards_obtained":["Electrodynamics"]},{"damage_healed":0.0,"max_hp_gain":0.0,"max_hp_loss":0.0,"gold_gain":0.0,"event_name":"The Mausoleum","player_choice":"Ignored","floor":19.0,"gold_loss":0.0,"damage_taken":0.0},{"damage_healed":0.0,"max_hp_gain":0.0,"max_hp_loss":0.0,"gold_gain":50.0,"event_name":"Nest","player_choice":"Stole From Cult","floor":21.0,"gold_loss":0.0,"damage_taken":0.0},{"damage_healed":0.0,"max_hp_gain":0.0,"max_hp_loss":0.0,"gold_gain":0.0,"event_name":"Match and Keep!","player_choice":"0 cards matched","floor":31.0,"gold_loss":0.0,"damage_taken":0.0,"cards_obtained":[]},{"damage_healed":0.0,"max_hp_gain":0.0,"max_hp_loss":0.0,"gold_gain":0.0,"event_name":"Tomb of Lord Red Mask","player_choice":"Ignored","floor":36.0,"gold_loss":0.0,"damage_taken":0.0},{"damage_healed":0,"gold_gain":0,"player_choice":"Max HP","damage_taken":0,"max_hp_gain":0,"max_hp_loss":4,"event_name":"Winding Halls","floor":38,"gold_loss":0},{"damage_healed":0,"gold_gain":0,"player_choice":"Memory 1","damage_taken":0,"max_hp_gain":0,"max_hp_loss":0,"event_name":"SensoryStone","floor":48,"gold_loss":0}],"is_beta":false,"boss_relics":[{"not_picked":["Snecko Eye","Calling Bell"],"picked":"Busted Crown"},{"not_picked":["Runic Pyramid","Nuclear Battery"],"picked":"Inserter"}],"items_purged_floors":[5,24,28,47],"is_endless":false,"potions_floor_spawned":[6,10,12,13,20,23,27,33,39,40],"killed_by":"Shield and Spear","ascension_level":15}}