{"host":"7gewg82ormp6yt4e","time":1610370438,"event":{"mods":["BaseMod","Block Reminder","Colored Map","Colored Powertips","DeckTracker","Highlight Path","Minty Spire (QoL Compilation)","Relic Stats","StSLib","ojb\u0027s Info Mod"],"gold_per_floor":[110,110,134,152,77,77,42,42,69,109,109,127,10,51,51,147,147,162,175,6,56,75,118,118,139,166,209,224,260,26,41,41,137,137,161,182,132,150,174,174,207,207,230,230,16,39,372,372,372,372,372,372,372,6,40,40],"floor_reached":57,"playtime":5347,"items_purged":["Fusion"],"score":2775,"play_id":"6ddf1b07-7a86-48a5-ba49-9d212d252600","local_time":"20210111220718","is_ascension_mode":true,"campfire_choices":[{"data":"Defragment","floor":6,"key":"SMITH"},{"data":"Fusion","floor":8,"key":"SMITH"},{"data":"Chaos","floor":15,"key":"SMITH"},{"data":"Loop","floor":24,"key":"SMITH"},{"floor":32,"key":"REST"},{"floor":40,"key":"REST"},{"data":"Blind","floor":42,"key":"SMITH"},{"floor":44,"key":"RECALL"},{"data":"Capacitor","floor":49,"key":"SMITH"},{"data":"Echo Form","floor":53,"key":"SMITH"}],"circlet_count":0,"master_deck":["AscendersBane","Dualcast+1","Cold Snap","Fusion+1","Defragment+1","Loop+1","Ball Lightning+1","Conserve Battery","Cold Snap","Doom and Gloom","Coolheaded","Chaos+1","Echo Form+1","Defragment+1","Core Surge+1","Rip and Tear+1","Glacier+1","Beam Cell+1","Buffer","Blind+1","Skim","Loop","Machine Learning","Self Repair","BootSequence+1","Capacitor+1","Purity","Panacea","Hologram"],"relics":["Pandora\u0027s Box","Potion Belt","Orichalcum","Pen Nib","Akabeko","Astrolabe","Lee\u0027s Waffle","TungstenRod","Bag of Marbles","HornCleat","MealTicket","Runic Pyramid","Bottled Lightning","War Paint","Art of War","Kunai"],"acts_visited":["Exordium","TheCity","TheBeyond","TheEnding"],"potions_floor_usage":[10,10,16,16,23,27,27,33,35,38,38,38,50,56,56,56],"damage_taken":[{"damage":15,"enemies":"Jaw Worm","floor":1,"turns":4},{"damage":11,"enemies":"2 Louse","floor":3,"turns":3},{"damage":9,"enemies":"Cultist","floor":4,"turns":4},{"damage":3,"enemies":"Gremlin Nob","floor":10,"turns":3},{"damage":0,"enemies":"Large Slime","floor":12,"turns":4},{"damage":4,"enemies":"3 Sentries","floor":14,"turns":6},{"damage":12,"enemies":"Hexaghost","floor":16,"turns":6},{"damage":12,"enemies":"3 Byrds","floor":18,"turns":4},{"damage":10,"enemies":"Chosen","floor":19,"turns":4},{"damage":8,"enemies":"Centurion and Healer","floor":22,"turns":5},{"damage":22,"enemies":"Slavers","floor":23,"turns":3},{"damage":0,"enemies":"3 Cultists","floor":25,"turns":4},{"damage":13,"enemies":"Book of Stabbing","floor":27,"turns":6},{"damage":0,"enemies":"Snake Plant","floor":28,"turns":4},{"damage":18,"enemies":"Slavers","floor":29,"turns":9},{"damage":0,"enemies":"Snecko","floor":31,"turns":7},{"damage":0,"enemies":"Champ","floor":33,"turns":30},{"damage":14,"enemies":"3 Darklings","floor":35,"turns":5},{"damage":1,"enemies":"3 Shapes","floor":36,"turns":6},{"damage":10,"enemies":"3 Darklings","floor":38,"turns":7},{"damage":16,"enemies":"Transient","floor":39,"turns":6},{"damage":2,"enemies":"Nemesis","floor":41,"turns":11},{"damage":0,"enemies":"Maw","floor":46,"turns":10},{"damage":23,"enemies":"Donu and Deca","floor":50,"turns":13},{"damage":26,"enemies":"Time Eater","floor":51,"turns":13},{"damage":44,"enemies":"Shield and Spear","floor":55,"turns":12},{"damage":11,"enemies":"The Heart","floor":56,"turns":14}],"seed_played":"-744371512181989155","potions_obtained":[{"floor":3,"key":"BlessingOfTheForge"},{"floor":4,"key":"Fire Potion"},{"floor":14,"key":"Swift Potion"},{"floor":16,"key":"ColorlessPotion"},{"floor":23,"key":"GamblersBrew"},{"floor":25,"key":"FocusPotion"},{"floor":29,"key":"Explosive Potion"},{"floor":31,"key":"SpeedPotion"},{"floor":33,"key":"Explosive Potion"},{"floor":35,"key":"Dexterity Potion"},{"floor":36,"key":"GamblersBrew"},{"floor":55,"key":"SkillPotion"}],"is_trial":false,"path_per_floor":["M","?","M","M","$","R","?","R","T","E","?","M","$","E","R","B",null,"M","M","$","?","M","E","R","M","T","E","M","E","$","M","R","B",null,"M","M","?","M","M","R","E","R","T","R","$","M","?","?","R","B","B",null,"R","$","E","B",null],"character_chosen":"DEFECT","items_purchased":["PotionOfCapacity","Chaos","Lee\u0027s Waffle","Blind","SkillPotion","Skim","Block Potion","War Paint","LiquidBronze","Art of War","Hologram","SkillPotion"],"campfire_rested":2,"item_purchase_floors":[13,13,20,30,30,30,45,45,54,54,54,54],"current_hp_per_floor":[49,49,38,29,29,29,45,45,45,42,42,42,42,38,38,26,55,43,33,71,71,63,41,41,41,41,28,28,10,25,25,46,46,65,51,50,50,40,31,52,57,57,57,57,71,71,71,62,62,53,34,62,62,71,41,37],"gold":40,"neow_bonus":"BOSS_RELIC","is_daily":false,"chose_seed":false,"campfire_upgraded":7,"win_rate":0.0,"timestamp":1610370438,"path_taken":["M","?","M","M","$","R","?","R","T","E","?","?","$","E","R","BOSS","M","M","$","?","M","E","R","M","T","E","M","E","$","M","R","BOSS","M","M","?","?","M","R","E","R","T","R","?","?","?","?","R","BOSS","BOSS","R","$","E","BOSS"],"items_purchased_type":["Potion","Card","Relic","Card","Potion","Card","Potion","Relic","Potion","Relic","Card","Potion"],"build_version":"2020-12-22","purchased_purges":1,"victory":true,"max_hp_per_floor":[71,64,64,64,64,64,64,64,64,64,64,64,64,64,64,64,64,64,64,71,71,71,71,71,71,71,71,71,71,71,71,71,71,71,71,71,71,71,71,71,71,71,71,71,71,71,71,71,71,71,71,71,71,71,71,71],"relic_stats":{"Lee\u0027s Waffle":38,"counters":[27,202],"Astrolabe":["Defragment","Core Surge","Rip and Tear"],"Pandora\u0027s Box":["Cold Snap","Blizzard","Hello World","Fusion","Fusion","Defragment","Sweeping Beam","Loop"],"MealTicket":38,"Pen Nib":[25],"Art of War":[7],"Kunai":[7],"Orichalcum":[216],"War Paint":["BootSequence","Dualcast"],"obtain_stats":[{"Potion Belt":9,"Lee\u0027s Waffle":20,"Golden Idol":2,"Astrolabe":17,"Pen Nib":11,"Orichalcum":10,"War Paint":45,"Akabeko":14,"HornCleat":27,"Pandora\u0027s Box":0,"MealTicket":29,"Bag of Marbles":26,"Art of War":54,"Bottled Lightning":41,"Kunai":55,"Cracked Core":0,"TungstenRod":23,"Runic Pyramid":34},{"Potion Belt":3,"Lee\u0027s Waffle":9,"Golden Idol":1,"Astrolabe":7,"Pen Nib":4,"Orichalcum":4,"War Paint":22,"Akabeko":6,"HornCleat":13,"Pandora\u0027s Box":0,"MealTicket":15,"Bag of Marbles":12,"Art of War":25,"Bottled Lightning":22,"Kunai":26,"Cracked Core":0,"TungstenRod":11,"Runic Pyramid":17},{"Potion Belt":11,"Lee\u0027s Waffle":38,"Golden Idol":4,"Astrolabe":30,"Pen Nib":14,"Orichalcum":14,"War Paint":140,"Akabeko":24,"HornCleat":56,"Pandora\u0027s Box":0,"MealTicket":69,"Bag of Marbles":50,"Art of War":176,"Bottled Lightning":140,"Kunai":188,"Cracked Core":0,"TungstenRod":46,"Runic Pyramid":106}],"TungstenRod":34},"card_choices":[{"not_picked":["Coolheaded","Blizzard"],"picked":"Ball Lightning","floor":1},{"not_picked":["Beam Cell","Redo"],"picked":"Conserve Battery","floor":3},{"not_picked":["Consume","Blizzard"],"picked":"Cold Snap","floor":4},{"not_picked":["Static Discharge","Barrage"],"picked":"Doom and Gloom","floor":10},{"not_picked":["Go for the Eyes","Compile Driver"],"picked":"Coolheaded","floor":12},{"not_picked":["Gash","Turbo","Meteor Strike"],"picked":"SKIP","floor":14},{"not_picked":["Buffer","Fission"],"picked":"Echo Form","floor":16},{"not_picked":["Redo","Beam Cell"],"picked":"Glacier","floor":18},{"not_picked":["Redo","Hello World","Barrage"],"picked":"SKIP","floor":19},{"not_picked":["Cold Snap","Hello World+1","Redo"],"picked":"SKIP","floor":22},{"not_picked":["Blizzard","Coolheaded"],"picked":"Beam Cell+1","floor":23},{"not_picked":["Cold Snap+1","White Noise"],"picked":"Buffer","floor":25},{"not_picked":["Turbo","Go for the Eyes","Leap"],"picked":"SKIP","floor":27},{"not_picked":["Steam","Coolheaded","Redo"],"picked":"SKIP","floor":28},{"not_picked":["Gash","Leap","Steam"],"picked":"SKIP","floor":29},{"not_picked":["Steam","Ball Lightning"],"picked":"Loop","floor":31},{"not_picked":["Meteor Strike","Fission"],"picked":"Machine Learning","floor":33},{"not_picked":["Leap","Reprogram","Compile Driver+1"],"picked":"SKIP","floor":35},{"not_picked":["Compile Driver","Storm","Reinforced Body"],"picked":"SKIP","floor":36},{"not_picked":["Steam+1","Recycle"],"picked":"Self Repair","floor":38},{"not_picked":["Go for the Eyes+1","Beam Cell+1"],"picked":"BootSequence","floor":39},{"not_picked":["Go for the Eyes","Reinforced Body"],"picked":"Capacitor","floor":41},{"not_picked":["Coolheaded","Rebound","Conserve Battery"],"picked":"SKIP","floor":46},{"not_picked":["Good Instincts","Finesse"],"picked":"Purity","floor":48},{"not_picked":["HandOfGreed","Violence"],"picked":"Panacea","floor":48},{"not_picked":["Go for the Eyes","Stack","Gash+1"],"picked":"SKIP","floor":55}],"player_experience":2543749,"relics_obtained":[{"floor":9,"key":"Potion Belt"},{"floor":10,"key":"Orichalcum"},{"floor":14,"key":"Akabeko"},{"floor":23,"key":"TungstenRod"},{"floor":26,"key":"Bag of Marbles"},{"floor":27,"key":"HornCleat"},{"floor":29,"key":"MealTicket"},{"floor":41,"key":"Bottled Lightning"},{"floor":55,"key":"Kunai"}],"event_choices":[{"damage_healed":0,"gold_gain":0,"player_choice":"Lose Max HP","damage_taken":0,"relics_obtained":["Golden Idol"],"max_hp_gain":0,"max_hp_loss":7,"event_name":"Golden Idol","floor":2,"gold_loss":0},{"damage_healed":16,"gold_gain":0,"player_choice":"Healed","damage_taken":0,"max_hp_gain":0,"max_hp_loss":0,"event_name":"The Cleric","floor":7,"gold_loss":35},{"cards_removed":["Hello World"],"damage_healed":0,"gold_gain":0,"player_choice":"Gave Card","damage_taken":0,"relics_obtained":["Pen Nib"],"max_hp_gain":0,"max_hp_loss":0,"event_name":"WeMeetAgain","floor":11,"gold_loss":0},{"damage_healed":0,"gold_gain":50,"player_choice":"Stole From Cult","damage_taken":0,"max_hp_gain":0,"max_hp_loss":0,"event_name":"Nest","floor":21,"gold_loss":0},{"damage_healed":0,"gold_gain":0,"player_choice":"Upgraded Two","damage_taken":0,"max_hp_gain":0,"max_hp_loss":0,"event_name":"Designer","floor":37,"gold_loss":50,"cards_upgraded":["Glacier","Ball Lightning"]},{"damage_healed":0,"gold_gain":333,"player_choice":"Gave Idol","damage_taken":0,"max_hp_gain":0,"max_hp_loss":0,"event_name":"The Moai Head","floor":47,"relics_lost":["Golden Idol"],"gold_loss":0},{"damage_healed":0,"gold_gain":0,"player_choice":"Memory 3","damage_taken":10,"max_hp_gain":0,"max_hp_loss":0,"event_name":"SensoryStone","floor":48,"gold_loss":0}],"is_beta":false,"boss_relics":[{"not_picked":["Philosopher\u0027s Stone","SlaversCollar"],"picked":"Astrolabe"},{"not_picked":["Black Star","SacredBark"],"picked":"Runic Pyramid"}],"items_purged_floors":[5],"is_endless":false,"potions_floor_spawned":[3,4,14,16,23,25,29,31,33,35,36,55],"ascension_level":20}}