{"host":"zekcc3vicrep0och","time":1610354989,"event":{"mods":["AchievementEnabler","BaseMod","Colored Map","Colored Powertips","Displayed Cursed Tome","Highlight Path","Minty Spire (QoL Compilation)","Quick Restart","Relic Stats","StSLib","The Cursed"],"gold_per_floor":[130,205,239,250,250,250,215,215,294,320,320,320,320],"floor_reached":12,"playtime":261,"items_purged":[],"score":144,"play_id":"38ce3b77-9aad-4e15-80f5-98f58fec359b","local_time":"20210111114949","is_ascension_mode":true,"campfire_choices":[{"data":"Armaments","floor":6.0,"key":"SMITH"},{"data":"Whirlwind","floor":11.0,"key":"SMITH"}],"circlet_count":0,"master_deck":["AscendersBane","Strike_R","Strike_R","Strike_R","Strike_R","Strike_R","Defend_R","Defend_R","Defend_R","Defend_R","Bash+1","HandOfGreed","Perfected Strike","Armaments+1","Shrug It Off","Whirlwind+1"],"relics":["Burning Blood","Mango","Matryoshka","Bag of Marbles"],"acts_visited":["Exordium"],"potions_floor_usage":[],"damage_taken":[{"damage":4.0,"enemies":"Jaw Worm","floor":1.0,"turns":3.0},{"damage":17.0,"enemies":"Small Slimes","floor":3.0,"turns":6.0},{"damage":7.0,"enemies":"Cultist","floor":4.0,"turns":4.0},{"damage":30.0,"enemies":"Lagavulin","floor":10.0,"turns":6.0},{"damage":45,"enemies":"3 Sentries","floor":12,"turns":4}],"seed_played":"-2618070540921945410","potions_obtained":[{"floor":1.0,"key":"BlessingOfTheForge"},{"floor":10.0,"key":"BloodPotion"}],"is_trial":false,"path_per_floor":["M","?","M","M","?","R","?","?","T","E","R","E"],"character_chosen":"IRONCLAD","items_purchased":[],"campfire_rested":0,"item_purchase_floors":[],"current_hp_per_floor":[68,57,46,45,33,33,53,53,53,29,45,0,0],"gold":320,"neow_bonus":"RANDOM_COLORLESS_2","is_daily":false,"chose_seed":false,"campfire_upgraded":2,"win_rate":0.0,"timestamp":1610354989,"path_taken":["M","?","M","M","?","R","?","?","T","E","R","E"],"items_purchased_type":[],"build_version":"2020-12-22","purchased_purges":0,"victory":false,"max_hp_per_floor":[68,68,68,68,82,82,82,82,82,82,82,82,82],"relic_stats":{"counters":[5,23],"obtain_stats":[{"Matryoshka":9,"Mango":5,"Bag of Marbles":10,"Burning Blood":0},{"Matryoshka":3,"Mango":3,"Bag of Marbles":4,"Burning Blood":0},{"Matryoshka":13,"Mango":13,"Bag of Marbles":19,"Burning Blood":0}],"Burning Blood":22},"card_choices":[{"not_picked":["Magnetism","Master of Strategy"],"picked":"HandOfGreed","floor":0.0},{"not_picked":["Pommel Strike","Disarm"],"picked":"Perfected Strike","floor":1.0},{"not_picked":["Clothesline","Flame Barrier"],"picked":"Armaments","floor":3.0},{"not_picked":["Heavy Blade","Pommel Strike"],"picked":"Shrug It Off","floor":4.0},{"not_picked":["Juggernaut","Uppercut"],"picked":"Whirlwind","floor":10.0}],"player_experience":509733,"relics_obtained":[{"floor":9.0,"key":"Matryoshka"},{"floor":10.0,"key":"Bag of Marbles"}],"event_choices":[{"damage_healed":0.0,"max_hp_gain":0.0,"max_hp_loss":0.0,"gold_gain":75.0,"event_name":"World of Goop","player_choice":"Gather Gold","floor":2.0,"gold_loss":0.0,"damage_taken":11.0},{"damage_healed":0.0,"max_hp_gain":0.0,"max_hp_loss":0.0,"gold_gain":0.0,"event_name":"Scrap Ooze","player_choice":"Success","floor":5.0,"gold_loss":0.0,"damage_taken":26.0,"relics_obtained":["Mango"]},{"damage_healed":20.0,"max_hp_gain":0.0,"max_hp_loss":0.0,"gold_gain":0.0,"event_name":"The Cleric","player_choice":"Healed","floor":7.0,"gold_loss":35.0,"damage_taken":0.0},{"damage_healed":0.0,"max_hp_gain":0.0,"max_hp_loss":0.0,"gold_gain":0.0,"event_name":"Upgrade Shrine","player_choice":"Upgraded","floor":8.0,"gold_loss":0.0,"damage_taken":0.0,"cards_upgraded":["Bash"]}],"is_beta":false,"boss_relics":[],"items_purged_floors":[],"is_endless":false,"potions_floor_spawned":[1,10],"killed_by":"3 Sentries","ascension_level":18}}