{"host":"z9grmtg2w0nmz8n1","time":1610342963,"event":{"mods":["Aspiration","Bard","BaseMod","Beaked The Cultist","Better Altar","Better Match","Better Note","Better Sensory Stone","Better Skull","Better Third Choice","BetterRewards","CCEM","Colored Map","Conspire","Downfall","GifTheSpireLib","Googly Eyes","Halation","Hermit","Highlight Path","Hubris","Hunter ??","Jedi Mod","Jorbs\u0027s Wanderer Trilogy","Mad Scientist","Marisa????????","Minty Spire (QoL Compilation)","Permanent Neow","Replay The Spire","Shade Mod","Shop Mod","Spicy Shops","StSLib","Stuff the Spire","The Bug Knight","The Construct","The Necromancer","The Runesmith","The Witch"],"gold_per_floor":[118,118,18,35,35,35,52,52,80,80,80,107,119,119,119],"floor_reached":14,"playtime":677,"items_purged":["Strike_G","Strike_G"],"score":103,"play_id":"1c10cb76-f177-49c1-b2a3-2ee058779834","local_time":"20210111032923","is_ascension_mode":true,"campfire_choices":[{"floor":8,"key":"RECALL"},{"floor":10,"key":"REST"}],"circlet_count":0,"master_deck":["Strike_G","Strike_G","Defend_G","Defend_G","Defend_G","Defend_G","Defend_G","Survivor","Neutralize","Infinite Blades","hubris:Sniper","Prepared","Blade Dance"],"relics":["Ring of the Snake","aspiration:Lifesprig","Snake Skull"],"acts_visited":["Exordium"],"potions_floor_usage":[12],"damage_taken":[{"damage":0,"enemies":"Jaw Worm","floor":1,"turns":7},{"damage":0,"enemies":"2 Louse","floor":4,"turns":4},{"damage":0,"enemies":"Cultist","floor":7,"turns":5},{"damage":27,"enemies":"3 Sentries","floor":9,"turns":11},{"damage":33,"enemies":"Lagavulin","floor":12,"turns":13},{"damage":0,"enemies":"Large Slime","floor":13,"turns":8},{"damage":11,"enemies":"Gremlin Nob","floor":14,"turns":4}],"seed_played":"1464143763267256473","potions_obtained":[{"floor":1,"key":"sneckomod:MuddlingPotion"},{"floor":9,"key":"Weak Potion"}],"is_trial":false,"path_per_floor":["M","?","$","M","PTL","PTL","M","R","E","R","T","E","M","E"],"character_chosen":"THE_SILENT","items_purchased":["Infinite Blades"],"campfire_rested":1,"item_purchase_floors":[0],"current_hp_per_floor":[65,65,65,65,65,65,65,65,38,59,59,26,26,15,15],"gold":119,"neow_bonus":"","is_daily":false,"chose_seed":false,"campfire_upgraded":0,"win_rate":0.0,"timestamp":1610342963,"path_taken":["M","?","?","?","PTL","PTL","M","R","E","R","T","E","M","E"],"items_purchased_type":["Card"],"build_version":"2020-12-22","purchased_purges":2,"victory":false,"max_hp_per_floor":[70,70,70,70,70,70,70,70,70,70,70,70,70,70,70],"card_choices":[{"not_picked":["Toxin Wave","Underhanded Strike"],"picked":"hubris:Sniper","floor":1},{"not_picked":["Outmaneuver","Predator","hubris:SlightOfHand"],"picked":"SKIP","floor":4},{"not_picked":["Skewer","StuffTheSpire:BumpUp"],"picked":"Prepared","floor":7},{"not_picked":["hubris:SlightOfHand","Flechettes","StuffTheSpire:Python"],"picked":"SKIP","floor":9},{"not_picked":["Riddle With Holes","PiercingWail","Blur"],"picked":"SKIP","floor":12},{"not_picked":["Bane","StuffTheSpire:Incursion"],"picked":"Blade Dance","floor":13}],"player_experience":836521,"relics_obtained":[{"floor":9,"key":"aspiration:Lifesprig"},{"floor":12,"key":"Snake Skull"}],"event_choices":[{"cards_removed":["Strike_G"],"damage_healed":0,"gold_gain":0,"player_choice":"Forget","damage_taken":0,"max_hp_gain":0,"max_hp_loss":0,"event_name":"Living Wall","floor":2,"gold_loss":0}],"is_beta":false,"boss_relics":[],"items_purged_floors":[0,3],"is_endless":false,"potions_floor_spawned":[1,9],"killed_by":"Gremlin Nob","ascension_level":1}}