{"host":"vohenq18pmg6jboc","time":1610359149,"event":{"mods":["Arknights The Spire","BaseMod","Chen","Gremlin Mod","Hermit","Koishi","Marisa¡]Ãú«B¡@Å]²z¨F¡^","Minty Spire (QoL Compilation)","Remilia¡]Á¢¦Ì²ú?¡^","StSLib","The Administrix","The Bug Knight","The Cursed","The Servant 0.9.4","Yakumo Yukari mod","Youmu¡]»î¾z§¯?¡^","Yuyuko"],"gold_per_floor":[116,116,127,127,142,142,154,165,189,220,220,233,408,427,427,526,526,543,562,28,43,43,58,77,77,77,77,77,97,97,97],"floor_reached":30,"playtime":1498,"items_purged":["Doubt"],"score":236,"play_id":"d20f266d-0fee-4c7f-996e-341ba8fa6aed","local_time":"20210111175909","is_ascension_mode":false,"campfire_choices":[{"data":"Gremlin:DaggerDance","floor":6,"key":"SMITH"},{"data":"Gremlin:ShankStone","floor":11,"key":"SMITH"},{"data":"Gremlin:ShankStone","floor":15,"key":"SMITH"}],"circlet_count":0,"master_deck":["Gremlin:Strike+1","Gremlin:Strike+1","Gremlin:Strike+1","Gremlin:Strike+1","Gremlin:Defend+1","Gremlin:Defend+1","Gremlin:Defend+1","Gremlin:Defend+1","Gremlin:TagTeam","Gremlin:GremlinDance","Gremlin:TwistTheKnife","Gremlin:DaggerDance+1","Gremlin:Patsy","Gremlin:ShankStone+1","Gremlin:Pinprick","Gremlin:Jeer","Gremlin:ShankStone+1","Gremlin:GlitterGuard","Gremlin:SecondVolley","Gremlin:Irritability+1","Gremlin:Polish","Gremlin:TwistTheKnife","Gremlin:Glimmer","Gremlin:GremlinMeal","Gremlin:Whiz","Gremlin:Astound","Gremlin:Kablamo","Gremlin:SharpenBlades"],"relics":["Gremlin:GremlinKnob","NeowsBlessing","Vajra","Happy Flower","Orichalcum","SlaversCollar","Pen Nib","Juzu Bracelet","MutagenicStrength","Incense Burner","Nilry\u0027s Codex"],"acts_visited":["Exordium","TheCity"],"potions_floor_usage":[16,16,16,19,30],"damage_taken":[{"damage":0,"enemies":"Small Slimes","floor":1,"turns":1},{"damage":0,"enemies":"2 Louse","floor":3,"turns":1},{"damage":0,"enemies":"Cultist","floor":5,"turns":1},{"damage":0,"enemies":"Looter","floor":7,"turns":3},{"damage":3,"enemies":"Blue Slaver","floor":8,"turns":3},{"damage":9,"enemies":"3 Sentries","floor":10,"turns":3},{"damage":0,"enemies":"2 Fungi Beasts","floor":12,"turns":2},{"damage":0,"enemies":"Exordium Thugs","floor":14,"turns":2},{"damage":45,"enemies":"The Guardian","floor":16,"turns":9},{"damage":5,"enemies":"Spheric Guardian","floor":18,"turns":4},{"damage":16,"enemies":"3 Byrds","floor":19,"turns":3},{"damage":26,"enemies":"Centurion and Healer","floor":21,"turns":4},{"damage":16,"enemies":"Snake Plant","floor":23,"turns":5},{"damage":7,"enemies":"Shelled Parasite and Fungi","floor":24,"turns":2},{"damage":0,"enemies":"Centurion and Healer","floor":29,"turns":3},{"damage":20,"enemies":"Slavers","floor":30,"turns":1}],"seed_played":"1940156773038227922","potions_obtained":[{"floor":1,"key":"SkillPotion"},{"floor":7,"key":"Fire Potion"},{"floor":12,"key":"LiquidBronze"},{"floor":14,"key":"ColorlessPotion"},{"floor":16,"key":"EssenceOfSteel"},{"floor":18,"key":"Swift Potion"},{"floor":19,"key":"DuplicationPotion"},{"floor":24,"key":"Swift Potion"},{"floor":29,"key":"LiquidBronze"}],"is_trial":false,"path_per_floor":["M","?","M","?","M","R","M","M","T","E","R","M","?","M","R","B",null,"M","M","$","M","?","M","M","?","T","?","?","M","E"],"character_chosen":"GREMLIN","items_purchased":["Pen Nib","Juzu Bracelet","Gremlin:TwistTheKnife","Gremlin:Glimmer","Gremlin:GremlinMeal"],"campfire_rested":0,"item_purchase_floors":[20,20,20,20,20],"current_hp_per_floor":[20,20,20,20,20,20,20,17,17,20,20,20,20,17,17,1,20,15,20,20,20,20,15,15,11,11,11,3,1,0,0],"gold":97,"neow_bonus":"THREE_ENEMY_KILL","is_daily":false,"chose_seed":false,"campfire_upgraded":3,"win_rate":0.0,"timestamp":1610359149,"path_taken":["M","?","M","?","?","R","M","M","T","E","R","M","?","M","R","BOSS","M","M","$","M","?","M","M","?","T","?","?","M","E"],"items_purchased_type":["Relic","Relic","Card","Card","Card"],"build_version":"2020-12-22","purchased_purges":1,"victory":false,"max_hp_per_floor":[20,20,20,20,20,20,20,20,20,20,20,20,20,20,20,20,20,20,20,20,20,20,20,20,21,21,21,21,21,21,21],"card_choices":[{"not_picked":["Gremlin:CounterStrike","Gremlin:Changeo"],"picked":"Gremlin:TwistTheKnife","floor":1},{"not_picked":["Gremlin:GremlinMeal","Gremlin:Revel"],"picked":"Gremlin:DaggerDance","floor":3},{"not_picked":["Gremlin:Mockery","Gremlin:ToeStub"],"picked":"Gremlin:Patsy","floor":5},{"not_picked":["Gremlin:Irritability","Gremlin:Unforgiving"],"picked":"Gremlin:ShankStone","floor":7},{"not_picked":["Gremlin:Pretaliation","Gremlin:ToeStub"],"picked":"Gremlin:Pinprick","floor":8},{"not_picked":["Gremlin:GremlinMeal","Gremlin:Pretaliation"],"picked":"Gremlin:Jeer","floor":10},{"not_picked":["Gremlin:PourSalt","Gremlin:SharpenBlades"],"picked":"Gremlin:ShankStone","floor":12},{"not_picked":["Gremlin:Jeer","Gremlin:GremlinMeal"],"picked":"Gremlin:GlitterGuard","floor":14},{"not_picked":["Gremlin:Duplicate","Gremlin:Exacerbate"],"picked":"Gremlin:SecondVolley","floor":16},{"not_picked":["Gremlin:BulkUp","Gremlin:Jeer"],"picked":"Gremlin:Irritability+1","floor":18},{"not_picked":["Gremlin:Pinprick","Gremlin:Flurry+1"],"picked":"Gremlin:Polish","floor":19},{"not_picked":["Gremlin:CongaLine","Gremlin:GlitterGuard"],"picked":"Gremlin:Whiz","floor":21},{"not_picked":["Gremlin:BurlyBlow+1","Gremlin:Patsy+1"],"picked":"Gremlin:Astound","floor":23},{"not_picked":["Gremlin:GlitterGuard","Gremlin:ToeStub"],"picked":"Gremlin:Kablamo","floor":24},{"not_picked":["Gremlin:BulkUp+1","Gremlin:Revel"],"picked":"Gremlin:SharpenBlades","floor":29}],"player_experience":58103,"relics_obtained":[{"floor":9,"key":"Happy Flower"},{"floor":10,"key":"Orichalcum"},{"floor":26,"key":"Incense Burner"},{"floor":28,"key":"Nilry\u0027s Codex"}],"event_choices":[{"damage_healed":0,"gold_gain":0,"player_choice":"Leave","damage_taken":0,"max_hp_gain":0,"max_hp_loss":0,"event_name":"The Cleric","floor":2,"gold_loss":0},{"damage_healed":0,"gold_gain":0,"player_choice":"Gave Potion","damage_taken":0,"relics_obtained":["Vajra"],"max_hp_gain":0,"max_hp_loss":0,"event_name":"WeMeetAgain","floor":4,"gold_loss":0},{"damage_healed":0,"gold_gain":175,"player_choice":"AGREE","damage_taken":0,"max_hp_gain":0,"max_hp_loss":0,"event_name":"Liars Game","floor":13,"gold_loss":0,"cards_obtained":["Doubt"]},{"damage_healed":0,"gold_gain":0,"player_choice":"Inject Mutagens","damage_taken":0,"relics_obtained":["MutagenicStrength"],"max_hp_gain":0,"max_hp_loss":0,"event_name":"Drug Dealer","floor":22,"gold_loss":0},{"damage_healed":0,"gold_gain":0,"player_choice":"Shed Blood","damage_taken":5,"max_hp_gain":5,"max_hp_loss":0,"event_name":"Forgotten Altar","floor":25,"gold_loss":0},{"damage_healed":0,"gold_gain":0,"player_choice":"Simplicity","damage_taken":0,"max_hp_gain":0,"max_hp_loss":0,"event_name":"Back to Basics","floor":27,"gold_loss":0,"cards_upgraded":["Gremlin:Strike","Gremlin:Strike","Gremlin:Strike","Gremlin:Strike","Gremlin:Defend","Gremlin:Defend","Gremlin:Defend","Gremlin:Defend"]},{"damage_healed":0,"gold_gain":0,"player_choice":"Obtained Book","damage_taken":8,"max_hp_gain":0,"max_hp_loss":0,"event_name":"Cursed Tome","floor":28,"gold_loss":0}],"is_beta":false,"boss_relics":[{"not_picked":["Fusion Hammer","Ectoplasm"],"picked":"SlaversCollar"}],"items_purged_floors":[20],"is_endless":false,"potions_floor_spawned":[1,7,12,14,16,18,19,24,29],"killed_by":"Slavers","ascension_level":0}}