{"host":"fx1msjnmzlhlr397","time":1610341006,"event":{"mods":["AchievementEnabler","Act Like it!","Astrologer","BaseMod","Better Third Choice","Colored Map","Colored Powertips","Downfall","Duelist Mod","Friendly Minions","Gensokyo","GifTheSpireLib","Googly Eyes","Hermit","Highlight Path","LagranYue(???·?)","Marisa????????","Minty Spire (QoL Compilation)","Permanent Neow","Prisma Mod","Quick Restart","Rare Cards Sparkle","Replay The Spire","SOS???????","Shop Mod","StSLib","SuperFastMode","Td1madao Mod","The Alterego","The Animator","The Hierophant","The Jungle","The Wild Card"],"gold_per_floor":[19,19,32,46,21,21,21,40,63,63,63,63],"floor_reached":11,"playtime":487,"items_purged":[],"score":63,"play_id":"0521e3dc-4678-45fa-a14c-705c1a76d638","local_time":"20210110235646","is_ascension_mode":false,"campfire_choices":[{"data":"animator:Shichika","floor":6,"key":"SMITH"},{"floor":10,"key":"REST"}],"circlet_count":0,"master_deck":["animator:Strike_Konosuba","animator:Defend_Konosuba","animator:Strike","animator:Strike","animator:Strike","animator:Defend","animator:Defend","animator:Defend","animator:Kazuma","animator:Aqua","animator:Kira","animator:Shichika+1","animator:Berserker+1","animator:Tatsumaki","animator:SilverFang","animator:Mitsurugi","animator:Geryuganshoop"],"relics":["animator:LivingPicture","animator:TheMissingPiece","LagranYue:RandomDrawCardRelic","Replay:Mystery Machine"],"acts_visited":["Exordium"],"potions_floor_usage":[],"damage_taken":[{"damage":6,"enemies":"Gensokyo:Python","floor":1,"turns":3},{"damage":7,"enemies":"Gensokyo:Gryphon","floor":3,"turns":3},{"damage":13,"enemies":"Gensokyo:3_Fairies","floor":4,"turns":4},{"damage":15,"enemies":"Gensokyo:LivingMonolith","floor":8,"turns":4},{"damage":55,"enemies":"Gensokyo:Cirno","floor":11,"turns":6}],"seed_played":"5716519434830458051","potions_obtained":[{"floor":3,"key":"SteroidPotion"},{"floor":8,"key":"Weak Potion"}],"is_trial":false,"path_per_floor":["M","?","M","M","$","R","COS","M","T","R","E"],"character_chosen":"THE_ANIMATOR","items_purchased":["animator:Mitsurugi"],"campfire_rested":1,"item_purchase_floors":[5],"current_hp_per_floor":[62,62,57,46,46,46,46,33,33,52,0,0],"gold":63,"neow_bonus":"RANDOM_COLORLESS_2","is_daily":false,"chose_seed":false,"campfire_upgraded":1,"win_rate":0.0,"timestamp":1610341006,"path_taken":["M","?","M","M","$","R","COS","M","T","R","E"],"items_purchased_type":["Card"],"build_version":"2020-12-22","purchased_purges":0,"victory":false,"max_hp_per_floor":[66,66,66,66,66,66,66,66,66,66,66,66],"card_choices":[{"not_picked":["animator:HarukoHaruhara","animator:Lelouch"],"picked":"animator:Kira","floor":0},{"not_picked":["animator:Viivi","animator:Gillette"],"picked":"animator:Shichika","floor":1},{"not_picked":["animator:Fredrika","animator:Spearman"],"picked":"animator:Tatsumaki","floor":3},{"not_picked":["animator:ElricAlphonse","animator:Kazuma"],"picked":"animator:SilverFang","floor":4},{"not_picked":["animator:SilverFang","animator:MumenRider"],"picked":"animator:Geryuganshoop","floor":8}],"player_experience":6437,"relics_obtained":[{"floor":9,"key":"Replay:Mystery Machine"}],"event_choices":[],"is_beta":false,"boss_relics":[],"items_purged_floors":[],"is_endless":false,"potions_floor_spawned":[3,8],"killed_by":"Gensokyo:Cirno","ascension_level":0}}