{"host":"eeuhgv8goqdjv4ip","time":1610349814,"event":{"mods":["2.2 Compatiblity","AchievementEnabler","BaseMod","Challenge The Spire","Colored Map","Colored Powertips","Conspire","Dark Map","Hubris","Infinite Spire","Marisa????????","Minty Spire (QoL Compilation)","Permanent Neow","Replay The Spire","SIMod","StSLib","The Animator","The Saiyan","The Servant 0.9.4","The Wild Card"],"gold_per_floor":[111,142,152,152,166,166,197,197,224,27,43,43,63,127,127,229,229,246,186,197,207,45,76,76,86,156,156,166,26,26,26,26,125,125,144,163,63,80,80,107,133,133,215,265,285,300,300,300,300,300],"floor_reached":51,"playtime":11734,"items_purged":["Strike_G","Strike_G","Strike_G","Strike_G"],"score":964,"play_id":"e32a0861-9d36-48b7-8c39-2247a39301d4","local_time":"20210111032334","is_ascension_mode":true,"campfire_choices":[{"data":"Neutralize","floor":6,"key":"SMITH"},{"data":"Deadly Poison","floor":12,"key":"SMITH"},{"floor":15,"key":"REST"},{"data":"After Image","floor":24,"key":"SMITH"},{"data":"Caltrops","floor":30,"key":"SMITH"},{"data":"hubris:Fate","floor":32,"key":"SMITH"},{"data":"infinitespire:NeuralNetwork","floor":42,"key":"SMITH"},{"data":"Venomology","floor":47,"key":"SMITH"},{"data":"Prepared","floor":49,"key":"SMITH"}],"circlet_count":0,"master_deck":["Defend_G","Defend_G","Defend_G","Defend_G","Survivor","Neutralize+1","Sucker Punch","Backflip","Dodge and Roll","Dodge and Roll","Deadly Poison+1","Trip","ReplayTheSpireMod:Scrap Shanks","ReplayTheSpireMod:Scrap Shanks","Backflip","Deadly Poison+1","Bouncing Flask","Deadly Poison+1","After Image+1","Blur","Acrobatics","Prepared+1","Finesse","Backflip","Prepared","Caltrops+1","hubris:Fate+1","Die Die Die","animator:Curse_Greed","theWildCard:Arsene","Venomology+1","Good Instincts","infinitespire:NeuralNetwork+1","ReplayTheSpireMod:Scrap Shanks","Prepared+1","Trip","Poisoned Stab","Dodge and Roll+1","Dagger Spray+1","ReplayTheSpireMod:Scrap Shanks"],"relics":["conspire:SpecialSausage","Art of War","Pyrelight","hubris:OldNail","Dream Catcher","Tiny Chest","hubris:VirtuousBlindfold","Simple Rune","Matryoshka","hubris:Towel","Pantograph","ReplayTheSpireMod:SealedPack","PreservedInsect","Strawberry","infinitespire:Satchel","Replay:Bottled Eggs","Happy Flower","FossilizedHelix","hubris:GlazedTorus"],"acts_visited":["Exordium","TheCity","TheBeyond"],"potions_floor_usage":[23,23,35,36,45,46,50,50,50,50,50,50],"damage_taken":[{"damage":0,"enemies":"2 Louse","floor":1,"turns":2},{"damage":6,"enemies":"conspire:MimicChest","floor":2,"turns":9},{"damage":0,"enemies":"Jaw Worm","floor":3,"turns":5},{"damage":0,"enemies":"Small Slimes","floor":5,"turns":6},{"damage":29,"enemies":"Gremlin Nob","floor":7,"turns":6},{"damage":0,"enemies":"2 Fungi Beasts","floor":11,"turns":5},{"damage":11,"enemies":"Exordium Wildlife","floor":13,"turns":6},{"damage":6,"enemies":"Hexaghost","floor":16,"turns":9},{"damage":3,"enemies":"Chosen","floor":18,"turns":5},{"damage":2,"enemies":"Shell Parasite","floor":20,"turns":5},{"damage":4,"enemies":"Snake Plant","floor":21,"turns":5},{"damage":20,"enemies":"Slavers","floor":23,"turns":6},{"damage":1,"enemies":"Snecko","floor":25,"turns":5},{"damage":14,"enemies":"conspire:HollyBat","floor":28,"turns":7},{"damage":20,"enemies":"hubris:MusketHawk","floor":33,"turns":9},{"damage":0,"enemies":"Orb Walker","floor":35,"turns":5},{"damage":2,"enemies":"3 Shapes","floor":36,"turns":7},{"damage":0,"enemies":"Sphere and 2 Shapes","floor":38,"turns":3},{"damage":0,"enemies":"Giant Head","floor":41,"turns":4},{"damage":0,"enemies":"Mind Bloom Boss Battle","floor":44,"turns":3},{"damage":5,"enemies":"3 Darklings","floor":45,"turns":4},{"damage":0,"enemies":"Writhing Mass","floor":46,"turns":4},{"damage":0,"enemies":"hubris:GrandSnecko","floor":50,"turns":3}],"seed_played":"8086299447147744713","potions_obtained":[{"floor":2,"key":"Weak Potion"},{"floor":3,"key":"Dexterity Potion"},{"floor":13,"key":"AttackPotion"},{"floor":14,"key":"Languid Potion"},{"floor":18,"key":"Venom Potion"},{"floor":25,"key":"Swift Potion"},{"floor":28,"key":"Block Potion"},{"floor":35,"key":"Venom Potion"},{"floor":45,"key":"CunningPotion"}],"is_trial":false,"path_per_floor":["M","?","M","?","M","R","E","?","T","$","M","R","M","?","R","B",null,"M","?","M","M","$","E","R","M","T","?","M","$","R","AVR","R","B",null,"M","M","NS","M","?","T","E","R","T","?","M","M","R","AVR","R_BF","B",null],"character_chosen":"THE_SILENT","items_purchased":["Trip","ReplayTheSpireMod:Scrap Shanks","Backflip","Finesse","Caltrops"],"campfire_rested":1,"item_purchase_floors":[10,10,10,22,29],"current_hp_per_floor":[70,64,64,64,64,64,35,35,35,35,35,35,24,7,28,22,70,67,67,65,61,61,41,41,40,40,40,26,26,26,26,26,31,70,70,68,68,68,68,75,75,75,75,77,72,72,72,72,72,77],"gold":300,"neow_bonus":"BOSS_RELIC","is_daily":false,"chose_seed":false,"campfire_upgraded":8,"win_rate":0.0,"timestamp":1610349814,"path_taken":["M","?","M","?","M","R","E","?","T","$","M","R","M","?","R","BOSS","M","?","M","M","$","E","R","M","T","?","M","$","R","AVR","R","BOSS","M","M","NS","M","?","?","E","R","T","?","M","M","R","AVR","R_BF","BOSS"],"items_purchased_type":["Card","Card","Card","Card","Card"],"build_version":"2020-12-22","purchased_purges":4,"victory":true,"max_hp_per_floor":[70,70,70,70,70,70,70,70,70,70,70,70,70,70,70,70,70,70,70,70,70,70,70,70,70,70,70,70,70,70,70,70,70,70,70,70,70,70,70,77,77,77,77,77,77,77,77,77,77,77],"card_choices":[{"not_picked":["Reflex","Acrobatics"],"picked":"Sucker Punch","floor":1},{"not_picked":["Bane","Quick Slash"],"picked":"Backflip","floor":2},{"not_picked":["Expertise","ReplayTheSpireMod:The Works"],"picked":"Dodge and Roll","floor":3},{"not_picked":["Concentrate","Deflect"],"picked":"Dodge and Roll","floor":5},{"not_picked":["ReplayTheSpireMod:Necrosis","hubris:Sniper","Slice"],"picked":"SKIP","floor":7},{"not_picked":["hubris:Sniper","Acrobatics"],"picked":"Deadly Poison","floor":11},{"not_picked":["hubris:SlightOfHand","Dagger Throw"],"picked":"Bouncing Flask","floor":13},{"not_picked":["Bane","Dagger Spray"],"picked":"Deadly Poison","floor":15},{"not_picked":["Storm of Steel","Malaise"],"picked":"After Image","floor":16},{"not_picked":["Blade Dance","hubris:SlightOfHand"],"picked":"Blur","floor":18},{"not_picked":["Hidden Blade","Slice+1"],"picked":"Acrobatics","floor":20},{"not_picked":["Hidden Blade","Eviscerate"],"picked":"Prepared","floor":21},{"not_picked":["Choke","Sucker Punch","Hidden Blade"],"picked":"SKIP","floor":23},{"not_picked":["ReplayTheSpireMod:Tripwire","Predator"],"picked":"Backflip","floor":25},{"not_picked":["hubris:SlightOfHand+1","Quick Slash"],"picked":"Prepared","floor":28},{"not_picked":["A Thousand Cuts","Night Terror"],"picked":"Die Die Die","floor":33},{"not_picked":["Exchange","hubris:MerchantsHand"],"picked":"theWildCard:Arsene","floor":34},{"not_picked":["Unload","Grand Finale"],"picked":"Venomology","floor":34},{"not_picked":["Replay:Sssssssssstrike","Replay:Sssssssssshield"],"picked":"Good Instincts","floor":34},{"not_picked":["Replay:Fractal Strike","ReplayTheSpireMod:Echoes of Time"],"picked":"infinitespire:NeuralNetwork","floor":34},{"not_picked":["ReplayTheSpireMod:Exploit Weakness","Quick Slash+1"],"picked":"ReplayTheSpireMod:Scrap Shanks","floor":35},{"not_picked":["Underhanded Strike+1","PiercingWail+1"],"picked":"Prepared+1","floor":36},{"not_picked":["Quick Slash","Choke","Predator"],"picked":"SKIP","floor":38},{"not_picked":["Survey Options","conspire:Banana"],"picked":"Trip","floor":39},{"not_picked":["Calculated Gamble","Dagger Spray+1"],"picked":"Poisoned Stab","floor":41},{"not_picked":["Replay:Poison Smokescreen","Poison Darts"],"picked":"Dodge and Roll+1","floor":44},{"not_picked":["Flying Knee","Slice+1"],"picked":"Dagger Spray+1","floor":45},{"not_picked":["Poisoned Stab","Expertise+1"],"picked":"ReplayTheSpireMod:Scrap Shanks","floor":46}],"player_experience":462232,"relics_obtained":[{"floor":2,"key":"Art of War"},{"floor":7,"key":"hubris:OldNail"},{"floor":9,"key":"Dream Catcher"},{"floor":14,"key":"Tiny Chest"},{"floor":23,"key":"Simple Rune"},{"floor":26,"key":"Matryoshka"},{"floor":40,"key":"PreservedInsect"},{"floor":40,"key":"Strawberry"},{"floor":41,"key":"infinitespire:Satchel"},{"floor":43,"key":"Replay:Bottled Eggs"},{"floor":43,"key":"Happy Flower"},{"floor":44,"key":"FossilizedHelix"}],"event_choices":[{"damage_healed":0,"gold_gain":0,"player_choice":"Memory 1","damage_taken":0,"max_hp_gain":0,"max_hp_loss":0,"event_name":"SensoryStone","floor":39,"gold_loss":0},{"damage_healed":0,"gold_gain":0,"player_choice":"Fight","damage_taken":0,"max_hp_gain":0,"max_hp_loss":0,"event_name":"MindBloom","floor":44,"gold_loss":0}],"is_beta":false,"boss_relics":[{"not_picked":["hubris:CrackedHourglass","Snecko Scales"],"picked":"hubris:VirtuousBlindfold"},{"not_picked":["Busted Crown","hubris:RunicObelisk"],"picked":"ReplayTheSpireMod:SealedPack"}],"items_purged_floors":[22,29,31,48],"is_endless":false,"potions_floor_spawned":[2,3,13,18,20,25,28,35,36,45,46],"ascension_level":3}}