{"host":"yecadp3kwkksam5a","time":1610377826,"event":{"mods":["BaseMod","Minty Spire (QoL Compilation)","StSLib","The Cursed","The Jungle","The Poker Player","WarShipGirlsR/??á´Ò³R mod"],"gold_per_floor":[117,135,146,146,162,194,253,253,276,276,276,287,321,271,271,369,369,381,394,42,42,55,55],"floor_reached":22,"playtime":1388,"items_purged":["rmod:defend"],"score":246,"play_id":"2a637a5c-3608-47f7-9b49-85c40c7118d9","local_time":"20210112001026","is_ascension_mode":false,"campfire_choices":[{"data":"rmod:diamondstrike","floor":8.0,"key":"SMITH"},{"data":"rmod:lonelyqueen","floor":10.0,"key":"SMITH"},{"data":"rmod:seals","floor":15.0,"key":"SMITH"}],"circlet_count":0,"master_deck":["rmod:strick+1","rmod:defend","rmod:basicallowance","rmod:maingunfire","rmod:diamondstrike+1","rmod:aluminumsupply+1","rmod:lonelyqueen+1","Adrenaline+1","rmod:advancebysurprise","rmod:guardianhero","rmod:seals+1","rmod:unsinkable","rmod:aluminumsupply","rmod:windflower","rmod:wolves+1","rmod:steelsupply","rmod:expedition+1"],"relics":["rmod:firstchargereward","MealTicket","Whetstone","Ancient Tea Set","Orichalcum","Lizard Tail","Empty Cage","Frozen Egg 2"],"acts_visited":["Exordium","TheCity"],"potions_floor_usage":[],"damage_taken":[{"damage":5.0,"enemies":"Jaw Worm","floor":1.0,"turns":3.0},{"damage":0.0,"enemies":"Cultist","floor":2.0,"turns":3.0},{"damage":0.0,"enemies":"Small Slimes","floor":3.0,"turns":2.0},{"damage":0.0,"enemies":"2 Fungi Beasts","floor":5.0,"turns":3.0},{"damage":20.0,"enemies":"Gremlin Nob","floor":6.0,"turns":4.0},{"damage":11.0,"enemies":"3 Sentries","floor":7.0,"turns":8.0},{"damage":0.0,"enemies":"Gremlin Gang","floor":12.0,"turns":4.0},{"damage":0.0,"enemies":"Lagavulin","floor":13.0,"turns":8.0},{"damage":5,"enemies":"Slime Boss","floor":16,"turns":13},{"damage":8,"enemies":"Shell Parasite","floor":18,"turns":5},{"damage":5,"enemies":"3 Byrds","floor":19,"turns":5},{"damage":0,"enemies":"Snake Plant","floor":22,"turns":7}],"seed_played":"6104480624189558893","potions_obtained":[{"floor":2.0,"key":"BlessingOfTheForge"},{"floor":5.0,"key":"SteroidPotion"},{"floor":12.0,"key":"Block Potion"}],"is_trial":false,"path_per_floor":["M","M","M","?","M","E","?","R","T","R","?","M","E","?","R","B",null,"M","M","$","?","M"],"character_chosen":"PRAEFECT","items_purchased":["Frozen Egg 2","rmod:expedition+1"],"campfire_rested":0,"item_purchase_floors":[20,20],"current_hp_per_floor":[70,70,70,70,70,50,39,39,39,39,39,39,39,39,39,34,75,67,62,75,75,75,75],"gold":55,"neow_bonus":"RANDOM_COMMON_RELIC","is_daily":false,"chose_seed":false,"campfire_upgraded":3,"win_rate":0.0,"timestamp":1610377826,"path_taken":["M","M","M","?","?","E","?","R","T","R","?","?","E","?","R","BOSS","M","M","$","?","M"],"items_purchased_type":["Relic","Card"],"build_version":"2020-12-22","purchased_purges":1,"victory":false,"max_hp_per_floor":[75,75,75,75,75,75,75,75,75,75,75,75,75,75,75,75,75,75,75,75,75,75,75],"card_choices":[{"not_picked":["rmod:victimresponsibility","rmod:unsinkable"],"picked":"rmod:diamondstrike","floor":1.0},{"not_picked":["rmod:firesupport","rmod:luckystar"],"picked":"rmod:aluminumsupply","floor":2.0},{"not_picked":["rmod:victimresponsibility","rmod:luckystar"],"picked":"rmod:lonelyqueen","floor":3.0},{"not_picked":["rmod:firesupport","rmod:generalist"],"picked":"rmod:advancebysurprise","floor":5.0},{"not_picked":["rmod:fletcherpendant","rmod:circuitoustactics"],"picked":"rmod:guardianhero","floor":6.0},{"not_picked":["rmod:selfconfidence","rmod:circuitoustactics"],"picked":"rmod:seals","floor":7.0},{"not_picked":["rmod:goodsister","rmod:fletcherpendant"],"picked":"rmod:unsinkable","floor":12.0},{"not_picked":["rmod:selfconfidence","rmod:aviationdawn"],"picked":"rmod:aluminumsupply","floor":13.0},{"not_picked":["rmod:seals","rmod:saltedfish"],"picked":"rmod:windflower","floor":16},{"not_picked":["rmod:chargemoney","rmod:supportescort"],"picked":"rmod:wolves+1","floor":18},{"not_picked":["rmod:firesupport","rmod:selfconfidence"],"picked":"rmod:steelsupply","floor":19},{"not_picked":["rmod:steelsupply","rmod:fletcherpendant","rmod:firesupport"],"picked":"SKIP","floor":22}],"player_experience":498454,"relics_obtained":[{"floor":6.0,"key":"Whetstone"},{"floor":7.0,"key":"Ancient Tea Set"},{"floor":9.0,"key":"Orichalcum"},{"floor":13.0,"key":"Lizard Tail"}],"event_choices":[{"cards_removed":["rmod:strick"],"damage_healed":0.0,"max_hp_gain":0.0,"max_hp_loss":0.0,"gold_gain":0.0,"event_name":"NoteForYourself","player_choice":"Took Card","floor":4.0,"gold_loss":0.0,"damage_taken":0.0,"cards_obtained":["Adrenaline"]},{"damage_healed":0.0,"max_hp_gain":0.0,"max_hp_loss":0.0,"gold_gain":30.0,"event_name":"Dead Adventurer","player_choice":"Searched \u00273\u0027 times","floor":7.0,"gold_loss":0.0,"damage_taken":0.0},{"damage_healed":0.0,"max_hp_gain":0.0,"max_hp_loss":0.0,"gold_gain":0.0,"event_name":"Accursed Blacksmith","player_choice":"Forge","floor":11.0,"gold_loss":0.0,"damage_taken":0.0,"cards_upgraded":["rmod:aluminumsupply"]},{"cards_removed":["rmod:strick"],"damage_healed":0.0,"max_hp_gain":0.0,"max_hp_loss":0.0,"gold_gain":0.0,"event_name":"The Cleric","player_choice":"Card Removal","floor":14.0,"gold_loss":50.0,"damage_taken":0.0},{"cards_removed":["rmod:strick"],"damage_healed":0,"gold_gain":0,"player_choice":"Purged","damage_taken":0,"max_hp_gain":0,"max_hp_loss":0,"event_name":"Purifier","floor":21,"gold_loss":0}],"is_beta":false,"boss_relics":[{"not_picked":["Ectoplasm","Snecko Eye"],"picked":"Empty Cage"}],"items_purged_floors":[20],"is_endless":false,"potions_floor_spawned":[2,5,12,13,16,22],"killed_by":"Snake Plant","ascension_level":0}}