{"host":"hcmbbnq9kugrt4gl","time":1610361124,"event":{"mods":["AchievementEnabler","BaseMod","Minty Spire (QoL Compilation)","Permanent Neow","Quick Restart","Relic Stats","Synergy Search","slay the spire mod where everything is the same but ironclad has a cowboy hat"],"gold_per_floor":[118,134,152,152,170,170,200,200,200,218,251,161,176,176,176,272,272,284,284,296,310,325,325,325],"floor_reached":23,"playtime":1205,"items_purged":[],"score":205,"play_id":"81343914-96db-4808-a286-970057fd90f5","local_time":"20210111113204","is_ascension_mode":false,"campfire_choices":[{"floor":6,"key":"RECALL"},{"floor":8,"key":"REST"},{"floor":15,"key":"REST"}],"circlet_count":0,"master_deck":["Strike_R","Strike_R","Strike_R","Defend_R","Defend_R+1","Defend_R","Defend_R","Bash","Headbutt","Thunderclap","Sword Boomerang","Pommel Strike","Spot Weakness","Dropkick","Infernal Blade","Armaments","Feed+1","Cleave","Power Through","Heavy Blade","Corruption","Whirlwind+1","Whirlwind+1","Brutality","Shrug It Off+1","Metallicize+1"],"relics":["Burning Blood","Du-Vu Doll","Prayer Wheel","Paper Frog","Philosopher\u0027s Stone"],"acts_visited":["Exordium","TheCity"],"potions_floor_usage":[7,11,16,23],"damage_taken":[{"damage":0,"enemies":"Small Slimes","floor":1,"turns":3},{"damage":4,"enemies":"2 Louse","floor":2,"turns":3},{"damage":6,"enemies":"Cultist","floor":3,"turns":3},{"damage":14,"enemies":"3 Louse","floor":5,"turns":3},{"damage":16,"enemies":"Gremlin Nob","floor":7,"turns":3},{"damage":22,"enemies":"Gremlin Gang","floor":10,"turns":3},{"damage":39,"enemies":"3 Sentries","floor":11,"turns":8},{"damage":12,"enemies":"Blue Slaver","floor":13,"turns":2},{"damage":30,"enemies":"Hexaghost","floor":16,"turns":11},{"damage":14,"enemies":"3 Byrds","floor":18,"turns":3},{"damage":6,"enemies":"Spheric Guardian","floor":20,"turns":3},{"damage":48,"enemies":"Snake Plant","floor":21,"turns":3},{"damage":13,"enemies":"3 Cultists","floor":22,"turns":3},{"damage":37,"enemies":"Book of Stabbing","floor":23,"turns":4}],"seed_played":"8889822635951415048","potions_obtained":[{"floor":1,"key":"Energy Potion"},{"floor":5,"key":"SkillPotion"},{"floor":11,"key":"Block Potion"},{"floor":16,"key":"Ancient Potion"},{"floor":21,"key":"PowerPotion"},{"floor":22,"key":"SteroidPotion"}],"is_trial":false,"path_per_floor":["M","M","M","?","M","R","E","R","T","M","E","$","M","?","R","B",null,"M","?","M","M","M","E"],"character_chosen":"IRONCLAD","items_purchased":["Cleave","Power Through"],"campfire_rested":2,"item_purchase_floors":[12,12],"current_hp_per_floor":[80,80,80,73,65,65,55,79,79,63,30,30,27,10,34,10,83,79,79,83,41,34,0,0],"gold":325,"neow_bonus":"TRANSFORM_CARD","is_daily":false,"chose_seed":false,"campfire_upgraded":0,"win_rate":0.0,"timestamp":1610361124,"path_taken":["M","M","M","?","M","R","E","R","T","M","E","$","M","?","R","BOSS","M","?","M","?","M","E"],"items_purchased_type":["Card","Card"],"build_version":"2020-12-22","purchased_purges":0,"victory":false,"max_hp_per_floor":[80,80,80,80,80,80,80,80,80,80,80,80,83,83,83,83,83,87,87,91,91,91,91,91],"relic_stats":{"counters":[14,55],"Prayer Wheel":6,"obtain_stats":[{"Du-Vu Doll":7,"Prayer Wheel":9,"Philosopher\u0027s Stone":17,"Burning Blood":0,"Paper Frog":11},{"Du-Vu Doll":5,"Prayer Wheel":5,"Philosopher\u0027s Stone":9,"Burning Blood":0,"Paper Frog":7},{"Du-Vu Doll":15,"Prayer Wheel":15,"Philosopher\u0027s Stone":39,"Burning Blood":0,"Paper Frog":26}],"Burning Blood":70},"card_choices":[{"not_picked":["Flame Barrier","Twin Strike"],"picked":"Thunderclap","floor":1},{"not_picked":["Warcry","Burning Pact"],"picked":"Sword Boomerang","floor":2},{"not_picked":["Perfected Strike","Shrug It Off"],"picked":"Pommel Strike","floor":3},{"not_picked":["Perfected Strike","Combust"],"picked":"Spot Weakness","floor":5},{"not_picked":["Disarm","Clash"],"picked":"Dropkick","floor":7},{"not_picked":["Body Slam","Pommel Strike"],"picked":"Infernal Blade","floor":10},{"not_picked":["Seeing Red","Clash"],"picked":"Armaments","floor":10},{"not_picked":["Perfected Strike","Havoc"],"picked":"Feed","floor":11},{"not_picked":["Burning Pact","Armaments"],"picked":"Heavy Blade","floor":13},{"not_picked":["Cleave","True Grit","Havoc"],"picked":"SKIP","floor":13},{"not_picked":["Juggernaut","Feed"],"picked":"Corruption","floor":16},{"not_picked":["Wild Strike","Shockwave","Twin Strike"],"picked":"SKIP","floor":18},{"not_picked":["Perfected Strike","Headbutt","Twin Strike"],"picked":"SKIP","floor":18},{"not_picked":["Twin Strike","Perfected Strike+1"],"picked":"Whirlwind+1","floor":20},{"not_picked":["True Grit","Cleave"],"picked":"Whirlwind+1","floor":20},{"not_picked":["Clothesline","Heavy Blade"],"picked":"Brutality","floor":21},{"not_picked":["Sword Boomerang+1","Clothesline","Armaments+1"],"picked":"SKIP","floor":21},{"not_picked":["Second Wind","Battle Trance"],"picked":"Shrug It Off+1","floor":22},{"not_picked":["Feel No Pain+1","Body Slam"],"picked":"Metallicize+1","floor":22}],"player_experience":186494,"relics_obtained":[{"floor":7,"key":"Du-Vu Doll"},{"floor":9,"key":"Prayer Wheel"},{"floor":11,"key":"Paper Frog"}],"event_choices":[{"cards_removed":["Strike_R"],"damage_healed":0,"gold_gain":0,"player_choice":"Card Removal","damage_taken":7,"max_hp_gain":0,"max_hp_loss":0,"event_name":"Golden Wing","floor":4,"gold_loss":0},{"damage_healed":0,"gold_gain":0,"player_choice":"Entered Light","damage_taken":17,"max_hp_gain":0,"max_hp_loss":0,"event_name":"Shining Light","floor":14,"gold_loss":0,"cards_upgraded":["Feed","Defend_R"]},{"damage_healed":0,"gold_gain":0,"player_choice":"Ignored","damage_taken":0,"max_hp_gain":0,"max_hp_loss":0,"event_name":"NoteForYourself","floor":19,"gold_loss":0}],"is_beta":false,"boss_relics":[{"not_picked":["Runic Dome","Tiny House"],"picked":"Philosopher\u0027s Stone"}],"items_purged_floors":[],"is_endless":false,"potions_floor_spawned":[1,5,11,16,21,22],"killed_by":"Book of Stabbing","ascension_level":0}}