{"host":"w05x4i13f2m9joq1","time":1610327880,"event":{"mods":["Act Like it!","BaseMod","Colored Map","Colored Powertips","Duelist Mod","GifTheSpireLib","Googly Eyes","Marisa????????","Minty Spire (QoL Compilation)","StSLib"],"gold_per_floor":[144,144,163,16,16,41,41,88,115,145,145,195,195,213,213,317,317,317,317,317,317,317,317,317,79,79,79,79,79,79,79,79,79,79,79,7,7,7,7,7,7,7,7,7,7,7,7,7,7,7],"floor_reached":51,"playtime":5826,"items_purged":[],"score":1010,"play_id":"a01ccfcd-3845-42c1-8925-f64ac8ad3939","local_time":"20210110201800","is_ascension_mode":true,"campfire_choices":[{"floor":13,"key":"REST"},{"data":"theDuelist:BigFire","floor":15,"key":"SMITH"},{"floor":32,"key":"REST"},{"data":"theDuelist:RainbowOverdragon","floor":40,"key":"SMITH"},{"data":"theDuelist:YamiForm","floor":42,"key":"SMITH"},{"floor":47,"key":"REST"},{"floor":49,"key":"REST"}],"circlet_count":0,"master_deck":["theDuelist:Nameless:Magic:GracefulCharity","theDuelist:BeaverWarrior","theDuelist:BeaverWarrior","theDuelist:CastleWalls+1","theDuelist:CastleWalls+1","theDuelist:FinalFlame","theDuelist:GiantSoldier+1","theDuelist:GiantSoldier+1","theDuelist:ScrapFactory","theDuelist:Sparks","theDuelist:Eva","theDuelist:BigFire+1","theDuelist:Wildfire","theDuelist:BerserkerCrush","theDuelist:PsiCurse","theDuelist:Hinotama","theDuelist:Tuningware","theDuelist:GridRod","theDuelist:YamiForm+1","theDuelist:DestroyerGolem","theDuelist:RainbowOverdragon+1","RitualDagger","theDuelist:ElectromagneticShield+1","theDuelist:DestroyerGolem+1","theDuelist:RainbowKuriboh","theDuelist:HappyLover+1","theDuelist:Wildfire+1","theDuelist:InfernoFireBlast+1","theDuelist:AfterGenocide","theDuelist:BattleFootballer","theDuelist:AncientGearFist+1","theDuelist:SilverApples+1","theDuelist:ClearKuriboh","theDuelist:ChaosSeed+1","theDuelist:FairyBox"],"relics":["theDuelist:MillenniumPuzzle","theDuelist:CardPoolRelic","theDuelist:CardPoolBasicRelic","theDuelist:BoosterPackPoolRelic","theDuelist:CardPoolAddRelic","theDuelist:CardPoolMinusRelic","theDuelist:CardPoolSaveRelic","theDuelist:CardPoolOptionsRelic","NeowsBlessing","theDuelist:AknamkanonsEssence","theDuelist:DuelistTeaSet","Nunchaku","War Paint","PreservedInsect","Bag of Marbles","theDuelist:MillenniumRod","MealTicket","Ectoplasm","MutagenicStrength","theDuelist:TributeEggRelic","Kunai","Lantern","theDuelist:BoosterPackSpellEgg","Peace Pipe","SlaversCollar","theDuelist:MillenniumPeriapt","theDuelist:ZoneToken","Red Skull","theDuelist:MetronomeRelicB","Mango"],"acts_visited":["Exordium","TheCity","TheBeyond"],"potions_floor_usage":[33,50,50,50],"damage_taken":[{"damage":0,"enemies":"2 Louse","floor":1,"turns":1},{"damage":0,"enemies":"Cultist","floor":3,"turns":1},{"damage":0,"enemies":"3 Sentries","floor":6,"turns":2},{"damage":10,"enemies":"Gremlin Nob","floor":8,"turns":5},{"damage":9,"enemies":"3 Sentries","floor":10,"turns":3},{"damage":9,"enemies":"Gremlin Nob","floor":12,"turns":4},{"damage":0,"enemies":"Small Slimes","floor":14,"turns":2},{"damage":2,"enemies":"Hexaghost","floor":16,"turns":7},{"damage":15,"enemies":"Chosen","floor":18,"turns":5},{"damage":0,"enemies":"2 Thieves","floor":22,"turns":1},{"damage":2,"enemies":"Gremlin Leader","floor":23,"turns":4},{"damage":11,"enemies":"Book of Stabbing","floor":27,"turns":4},{"damage":7,"enemies":"Snake Plant","floor":28,"turns":5},{"damage":0,"enemies":"Slavers","floor":29,"turns":5},{"damage":6,"enemies":"Cultist and Chosen","floor":31,"turns":3},{"damage":34,"enemies":"Champ","floor":33,"turns":7},{"damage":1,"enemies":"3 Darklings","floor":35,"turns":5},{"damage":2,"enemies":"3 Shapes","floor":37,"turns":3},{"damage":6,"enemies":"Reptomancer","floor":41,"turns":3},{"damage":27,"enemies":"Jaw Worm Horde","floor":44,"turns":3},{"damage":12,"enemies":"Spire Growth","floor":45,"turns":4},{"damage":0,"enemies":"Nemesis","floor":46,"turns":3},{"damage":9,"enemies":"Giant Head","floor":48,"turns":7},{"damage":93,"enemies":"Time Eater","floor":50,"turns":10}],"seed_played":"8099318483099052737","potions_obtained":[{"floor":3,"key":"GamblersBrew"},{"floor":6,"key":"theDuelist:MayhemPotion"},{"floor":10,"key":"theDuelist:BottledKuriboh"},{"floor":16,"key":"theDuelist:VoidBottle"},{"floor":22,"key":"theDuelist:OrbBottle"},{"floor":33,"key":"FocusPotion"},{"floor":35,"key":"theDuelist:TokenPotionB"}],"is_trial":false,"path_per_floor":["M","?","M","$","?","E","?","E","T","E","?","E","R","M","R","B",null,"M","?","?","?","M","E","?","$","T","E","M","E","?","M","R","B",null,"M","$","M","?","$","R","E","R","T","M","M","E","R","E","R","B",null],"character_chosen":"THE_DUELIST","items_purchased":["theDuelist:AknamkanonsEssence","Kunai","theDuelist:AfterGenocide"],"campfire_rested":4,"item_purchase_floors":[4,25,36],"current_hp_per_floor":[80,80,80,80,74,74,58,48,48,39,39,30,54,54,54,52,80,65,65,65,65,65,63,57,72,72,61,54,54,39,33,58,24,85,84,85,83,77,85,85,79,79,79,52,40,40,65,70,99,18],"gold":7,"neow_bonus":"THREE_ENEMY_KILL","is_daily":false,"chose_seed":false,"campfire_upgraded":3,"win_rate":0.0,"timestamp":1610327880,"path_taken":["M","?","?","$","?","E","?","E","T","E","?","E","R","M","R","BOSS","M","?","?","?","M","E","?","$","T","E","M","E","?","M","R","BOSS","M","$","M","?","$","R","E","R","T","M","?","E","R","E","R","BOSS"],"items_purchased_type":["Relic","Relic","Card"],"build_version":"2020-12-22","purchased_purges":0,"victory":true,"max_hp_per_floor":[80,80,80,80,80,80,80,80,80,80,80,80,80,80,80,80,80,80,80,80,80,80,80,80,80,80,80,80,80,85,85,85,85,85,85,85,85,85,85,85,85,85,85,85,85,85,85,99,99,99],"card_choices":[{"not_picked":["theDuelist:WhiteNinja","theDuelist:SwordDeepSeated","theDuelist:FluteKuriboh","theDuelist:AfterTheStorm"],"picked":"theDuelist:Eva","floor":1},{"not_picked":["theDuelist:DarkBurningAttack","theDuelist:Tuningware","theDuelist:SwordDeepSeated","theDuelist:FairyBox"],"picked":"theDuelist:BigFire","floor":3},{"not_picked":["theDuelist:VenomShot","theDuelist:LegendarySword"],"picked":"theDuelist:Wildfire","floor":6},{"not_picked":["theDuelist:BigFire","theDuelist:SpiritHarp","theDuelist:WormApocalypse","theDuelist:ScrapFactory"],"picked":"theDuelist:BerserkerCrush","floor":8},{"not_picked":["theDuelist:UnderworldCannon","theDuelist:CircleFireKings","theDuelist:Electrowhip","theDuelist:ElectromagneticShield","theDuelist:LightningVortex"],"picked":"SKIP","floor":10},{"not_picked":["theDuelist:SpellShatteringArrow","theDuelist:MeteorDestruction","theDuelist:DoubleTool","theDuelist:CoreBlaster"],"picked":"theDuelist:Hinotama","floor":12},{"not_picked":["theDuelist:FrontierWiseman","theDuelist:BlackPendant","theDuelist:PreventRat","theDuelist:PotDichotomy"],"picked":"theDuelist:Tuningware","floor":14},{"not_picked":["theDuelist:FeatherShot","theDuelist:AmuletAmbition","theDuelist:Mathematician","theDuelist:KamionTimelord"],"picked":"theDuelist:GridRod","floor":16},{"not_picked":["theDuelist:SevenCompleted","theDuelist:PineappleBlast","theDuelist:InstantFusion","theDuelist:FeatherShot"],"picked":"theDuelist:YamiForm","floor":18},{"not_picked":["theDuelist:EarthquakeGiant","theDuelist:LightningVortex+1","theDuelist:MudGolem","theDuelist:RainbowOverdragon"],"picked":"theDuelist:DestroyerGolem","floor":22},{"not_picked":["theDuelist:KamionTimelord+1","theDuelist:HappyLover+1","theDuelist:Eva+1","theDuelist:RainbowKuriboh"],"picked":"theDuelist:RainbowOverdragon","floor":23},{"not_picked":["theDuelist:WhiteHowling+1","theDuelist:GravityAxe+1","theDuelist:ImperialOrder+1","theDuelist:GridRod+1"],"picked":"theDuelist:ElectromagneticShield+1","floor":27},{"not_picked":[],"picked":"theDuelist:DestroyerGolem+1","floor":28},{"not_picked":["theDuelist:RainbowNeos","theDuelist:HappyLover","theDuelist:Eva","theDuelist:RainbowOverdragon+1"],"picked":"theDuelist:RainbowKuriboh","floor":29},{"not_picked":["theDuelist:GreenGraveOni","theDuelist:PurplePainOni","theDuelist:RainbowKuriboh","theDuelist:RedHeadedOni"],"picked":"theDuelist:HappyLover+1","floor":31},{"not_picked":["theDuelist:SwordsRevealing+1","theDuelist:Raigeki+1","theDuelist:LightningBlade+1","theDuelist:KamionTimelord"],"picked":"theDuelist:Wildfire+1","floor":33},{"not_picked":["theDuelist:CoreBlaster+1","theDuelist:BigFire+1","theDuelist:Sangan","theDuelist:CombinationAttack+2"],"picked":"theDuelist:InfernoFireBlast+1","floor":35},{"not_picked":["theDuelist:DoubleTool+2","theDuelist:Tuningware+1","theDuelist:CrystalBlessing+1","theDuelist:DeltaAttacker+1"],"picked":"theDuelist:BattleFootballer","floor":37},{"not_picked":["theDuelist:WhiteNinja","theDuelist:SangaEarth+1","theDuelist:CrystalRaigeki+1","theDuelist:BlackPendant+1"],"picked":"theDuelist:AncientGearFist+1","floor":41},{"not_picked":["theDuelist:MeteorDestruction+1","theDuelist:CombinationAttack+1","theDuelist:SwordDeepSeated+1","theDuelist:SparkBlaster+1"],"picked":"theDuelist:SilverApples+1","floor":44},{"not_picked":["theDuelist:EarthquakeGiant+1","theDuelist:Mudora+1","theDuelist:WormKing+1","theDuelist:Mathematician+1"],"picked":"theDuelist:ClearKuriboh","floor":45},{"not_picked":["theDuelist:VendreadCharge+1","theDuelist:DarkBurningMagic+1","theDuelist:FrontierWiseman+1","theDuelist:ForbiddenLance+1"],"picked":"theDuelist:ChaosSeed+1","floor":46},{"not_picked":["theDuelist:Wiretap","theDuelist:WhiteHowling","theDuelist:PsychicShockwave","theDuelist:SilverApples+1"],"picked":"theDuelist:FairyBox","floor":48}],"player_experience":56288,"relics_obtained":[{"floor":6,"key":"Nunchaku"},{"floor":8,"key":"War Paint"},{"floor":9,"key":"PreservedInsect"},{"floor":10,"key":"Bag of Marbles"},{"floor":12,"key":"MealTicket"},{"floor":23,"key":"theDuelist:TributeEggRelic"},{"floor":26,"key":"Lantern"},{"floor":27,"key":"theDuelist:BoosterPackSpellEgg"},{"floor":29,"key":"Peace Pipe"},{"floor":41,"key":"theDuelist:ZoneToken"},{"floor":43,"key":"Red Skull"},{"floor":46,"key":"theDuelist:MetronomeRelicB"},{"floor":48,"key":"Mango"}],"event_choices":[{"cards_removed":["theDuelist:Sparks"],"damage_healed":0,"gold_gain":0,"player_choice":"Purged","damage_taken":0,"max_hp_gain":0,"max_hp_loss":0,"event_name":"Purifier","floor":2,"gold_loss":0},{"damage_healed":0,"gold_gain":0,"player_choice":"Dig - random Duelist relic","duelist":true,"damage_taken":0,"max_hp_gain":0,"max_hp_loss":0,"event_name":"Aknamkanon\u0027s Tomb","floor":5,"gold_loss":0},{"damage_healed":0,"gold_gain":0,"player_choice":"Entered Light","damage_taken":16,"max_hp_gain":0,"max_hp_loss":0,"event_name":"Shining Light","floor":7,"gold_loss":0,"cards_upgraded":["theDuelist:CastleWalls","theDuelist:GiantSoldier"]},{"damage_healed":0,"gold_gain":0,"player_choice":"Took item - Received: Millennium Rod","duelist":true,"damage_taken":0,"max_hp_gain":0,"max_hp_loss":0,"event_name":"Millennium Items","floor":11,"gold_loss":0},{"damage_healed":0,"gold_gain":0,"player_choice":"Read","damage_taken":0,"max_hp_gain":0,"max_hp_loss":0,"event_name":"The Library","floor":19,"gold_loss":0,"cards_obtained":["theDuelist:FairyBox"]},{"damage_healed":0,"gold_gain":0,"player_choice":"Inject Mutagens","damage_taken":0,"relics_obtained":["MutagenicStrength"],"max_hp_gain":0,"max_hp_loss":0,"event_name":"Drug Dealer","floor":20,"gold_loss":0},{"damage_healed":0,"gold_gain":0,"player_choice":"Traded Fairy Box for Graceful Charity","duelist":true,"damage_taken":0,"max_hp_gain":0,"max_hp_loss":0,"event_name":"Card Trader","floor":21,"gold_loss":0},{"damage_healed":0,"gold_gain":0,"player_choice":"Joined the Cult","damage_taken":6,"max_hp_gain":0,"max_hp_loss":0,"event_name":"Nest","floor":24,"gold_loss":0,"cards_obtained":["RitualDagger"]},{"damage_healed":0,"gold_gain":0,"player_choice":"Shed Blood","damage_taken":20,"max_hp_gain":5,"max_hp_loss":0,"event_name":"Forgotten Altar","floor":30,"gold_loss":0},{"damage_healed":0,"gold_gain":0,"player_choice":"Dig - random Duelist relic","duelist":true,"damage_taken":0,"max_hp_gain":0,"max_hp_loss":0,"event_name":"Aknamkanon\u0027s Tomb","floor":38,"gold_loss":0}],"is_beta":false,"boss_relics":[{"not_picked":["HoveringKite","Runic Cube"],"picked":"Ectoplasm"},{"not_picked":["Philosopher\u0027s Stone","theDuelist:GamblerChip"],"picked":"SlaversCollar"}],"items_purged_floors":[],"is_endless":false,"potions_floor_spawned":[3,6,10,16,22,27,28,29,33,35,41,45,46],"ascension_level":1}}