{"host":"2lo6hma6kymb0g9i","time":1610374802,"event":{"mods":["BaseMod","Colored Map","DeckTracker","Minty Spire (QoL Compilation)"],"gold_per_floor":[115,115,130,55,55,55,81,95,95,130,130,141,141,157,157,234,234,253,5,5,5,18,18,35,51,51,63,83,83,95,95,95,167,167,179,179,179,198,98,98,133,145,145,145,165,194,206,30,30,30,30,30,30,57,57,57],"floor_reached":55,"playtime":5200,"items_purged":["Strike_B","Rip and Tear","Melter"],"score":1299,"play_id":"7a20688e-972a-4a79-82ff-45acfdd77ced","local_time":"20210111232002","is_ascension_mode":true,"campfire_choices":[{"data":"Zap","floor":6.0,"key":"SMITH"},{"data":"Hologram","floor":13.0,"key":"SMITH"},{"data":"Go for the Eyes","floor":15.0,"key":"SMITH"},{"data":"Reinforced Body","floor":23.0,"key":"SMITH"},{"floor":32.0,"key":"REST"},{"data":"Skim","floor":40.0,"key":"SMITH"},{"floor":49,"key":"RECALL"},{"data":"Compile Driver","floor":52,"key":"SMITH"}],"circlet_count":0,"master_deck":["AscendersBane","Zap+1","Dualcast","Gash","Reinforced Body+1","Hologram+1","Go for the Eyes+1","All For One","Recycle+1","Skim+1","BootSequence","Compile Driver+1","Fusion","Rainbow","Flash of Steel"],"relics":["Cracked Core","NeowsBlessing","Ice Cream","CaptainsWheel","Cables","Boot","Runic Pyramid","Sundial","Gremlin Horn","Pandora\u0027s Box","Molten Egg 2","Letter Opener","Vajra","DataDisk"],"acts_visited":["Exordium","TheCity","TheBeyond","TheEnding"],"potions_floor_usage":[54,55],"damage_taken":[{"damage":0.0,"enemies":"Jaw Worm","floor":1.0,"turns":1.0},{"damage":0.0,"enemies":"Cultist","floor":3.0,"turns":1.0},{"damage":0.0,"enemies":"3 Sentries","floor":7.0,"turns":1.0},{"damage":3.0,"enemies":"Small Slimes","floor":8.0,"turns":2.0},{"damage":10.0,"enemies":"Lagavulin","floor":10.0,"turns":7.0},{"damage":0.0,"enemies":"2 Fungi Beasts","floor":12.0,"turns":2.0},{"damage":1.0,"enemies":"Looter","floor":14.0,"turns":3.0},{"damage":20.0,"enemies":"Slime Boss","floor":16.0,"turns":8.0},{"damage":6.0,"enemies":"3 Byrds","floor":18.0,"turns":3.0},{"damage":4.0,"enemies":"Shell Parasite","floor":22.0,"turns":3.0},{"damage":0.0,"enemies":"Snecko","floor":24.0,"turns":4.0},{"damage":12.0,"enemies":"Centurion and Healer","floor":25.0,"turns":5.0},{"damage":4.0,"enemies":"Shelled Parasite and Fungi","floor":27.0,"turns":3.0},{"damage":0.0,"enemies":"Sentry and Sphere","floor":28.0,"turns":2.0},{"damage":0.0,"enemies":"Cultist and Chosen","floor":30.0,"turns":6.0},{"damage":4.0,"enemies":"Automaton","floor":33.0,"turns":5.0},{"damage":0.0,"enemies":"Orb Walker","floor":35.0,"turns":3.0},{"damage":0.0,"enemies":"3 Darklings","floor":38.0,"turns":3.0},{"damage":1.0,"enemies":"Reptomancer","floor":41.0,"turns":4.0},{"damage":1.0,"enemies":"Jaw Worm Horde","floor":42.0,"turns":2.0},{"damage":24.0,"enemies":"4 Shapes","floor":45.0,"turns":4.0},{"damage":0.0,"enemies":"Nemesis","floor":46.0,"turns":3.0},{"damage":2.0,"enemies":"Sphere and 2 Shapes","floor":47.0,"turns":2.0},{"damage":4,"enemies":"Awakened One","floor":50,"turns":3},{"damage":29,"enemies":"Shield and Spear","floor":54,"turns":3},{"damage":37,"enemies":"The Heart","floor":55,"turns":2}],"seed_played":"27047942807583101","potions_obtained":[{"floor":8.0,"key":"LiquidBronze"},{"floor":12.0,"key":"FearPotion"},{"floor":16.0,"key":"EssenceOfSteel"},{"floor":18.0,"key":"Fruit Juice"},{"floor":24.0,"key":"SneckoOil"},{"floor":27.0,"key":"GamblersBrew"},{"floor":42.0,"key":"PowerPotion"},{"floor":45.0,"key":"ColorlessPotion"},{"floor":46.0,"key":"Swift Potion"},{"floor":54,"key":"Energy Potion"}],"is_trial":false,"path_per_floor":["M","?","M","$","?","R","E","M","T","E","?","M","R","M","R","B",null,"M","$","?","?","M","R","M","M","T","M","M","?","M","$","R","B",null,"M","?","?","M","$","R","E","M","T","?","M","E","M","$","R","B",null,"R","$","E","B"],"character_chosen":"DEFECT","items_purchased":["Sundial","SkillPotion"],"campfire_rested":1,"item_purchase_floors":[19,48],"current_hp_per_floor":[64,64,64,64,64,64,64,61,61,51,26,26,26,25,25,5,55,54,54,54,54,50,50,50,38,38,34,34,34,34,34,56,52,70,70,70,60,60,60,60,59,58,58,58,34,34,32,32,32,28,64,64,64,35,0,0],"gold":57,"neow_bonus":"THREE_ENEMY_KILL","is_daily":false,"chose_seed":false,"campfire_upgraded":6,"win_rate":0.0,"timestamp":1610374802,"path_taken":["M","?","?","$","?","R","E","M","T","E","?","M","R","M","R","BOSS","M","$","?","?","M","R","M","M","T","M","M","?","M","?","R","BOSS","M","?","?","?","$","R","E","M","T","?","M","E","M","$","R","BOSS","R","$","E","BOSS"],"items_purchased_type":["Relic","Potion"],"build_version":"2020-12-22","purchased_purges":3,"victory":false,"max_hp_per_floor":[71,71,71,71,71,71,71,71,71,71,71,71,71,71,71,71,71,76,76,76,76,76,76,76,76,76,76,76,76,76,76,76,76,76,76,76,76,76,76,76,76,76,76,76,76,76,76,76,76,76,76,76,76,76,76,76],"card_choices":[{"not_picked":["Stack","Sweeping Beam"],"picked":"Gash","floor":1.0},{"not_picked":["Stack","Sunder"],"picked":"Rip and Tear","floor":3.0},{"not_picked":["Steam","Darkness"],"picked":"Melter","floor":7.0},{"not_picked":["Redo","Gash"],"picked":"Reinforced Body","floor":8.0},{"not_picked":["Leap","Loop"],"picked":"Hologram","floor":10.0},{"not_picked":["Melter","Gash","Leap"],"picked":"SKIP","floor":12.0},{"not_picked":["Hello World","Turbo"],"picked":"Go for the Eyes","floor":14.0},{"not_picked":["Reboot","Hyperbeam"],"picked":"All For One","floor":16.0},{"not_picked":["Conserve Battery","Turbo"],"picked":"Recycle+1","floor":18.0},{"not_picked":["Stack","Electrodynamics"],"picked":"Skim","floor":22.0},{"not_picked":["White Noise","Double Energy","Beam Cell"],"picked":"SKIP","floor":24.0},{"not_picked":["Consume","Conserve Battery"],"picked":"BootSequence","floor":25.0},{"not_picked":["FTL+1","Hologram","Gash"],"picked":"SKIP","floor":27.0},{"not_picked":["Reinforced Body","Rebound+1"],"picked":"Compile Driver","floor":28.0},{"not_picked":["Cold Snap+1","Leap","Defragment"],"picked":"SKIP","floor":30.0},{"not_picked":["Barrage","Redo","Go for the Eyes"],"picked":"SKIP","floor":35.0},{"not_picked":["Impatience","Purity"],"picked":"Flash of Steel","floor":37.0},{"not_picked":["Reinforced Body","Turbo","Leap"],"picked":"SKIP","floor":38.0},{"not_picked":["Undo+1","Leap","Sweeping Beam+1"],"picked":"SKIP","floor":41.0},{"not_picked":["Self Repair","Beam Cell+1","Hologram"],"picked":"SKIP","floor":42.0},{"not_picked":["Rip and Tear+1","Sweeping Beam+1","Defragment"],"picked":"SKIP","floor":45.0},{"not_picked":["Scrape+1","Beam Cell+1","Cold Snap+1"],"picked":"SKIP","floor":46.0},{"not_picked":["Hologram","Defragment+1","Gash+1"],"picked":"SKIP","floor":47.0},{"not_picked":["Gash+1","Ball Lightning+1","Darkness+1"],"picked":"SKIP","floor":54}],"player_experience":1028985,"relics_obtained":[{"floor":7.0,"key":"Ice Cream"},{"floor":9.0,"key":"CaptainsWheel"},{"floor":10.0,"key":"Cables"},{"floor":26.0,"key":"Gremlin Horn"},{"floor":41.0,"key":"Molten Egg 2"},{"floor":46.0,"key":"Vajra"},{"floor":54,"key":"DataDisk"}],"event_choices":[{"cards_removed":["Strike_B"],"damage_healed":0.0,"max_hp_gain":0.0,"max_hp_loss":0.0,"gold_gain":0.0,"event_name":"Bonfire Elementals","player_choice":"Offered Basic","floor":2.0,"gold_loss":0.0,"damage_taken":0.0},{"cards_removed":["Strike_B"],"damage_healed":0.0,"max_hp_gain":0.0,"max_hp_loss":0.0,"gold_gain":0.0,"event_name":"Living Wall","player_choice":"Forget","floor":5.0,"gold_loss":0.0,"damage_taken":0.0},{"damage_healed":0.0,"max_hp_gain":0.0,"max_hp_loss":0.0,"gold_gain":0.0,"event_name":"Scrap Ooze","player_choice":"Success","floor":11.0,"gold_loss":0.0,"damage_taken":25.0,"relics_obtained":["Boot"]},{"damage_healed":0.0,"max_hp_gain":0.0,"max_hp_loss":0.0,"gold_gain":0.0,"event_name":"Vampires","player_choice":"Ignored","floor":20.0,"gold_loss":0.0,"damage_taken":0.0},{"cards_removed":["Strike_B"],"damage_healed":0.0,"max_hp_gain":0.0,"max_hp_loss":0.0,"gold_gain":0.0,"event_name":"Back to Basics","player_choice":"Elegance","floor":21.0,"gold_loss":0.0,"damage_taken":0.0},{"damage_healed":0.0,"max_hp_gain":0.0,"max_hp_loss":0.0,"gold_gain":0.0,"event_name":"Ghosts","player_choice":"Ignored","floor":29.0,"gold_loss":0.0,"damage_taken":0.0},{"cards_removed":["Capacitor"],"damage_healed":0.0,"max_hp_gain":0.0,"max_hp_loss":0.0,"gold_gain":0.0,"event_name":"Falling","player_choice":"Removed Power","floor":36.0,"gold_loss":0.0,"damage_taken":0.0},{"damage_healed":0.0,"max_hp_gain":0.0,"max_hp_loss":0.0,"gold_gain":0.0,"event_name":"SensoryStone","player_choice":"Memory 3","floor":37.0,"gold_loss":0.0,"damage_taken":10.0},{"cards_removed":["Force Field"],"damage_healed":0.0,"max_hp_gain":0.0,"max_hp_loss":0.0,"gold_gain":0.0,"event_name":"WeMeetAgain","player_choice":"Gave Card","floor":44.0,"gold_loss":0.0,"damage_taken":0.0,"relics_obtained":["Letter Opener"]}],"is_beta":false,"boss_relics":[{"not_picked":["Philosopher\u0027s Stone","Velvet Choker"],"picked":"Runic Pyramid"},{"not_picked":["Runic Dome","Inserter"],"picked":"Pandora\u0027s Box"}],"items_purged_floors":[4,39,48],"is_endless":false,"potions_floor_spawned":[8,12,16,18,24,27,30,41,42,45,46,54],"killed_by":"The Heart","ascension_level":14}}