{"host":"yuhy0i501zzmn1iz","time":1610395068,"event":{"mods":["AchievementEnabler","AlwaysNeverKeys","BaseMod","Bestiary","Better Match","Better Third Choice","Curses Come First","Downfall","Minty Spire (QoL Compilation)","StSLib","slay the spire mod where everything is the same but ironclad has a cowboy hat"],"gold_per_floor":[118,137,137,137,152,152,152,152],"floor_reached":7,"playtime":182,"items_purged":[],"score":45,"play_id":"4621df61-eb02-48d0-b20b-fb72cd91e722","local_time":"20210111145748","is_ascension_mode":true,"campfire_choices":[{"floor":6,"key":"DIG"}],"circlet_count":0,"master_deck":["Strike_P","Strike_P","Strike_P","Strike_P","Defend_P","Defend_P","Defend_P","Eruption","Vigilance","CurseOfTheBell","BowlingBash","FlyingSleeves","Prostrate"],"relics":["Calling Bell","Regal Pillow","Blue Candle","Shovel","Golden Idol","Bird Faced Urn"],"acts_visited":["Exordium"],"potions_floor_usage":[7],"damage_taken":[{"damage":4,"enemies":"Jaw Worm","floor":1,"turns":2},{"damage":8,"enemies":"Cultist","floor":2,"turns":3},{"damage":24,"enemies":"Small Slimes","floor":5,"turns":2},{"damage":0,"enemies":"3 Sentries","floor":7,"turns":2}],"seed_played":"-5239895330748043443","potions_obtained":[{"floor":1,"key":"SneckoOil"},{"floor":2,"key":"DuplicationPotion"},{"floor":5,"key":"Block Potion"}],"is_trial":false,"path_per_floor":["M","M","?","?","M","R","E"],"character_chosen":"WATCHER","items_purchased":[],"campfire_rested":0,"item_purchase_floors":[],"current_hp_per_floor":[68,60,42,42,18,18,18,18],"gold":152,"neow_bonus":"BOSS_RELIC","is_daily":false,"chose_seed":false,"campfire_upgraded":0,"win_rate":0.0,"timestamp":1610395068,"path_taken":["M","M","?","?","?","R","E"],"items_purchased_type":[],"build_version":"2020-12-22","purchased_purges":0,"victory":false,"max_hp_per_floor":[72,72,72,72,72,72,72,72],"card_choices":[{"not_picked":["JustLucky","InnerPeace"],"picked":"BowlingBash","floor":1},{"not_picked":["Adaptation","Fasting2"],"picked":"FlyingSleeves","floor":2},{"not_picked":["FollowUp","Crescendo"],"picked":"Prostrate","floor":5}],"player_experience":277462,"relics_obtained":[{"floor":0,"key":"Regal Pillow"},{"floor":0,"key":"Blue Candle"},{"floor":0,"key":"Shovel"},{"floor":6,"key":"Bird Faced Urn"}],"event_choices":[{"damage_healed":0,"gold_gain":0,"player_choice":"Take Damage","damage_taken":18,"relics_obtained":["Golden Idol"],"max_hp_gain":0,"max_hp_loss":0,"event_name":"Golden Idol","floor":3,"gold_loss":0},{"cards_removed":["Defend_P"],"damage_healed":0,"gold_gain":0,"player_choice":"Offered Basic","damage_taken":0,"max_hp_gain":0,"max_hp_loss":0,"event_name":"Bonfire Elementals","floor":4,"gold_loss":0}],"is_beta":false,"boss_relics":[],"items_purged_floors":[],"is_endless":false,"potions_floor_spawned":[1,2,5],"killed_by":"3 Sentries","ascension_level":2}}