{"host":"qheym18ww6mhskxf","time":1610402392,"event":{"mods":["BaseMod","CapriCore","Friendly Minions","GungeonMod","KOR Keyword Fix","Kiyohime£¨?ýï£©","Minty Spire (QoL Compilation)","Prisma Mod","Quick Restart","RRrroohrrRGHHhhh!!","Rare Cards Sparkle","Shop Mod","Spicy Shops","StSLib","Td1madao Mod","Username Fix"],"gold_per_floor":[114,189,199,199,215,215,226,243,268,284,284,315,315,331,331,434,434,453,478,577,577,592,592,28,40,63,63,63,191,211,227,227,331,331,350,572,82,92,92,92,92],"floor_reached":40,"playtime":870,"items_purged":["Strike_R","Strike_R","Strike_R"],"score":986,"play_id":"429e099e-0d5f-490e-9e7a-7c02b33e384e","local_time":"20210112065952","daily_mods":["Heirloom","Time Dilation","DeadlyEvents","Elite Swarm"],"is_ascension_mode":true,"campfire_choices":[{"data":"PrismaMod:IllyaGun","floor":6.0,"key":"SMITH"},{"data":"Flex","floor":11.0,"key":"SMITH"},{"data":"PrismaMod:IllyaGrail","floor":13.0,"key":"SMITH"},{"data":"PrismaMod:IllyaBride","floor":15.0,"key":"SMITH"},{"data":"PrismaMod:IllyaPartialInstallAssassin","floor":23.0,"key":"SMITH"},{"data":"Double Tap","floor":27.0,"key":"SMITH"},{"data":"Limit Break","floor":32.0,"key":"SMITH"}],"circlet_count":0,"master_deck":["Strike_R","Strike_R+1","Defend_R","Defend_R","Defend_R","Defend_R","Bash","PrismaMod:IllyaGrail+1","PrismaMod:IllyaGun+1","Spot Weakness","Flex+1","Twin Strike","PrismaMod:IllyaPartialInstallAssassin+1","PrismaMod:IllyaBride+1","Double Tap+1","PrismaMod:IllyaBerserCAR+1","Limit Break+1"],"relics":["Burning Blood","StoneCalendar","Question Card","rorgmod:Black Star","Red Mask","DemoMod:BlueGuonStone","MerchantsRug","Omamori","Lantern","DemoMod:GlassGuonStoneRelic","Bag of Preparation","Nunchaku","Bag of Marbles","Runic Cube","Paper Frog","DemoMod:ClearGuonStone","Lizard Tail"],"acts_visited":["Exordium","TheCity","TheBeyond"],"potions_floor_usage":[35],"damage_taken":[{"damage":17.0,"enemies":"2 Louse","floor":1.0,"turns":3.0},{"damage":3.0,"enemies":"Jaw Worm","floor":3.0,"turns":3.0},{"damage":1.0,"enemies":"Cultist","floor":5.0,"turns":3.0},{"damage":9.0,"enemies":"Exordium Wildlife","floor":7.0,"turns":4.0},{"damage":7.0,"enemies":"3 Louse","floor":8.0,"turns":2.0},{"damage":0.0,"enemies":"Large Slime","floor":10.0,"turns":4.0},{"damage":31.0,"enemies":"Gremlin Nob","floor":12.0,"turns":4.0},{"damage":7.0,"enemies":"Exordium Wildlife","floor":14.0,"turns":2.0},{"damage":32.0,"enemies":"Slime Boss","floor":16.0,"turns":7.0},{"damage":10.0,"enemies":"Spheric Guardian","floor":18.0,"turns":3.0},{"damage":23.0,"enemies":"Masked Bandits","floor":19.0,"turns":3.0},{"damage":5.0,"enemies":"3 Byrds","floor":22.0,"turns":6.0},{"damage":4.0,"enemies":"Centurion and Healer","floor":25.0,"turns":2.0},{"damage":12.0,"enemies":"Slavers","floor":29.0,"turns":2.0},{"damage":0.0,"enemies":"Snake Plant","floor":30.0,"turns":1.0},{"damage":0.0,"enemies":"Cultist and Chosen","floor":31.0,"turns":2.0},{"damage":0.0,"enemies":"Collector","floor":33.0,"turns":1.0},{"damage":0,"enemies":"3 Darklings","floor":35,"turns":1},{"damage":0,"enemies":"Orb Walker","floor":38,"turns":2},{"damage":0,"enemies":"Reptomancer","floor":40,"turns":1}],"seed_played":"3088144564793474502","potions_obtained":[{"floor":1.0,"key":"Swift Potion"},{"floor":8.0,"key":"Weak Potion"},{"floor":12.0,"key":"SteroidPotion"},{"floor":14.0,"key":"SpeedPotion"},{"floor":19.0,"key":"BlessingOfTheForge"},{"floor":33.0,"key":"SteroidPotion"},{"floor":38,"key":"ColorlessPotion"}],"is_trial":true,"path_per_floor":["M","?","M","?","M","R","M","M","T","M","R","E","R","M","R","B",null,"M","?","?","T","M","R","$","M","T","R","$","E","M","M","R","B",null,"M","?","$","M","T","E"],"character_chosen":"IRONCLAD","items_purchased":["MerchantsRug","Omamori","Red Skull","Paper Frog","DemoMod:ClearGuonStone"],"campfire_rested":0,"item_purchase_floors":[24,24,24,37,37],"current_hp_per_floor":[61,50,53,53,58,58,55,54,54,60,60,35,35,34,34,8,62,58,41,41,41,42,42,42,44,44,44,44,38,44,50,50,56,74,80,80,80,80,80,80,80],"gold":92,"neow_bonus":"","is_daily":false,"chose_seed":false,"campfire_upgraded":7,"win_rate":0.0,"timestamp":1610402392,"path_taken":["M","?","M","?","?","R","M","M","T","M","R","?","R","M","R","BOSS","M","?","?","?","M","R","$","M","T","R","$","E","?","M","R","BOSS","M","?","$","M","?","E"],"items_purchased_type":["Relic","Relic","Relic","Relic","Relic"],"build_version":"2020-12-22","purchased_purges":3,"victory":false,"max_hp_per_floor":[80,80,80,80,80,80,80,80,80,80,80,80,80,80,80,80,80,80,80,80,80,80,80,80,80,80,80,80,80,80,80,80,80,80,80,80,80,80,80,80,80],"card_choices":[{"not_picked":["PrismaMod:IllyaStunPoison","PrismaMod:IllyaDevil"],"picked":"PrismaMod:IllyaGrail","floor":1.0},{"not_picked":["Anger","Metallicize"],"picked":"PrismaMod:IllyaGun","floor":3.0},{"not_picked":["PrismaMod:IllyaCheapChannelAttack","Uppercut","Dropkick"],"picked":"SKIP","floor":5.0},{"not_picked":["PrismaMod:IllyaBoysLove","PrismaMod:IllyaGun"],"picked":"Twin Strike","floor":7.0},{"not_picked":["Wild Strike","Headbutt"],"picked":"PrismaMod:IllyaPartialInstallAssassin","floor":8.0},{"not_picked":["Thunderclap","Armaments","Iron Wave"],"picked":"SKIP","floor":10.0},{"not_picked":["PrismaMod:IllyaUberAttackChannel","Offering","Brutality"],"picked":"SKIP","floor":12.0},{"not_picked":["Seeing Red","Inflame","DemoMod:BlackBlade"],"picked":"PrismaMod:IllyaBride","floor":14.0},{"not_picked":["Juggernaut","Feed","PrismaMod:IllyaCarnivalPrismaAstolfo"],"picked":"Double Tap","floor":16.0},{"not_picked":["PrismaMod:IllyaGun","Clash+1","Pommel Strike"],"picked":"PrismaMod:IllyaBerserCAR","floor":18.0},{"not_picked":["Carnage+1","PrismaMod:IllyaUpgradeOrbs","Entrench","Wild Strike+1"],"picked":"SKIP","floor":22.0},{"not_picked":["PrismaMod:IllyaAssassinRevenge+1","PrismaMod:IllyaGun","PrismaMod:IllyaBride","PrismaMod:IllyaUberPoisonChannel"],"picked":"SKIP","floor":25.0},{"not_picked":["Berserk","PrismaMod:IllyaZwei","Impervious"],"picked":"Limit Break","floor":29.0},{"not_picked":["PrismaMod:IllyaHassanGift","PrismaMod:IllyaFeed","Heavy Blade","PrismaMod:IllyaRussianRoulette"],"picked":"SKIP","floor":30.0},{"not_picked":["Inflame","Armaments+1","Combust+1","Battle Trance"],"picked":"SKIP","floor":31.0},{"not_picked":["Whirlwind","PrismaMod:IllyaBoysLove+1","PrismaMod:IllyaCheapChannelPoison+1","Perfected Strike+1"],"picked":"SKIP","floor":35},{"not_picked":["PrismaMod:IllyaBoysLove+1","Headbutt","PrismaMod:IllyaAlice","DemoMod:BlackBlade+1"],"picked":"SKIP","floor":38}],"player_experience":577352,"relics_obtained":[{"floor":9.0,"key":"Dream Catcher"},{"floor":12.0,"key":"Question Card"},{"floor":19.0,"key":"Red Mask"},{"floor":21.0,"key":"DemoMod:BlueGuonStone"},{"floor":26.0,"key":"Lantern"},{"floor":29.0,"key":"Whetstone"},{"floor":29.0,"key":"Bag of Preparation"},{"floor":29.0,"key":"Nunchaku"},{"floor":29.0,"key":"Bag of Marbles"},{"floor":39,"key":"Lizard Tail"}],"event_choices":[{"damage_healed":0.0,"max_hp_gain":0.0,"max_hp_loss":0.0,"gold_gain":75.0,"event_name":"World of Goop","player_choice":"Gather Gold","floor":2.0,"gold_loss":0.0,"damage_taken":11.0},{"damage_healed":0.0,"max_hp_gain":0.0,"max_hp_loss":0.0,"gold_gain":0.0,"event_name":"Match and Keep!","player_choice":"2 cards matched","floor":4.0,"gold_loss":0.0,"damage_taken":0.0,"cards_obtained":["Spot Weakness","Flex"]},{"damage_healed":0.0,"max_hp_gain":0.0,"max_hp_loss":0.0,"gold_gain":0.0,"event_name":"Masked Bandits","player_choice":"Fought Bandits","floor":19.0,"gold_loss":0.0,"damage_taken":0.0},{"damage_healed":0.0,"max_hp_gain":0.0,"max_hp_loss":0.0,"gold_gain":99.0,"event_name":"Nest","player_choice":"Stole From Cult","floor":20.0,"gold_loss":0.0,"damage_taken":0.0},{"damage_healed":0,"gold_gain":222,"player_choice":"Wore Mask","damage_taken":0,"max_hp_gain":0,"max_hp_loss":0,"event_name":"Tomb of Lord Red Mask","floor":36,"gold_loss":0}],"is_beta":false,"boss_relics":[{"not_picked":["Mark of Pain","SlaversCollar"],"picked":"rorgmod:Black Star"},{"not_picked":["Cursed Key","Fusion Hammer"],"picked":"Runic Cube"}],"items_purged_floors":[24,24,37],"is_endless":true,"potions_floor_spawned":[1,8,12,14,19,33,38],"killed_by":"Reptomancer","ascension_level":9}}