{"host":"jvd5k9mqzerszifx","time":1610335110,"event":{"mods":["AchievementEnabler","Act Like it!","BaseMod","Better Note","Better Third Choice","Colored Map","Colored Powertips","Conspire","Gensokyo","Hallownest","Hermit","Hubris","Infinite Spire","Jorbs\u0027s Wanderer Trilogy","Lobotomy","Minty Spire (QoL Compilation)","MostiFishMod","Replay The Spire","Reworked Bosses","Spicy Shops","StSLib","The Administrix","The Bug Knight","The Cursed","The Factory","The Jungle","【功能Mod】聪明的最终Boss"],"gold_per_floor":[138,138,164,192,192,192,220,272,320,376,398,438,474,540,540,738,738,778,812,812,844,882,936,972,1040,1134,1162,77,101,101,651,651,873,873,897,923,198,260,260,326,326,326,326,362,362,426,426,456,456,652,652,683,692,709,709,709,709,709,763,763,780,780,794,794,807,807,981,981,1005,1005,1005,14,116,116,140,150,196,196,182,281,281,298,298,450,450,457,483,510,528,528,554,554,554,648,648,648,658,909,917,917,1049,1049,1049],"floor_reached":102,"playtime":6002,"items_purged":[],"score":2546,"play_id":"e3af1b2f-355b-4767-aab3-1d66f94d5530","local_time":"20210111111830","is_ascension_mode":false,"campfire_choices":[{"data":"hermit:Strike_Hermit","floor":6.0,"key":"SMITH"},{"data":"hermit:Strike_Hermit","floor":6.0,"key":"SMITH"},{"data":"hermit:Strike_Hermit","floor":6.0,"key":"SMITH"},{"data":"hermit:Strike_Hermit","floor":6.0,"key":"SMITH"},{"data":"hermit:Defend_Hermit","floor":6.0,"key":"SMITH"},{"data":"hermit:Defend_Hermit","floor":6.0,"key":"SMITH"},{"data":"hermit:Defend_Hermit","floor":6.0,"key":"SMITH"},{"data":"hermit:Defend_Hermit","floor":6.0,"key":"SMITH"},{"data":"hermit:Snapshot","floor":6.0,"key":"SMITH"},{"data":"hermit:Covet","floor":6.0,"key":"SMITH"},{"data":"hermit:SprayPray","floor":6.0,"key":"SMITH"},{"data":"ReplayTheSpireMod:Chaos Vortex","floor":6.0,"key":"SMITH"},{"data":"hermit:GoldenBullet","floor":6.0,"key":"SMITH"},{"data":"hermit:Glare","floor":6.0,"key":"SMITH"},{"floor":6.0,"key":"REST"},{"data":"hermit:Cheat","floor":15.0,"key":"SMITH"},{"data":"hermit:Glare","floor":15.0,"key":"SMITH"},{"data":"hermit:Grudge","floor":15.0,"key":"SMITH"},{"data":"hermit:Roulette","floor":15.0,"key":"SMITH"},{"data":"hermit:Snipe","floor":15.0,"key":"SMITH"},{"data":"hermit:FullyLoaded","floor":15.0,"key":"SMITH"},{"floor":15.0,"key":"RECALL"},{"data":"hermit:RoundhouseKick","floor":32.0,"key":"SMITH"},{"data":"hermit:SprayPray","floor":32.0,"key":"SMITH"},{"data":"hermit:CalledShot","floor":32.0,"key":"SMITH"},{"data":"hermit:Determination","floor":32.0,"key":"SMITH"},{"data":"hermit:Strike_Hermit","floor":32.0,"key":"SMITH"},{"data":"hermit:Midnight","floor":32.0,"key":"SMITH"},{"data":"hermit:Feint","floor":32.0,"key":"SMITH"},{"data":"hermit:Enervate","floor":32.0,"key":"SMITH"},{"data":"hermit:FlashPowder","floor":32.0,"key":"SMITH"},{"data":"hermit:Malice","floor":32.0,"key":"SMITH"},{"data":"hermit:Cheat+1","floor":32.0,"key":"PURGE"},{"data":"hermit:Determination+1","floor":32.0,"key":"PURGE"},{"floor":32.0,"key":"REST"},{"data":"hermit:OverwhelmingPower","floor":42.0,"key":"SMITH"},{"data":"MostiFishMod:SephirahHod","floor":42.0,"key":"SMITH"},{"data":"hermit:WideOpen","floor":42.0,"key":"SMITH"},{"data":"Finesse","floor":42.0,"key":"SMITH"},{"data":"Trip","floor":42.0,"key":"SMITH"},{"data":"MostiFishMod:KingOfFree","floor":42.0,"key":"SMITH"},{"data":"Pot Of Greed","floor":42.0,"key":"SMITH"},{"data":"Pot Of Greed","floor":42.0,"key":"SMITH"},{"data":"Pot Of Greed","floor":42.0,"key":"SMITH"},{"data":"Pot Of Greed","floor":42.0,"key":"SMITH"},{"floor":42.0,"key":"REST"},{"data":"hermit:Quickdraw","floor":45.0,"key":"SMITH"},{"floor":45.0,"key":"REST"},{"data":"ReplayTheSpireMod:Chaos Vortex","floor":49.0,"key":"SMITH"},{"data":"hubris:Rewind","floor":49.0,"key":"PURGE"},{"floor":49.0,"key":"REST"},{"data":"hermit:RoundhouseKick","floor":57.0,"key":"SMITH"},{"data":"hermit:Quickdraw","floor":57.0,"key":"SMITH"},{"data":"hermit:SprayPray+1","floor":57.0,"key":"PURGE"},{"data":"hermit:Strike_Hermit+1","floor":57.0,"key":"PURGE"},{"data":"hermit:Strike_Hermit+1","floor":57.0,"key":"PURGE"},{"data":"hermit:Strike_Hermit+1","floor":57.0,"key":"PURGE"},{"data":"hermit:Showdown+1","floor":57.0,"key":"PURGE"},{"data":"hermit:SprayPray+1","floor":57.0,"key":"PURGE"},{"data":"hermit:Grudge+1","floor":57.0,"key":"PURGE"},{"data":"hermit:HighCaliber+1","floor":57.0,"key":"PURGE"},{"data":"hermit:Malice+1","floor":57.0,"key":"PURGE"},{"floor":57.0,"key":"REST"},{"data":"hermit:Virtue","floor":62.0,"key":"SMITH"},{"data":"Pot Of Greed","floor":62.0,"key":"SMITH"},{"data":"hermit:GoldenBullet","floor":62.0,"key":"SMITH"},{"data":"hermit:CalledShot+1","floor":62.0,"key":"PURGE"},{"floor":62.0,"key":"REST"},{"data":"hermit:CalledShot","floor":64.0,"key":"SMITH"},{"floor":64.0,"key":"REST"},{"data":"hermit:Defend_Hermit+1","floor":66.0,"key":"PURGE"},{"floor":66.0,"key":"REST"},{"data":"hermit:Glare","floor":74.0,"key":"SMITH"},{"floor":74.0,"key":"REST"},{"data":"hermit:GoldenBullet","floor":81.0,"key":"SMITH"},{"data":"hermit:Coalescence","floor":81.0,"key":"SMITH"},{"data":"hermit:CalledShot","floor":81.0,"key":"SMITH"},{"data":"hermit:EyeOfTheStorm","floor":81.0,"key":"SMITH"},{"data":"hermit:Horror","floor":81.0,"key":"SMITH"},{"floor":81.0,"key":"REST"},{"data":"hermit:Defend_Hermit+1","floor":83.0,"key":"PURGE"},{"data":"hermit:Defend_Hermit+1","floor":83.0,"key":"PURGE"},{"data":"hermit:FullyLoaded+1","floor":83.0,"key":"PURGE"},{"data":"hermit:Snapshot+1","floor":83.0,"key":"PURGE"},{"data":"hermit:Midnight+1","floor":83.0,"key":"PURGE"},{"floor":83.0,"key":"REST"},{"data":"MostiFishMod:FrostNova","floor":92,"key":"SMITH"},{"data":"MostiFishMod:WinterMarkForm","floor":92,"key":"SMITH"},{"data":"Pot Of Greed","floor":92,"key":"SMITH"},{"data":"hermit:Horror","floor":92,"key":"SMITH"},{"data":"hermit:FinalCanter","floor":92,"key":"SMITH"},{"floor":92,"key":"REST"},{"floor":95,"key":"REST"},{"data":"hermit:LoneWolf","floor":100,"key":"SMITH"},{"floor":100,"key":"REST"}],"circlet_count":0,"master_deck":["hermit:Defend_Hermit+1","hermit:Covet+1","ReplayTheSpireMod:Chaos Vortex+1","hermit:GoldenBullet+1","hermit:Glare+1","hermit:Glare+1","hermit:Roulette+1","hermit:Snipe+1","hermit:RoundhouseKick+1","hermit:Strike_Hermit+1","hermit:CalledShot+1","hermit:Feint+1","hermit:Enervate+1","hermit:ItchyTrigger+1","hermit:FlashPowder+1","hermit:Scavenge+1","hermit:OverwhelmingPower+1","MostiFishMod:SephirahHod+1","hermit:WideOpen+1","hermit:BodyArmor+1","Finesse+1","Trip+1","MostiFishMod:KingOfFree+1","hermit:NoHoldsBarred+1","Pot Of Greed+1","Pot Of Greed+1","Pot Of Greed+1","Pot Of Greed+1","hermit:Quickdraw+1","ReplayTheSpireMod:Chaos Vortex+1","hermit:Headshot+1","hermit:RoundhouseKick+1","hermit:Quickdraw+1","hermit:Virtue+1","Pot Of Greed+1","hermit:GoldenBullet+1","hermit:CalledShot+1","hermit:Glare+1","hermit:GoldenBullet+1","hermit:Coalescence+1","hermit:CalledShot+1","hermit:EyeOfTheStorm+1","hermit:Glare+1","hermit:Horror+1","hermit:LoneWolf+1","MostiFishMod:FrostNova+1","MostiFishMod:WinterMarkForm+1","Pot Of Greed+1","hermit:FinalCanter+1","hermit:CalledShot+1","hermit:Horror+1","hermit:Dive+1","hermit:Glare+1","hermit:LoneWolf+1","hermit:RoundhouseKick"],"relics":["hermit:Momento","Peace Pipe","Ginger","Turnip","Unceasing Top","Omamori","Ice Cream","The Courier","Medical Kit","WingedGreaves","DaveBox","NeowsBlessing","ExusiaiGun","SynthV:TestCard","Gensokyo:CelestialsFlawlessClothing","Gremlin Food","Bronze Scales","infinitespire:Beetle Shell","Snack Pack","Calling Bell","Replay:Wax Seal","hubris:TinFlute","Replay:Bottled Flurry","Gremlin Horn","Pet Ghost","Potion Belt","ReplayTheSpireMod:TigerMarble","infinitespire:BottledMercury","Replay:Mystery Machine","infinitespire:Lucky Rock","Oddly Smooth Stone","Ornamental Fan","MostiFishMod:Hod","hermit:RyeStalk","Orichalcum","Replay:Ringing Soul","Grinning Jar","hubris:Towel","Bag of Preparation","Replay:Baseball","Garlic","hubris:HollowSoul","TungstenRod","Pantograph","hubris:ToyBattleship","JellyFishMachine","WarpedTongs","Strange Spoon","Happy Flower","TheAbacus","Dead Branch","MealTicket","infinitespire:Satchel","Quantum Egg","Blue Doll","infinitespire:PuzzleCube","Orrery","FrostBlade","hubris:Icosahedron","hubris:TenFootPole","hubris:SlimyHat","conspire:SlowCooker"],"acts_visited":["Gensokyo:Gensokyo","TheCity","TheBeyond","Hallownest:Greenpath","Hallownest:CityofTears","TheBeyond","Exordium"],"potions_floor_usage":[101],"damage_taken":[{"damage":0.0,"enemies":"Gensokyo:Gryphon","floor":1.0,"turns":1.0},{"damage":0.0,"enemies":"Gensokyo:Python","floor":3.0,"turns":1.0},{"damage":0.0,"enemies":"Gensokyo:2_Kodama","floor":4.0,"turns":1.0},{"damage":0.0,"enemies":"Gensokyo:Kitsune","floor":7.0,"turns":1.0},{"damage":0.0,"enemies":"Gensokyo:Aya","floor":10.0,"turns":1.0},{"damage":0.0,"enemies":"Gensokyo:LivingMonolith","floor":11.0,"turns":1.0},{"damage":0.0,"enemies":"Gensokyo:2_Rabbits","floor":12.0,"turns":1.0},{"damage":0.0,"enemies":"Gensokyo:CorruptedTreant","floor":13.0,"turns":1.0},{"damage":0.0,"enemies":"Gensokyo:Mamizou","floor":14.0,"turns":2.0},{"damage":0.0,"enemies":"Gensokyo:Reimu","floor":16.0,"turns":1.0},{"damage":0.0,"enemies":"conspire:FuzzyDice","floor":18.0,"turns":1.0},{"damage":0.0,"enemies":"Shell Parasite","floor":19.0,"turns":1.0},{"damage":0.0,"enemies":"conspire:HollyBat","floor":21.0,"turns":6.0},{"damage":0.0,"enemies":"Shelled Parasite and Fungi","floor":22.0,"turns":2.0},{"damage":0.0,"enemies":"conspire:SneckoGhost","floor":23.0,"turns":3.0},{"damage":0.0,"enemies":"Snake Plant","floor":24.0,"turns":2.0},{"damage":11.0,"enemies":"HollowMod:Nosk","floor":25.0,"turns":2.0},{"damage":0.0,"enemies":"Snecko","floor":27.0,"turns":2.0},{"damage":0.0,"enemies":"Centurion and Healer","floor":29.0,"turns":1.0},{"damage":0.0,"enemies":"bossMod:newChamp","floor":33.0,"turns":5.0},{"damage":8.0,"enemies":"3 Shapes","floor":35.0,"turns":1.0},{"damage":0.0,"enemies":"Orb Walker","floor":36.0,"turns":1.0},{"damage":0.0,"enemies":"3 Darklings","floor":38.0,"turns":1.0},{"damage":0.0,"enemies":"R_Hoarder","floor":40.0,"turns":3.0},{"damage":0.0,"enemies":"Sphere and 2 Shapes","floor":44.0,"turns":1.0},{"damage":0.0,"enemies":"Nightmare","floor":46.0,"turns":1.0},{"damage":0.0,"enemies":"Spire Growth","floor":48.0,"turns":1.0},{"damage":12.0,"enemies":"bossMod:newShapes","floor":50.0,"turns":4.0},{"damage":0.0,"enemies":"Hallownest:2_Baldur","floor":52.0,"turns":1.0},{"damage":0.0,"enemies":"Hallownest:monsterHuskGuard","floor":53.0,"turns":1.0},{"damage":0.0,"enemies":"Hallownest:2_MossCreeps","floor":54.0,"turns":1.0},{"damage":0.0,"enemies":"Hallownest:eliteCrystalGuardian","floor":59.0,"turns":1.0},{"damage":7.0,"enemies":"Hallownest:MossCreep_and_Mosskin","floor":61.0,"turns":2.0},{"damage":0.0,"enemies":"Hallownest:Wandering_and_Horned","floor":63.0,"turns":1.0},{"damage":0.0,"enemies":"Hallownest:Guard_and_Warrior","floor":65.0,"turns":1.0},{"damage":0.0,"enemies":"Hallownest:BossFalseKnight","floor":67.0,"turns":1.0},{"damage":0.0,"enemies":"Hallownest:Guard_and_Sentry","floor":69.0,"turns":1.0},{"damage":0.0,"enemies":"Hallownest:2_Mistakes","floor":75.0,"turns":1.0},{"damage":0.0,"enemies":"Hallownest:Warrior_and_Youth","floor":76.0,"turns":2.0},{"damage":0.0,"enemies":"Hallownest:3_Mistakes","floor":79.0,"turns":3.0},{"damage":0.0,"enemies":"Hallownest:Glutton_and_Coward","floor":80.0,"turns":1.0},{"damage":0.0,"enemies":"Hallownest:Master_and_Novice","floor":82.0,"turns":1.0},{"damage":1.0,"enemies":"Hallownest:BossGrimm","floor":84.0,"turns":2.0},{"damage":0,"enemies":"3 Darklings","floor":86,"turns":1},{"damage":0,"enemies":"Orb Walker","floor":87,"turns":1},{"damage":6,"enemies":"4 Shapes","floor":88,"turns":1},{"damage":0,"enemies":"3 Darklings","floor":89,"turns":1},{"damage":0,"enemies":"R_Hoarder","floor":91,"turns":2},{"damage":0,"enemies":"Maw","floor":97,"turns":1},{"damage":0,"enemies":"Writhing Mass","floor":98,"turns":1},{"damage":0,"enemies":"Spire Growth","floor":99,"turns":1},{"damage":3,"enemies":"bossMod:newAwakened","floor":101,"turns":5}],"seed_played":"-5481951868746702756","potions_obtained":[{"floor":7.0,"key":"Swift Potion"},{"floor":11.0,"key":"Weak Potion"},{"floor":12.0,"key":"LiquidBronze"},{"floor":16.0,"key":"hermit:BlackBile"},{"floor":19.0,"key":"Fire Potion"},{"floor":22.0,"key":"Fruit Juice"},{"floor":29.0,"key":"AttackPotion"},{"floor":33.0,"key":"Fire Potion"},{"floor":35.0,"key":"Explosive Potion"},{"floor":52.0,"key":"EssenceOfSteel"},{"floor":87,"key":"Explosive Potion"},{"floor":89,"key":"GamblersBrew"},{"floor":98,"key":"SneckoOil"},{"floor":99,"key":"FearPotion"}],"is_trial":false,"path_per_floor":["M","?","M","M","?","R","M","T","T","E","M","M","M","E","R","B",null,"M","M","?","M","M","E","M","E","T","M","$","M","?","?","R","B",null,"M","M","$","M","T","E","?","R","T","M","R","NM","AVR","M","R","B",null,"M","M","M","?","?","R","AVR","E","T","M","R","M","R","M","R","B",null,"M","?","?","$","T","R","M","M","T","AVR","M","M","R","M","R","B",null,"M","M","M","M","?","E","R","?","T","R","AVR","M","M","M","R","B",null],"character_chosen":"HERMIT","items_purchased":["Potion Belt","ReplayTheSpireMod:TigerMarble","hermit:FlashPowder","hermit:Malice","infinitespire:BottledMercury","Replay:Mystery Machine","infinitespire:Lucky Rock","Oddly Smooth Stone","Ornamental Fan","hermit:RyeStalk","Orichalcum","Replay:Ringing Soul","Finesse","Trip","MostiFishMod:KingOfFree","Strange Spoon","Happy Flower","TheAbacus","Dead Branch","MealTicket","infinitespire:Satchel","Quantum Egg"],"campfire_rested":15,"item_purchase_floors":[28,28,28,28,28,28,28,28,28,37,37,37,37,37,37,72,72,72,72,72,72,72],"current_hp_per_floor":[75,75,75,75,57,75,75,75,75,75,75,75,75,75,75,75,75,75,75,75,75,80,80,80,77,77,80,80,80,80,80,80,80,80,78,80,83,86,86,89,89,89,89,92,92,95,98,101,101,100,104,104,107,107,107,120,120,120,123,123,119,126,129,129,129,129,129,129,132,132,132,132,132,132,135,138,138,141,141,144,144,144,144,144,147,147,150,151,156,156,159,159,159,159,159,159,162,162,165,165,168,168,168],"gold":1049,"neow_bonus":"THREE_ENEMY_KILL","is_daily":false,"chose_seed":false,"campfire_upgraded":60,"win_rate":0.0,"timestamp":1610335110,"path_taken":["M","?","M","M","?","R","M","?","T","E","M","M","M","E","R","BOSS","M","M","?","M","M","E","M","E","T","M","$","?","?","?","R","BOSS","M","M","$","M","?","E","?","R","T","M","R","NM","AVR","?","R","BOSS","M","M","M","?","?","R","AVR","E","T","M","R","M","R","M","R","BOSS","M","?","?","?","?","R","M","M","T","AVR","M","M","R","?","R","BOSS","M","M","M","M","?","E","R","?","T","R","AVR","M","M","M","R","BOSS"],"items_purchased_type":["Relic","Relic","Card","Card","Relic","Relic","Relic","Relic","Relic","Relic","Relic","Relic","Card","Card","Card","Relic","Relic","Relic","Relic","Relic","Relic","Relic"],"build_version":"2020-12-22","purchased_purges":0,"victory":false,"max_hp_per_floor":[75,75,75,75,75,75,75,75,75,75,75,75,75,75,75,75,75,75,75,75,75,80,80,80,80,80,80,80,80,80,80,80,80,80,80,80,83,86,86,89,89,89,89,92,92,95,98,101,101,104,104,104,107,107,107,120,120,120,123,123,126,126,129,129,129,129,129,129,132,132,132,132,132,132,135,138,138,141,141,144,144,144,144,144,147,147,150,153,156,156,159,159,159,159,159,159,162,162,165,165,168,168,168],"card_choices":[{"not_picked":["hermit:LowProfile","hermit:Dive"],"picked":"hermit:SprayPray","floor":1.0},{"not_picked":["hubris:Fate","hubris:Rewind"],"picked":"ReplayTheSpireMod:Chaos Vortex","floor":2.0},{"not_picked":["hermit:Virtue","hermit:LowProfile","hermit:HighCaliber","hermit:LoneWolf"],"picked":"hermit:GoldenBullet","floor":3.0},{"not_picked":["hermit:Determination","hermit:Shortfuse","hermit:HoleUp","hermit:Snipe"],"picked":"hermit:Glare","floor":4.0},{"not_picked":["hermit:Brawl","hermit:LoneWolf","hermit:Vantage","hermit:Misfire"],"picked":"hermit:Cheat","floor":7.0},{"not_picked":["hermit:Virtue","hermit:Quickdraw","hermit:Roulette","hermit:Cheat"],"picked":"hermit:Glare","floor":10.0},{"not_picked":["hermit:ShadowCloak","hermit:Headshot","hermit:Quickdraw","hermit:CalledShot"],"picked":"hermit:Grudge","floor":11.0},{"not_picked":["hermit:HoleUp","hermit:Glare","hermit:Showdown","hermit:Vantage"],"picked":"hermit:Roulette","floor":12.0},{"not_picked":["hermit:Headshot","hermit:Combo","hermit:Midnight","hermit:Deadeye"],"picked":"hermit:Snipe","floor":13.0},{"not_picked":["hermit:HighCaliber","hermit:Virtue","hermit:Roulette","hermit:Misfire"],"picked":"hermit:FullyLoaded","floor":14.0},{"not_picked":["hermit:Reprieve","hermit:FromBeyond","hermit:HeroicBravado","hermit:FinalCanter"],"picked":"hermit:RoundhouseKick","floor":16.0},{"not_picked":["hermit:Brawl","hermit:Vantage","hermit:Midnight","hermit:TakeCover"],"picked":"hermit:SprayPray","floor":18.0},{"not_picked":["hermit:ShadowCloak","hermit:Glare","hermit:OverwhelmingPower","hermit:Snipe"],"picked":"hermit:HighCaliber+1","floor":19.0},{"not_picked":["hermit:LowProfile+1","hermit:Manifest","hermit:Glare","hermit:TakeCover"],"picked":"hermit:CalledShot+1","floor":21.0},{"not_picked":["hermit:Grudge","hermit:Maintenance","hermit:LowProfile","hermit:Showdown"],"picked":"hermit:Midnight","floor":22.0},{"not_picked":["hermit:GhostlyPresence","hermit:Dive+1","hermit:Ricochet","hermit:GoldenBullet"],"picked":"hermit:Feint","floor":23.0},{"not_picked":["hermit:Glare","hermit:FullyLoaded","hermit:Spite+1","hermit:Misfire"],"picked":"hermit:Enervate","floor":24.0},{"not_picked":["hermit:Roulette","hermit:LowProfile","hermit:Deadeye","hermit:Misfire+1"],"picked":"hermit:ItchyTrigger+1","floor":25.0},{"not_picked":["hermit:Vantage","hermit:Misfire","hermit:Manifest+1","hermit:SprayPray","hermit:Roulette"],"picked":"SKIP","floor":27.0},{"not_picked":["hermit:PistolWhip","hermit:HighCaliber+1","hermit:TrackingShot","hermit:TakeAim"],"picked":"hermit:Scavenge+1","floor":29.0},{"not_picked":["hermit:Purgatory","hermit:HeroicBravado","hermit:FinalCanter","hermit:Gambit"],"picked":"hermit:OverwhelmingPower","floor":33.0},{"not_picked":["hermit:FlashPowder","hermit:BodyArmor","hermit:LowProfile","hermit:Roulette+1"],"picked":"hermit:WideOpen","floor":35.0},{"not_picked":["hermit:ShadowCloak","hermit:Roulette+1","hermit:Desperado+1","hermit:Misfire"],"picked":"hermit:BodyArmor+1","floor":36.0},{"not_picked":["hermit:BodyArmor+1","hermit:Coalescence+1","hermit:Feint","hermit:Glare"],"picked":"hermit:NoHoldsBarred+1","floor":38.0},{"not_picked":["hermit:Scavenge","hermit:Grudge+1","hermit:Desperado","hermit:Determination+1","hermit:Misfire"],"picked":"SKIP","floor":40.0},{"not_picked":["hermit:Midnight","hermit:TakeAim+1","hermit:Misfire","hermit:ItchyTrigger"],"picked":"hermit:Quickdraw","floor":44.0},{"not_picked":["hermit:ShadowCloak+1","hermit:Feint","hermit:SprayPray+1","hermit:TrackingShot+1"],"picked":"hermit:Showdown+1","floor":46.0},{"not_picked":["hermit:HighCaliber","hermit:DeadOrAlive","hermit:Malice+1","hermit:LowProfile+1"],"picked":"hermit:Headshot+1","floor":48.0},{"not_picked":["hermit:Roughhouse","hermit:OverwhelmingPower","hermit:HighNoon","hermit:Adapt"],"picked":"hermit:RoundhouseKick","floor":50.0},{"not_picked":["hermit:Snipe","hermit:HighCaliber","hermit:TakeCover","hermit:DeadMansHand","hermit:TrackingShot"],"picked":"SKIP","floor":52.0},{"not_picked":["hermit:TrackingShot","hermit:HighCaliber","hermit:Manifest","hermit:Vantage"],"picked":"hermit:Quickdraw","floor":53.0},{"not_picked":["hermit:OverwhelmingPower","hermit:BodyArmor","hermit:ItchyTrigger","hermit:Misfire","hermit:Quickdraw"],"picked":"SKIP","floor":54.0},{"not_picked":["hermit:Scavenge","hermit:Horror","hermit:TakeCover","hermit:Showdown"],"picked":"hermit:Virtue","floor":59.0},{"not_picked":["hermit:LuckOfTheDraw","hermit:TakeCover","hermit:DeadOrAlive","hermit:TakeAim"],"picked":"hermit:GoldenBullet","floor":61.0},{"not_picked":["hermit:Combo","hermit:Ricochet","hermit:Malice","hermit:WideOpen"],"picked":"hermit:CalledShot","floor":63.0},{"not_picked":["hermit:Horror","hermit:LowProfile","hermit:Misfire","hermit:Feint","hermit:BodyArmor"],"picked":"SKIP","floor":65.0},{"not_picked":["hermit:HoleUp","hermit:Ricochet","hermit:LowProfile","hermit:TakeCover"],"picked":"hermit:Glare","floor":69.0},{"not_picked":["hermit:TakeAim","hermit:ItchyTrigger+1","hermit:FinalCanter","hermit:ShadowCloak+1"],"picked":"hermit:GoldenBullet","floor":75.0},{"not_picked":["hermit:Roulette","hermit:HighCaliber","hermit:HoleUp","hermit:BodyArmor+1"],"picked":"hermit:Coalescence","floor":76.0},{"not_picked":["hermit:HoleUp","hermit:Reprieve","hermit:FullyLoaded+1","hermit:Determination+1"],"picked":"hermit:CalledShot","floor":78.0},{"not_picked":["hermit:PistolWhip","hermit:Coalescence","hermit:Horror","hermit:ItchyTrigger"],"picked":"hermit:EyeOfTheStorm","floor":78.0},{"not_picked":["hermit:TakeCover+1","hermit:GhostlyPresence","hermit:FinalCanter","hermit:Coalescence"],"picked":"hermit:Glare+1","floor":78.0},{"not_picked":["hermit:Quickdraw","hermit:PistolWhip+1","hermit:Headshot","hermit:Maintenance"],"picked":"hermit:Horror","floor":78.0},{"not_picked":["hermit:Gestalt+1","hermit:TakeAim","hermit:HoleUp+1","hermit:PistolWhip","hermit:Determination"],"picked":"SKIP","floor":79.0},{"not_picked":["hermit:TakeAim","hermit:EyeOfTheStorm","hermit:Vantage+1","hermit:Headshot"],"picked":"hermit:LoneWolf+1","floor":80.0},{"not_picked":["hermit:Determination+1","hermit:Headshot","hermit:Horror","hermit:ShadowCloak+1","hermit:WideOpen"],"picked":"SKIP","floor":82.0},{"not_picked":["hermit:ItchyTrigger","hermit:Desperado","hermit:FlashPowder","hermit:BigShot+1","hermit:WideOpen+1"],"picked":"SKIP","floor":86},{"not_picked":["hermit:Misfire+1","hermit:Vantage","hermit:BodyArmor","hermit:Roulette+1"],"picked":"hermit:FinalCanter","floor":87},{"not_picked":["hermit:Cheat+1","hermit:BigShot+1","hermit:Manifest+1","hermit:Enervate"],"picked":"hermit:CalledShot+1","floor":88},{"not_picked":["hermit:Misfire+1","hermit:SprayPray","hermit:Ricochet","hermit:Virtue+1"],"picked":"hermit:Horror","floor":89},{"not_picked":["hermit:Spite+1","hermit:WideOpen+1","hermit:Manifest","hermit:SprayPray"],"picked":"hermit:Dive+1","floor":91},{"not_picked":["hermit:Feint+1","hermit:TrackingShot","hermit:HeroicBravado","hermit:Ricochet+1"],"picked":"hermit:Glare+1","floor":97},{"not_picked":["hermit:Roulette+1","hermit:TakeAim+1","hermit:Spite","hermit:FullyLoaded+1","hermit:CalledShot"],"picked":"SKIP","floor":98},{"not_picked":["hermit:Quickdraw+1","hermit:TrackingShot+1","hermit:ShadowCloak","hermit:HoleUp+1"],"picked":"hermit:LoneWolf","floor":99},{"not_picked":["hermit:Reprieve","hermit:FromBeyond","hermit:DeadOrAlive","hermit:Magnum"],"picked":"hermit:RoundhouseKick","floor":101}],"player_experience":200131,"relics_obtained":[{"floor":1.0,"key":"SynthV:TestCard"},{"floor":8.0,"key":"Gremlin Food"},{"floor":9.0,"key":"Bronze Scales"},{"floor":10.0,"key":"infinitespire:Beetle Shell"},{"floor":14.0,"key":"Snack Pack"},{"floor":17.0,"key":"Replay:Wax Seal"},{"floor":17.0,"key":"hubris:TinFlute"},{"floor":23.0,"key":"Replay:Bottled Flurry"},{"floor":25.0,"key":"Gremlin Horn"},{"floor":26.0,"key":"Pet Ghost"},{"floor":40.0,"key":"Grinning Jar"},{"floor":43.0,"key":"Bag of Preparation"},{"floor":46.0,"key":"Replay:Baseball"},{"floor":59.0,"key":"Pantograph"},{"floor":60.0,"key":"hubris:ToyBattleship"},{"floor":73.0,"key":"Blue Doll"},{"floor":77.0,"key":"infinitespire:PuzzleCube"},{"floor":91,"key":"hubris:TenFootPole"},{"floor":94,"key":"hubris:SlimyHat"}],"event_choices":[{"damage_healed":0.0,"max_hp_gain":0.0,"max_hp_loss":0.0,"gold_gain":0.0,"event_name":"Match and Keep!","player_choice":"3 cards matched","floor":20.0,"gold_loss":0.0,"damage_taken":0.0,"cards_obtained":["hermit:CalledShot","hermit:Determination","hermit:Strike_Hermit"]},{"damage_healed":0.0,"max_hp_gain":0.0,"max_hp_loss":0.0,"gold_gain":0.0,"event_name":"Vampires","player_choice":"Ignored","floor":30.0,"gold_loss":0.0,"damage_taken":0.0},{"damage_healed":0.0,"max_hp_gain":0.0,"max_hp_loss":0.0,"gold_gain":275.0,"event_name":"Golden Shrine","player_choice":"Desecrate","floor":31.0,"gold_loss":0.0,"damage_taken":0.0,"cards_obtained":["Regret"]}],"is_beta":false,"boss_relics":[{"not_picked":["SlaversCollar","Replay:Drink Me"],"picked":"Calling Bell"},{"not_picked":["hermit:BartenderGlass","MoonlightInvasionPlan"],"picked":"MostiFishMod:Hod"},{"not_picked":["Pandora\u0027s Box","RhineFirstAidKit"],"picked":"hubris:HollowSoul"},{"not_picked":["NightmareShop","OneHitWonderSystem"],"picked":"JellyFishMachine"},{"not_picked":["Abe\u0027s Treasure","Black Star"],"picked":"FrostBlade"},{"not_picked":["ReplayTheSpireMod:Onyx Gauntlets","Coffee Dripper"],"picked":"conspire:SlowCooker"}],"items_purged_floors":[],"is_endless":true,"potions_floor_spawned":[7,11,12,13,16,19,22,29,33,35,36,46,48,52,59,61,67,76,79,82,87,89,98,99],"ascension_level":0}}