{"host":"kvh5342rl0c7vxi5","time":1610339431,"event":{"mods":["BaseMod","Downfall","Hermit","Jorbs\u0027s Wanderer Trilogy","Minty Spire (QoL Compilation)","Quick Restart","StSLib","SuperFastMode","The Poker Player"],"gold_per_floor":[113,30,3,3,20,50,64,105,105,147,157,157,184,226,226,336,336,356,363,363],"floor_reached":19,"playtime":723,"items_purged":[],"score":266,"play_id":"6f1f8e3c-e0b0-4484-a002-dd0997b1b514","local_time":"20210110233031","is_ascension_mode":true,"campfire_choices":[{"data":"hermit:Determination","floor":12,"key":"SMITH"},{"floor":15,"key":"REST"}],"circlet_count":0,"master_deck":["hermit:Strike_Hermit","hermit:Defend_Hermit","hermit:Defend_Hermit","hermit:Defend_Hermit","hermit:Defend_Hermit","hermit:Snapshot","hermit:Covet","hermit:Ricochet","hermit:Scavenge+1","hermit:Roulette","hermit:ItchyTrigger","hermit:Determination+1","hermit:Manifest","hermit:Brawl","hermit:Snipe","hermit:Roughhouse+1","hermit:GoldenBullet+1","hermit:FatalDesire","hermit:OverwhelmingPower+1","hermit:FlashPowder+1","hermit:Shortfuse+1"],"relics":["hermit:Momento","NeowsBlessing","hermit:Spyglass","Molten Egg 2","Shuriken","Bronze Scales","Gremlin Horn","Astrolabe"],"acts_visited":["Exordium","TheCity"],"potions_floor_usage":[8,10,11,14,16,18],"damage_taken":[{"damage":0,"enemies":"Cultist","floor":1,"turns":1},{"damage":0,"enemies":"Jaw Worm","floor":5,"turns":1},{"damage":0,"enemies":"Lagavulin","floor":6,"turns":1},{"damage":0,"enemies":"2 Louse","floor":7,"turns":3},{"damage":15,"enemies":"Gremlin Nob","floor":8,"turns":4},{"damage":24,"enemies":"3 Sentries","floor":10,"turns":8},{"damage":0,"enemies":"2 Fungi Beasts","floor":11,"turns":3},{"damage":1,"enemies":"Exordium Wildlife","floor":13,"turns":4},{"damage":15,"enemies":"Lagavulin","floor":14,"turns":5},{"damage":18,"enemies":"Hexaghost","floor":16,"turns":9},{"damage":33,"enemies":"3 Byrds","floor":18,"turns":4},{"damage":57,"enemies":"Masked Bandits","floor":19,"turns":3}],"seed_played":"2519754460835053757","potions_obtained":[{"floor":5,"key":"GamblersBrew"},{"floor":6,"key":"Guardian:BlockOnCardUsePotion"},{"floor":8,"key":"CultistPotion"},{"floor":11,"key":"SneckoOil"},{"floor":16,"key":"EssenceOfSteel"}],"is_trial":false,"path_per_floor":["M","$","$","?","M","E","M","E","T","E","M","R","M","E","R","B",null,"M","?"],"character_chosen":"HERMIT","items_purchased":["hermit:Scavenge","Strength Potion","hermit:Roulette"],"campfire_rested":1,"item_purchase_floors":[2,2,3],"current_hp_per_floor":[75,75,75,75,75,75,75,60,60,36,36,36,35,20,42,24,75,42,0,0],"gold":363,"neow_bonus":"THREE_ENEMY_KILL","is_daily":false,"chose_seed":false,"campfire_upgraded":1,"win_rate":0.0,"timestamp":1610339431,"path_taken":["M","?","$","?","M","E","M","E","T","E","?","R","M","E","R","BOSS","M","?"],"items_purchased_type":["Card","Potion","Card"],"build_version":"2020-12-22","purchased_purges":0,"victory":false,"max_hp_per_floor":[75,75,75,75,75,75,75,75,75,75,75,75,75,75,75,75,75,75,75,75],"card_choices":[{"not_picked":["hermit:Dive","hermit:PistolWhip"],"picked":"hermit:Ricochet","floor":1},{"not_picked":["hermit:TakeAim","hermit:EyeOfTheStorm"],"picked":"hermit:ItchyTrigger","floor":5},{"not_picked":["hermit:Gestalt","hermit:BlackWind"],"picked":"hermit:Determination","floor":6},{"not_picked":["hermit:Horror","hermit:Virtue"],"picked":"hermit:Manifest","floor":7},{"not_picked":["hermit:Vantage","hermit:Feint"],"picked":"hermit:Brawl","floor":8},{"not_picked":["hermit:Manifest","hermit:BodyArmor"],"picked":"hermit:Snipe","floor":10},{"not_picked":["hermit:Feint","hermit:NoHoldsBarred+1","hermit:LoneWolf"],"picked":"SKIP","floor":11},{"not_picked":["hermit:Quickdraw+1","hermit:TrackingShot+1"],"picked":"hermit:Roughhouse+1","floor":13},{"not_picked":["hermit:TrackingShot+1","hermit:NoHoldsBarred+1"],"picked":"hermit:GoldenBullet+1","floor":14},{"not_picked":["hermit:Reprieve","hermit:Dissolve"],"picked":"hermit:FatalDesire","floor":16},{"not_picked":["hermit:Misfire+1","hermit:Roulette+1","hermit:Feint"],"picked":"SKIP","floor":18}],"player_experience":514231,"relics_obtained":[{"floor":6,"key":"hermit:Spyglass"},{"floor":8,"key":"Molten Egg 2"},{"floor":9,"key":"Shuriken"},{"floor":10,"key":"Bronze Scales"},{"floor":14,"key":"Gremlin Horn"}],"event_choices":[{"damage_healed":0,"gold_gain":0,"player_choice":"Upgraded","damage_taken":0,"max_hp_gain":0,"max_hp_loss":0,"event_name":"Upgrade Shrine","floor":4,"gold_loss":0,"cards_upgraded":["hermit:Scavenge"]},{"damage_healed":0,"gold_gain":0,"player_choice":"Fought Bandits","damage_taken":0,"max_hp_gain":0,"max_hp_loss":0,"event_name":"Masked Bandits","floor":19,"gold_loss":0}],"is_beta":false,"boss_relics":[{"not_picked":["Busted Crown","hermit:DentedPlate"],"picked":"Astrolabe"}],"items_purged_floors":[],"is_endless":false,"potions_floor_spawned":[5,6,8,11,16],"killed_by":"Masked Bandits","ascension_level":4}}