{"host":"w3q5ijqu8eoknil3","time":1610357410,"event":{"mods":["AchievementEnabler","BaseMod","Block Reminder","Colored Powertips","Curses Come First","Minty Spire (QoL Compilation)","Quick Restart","Relic Stats","StSLib","ojb\u0027s Better Paths Mod","ojb\u0027s Info Mod","slay the spire mod where everything is the same but ironclad has a cowboy hat"],"gold_per_floor":[109,109,109,119,134,134,163,163,190,190,220,231,241,241,241],"floor_reached":14,"playtime":305,"items_purged":[],"score":190,"play_id":"f32738ba-1c45-48e9-852e-b8142995110a","local_time":"20210111093010","is_ascension_mode":true,"campfire_choices":[{"data":"Noxious Fumes","floor":6,"key":"SMITH"},{"data":"Flying Knee","floor":10,"key":"SMITH"}],"circlet_count":0,"master_deck":["AscendersBane","Strike_G","Strike_G","Strike_G","Strike_G","Defend_G","Defend_G","Defend_G","Defend_G","Defend_G","Survivor","Neutralize","Blade Dance","Underhanded Strike","Noxious Fumes+1","Flying Knee+1","Skewer","Deadly Poison","Backstab"],"relics":["Ring of the Snake","NeowsBlessing","Blood Vial","Smiling Mask","Sundial"],"acts_visited":["Exordium"],"potions_floor_usage":[11,12,13,14],"damage_taken":[{"damage":0,"enemies":"2 Louse","floor":1,"turns":1},{"damage":0,"enemies":"Small Slimes","floor":4,"turns":1},{"damage":0,"enemies":"Cultist","floor":5,"turns":1},{"damage":14,"enemies":"3 Sentries","floor":7,"turns":7},{"damage":25,"enemies":"Gremlin Nob","floor":11,"turns":4},{"damage":16,"enemies":"Large Slime","floor":12,"turns":5},{"damage":9,"enemies":"Red Slaver","floor":13,"turns":3},{"damage":7,"enemies":"3 Sentries","floor":14,"turns":3}],"seed_played":"-8307694841321862000","potions_obtained":[{"floor":5,"key":"SpeedPotion"},{"floor":11,"key":"BlessingOfTheForge"},{"floor":12,"key":"Strength Potion"},{"floor":13,"key":"Fire Potion"}],"is_trial":false,"path_per_floor":["M","?","?","M","M","R","E","?","T","R","E","M","M","E"],"character_chosen":"THE_SILENT","items_purchased":[],"campfire_rested":0,"item_purchase_floors":[],"current_hp_per_floor":[59,64,60,60,60,60,46,46,46,46,23,9,2,0,0],"gold":241,"neow_bonus":"THREE_ENEMY_KILL","is_daily":false,"chose_seed":false,"campfire_upgraded":2,"win_rate":0.0,"timestamp":1610357410,"path_taken":["M","?","?","?","M","R","E","?","T","R","E","M","M","E"],"items_purchased_type":[],"build_version":"2020-12-22","purchased_purges":0,"victory":false,"max_hp_per_floor":[66,71,71,71,71,71,71,71,71,71,71,71,71,71,71],"relic_stats":{"Blood Vial":8,"counters":[8,25],"Sundial":[0],"Smiling Mask":0,"obtain_stats":[{"Blood Vial":7,"NeowsBlessing":0,"Sundial":11,"Smiling Mask":9,"Ring of the Snake":0},{"Blood Vial":4,"NeowsBlessing":0,"Sundial":5,"Smiling Mask":4,"Ring of the Snake":0},{"Blood Vial":10,"NeowsBlessing":0,"Sundial":14,"Smiling Mask":10,"Ring of the Snake":0}],"Ring of the Snake":[16]},"card_choices":[{"not_picked":["Deflect","Slice"],"picked":"Blade Dance","floor":1},{"not_picked":["Backflip","Quick Slash"],"picked":"Underhanded Strike","floor":4},{"not_picked":["Reflex","Slice"],"picked":"Noxious Fumes","floor":5},{"not_picked":["Deflect","Underhanded Strike"],"picked":"Flying Knee","floor":7},{"not_picked":["Flechettes","Dagger Spray"],"picked":"Skewer","floor":11},{"not_picked":["Quick Slash","Terror"],"picked":"Deadly Poison","floor":12},{"not_picked":["Prepared","Masterful Stab"],"picked":"Backstab","floor":13}],"player_experience":961718,"relics_obtained":[{"floor":7,"key":"Blood Vial"},{"floor":9,"key":"Smiling Mask"},{"floor":11,"key":"Sundial"}],"event_choices":[{"damage_healed":0,"gold_gain":0,"player_choice":"Donut","damage_taken":0,"max_hp_gain":5,"max_hp_loss":0,"event_name":"Big Fish","floor":2,"gold_loss":0},{"damage_healed":0,"gold_gain":0,"player_choice":"Bought 0 Potions","damage_taken":0,"max_hp_gain":0,"max_hp_loss":0,"event_name":"The Woman in Blue","floor":3,"gold_loss":0},{"cards_removed":["Strike_G"],"damage_healed":0,"gold_gain":0,"player_choice":"Offered Basic","damage_taken":0,"max_hp_gain":0,"max_hp_loss":0,"event_name":"Bonfire Elementals","floor":8,"gold_loss":0}],"is_beta":false,"boss_relics":[],"items_purged_floors":[],"is_endless":false,"potions_floor_spawned":[5,11,12,13],"killed_by":"3 Sentries","ascension_level":18}}