{"host":"5x08nt64u3vxxcfi","time":1610351480,"event":{"mods":["BaseMod","Minty Spire (QoL Compilation)","StSLib","SuperFastMode"],"gold_per_floor":[116,116,48,66,66,66,76,76,76,110,110,110,133,11,11,11,11],"floor_reached":16,"playtime":220,"items_purged":[],"score":157,"play_id":"645fa23a-597b-4653-9c5b-e1a5877c588e","local_time":"20210111165120","is_ascension_mode":true,"campfire_choices":[{"data":"Footwork","floor":6,"key":"SMITH"},{"data":"Neutralize","floor":8,"key":"SMITH"},{"data":"Blade Dance","floor":12,"key":"SMITH"},{"data":"Cloak And Dagger","floor":15,"key":"SMITH"}],"circlet_count":0,"master_deck":["AscendersBane","Strike_G","Strike_G","Strike_G","Strike_G","Strike_G","Defend_G","Defend_G","Defend_G","Defend_G","Defend_G","Survivor","Neutralize+1","Quick Slash+1","Poisoned Stab+1","Footwork+1","Blade Dance+1","Tactician","Underhanded Strike+1","Cloak And Dagger+1","Poisoned Stab+1","Sucker Punch+1"],"relics":["Ring of the Snake","NeowsBlessing","Molten Egg 2","Gremlin Horn","White Beast Statue","Bronze Scales","Golden Idol"],"acts_visited":["Exordium"],"potions_floor_usage":[16],"damage_taken":[{"damage":0,"enemies":"Cultist","floor":1,"turns":1},{"damage":0,"enemies":"2 Louse","floor":4,"turns":1},{"damage":0,"enemies":"Small Slimes","floor":7,"turns":1},{"damage":24,"enemies":"3 Sentries","floor":10,"turns":9},{"damage":0,"enemies":"3 Louse","floor":13,"turns":3},{"damage":28,"enemies":"Slime Boss","floor":16,"turns":5}],"seed_played":"-7556811758427555066","potions_obtained":[{"floor":10,"key":"ColorlessPotion"},{"floor":13,"key":"SpeedPotion"}],"is_trial":false,"path_per_floor":["M","?","$","M","?","R","M","R","T","E","?","R","M","$","R","B"],"character_chosen":"THE_SILENT","items_purchased":["Quick Slash+1","Poisoned Stab+1","Cloak And Dagger","Poisoned Stab+1","Sucker Punch+1"],"campfire_rested":0,"item_purchase_floors":[3,3,14,14,14],"current_hp_per_floor":[63,63,63,63,51,51,51,51,51,27,27,27,27,27,27,0,0],"gold":11,"neow_bonus":"THREE_ENEMY_KILL","is_daily":false,"chose_seed":false,"campfire_upgraded":4,"win_rate":0.0,"timestamp":1610351480,"path_taken":["M","?","$","?","?","R","M","R","T","E","?","R","M","$","R","BOSS"],"items_purchased_type":["Card","Card","Card","Card","Card"],"build_version":"2020-12-22","purchased_purges":0,"victory":false,"max_hp_per_floor":[70,70,70,70,70,70,70,70,70,70,65,65,65,65,65,65,65],"card_choices":[{"not_picked":["PiercingWail","Riddle With Holes"],"picked":"Acrobatics","floor":1},{"not_picked":["Prepared","Dagger Spray+1"],"picked":"Footwork","floor":4},{"not_picked":["Poisoned Stab+1","Terror"],"picked":"Blade Dance","floor":7},{"not_picked":["Prepared","Underhanded Strike+1"],"picked":"Tactician","floor":10},{"not_picked":["Acrobatics","Deadly Poison"],"picked":"Underhanded Strike+1","floor":13}],"player_experience":90681,"relics_obtained":[{"floor":9,"key":"White Beast Statue"},{"floor":10,"key":"Bronze Scales"}],"event_choices":[{"cards_removed":["Acrobatics"],"damage_healed":0,"gold_gain":0,"player_choice":"Gave Card","damage_taken":0,"relics_obtained":["Molten Egg 2"],"max_hp_gain":0,"max_hp_loss":0,"event_name":"WeMeetAgain","floor":2,"gold_loss":0},{"damage_healed":0,"gold_gain":0,"player_choice":"Success","damage_taken":12,"relics_obtained":["Gremlin Horn"],"max_hp_gain":0,"max_hp_loss":0,"event_name":"Scrap Ooze","floor":5,"gold_loss":0},{"damage_healed":0,"gold_gain":0,"player_choice":"Lose Max HP","damage_taken":0,"relics_obtained":["Golden Idol"],"max_hp_gain":0,"max_hp_loss":5,"event_name":"Golden Idol","floor":11,"gold_loss":0}],"is_beta":false,"boss_relics":[],"items_purged_floors":[],"is_endless":false,"potions_floor_spawned":[10,13],"killed_by":"Slime Boss","ascension_level":12}}