{"host":"6swbl1yqdi8v28pk","time":1610401369,"event":{"mods":["AchievementEnabler","BaseMod","Colored Map","Minty Spire (QoL Compilation)","Quick Restart"],"gold_per_floor":[117,131,131,150,150,150,165,177,177,177,187,215,215,63,63,166,166,179,179,179,44,56,56,56,56],"floor_reached":24,"playtime":1070,"items_purged":["Strike_R"],"score":206,"play_id":"f0ecbc13-c03e-4eed-84ae-7d8c658003a6","local_time":"20210111154249","is_ascension_mode":true,"campfire_choices":[{"floor":6,"key":"REST"},{"data":"Armaments","floor":10,"key":"SMITH"},{"data":"Seeing Red","floor":13,"key":"SMITH"},{"data":"Disarm","floor":15,"key":"SMITH"},{"floor":23,"key":"REST"}],"circlet_count":0,"master_deck":["Strike_R","Defend_R","Defend_R","Defend_R","Defend_R","Bash","True Grit","Clothesline+1","Pommel Strike+1","Armaments+1","Iron Wave","Pommel Strike","Seeing Red+1","Disarm+1","Feed","Headbutt","Writhe","Reaper","Entrench"],"relics":["Burning Blood","Calipers","Anchor","Whetstone","Empty Cage","Frozen Egg 2"],"acts_visited":["Exordium","TheCity"],"potions_floor_usage":[12,16,16],"damage_taken":[{"damage":1,"enemies":"Jaw Worm","floor":1,"turns":6},{"damage":8,"enemies":"Cultist","floor":2,"turns":5},{"damage":7,"enemies":"2 Louse","floor":4,"turns":3},{"damage":4,"enemies":"Blue Slaver","floor":7,"turns":5},{"damage":9,"enemies":"Looter","floor":8,"turns":4},{"damage":9,"enemies":"2 Fungi Beasts","floor":11,"turns":6},{"damage":5,"enemies":"Gremlin Nob","floor":12,"turns":3},{"damage":62,"enemies":"Slime Boss","floor":16,"turns":25},{"damage":0,"enemies":"Chosen","floor":18,"turns":5},{"damage":34,"enemies":"Spheric Guardian","floor":22,"turns":6},{"damage":50,"enemies":"Slavers","floor":24,"turns":5}],"seed_played":"6921358336507677108","potions_obtained":[{"floor":2,"key":"Energy Potion"},{"floor":7,"key":"DistilledChaos"},{"floor":11,"key":"BlessingOfTheForge"},{"floor":16,"key":"SkillPotion"}],"is_trial":false,"path_per_floor":["M","M","?","M","?","R","M","M","T","R","M","E","R","$","R","B",null,"M","?","?","$","M","R","E"],"character_chosen":"IRONCLAD","items_purchased":["Disarm","Reaper"],"campfire_rested":2,"item_purchase_floors":[14,21],"current_hp_per_floor":[61,59,59,58,58,80,80,77,77,77,74,75,75,75,75,19,80,83,83,67,67,39,65,27,27],"gold":56,"neow_bonus":"ONE_RARE_RELIC","is_daily":false,"chose_seed":false,"campfire_upgraded":3,"win_rate":0.0,"timestamp":1610401369,"path_taken":["M","M","?","?","?","R","M","M","T","R","M","E","R","$","R","BOSS","M","?","?","$","M","R","E"],"items_purchased_type":["Card","Card"],"build_version":"2020-12-22","purchased_purges":1,"victory":false,"max_hp_per_floor":[80,80,80,80,80,80,80,80,80,80,80,80,80,80,80,80,80,83,83,88,88,88,88,88,88],"card_choices":[{"not_picked":["Cleave","Twin Strike"],"picked":"True Grit","floor":1},{"not_picked":["Infernal Blade","Fire Breathing"],"picked":"Clothesline","floor":2},{"not_picked":["Rupture","Warcry"],"picked":"Pommel Strike","floor":4},{"not_picked":["Inflame","Warcry"],"picked":"Armaments","floor":7},{"not_picked":["Clash","Pommel Strike"],"picked":"Iron Wave","floor":8},{"not_picked":["Perfected Strike","Thunderclap"],"picked":"Pommel Strike","floor":11},{"not_picked":["Rupture","Blood for Blood"],"picked":"Seeing Red","floor":12},{"not_picked":["Berserk","Immolate"],"picked":"Feed","floor":16},{"not_picked":["Perfected Strike+1","Whirlwind"],"picked":"Headbutt","floor":18},{"not_picked":["Cleave","Battle Trance"],"picked":"Entrench","floor":22}],"player_experience":115943,"relics_obtained":[{"floor":9,"key":"Anchor"},{"floor":12,"key":"Whetstone"}],"event_choices":[{"cards_removed":["Strike_R"],"damage_healed":0,"gold_gain":0,"player_choice":"Purged","damage_taken":0,"max_hp_gain":0,"max_hp_loss":0,"event_name":"Purifier","floor":3,"gold_loss":0},{"damage_healed":0,"gold_gain":0,"player_choice":"Ignored","damage_taken":0,"max_hp_gain":0,"max_hp_loss":0,"event_name":"Liars Game","floor":5,"gold_loss":0},{"damage_healed":0,"gold_gain":0,"player_choice":"Opened","damage_taken":0,"relics_obtained":["Frozen Egg 2"],"max_hp_gain":0,"max_hp_loss":0,"event_name":"The Mausoleum","floor":19,"gold_loss":0,"cards_obtained":["Writhe"]},{"damage_healed":0,"gold_gain":0,"player_choice":"Shed Blood","damage_taken":21,"max_hp_gain":5,"max_hp_loss":0,"event_name":"Forgotten Altar","floor":20,"gold_loss":0}],"is_beta":false,"boss_relics":[{"not_picked":["SacredBark","Runic Cube"],"picked":"Empty Cage"}],"items_purged_floors":[14],"is_endless":false,"potions_floor_spawned":[2,7,11,16],"killed_by":"Slavers","ascension_level":1}}