{"host":"iy58fyt9wsbv4cf1","time":1610340909,"event":{"mods":["BaseMod","Better Altar","Better Match","Better Skull","Better Third Choice","BetterRewards","Conspire","Custom Start","Defuse TimeMaze Blight","Hubris","Infinite Spire","Minty Spire (QoL Compilation)","Permanent Neow","Quick Restart","Spicy Shops","StSLib"],"gold_per_floor":[111,126,126,138,138,138,172,172,172,172,201,211,67,26,26,124,124,138,138,148,148,18,46,46,64,134,134,169,169,169,52,52,151,151,166,91,91,91,3,3,3,3,3,38,48,48,76,92,92,92,92,92,74,101,101],"floor_reached":56,"playtime":1514,"items_purged":["Strike_G","Strike_G","Strike_G","Strike_G","Defend_G"],"score":1763,"play_id":"6933d5d8-779a-4914-bcd9-93d27d42b540","local_time":"20210110235509","is_ascension_mode":true,"campfire_choices":[{"data":"Finisher","floor":6.0,"key":"SMITH"},{"data":"Neutralize","floor":10.0,"key":"SMITH"},{"data":"Accuracy","floor":15.0,"key":"SMITH"},{"data":"Finisher","floor":24.0,"key":"SMITH"},{"floor":27.0,"key":"RECALL"},{"floor":29.0,"key":"REST"},{"floor":32.0,"key":"REST"},{"data":"Defend_G","floor":40.0,"key":"SMITH"},{"data":"Survivor","floor":42.0,"key":"SMITH"},{"data":"Defend_G","floor":49.0,"key":"SMITH"},{"floor":52,"key":"REST"}],"circlet_count":0,"master_deck":["Defend_G","Defend_G","Defend_G+1","Defend_G+1","Survivor+1","Neutralize+1","Blade Dance+1","Deflect+1","Finisher+1","Cloak And Dagger+1","Deflect+1","Blur+1","Escape Plan+1","Accuracy+1","Cloak And Dagger+1","Finisher+1","A Thousand Cuts+1","Cloak And Dagger+1","After Image+1","Burst+1","Adrenaline+1","Accuracy"],"relics":["Ring of the Snake","Toxic Egg 2","Membership Card","Juzu Bracelet","FossilizedHelix","conspire:Dentures","Calipers","hubris:TerracottaHorce","Nloth\u0027s Gift","hubris:MysteriousPyramids","Snake Skull","Paper Crane","Lantern","Regal Pillow","hubris:Backtick","Ornamental Fan","Mummified Hand","conspire:Flyswatter","hubris:ToyBattleship"],"acts_visited":["Exordium","TheCity","TheBeyond","TheEnding"],"potions_floor_usage":[55,55,55],"damage_taken":[{"damage":0.0,"enemies":"Cultist","floor":1.0,"turns":3.0},{"damage":0.0,"enemies":"2 Louse","floor":2.0,"turns":2.0},{"damage":0.0,"enemies":"Small Slimes","floor":4.0,"turns":2.0},{"damage":0.0,"enemies":"Lagavulin","floor":7.0,"turns":2.0},{"damage":0.0,"enemies":"3 Sentries","floor":11.0,"turns":6.0},{"damage":0.0,"enemies":"Exordium Thugs","floor":12.0,"turns":7.0},{"damage":0.0,"enemies":"Slime Boss","floor":16.0,"turns":6.0},{"damage":0.0,"enemies":"2 Thieves","floor":18.0,"turns":3.0},{"damage":0.0,"enemies":"Chosen","floor":20.0,"turns":5.0},{"damage":21.0,"enemies":"Nightmare","floor":23.0,"turns":7.0},{"damage":14.0,"enemies":"Snake Plant","floor":25.0,"turns":3.0},{"damage":0.0,"enemies":"Gremlin Leader","floor":28.0,"turns":2.0},{"damage":0.0,"enemies":"Automaton","floor":33.0,"turns":6.0},{"damage":0.0,"enemies":"3 Darklings","floor":35.0,"turns":1.0},{"damage":0.0,"enemies":"Nemesis","floor":44.0,"turns":3.0},{"damage":0.0,"enemies":"Orb Walker","floor":45.0,"turns":2.0},{"damage":0.0,"enemies":"Giant Head","floor":47.0,"turns":2.0},{"damage":0.0,"enemies":"Jaw Worm Horde","floor":48.0,"turns":1.0},{"damage":56,"enemies":"Time Eater","floor":50,"turns":13},{"damage":0,"enemies":"Shield and Spear","floor":54,"turns":4},{"damage":61,"enemies":"The Heart","floor":55,"turns":7}],"seed_played":"5119501223219239470","potions_obtained":[{"floor":1.0,"key":"FearPotion"},{"floor":4.0,"key":"CunningPotion"},{"floor":5.0,"key":"Fruit Juice"},{"floor":5.0,"key":"DistilledChaos"},{"floor":23.0,"key":"GamblersBrew"},{"floor":44.0,"key":"Energy Potion"},{"floor":47.0,"key":"EntropicBrew"}],"is_trial":false,"path_per_floor":["M","M","?","M","?","R","E","?","T","R","E","M","$","$","R","B",null,"M","?","M","?","$","NM","R","M","T","R","E","R","?","$","R","B",null,"M","$","?","?","$","R","?","R","T","E","M","?","E","M","R","B",null,"R","$","E","B",null],"character_chosen":"THE_SILENT","items_purchased":["Toxic Egg 2","Blade Dance+1","Deflect+1","Finisher","Membership Card","Cloak And Dagger+1","Lee\u0027s Waffle","Accuracy","Cloak And Dagger+1","Calipers","Finisher","hubris:MysteriousPyramids","Cloak And Dagger+1","Accuracy"],"campfire_rested":3,"item_purchase_floors":[0,0,0,0,0,0,0,13,13,14,14,22,31,53],"current_hp_per_floor":[77,77,77,77,82,82,82,82,82,82,82,82,82,82,82,82,82,82,82,82,82,82,61,61,47,47,47,47,71,71,71,82,82,82,82,82,82,82,82,82,82,82,82,82,82,82,82,82,82,26,68,82,82,82,21],"gold":101,"neow_bonus":"","is_daily":false,"chose_seed":false,"campfire_upgraded":7,"win_rate":0.0,"timestamp":1610340909,"path_taken":["M","?","?","M","?","R","E","?","T","R","E","M","?","$","R","BOSS","M","?","M","?","$","NM","R","M","T","R","E","R","?","?","R","BOSS","M","?","?","?","$","R","?","R","T","E","M","?","E","M","R","BOSS","R","$","E","BOSS"],"items_purchased_type":["Relic","Card","Card","Card","Relic","Card","Relic","Card","Card","Relic","Card","Relic","Card","Card"],"build_version":"2020-12-22","purchased_purges":5,"victory":true,"max_hp_per_floor":[77,77,77,77,82,82,82,82,82,82,82,82,82,82,82,82,82,82,82,82,82,82,82,82,82,82,82,82,82,82,82,82,82,82,82,82,82,82,82,82,82,82,82,82,82,82,82,82,82,82,82,82,82,82,82],"card_choices":[{"not_picked":["Backflip+1","Sucker Punch"],"picked":"Deflect+1","floor":1.0},{"not_picked":["Skewer","Flechettes","Underhanded Strike"],"picked":"SKIP","floor":2.0},{"not_picked":["Skewer","Flechettes","Underhanded Strike"],"picked":"SKIP","floor":2.0},{"not_picked":["Predator","Dagger Throw","Riddle With Holes"],"picked":"SKIP","floor":4.0},{"not_picked":["Crippling Poison+1","Bouncing Flask+1"],"picked":"Blur+1","floor":7.0},{"not_picked":["Blade Dance+1","Deadly Poison+1","Grand Finale"],"picked":"SKIP","floor":11.0},{"not_picked":["Outmaneuver+1","Deadly Poison+1"],"picked":"Escape Plan+1","floor":12.0},{"not_picked":["Wraith Form v2","Storm of Steel+1"],"picked":"A Thousand Cuts","floor":16.0},{"not_picked":["Eviscerate","Bane","hubris:TrickCloak+1"],"picked":"SKIP","floor":18.0},{"not_picked":["Dodge and Roll+1","Masterful Stab","hubris:SlightOfHand+1"],"picked":"SKIP","floor":20.0},{"not_picked":["Prepared+1","Endless Agony","Dash"],"picked":"SKIP","floor":23.0},{"not_picked":["Dodge and Roll+1","Poisoned Stab","Catalyst+1"],"picked":"SKIP","floor":25.0},{"not_picked":["Acrobatics+1","Wraith Form v2","All Out Attack+1"],"picked":"SKIP","floor":28.0},{"not_picked":["Tools of the Trade","Venomology+1"],"picked":"After Image","floor":33.0},{"not_picked":["Bane","Deadly Poison+1","Dodge and Roll+1"],"picked":"SKIP","floor":35.0},{"not_picked":["Setup+1","Poisoned Stab+1"],"picked":"Burst+1","floor":44.0},{"not_picked":["Venomology+1","Backflip+1"],"picked":"Adrenaline+1","floor":45.0},{"not_picked":["Catalyst+1","hubris:TrickCloak+1","Infinite Blades+1"],"picked":"SKIP","floor":47.0},{"not_picked":["Slice+1","Cloak And Dagger+1","Dagger Spray"],"picked":"SKIP","floor":48.0},{"not_picked":["Flying Knee","Cloak And Dagger+1","Accuracy"],"picked":"SKIP","floor":54}],"player_experience":41828,"relics_obtained":[{"floor":7.0,"key":"Juzu Bracelet"},{"floor":9.0,"key":"FossilizedHelix"},{"floor":11.0,"key":"conspire:Dentures"},{"floor":23.0,"key":"Snake Skull"},{"floor":26.0,"key":"Paper Crane"},{"floor":28.0,"key":"Lantern"},{"floor":44.0,"key":"Mummified Hand"},{"floor":47.0,"key":"conspire:Flyswatter"},{"floor":54,"key":"hubris:ToyBattleship"}],"event_choices":[{"damage_healed":0.0,"max_hp_gain":0.0,"max_hp_loss":0.0,"gold_gain":0.0,"event_name":"Lab","player_choice":"Got Potions","floor":5.0,"gold_loss":0.0,"damage_taken":0.0},{"damage_healed":0.0,"max_hp_gain":0.0,"max_hp_loss":0.0,"gold_gain":0.0,"event_name":"NoteForYourself","player_choice":"Ignored","floor":8.0,"gold_loss":0.0,"damage_taken":0.0},{"damage_healed":0.0,"max_hp_gain":0.0,"max_hp_loss":0.0,"gold_gain":0.0,"event_name":"N\u0027loth","player_choice":"Traded Relic","floor":21.0,"relics_lost":["Lee\u0027s Waffle"],"gold_loss":0.0,"damage_taken":0.0,"relics_obtained":["Nloth\u0027s Gift"]},{"damage_healed":0.0,"max_hp_gain":0.0,"max_hp_loss":0.0,"gold_gain":0.0,"event_name":"WeMeetAgain","player_choice":"Gave Potion","floor":30.0,"gold_loss":0.0,"damage_taken":0.0,"relics_obtained":["Regal Pillow"]},{"damage_healed":0.0,"max_hp_gain":0.0,"max_hp_loss":0.0,"gold_gain":0.0,"event_name":"Upgrade Shrine","player_choice":"Upgraded","floor":37.0,"gold_loss":0.0,"damage_taken":0.0,"cards_upgraded":["After Image"]},{"cards_removed":["Strike_G"],"damage_healed":0.0,"max_hp_gain":0.0,"max_hp_loss":0.0,"gold_gain":0.0,"event_name":"Falling","player_choice":"Removed Attack","floor":38.0,"gold_loss":0.0,"damage_taken":0.0},{"damage_healed":0.0,"max_hp_gain":0.0,"max_hp_loss":0.0,"gold_gain":0.0,"event_name":"conspire:Investor","player_choice":"Leave","floor":41.0,"gold_loss":0.0,"damage_taken":0.0}],"is_beta":false,"boss_relics":[{"not_picked":["Calling Bell","conspire:SpecialSausage"],"picked":"hubris:TerracottaHorce"},{"not_picked":["hubris:ScarierMask","conspire:RunicOctahedron"],"picked":"hubris:Backtick"}],"items_purged_floors":[13,13,31,36,39],"is_endless":false,"potions_floor_spawned":[1,4,23,44,47],"ascension_level":5}}