{"host":"6h0diz2ap0m56grs","time":1610394437,"event":{"mods":["2.2 Compatiblity","BaseMod","Colored Map","Marisa????????","Minty Spire (QoL Compilation)","Quick Restart","Replay The Spire","Shop Mod","StSLib","The Servant 0.9.4"],"gold_per_floor":[113,123,123,123,46,71,71,93,118,146,180,180,207,207,207,333,333,351,372,471,219,219,262,297,297,297,340,325,363,363,401,401,531,531,556,556],"floor_reached":35,"playtime":1180,"items_purged":[],"score":732,"play_id":"efe31c97-2cc0-45b3-b07c-6a3fb40866cf","local_time":"20210111134717","daily_mods":["SealedDeck","Heirloom","Time Dilation","Flight"],"is_ascension_mode":true,"campfire_choices":[{"data":"DarkMatter","floor":7,"key":"SMITH"},{"data":"DragonMeteor","floor":15,"key":"SMITH"},{"data":"CollectingQuirk","floor":25,"key":"SMITH"},{"data":"OneTimeOff","floor":30,"key":"SMITH"},{"data":"PulseMagic","floor":32,"key":"SMITH"}],"circlet_count":0,"master_deck":["PowerUp","UnstableBomb","UnstableBomb","GalacticHalo+1","GalacticHalo","MilkyWay+1","WitchLeyline","DarkMatter+1","MeteoricShower+1","ChargeUpSpray+1","GasGiant","GasGiant","Parasite","Parasite","PulseMagic+1","DragonMeteor+1","CollectingQuirk+1","OneTimeOff+1","Ghostly","Ghostly","Ghostly","Ghostly","Ghostly","MeteoricShower","UltimateShortwave","PowerUp","PropBag+1"],"relics":["MiniHakkero","replay:Trail_Library","Prayer Wheel","Smiling Mask","ShroomBag","Anchor","Iron Hammer","The Courier","Golden Idol","Replay:Bronze Core","Philosopher\u0027s Stone","SacredBark","MerchantsRug","Membership Card","Replay:Wax Seal","Singing Bowl","Orichalcum","MealTicket","Regal Pillow","PreservedInsect","Tiny Chest","Eternal Feather","Honey Jar"],"acts_visited":["Exordium","TheCity","TheBeyond"],"potions_floor_usage":[],"damage_taken":[{"damage":0,"enemies":"Small Slimes","floor":1,"turns":1},{"damage":0,"enemies":"2 Louse","floor":2,"turns":1},{"damage":0,"enemies":"3 Sentries","floor":6,"turns":5},{"damage":2,"enemies":"The Mushroom Lair","floor":8,"turns":2},{"damage":0,"enemies":"Gremlin Nob","floor":10,"turns":3},{"damage":0,"enemies":"3 Sentries","floor":11,"turns":5},{"damage":4,"enemies":"Lagavulin","floor":13,"turns":4},{"damage":2,"enemies":"Hexaghost","floor":16,"turns":3},{"damage":4,"enemies":"Shell Parasite","floor":18,"turns":2},{"damage":4,"enemies":"Gremlin Leader","floor":23,"turns":6},{"damage":0,"enemies":"Book of Stabbing","floor":24,"turns":4},{"damage":0,"enemies":"Replay:Snechameleon","floor":27,"turns":4},{"damage":0,"enemies":"Slavers","floor":29,"turns":3},{"damage":0,"enemies":"Replay:Snechameleon","floor":31,"turns":4},{"damage":13,"enemies":"Collector","floor":33,"turns":5},{"damage":0,"enemies":"3 Shapes","floor":35,"turns":2}],"seed_played":"-1012429749445141730","potions_obtained":[{"floor":2,"key":"LiquidMemories"},{"floor":10,"key":"BlessingOfTheForge"},{"floor":11,"key":"Dexterity Potion"},{"floor":13,"key":"Fire Potion"},{"floor":16,"key":"DistilledChaos"},{"floor":18,"key":"Dexterity Potion"},{"floor":31,"key":"DuplicationPotion"},{"floor":33,"key":"LifebloodPotion"}],"is_trial":true,"path_per_floor":["M","M","?","?","$","E","R","?","T","E","E","?","E","?","R","B",null,"M","$","?","$","?","E","E","R","T","E","$","E","R","E","R","B",null,"M"],"character_chosen":"MARISA","items_purchased":["GasGiant","MerchantsRug","Membership Card","Replay:Wax Seal","Singing Bowl","MeteoricShower"],"campfire_rested":0,"item_purchase_floors":[5,19,21,21,21,28],"current_hp_per_floor":[75,75,60,60,60,60,60,58,58,62,66,66,66,48,48,50,75,71,71,71,71,37,35,41,41,41,43,43,45,45,47,47,36,47,51,51],"gold":556,"neow_bonus":"","is_daily":false,"chose_seed":false,"campfire_upgraded":5,"win_rate":0.0,"timestamp":1610394437,"path_taken":["M","M","?","?","$","E","R","?","T","E","E","?","E","?","R","BOSS","M","$","?","$","?","E","E","R","T","E","$","E","R","E","R","BOSS","M"],"items_purchased_type":["Card","Relic","Relic","Relic","Relic","Card"],"build_version":"2020-12-22","purchased_purges":0,"victory":false,"max_hp_per_floor":[75,75,75,75,75,75,75,75,75,75,75,75,75,75,75,75,75,75,75,75,75,37,39,41,41,41,43,43,45,45,47,47,47,47,51,51],"card_choices":[{"not_picked":["SporeBomb","GalacticHalo","MysteriousBeam"],"picked":"SKIP","floor":1},{"not_picked":["PulseMagic","WitchOfGreed","NonDirectionalLaser"],"picked":"SKIP","floor":1},{"not_picked":["LuminesStrike","MagicChant","DC"],"picked":"SKIP","floor":2},{"not_picked":["NonDirectionalLaser","Acceleration","GalacticHalo"],"picked":"SKIP","floor":2},{"not_picked":["EventHorizon","DarkMatter"],"picked":"GasGiant","floor":6},{"not_picked":["DarkSpark","StarlightTyphoon","Singularity"],"picked":"SKIP","floor":10},{"not_picked":["DC","NonDirectionalLaser"],"picked":"PulseMagic","floor":11},{"not_picked":["MillisecondPulsars","LuminesStrike"],"picked":"DragonMeteor","floor":13},{"not_picked":["AbsoluteMagnitude","ManaRampage"],"picked":"CollectingQuirk","floor":16},{"not_picked":["DC","GrandCross"],"picked":"OneTimeOff","floor":18},{"not_picked":["UnstableBomb","FairyDestructionRay","LuminesStrike"],"picked":"SKIP","floor":18},{"not_picked":["IllusionStar+1","ChargeUpSpray","Acceleration+1"],"picked":"Singing Bowl","floor":23},{"not_picked":["Acceleration+1","ChargeUpSpray","Orbital+1"],"picked":"Singing Bowl","floor":24},{"not_picked":["DoubleSpark+1","BlazingStar","MilkyWay+1"],"picked":"Singing Bowl","floor":27},{"not_picked":["ManaConvection","RefractionSpark","ShootingEcho"],"picked":"Singing Bowl","floor":29},{"not_picked":["MagicChant","ChargeUpSpray+1","DC"],"picked":"Singing Bowl","floor":31},{"not_picked":["MaximisePower","BigCrunch"],"picked":"UltimateShortwave","floor":33},{"not_picked":["MagicChant+1","PowerUp","AsteroidBelt+1","Singularity+1"],"picked":"Singing Bowl","floor":35},{"not_picked":["PropBag+1","ManaConvection","WitchOfGreed","Occultation+1"],"picked":"Singing Bowl","floor":35}],"player_experience":169897,"relics_obtained":[{"floor":6,"key":"Smiling Mask"},{"floor":8,"key":"ShroomBag"},{"floor":9,"key":"Potion Belt"},{"floor":10,"key":"Anchor"},{"floor":11,"key":"Iron Hammer"},{"floor":13,"key":"The Courier"},{"floor":23,"key":"Orichalcum"},{"floor":24,"key":"MealTicket"},{"floor":26,"key":"Regal Pillow"},{"floor":27,"key":"PreservedInsect"},{"floor":29,"key":"Tiny Chest"},{"floor":31,"key":"Eternal Feather"}],"event_choices":[{"damage_healed":0,"gold_gain":0,"player_choice":"Entered Light","damage_taken":15,"max_hp_gain":0,"max_hp_loss":0,"event_name":"Shining Light","floor":3,"gold_loss":0,"cards_upgraded":["MilkyWay","MeteoricShower"]},{"damage_healed":0,"gold_gain":0,"player_choice":"Fought Mushrooms","damage_taken":0,"max_hp_gain":0,"max_hp_loss":0,"event_name":"Mushrooms_MRS","floor":8,"gold_loss":0},{"damage_healed":0,"gold_gain":0,"player_choice":"Take Damage","damage_taken":18,"relics_obtained":["Golden Idol"],"max_hp_gain":0,"max_hp_loss":0,"event_name":"Golden Idol","floor":14,"gold_loss":0},{"damage_healed":0,"gold_gain":99,"player_choice":"Stole From Cult","damage_taken":0,"max_hp_gain":0,"max_hp_loss":0,"event_name":"Nest","floor":20,"gold_loss":0},{"damage_healed":0,"gold_gain":0,"player_choice":"Became a Ghost","damage_taken":0,"max_hp_gain":0,"max_hp_loss":38,"event_name":"Ghosts","floor":22,"gold_loss":0,"cards_obtained":["Ghostly","Ghostly","Ghostly","Ghostly","Ghostly"]}],"is_beta":false,"boss_relics":[{"not_picked":["BewitchedHakkero","Runic Dome"],"picked":"Replay:Grab Bag"},{"not_picked":["Busted Crown","Replay:Wanted Poster"],"picked":"Replay:Bronze Core"},{"not_picked":["ReplayTheSpireMod:DimensionalGlitch","Abe\u0027s Treasure"],"picked":"Philosopher\u0027s Stone"},{"not_picked":["Snecko Eye","Ring of Chaos"],"picked":"SacredBark"},{"not_picked":["Astrolabe","Tiny House"],"picked":"Honey Jar"}],"items_purged_floors":[],"is_endless":false,"potions_floor_spawned":[2,10,11,13,16,18,27,31,33,35],"killed_by":"3 Shapes","ascension_level":1}}