{"host":"i0avyit1s6jb1siw","time":1610368489,"event":{"mods":["BaseMod","DeckTracker","Dota2Spire","Highlight Path","Minty Spire (QoL Compilation)","Quick Restart","StSLib","SuperFastMode"],"gold_per_floor":[111,128,128,128,147,147,175,175,175,187,187,221,16,50,50,50,50],"floor_reached":16,"playtime":212,"items_purged":["Strike_P"],"score":286,"play_id":"3cd6d951-1f95-4de9-88d3-6a9df5373176","local_time":"20210111133449","is_ascension_mode":true,"campfire_choices":[{"data":"Eruption","floor":6,"key":"SMITH"},{"data":"Vault","floor":8,"key":"SMITH"},{"data":"Vault","floor":11,"key":"SMITH"},{"data":"CrushJoints","floor":15,"key":"SMITH"}],"circlet_count":0,"master_deck":["AscendersBane","Strike_P","Strike_P","Defend_P","Defend_P","Defend_P","Defend_P","Eruption+1","Vigilance","Vault+1","FollowUp","Meditate","Vault+1","FlurryOfBlows","Adaptation","CrushJoints+1","MentalFortress"],"relics":["PureWater","Dota2Spire:DivineRapier","WingedGreaves","Dota2Spire:BladeMail","Dota2Spire:EchoSabre"],"acts_visited":["Exordium"],"potions_floor_usage":[16],"damage_taken":[{"damage":0,"enemies":"Cultist","floor":1,"turns":2},{"damage":0,"enemies":"2 Louse","floor":2,"turns":3},{"damage":0,"enemies":"Small Slimes","floor":5,"turns":2},{"damage":22,"enemies":"Lagavulin","floor":7,"turns":7},{"damage":3,"enemies":"Blue Slaver","floor":10,"turns":3},{"damage":0,"enemies":"Gremlin Nob","floor":12,"turns":3},{"damage":9,"enemies":"3 Sentries","floor":14,"turns":4},{"damage":30,"enemies":"Hexaghost","floor":16,"turns":4}],"seed_played":"342839915195587882","potions_obtained":[{"floor":1,"key":"Explosive Potion"},{"floor":7,"key":"ColorlessPotion"}],"is_trial":false,"path_per_floor":["M","M","?","?","M","R","E","R","T","M","R","E","$","E","R","B"],"character_chosen":"WATCHER","items_purchased":["Adaptation","CrushJoints"],"campfire_rested":0,"item_purchase_floors":[13,13],"current_hp_per_floor":[61,61,66,59,59,59,37,37,37,34,34,34,34,25,25,0,0],"gold":50,"neow_bonus":"THREE_RARE_CARDS","is_daily":false,"chose_seed":false,"campfire_upgraded":4,"win_rate":0.0,"timestamp":1610368489,"path_taken":["M","?","?","?","M","R","E","R","T","M","R","E","$","E","R","BOSS"],"items_purchased_type":["Card","Card"],"build_version":"2020-12-22","purchased_purges":1,"victory":false,"max_hp_per_floor":[62,62,67,67,67,67,67,67,67,67,67,67,67,67,67,67,67],"card_choices":[{"not_picked":["Wish","Alpha"],"picked":"Vault","floor":0},{"not_picked":["WindmillStrike","Consecrate"],"picked":"FollowUp","floor":1},{"not_picked":["JustLucky","ClearTheMind"],"picked":"Meditate","floor":2},{"not_picked":["EmptyFist","JustLucky"],"picked":"Vault","floor":5},{"not_picked":["ThirdEye","CutThroughFate"],"picked":"FlurryOfBlows","floor":7},{"not_picked":["JustLucky","ClearTheMind","SpiritShield"],"picked":"SKIP","floor":10},{"not_picked":["JustLucky","PathToVictory","FollowUp"],"picked":"SKIP","floor":12},{"not_picked":["Conclude","SignatureMove"],"picked":"MentalFortress","floor":14}],"player_experience":2199179,"relics_obtained":[{"floor":7,"key":"Dota2Spire:DivineRapier"},{"floor":9,"key":"WingedGreaves"},{"floor":12,"key":"Dota2Spire:BladeMail"},{"floor":14,"key":"Dota2Spire:EchoSabre"}],"event_choices":[{"damage_healed":0,"gold_gain":0,"player_choice":"Donut","damage_taken":0,"max_hp_gain":5,"max_hp_loss":0,"event_name":"Big Fish","floor":3,"gold_loss":0},{"cards_removed":["Strike_P"],"damage_healed":0,"gold_gain":0,"player_choice":"Card Removal","damage_taken":7,"max_hp_gain":0,"max_hp_loss":0,"event_name":"Golden Wing","floor":4,"gold_loss":0}],"is_beta":false,"boss_relics":[],"items_purged_floors":[13],"is_endless":false,"potions_floor_spawned":[1,7,10],"killed_by":"Hexaghost","ascension_level":20}}