{"host":"dwyzfvnzfcqffr30","time":1610362073,"event":{"mods":["2.2 Compatiblity","Act Like it!","BaseMod","Beaked The Cultist","Better Altar","Better Match","Better Note","Better Sensory Stone","Better Skull","Better Third Choice","Clockwork Mod","Colored Map","Colored Powertips","Conspire","Downfall","Elementarium","GifTheSpireLib","Halation","Hermit","Hubris","Infinite Spire","Ironclad Rager","Jedi Mod","Menagerie","Mimic Mod","Minty Spire (QoL Compilation)","Permanent Neow","Random Character Button","Replay The Spire","Spicy Shops","Spikes Relics","StSLib","Stuff the Spire","The Construct","The Disciple","The Druid","The Marked","TheFirefly","Trackpad","vexMod"],"gold_per_floor":[15,35,55,55,38,73,86,116,116,149,162,174,184,209,209,306,306,319,331,14,14,29,64,81,96,120,151,151,169,169,169,169,271,271,288,305,305,323,323,323,354,373,373,373,373,383,409,409,409,409,409,409,4,36,36],"floor_reached":56,"playtime":4357,"items_purged":["theMarked:Strike+1","theMarked:Strike+1","theMarked:Strike+1"],"score":1527,"play_id":"7f3af59c-f6a4-462e-8095-8f940b2e1f0f","local_time":"20210111024753","is_ascension_mode":true,"campfire_choices":[{"floor":15,"key":"REST"},{"floor":32,"key":"RECALL"},{"floor":40,"key":"REST"},{"floor":44,"key":"REST"},{"floor":49,"key":"REST"},{"data":"theMarked:ContemptForTheProud+1","floor":52,"key":"SMITH"}],"circlet_count":0,"master_deck":["theMarked:Strike+1","theMarked:Strike+1","theMarked:Defend+1","theMarked:Defend+1","theMarked:Defend+1","theMarked:Defend+1","theMarked:SoldierOfQuellstein+1","Reforge+1","Apotheosis+1","MasterReality+1","theMarked:ContemptForTheProud+2","theMarked:Parkour+1","theMarked:Aftermath+1","Feint+1","theMarked:ChainLightning+1","theMarked:StartUp+1","theMarked:ResourceFulStrike+1","theMarked:MaelstromOfLightning+1","theMarked:Polarize+1","theMarked:TakeOffHeels+1","theMarked:MagicAdept+1","Madness+1","theMarked:AttractMetal+1","theMarked:Levitate+1","hubris:DuctTapeCard+3","theMarked:AttractMetal+1"],"relics":["theMarked:ArtifactOfAir","Bottled Tornado","conspire:InfiniteJournal","Quantum Egg","Frozen Egg 2","Toxic Egg 2","Molten Egg 2","hubris:SphereOfDissonance","ReplayFunnel","Art of War","Black Star","vexMod:HeadHunter","sneckomod:BlankCard","FossilizedHelix","Frozen Egg 2","Regal Pillow","construct:BoolHorns","Elementarium:ElementariumTrophy","hubris:ScarierMask","jedi:firstaidkit","hubris:DuctTape","Replay:Accelerometer","trackpad:PetRock","conspire:BottledYoYo","StuffTheSpire:RubySignet","ClockworkSouvenir","StuffTheSpire:NeowsTribute","trackpad:DisasterInABottle"],"acts_visited":["Menagerie:Menagerie","Elementarium:Elementarium","TheBeyond","TheEnding"],"potions_floor_usage":[10,16,16,19,27,27,27,29,38,38,41,50,55,55,55],"damage_taken":[{"damage":0,"enemies":"Menagerie:StygianBoar","floor":1,"turns":2},{"damage":0,"enemies":"Menagerie:MonstrousExperiment","floor":2,"turns":3},{"damage":6,"enemies":"Menagerie:WhisperingWraith","floor":3,"turns":4},{"damage":26,"enemies":"Menagerie:VoidReaper","floor":6,"turns":6},{"damage":6,"enemies":"Menagerie:3_RABBITS","floor":7,"turns":2},{"damage":0,"enemies":"Menagerie:Hydra","floor":8,"turns":3},{"damage":17,"enemies":"Menagerie:VoidReaper","floor":10,"turns":2},{"damage":0,"enemies":"Menagerie:EntropyWarlock","floor":11,"turns":2},{"damage":0,"enemies":"Menagerie:RedMage","floor":12,"turns":2},{"damage":0,"enemies":"Menagerie:MENAGERIE_WILDLIFE","floor":13,"turns":2},{"damage":0,"enemies":"Menagerie:Hydra","floor":14,"turns":3},{"damage":6,"enemies":"Menagerie:Suneater","floor":16,"turns":4},{"damage":0,"enemies":"Elementarium:2_ELEMENTALS","floor":18,"turns":2},{"damage":19,"enemies":"Elementarium:MUD_AND_TAR_GOLEMS","floor":19,"turns":3},{"damage":7,"enemies":"Elementarium:STONE_GOLEMS","floor":22,"turns":3},{"damage":45,"enemies":"Elementarium:ElementalPortal","floor":23,"turns":8},{"damage":0,"enemies":"Elementarium:Hydrostalker","floor":24,"turns":4},{"damage":10,"enemies":"Elementarium:RubyGolem","floor":25,"turns":3},{"damage":0,"enemies":"Elementarium:WarGolem","floor":27,"turns":3},{"damage":6,"enemies":"Elementarium:STONE_GOLEMS","floor":29,"turns":4},{"damage":44,"enemies":"Elementarium:GolemEmperor","floor":33,"turns":14},{"damage":0,"enemies":"Orb Walker","floor":35,"turns":3},{"damage":0,"enemies":"3 Shapes","floor":36,"turns":3},{"damage":32,"enemies":"Writhing Mass","floor":38,"turns":5},{"damage":22,"enemies":"beaked:SuperParasite","floor":41,"turns":5},{"damage":0,"enemies":"Jaw Worm Horde","floor":42,"turns":1},{"damage":0,"enemies":"Sphere and 2 Shapes","floor":46,"turns":2},{"damage":40,"enemies":"Nemesis","floor":47,"turns":7},{"damage":44,"enemies":"Awakened One","floor":50,"turns":13},{"damage":20,"enemies":"Shield and Spear","floor":54,"turns":4},{"damage":118,"enemies":"The Heart","floor":55,"turns":12}],"seed_played":"-6611661518153969280","potions_obtained":[{"floor":2,"key":"SpeedPotion"},{"floor":6,"key":"champ:CounterPotion"},{"floor":12,"key":"SpeedPotion"},{"floor":13,"key":"Fire Potion"},{"floor":14,"key":"BlessingOfTheForge"},{"floor":16,"key":"Explosive Potion"},{"floor":22,"key":"Cursed Concoction"},{"floor":25,"key":"DuplicationPotion"},{"floor":27,"key":"jedi:StrikingPotion"},{"floor":35,"key":"SkillPotion"},{"floor":36,"key":"Weak Potion"},{"floor":38,"key":"champ:CounterPotion"},{"floor":41,"key":"DuplicationPotion"},{"floor":54,"key":"Weak Potion"}],"is_trial":false,"path_per_floor":["M","M","M","?","$","E","M","E","T","E","M","M","M","E","R","B",null,"M","M","$","?","M","E","M","M","T","E","?","M","?","?","R_BF","B",null,"M","M","?","M","?","R","E","M","T","R","?","M","E","T","R","B",null,"R","$","E","B",null],"character_chosen":"THE_DEFAULT","items_purchased":["Feint+1","vexMod:HeadHunter","Sharp Hide+1","sneckomod:BlankCard","ClockworkSouvenir","LifebloodPotion","Strength Potion"],"campfire_rested":4,"item_purchase_floors":[5,20,20,20,53,53,53],"current_hp_per_floor":[70,70,64,64,64,38,32,32,32,15,15,15,15,15,36,30,70,70,51,51,55,48,3,3,32,32,32,20,14,21,21,21,27,75,75,75,60,28,28,65,43,43,43,75,75,75,38,38,75,48,75,75,75,59,71],"gold":36,"neow_bonus":"RANDOM_COLORLESS_2","is_daily":false,"chose_seed":false,"campfire_upgraded":1,"win_rate":0.0,"timestamp":1610362073,"path_taken":["M","?","M","?","?","E","M","E","T","E","M","M","M","E","R","BOSS","M","M","$","?","?","E","M","M","T","E","?","M","?","?","R_BF","BOSS","M","M","?","M","?","R","E","M","T","R","?","?","E","?","R","BOSS","R","$","E","BOSS"],"items_purchased_type":["Card","Relic","Card","Relic","Relic","Potion","Potion"],"build_version":"2020-12-22","purchased_purges":3,"victory":true,"max_hp_per_floor":[70,70,70,70,70,70,70,70,70,70,70,70,70,70,70,70,70,70,70,70,70,70,70,70,70,70,70,75,75,75,75,75,75,75,75,75,75,75,75,75,75,75,75,75,75,75,75,75,75,75,75,75,75,75,75],"card_choices":[{"not_picked":["Apotheosis","expansioncontent:StudyTheSpire"],"picked":"Reforge","floor":0},{"not_picked":["theMarked:BanishingStrike+1","theMarked:Frustration+1"],"picked":"theMarked:ContemptForTheProud+1","floor":1},{"not_picked":["theMarked:Frustration+1","theMarked:Generate+1"],"picked":"theMarked:Parkour+1","floor":2},{"not_picked":["theMarked:Parkour+1","theMarked:Static+1"],"picked":"theMarked:Aftermath+1","floor":3},{"not_picked":["theMarked:SwordAndMagic+1","theMarked:Electrocute+1"],"picked":"theMarked:ChainLightning+1","floor":6},{"not_picked":["theMarked:Seal+1","theMarked:RepellingDischarge+1","theMarked:ElectricStrings+1"],"picked":"SKIP","floor":7},{"not_picked":["theMarked:Vacuum+1","theMarked:EmpowerWeapon+1","theMarked:Static+1"],"picked":"SKIP","floor":8},{"not_picked":["theMarked:TwofoldDefense+1","theMarked:Static+1","theMarked:Vacuum+1"],"picked":"SKIP","floor":10},{"not_picked":["theMarked:ReduceFriction+1","theMarked:Frustration+1"],"picked":"theMarked:StartUp+1","floor":11},{"not_picked":["theMarked:Improvise+1","theMarked:Overcharge+1"],"picked":"theMarked:ResourceFulStrike+1","floor":12},{"not_picked":["theMarked:WastefulAttack+1","theMarked:Frustration+1","theMarked:ElementalBlade+1"],"picked":"SKIP","floor":13},{"not_picked":["theMarked:BanishingWave+1","theMarked:BanishingStrike+1","theMarked:Overcharge+1"],"picked":"SKIP","floor":14},{"not_picked":["theMarked:EternalStudent+1","theMarked:BindingBlade+1"],"picked":"theMarked:UnarmedFury+1","floor":16},{"not_picked":["theMarked:BanishingStrike+1","theMarked:ParalyzingBlade+1"],"picked":"theMarked:MaelstromOfLightning+1","floor":18},{"not_picked":["theMarked:LightningStrikesTwice+1","theMarked:WardOff+1","theMarked:WastefulAttack+1"],"picked":"SKIP","floor":19},{"not_picked":["theMarked:ChainLightning+1","theMarked:WardOff+1"],"picked":"theMarked:Polarize+1","floor":22},{"not_picked":["theMarked:SoldierForm+1","theMarked:ThrowWeapon","theMarked:BindingBlade"],"picked":"SKIP","floor":23},{"not_picked":["theMarked:Seal+1","theMarked:Overcharge+1","theMarked:SuspiciousRaven+1"],"picked":"SKIP","floor":23},{"not_picked":["theMarked:Parkour+1","theMarked:Convert+1","theMarked:MaelstromOfLightning+1"],"picked":"SKIP","floor":24},{"not_picked":["theMarked:Indomitable+1","theMarked:EmpowerWeapon+1","theMarked:Aftermath+1"],"picked":"SKIP","floor":25},{"not_picked":["theMarked:Defy","theMarked:Snap"],"picked":"theMarked:TakeOffHeels","floor":27},{"not_picked":["theMarked:WardOff+1","theMarked:Parkour+1","theMarked:Aftermath+1"],"picked":"SKIP","floor":27},{"not_picked":["theMarked:ElectricStrings+1","theMarked:ReduceFriction+1","theMarked:SwordAndMagic+1"],"picked":"SKIP","floor":29},{"not_picked":["theMarked:Levitate+1","theMarked:DispelDoubt+1"],"picked":"theMarked:MagicAdept+1","floor":33},{"not_picked":["theMarked:BanishingStrike+1","theMarked:Frustration+1","theMarked:ChainLightning+1"],"picked":"SKIP","floor":35},{"not_picked":["theMarked:WardOff+1","theMarked:RepellingDischarge+1","theMarked:Aftermath+1"],"picked":"SKIP","floor":36},{"not_picked":["theMarked:Convert+1","theMarked:Improvise+1"],"picked":"theMarked:AttractMetal+1","floor":38},{"not_picked":["theMarked:Vacuum","theMarked:TurnInvisible"],"picked":"theMarked:Levitate","floor":41},{"not_picked":["theMarked:ResourceFulStrike+1","theMarked:Reabsorb+1","theMarked:Frustration+1"],"picked":"SKIP","floor":41},{"not_picked":["theMarked:Overcharge+1","theMarked:SwordAndMagic+1"],"picked":"theMarked:AttractMetal+1","floor":42},{"not_picked":["theMarked:RepellingDischarge+1","theMarked:Seal+1","theMarked:Indomitable+1"],"picked":"SKIP","floor":46},{"not_picked":["theMarked:UnarmedFury","theMarked:MagicAdept","theMarked:TurnInvisible"],"picked":"SKIP","floor":47},{"not_picked":["theMarked:DeterminationOfTheMarked+1","theMarked:WastefulDefense+1","theMarked:ChainLightning+1"],"picked":"SKIP","floor":47},{"not_picked":["theMarked:ChannelForce","theMarked:Snap","theMarked:DispelDoubt"],"picked":"SKIP","floor":54},{"not_picked":["theMarked:Frustration+1","theMarked:WardOff+1","theMarked:WastefulAttack+1"],"picked":"SKIP","floor":54}],"player_experience":2703728,"relics_obtained":[{"floor":6,"key":"hubris:SphereOfDissonance"},{"floor":10,"key":"ReplayFunnel"},{"floor":14,"key":"Art of War"},{"floor":23,"key":"FossilizedHelix"},{"floor":23,"key":"Frozen Egg 2"},{"floor":26,"key":"Regal Pillow"},{"floor":27,"key":"construct:BoolHorns"},{"floor":41,"key":"jedi:firstaidkit"},{"floor":41,"key":"hubris:DuctTape"},{"floor":43,"key":"Replay:Accelerometer"},{"floor":47,"key":"trackpad:PetRock"},{"floor":47,"key":"conspire:BottledYoYo"},{"floor":48,"key":"StuffTheSpire:RubySignet"},{"floor":54,"key":"StuffTheSpire:NeowsTribute"},{"floor":54,"key":"trackpad:DisasterInABottle"}],"event_choices":[{"damage_healed":0,"gold_gain":0,"player_choice":"Simplicity","damage_taken":0,"max_hp_gain":0,"max_hp_loss":9,"event_name":"betterThird:BetterWriting","floor":0,"gold_loss":0},{"damage_healed":0,"gold_gain":0,"player_choice":"Ignored","damage_taken":0,"max_hp_gain":0,"max_hp_loss":0,"event_name":"Menagerie:SpiderNest","floor":4,"gold_loss":0},{"damage_healed":4,"gold_gain":0,"player_choice":"LEAVE ","damage_taken":0,"relics_obtained":[],"max_hp_gain":0,"max_hp_loss":0,"event_name":"betterSkull:BetterSkull","floor":21,"gold_loss":0,"cards_upgraded":[]},{"damage_healed":0,"gold_gain":0,"player_choice":"Sacrifice","damage_taken":17,"max_hp_gain":5,"max_hp_loss":0,"event_name":"Elementarium:RadiantAltar","floor":28,"gold_loss":0},{"damage_healed":0,"gold_gain":0,"player_choice":"Ignored","damage_taken":0,"max_hp_gain":0,"max_hp_loss":0,"event_name":"Elementarium:FountainOfGold","floor":31,"gold_loss":0},{"damage_healed":0,"gold_gain":3,"player_choice":"2","damage_taken":0,"max_hp_gain":0,"max_hp_loss":15,"event_name":"betterStone:BetterStone","floor":37,"gold_loss":0}],"is_beta":false,"boss_relics":[{"not_picked":["StuffTheSpire:RunicHypercube","conspire:RoyalGoblet"],"picked":"Black Star"},{"not_picked":["halation:LoveArrow","Philosopher\u0027s Stone"],"picked":"hubris:ScarierMask"}],"items_purged_floors":[20,20,53],"is_endless":false,"potions_floor_spawned":[2,6,12,13,14,16,22,24,25,27,35,36,38,41,54],"ascension_level":3}}