{"host":"dowi7cgbhepuzvpj","time":1610336576,"event":{"mods":["AchievementEnabler","BaseMod","Colored Map","Highlight Path","Keyboard Shortcuts","Minty Spire (QoL Compilation)","Permanent Neow","Quick Restart","StSLib","SuperFastMode"],"gold_per_floor":[114,39,39,39,56,56,56,56,56,73,73,73,85,119,119,217,217,217,217,64,64,64,64,64,64,64,64,64,64,64,64,64,64,64,64,64,64,64,64,64,64,64,64,64,64,64,64,64,64,64],"floor_reached":51,"playtime":2639,"items_purged":["Strike_B","Strike_B"],"score":727,"play_id":"f2497f8a-3952-4c34-9543-82ddb19c4060","local_time":"20210111124256","is_ascension_mode":false,"campfire_choices":[{"data":"Coolheaded","floor":6.0,"key":"SMITH"},{"data":"Strike_B","floor":8.0,"key":"SMITH"},{"data":"Chill","floor":15.0,"key":"SMITH"},{"data":"Rainbow","floor":23.0,"key":"SMITH"},{"data":"Hologram","floor":25.0,"key":"SMITH"},{"data":"Hologram","floor":28.0,"key":"SMITH"},{"data":"Doom and Gloom","floor":32.0,"key":"SMITH"},{"data":"Loop","floor":40,"key":"SMITH"},{"floor":49,"key":"REST"}],"circlet_count":0,"master_deck":["Strike_B+1","Strike_B+1","Defend_B+1","Defend_B+1","Defend_B+1","Defend_B","Zap","Dualcast","Coolheaded+1","Chill+1","Rainbow+1","Hologram+1","Hologram+1","Scrape+1","Fusion","Doom and Gloom+1","Electrodynamics","Hologram","Loop+1","All For One","Melter+1","Meteor Strike","White Noise","Sweeping Beam"],"relics":["Snecko Eye","Matryoshka","War Paint","Ectoplasm","Symbiotic Virus","Whetstone","Ornamental Fan","Bag of Preparation","Sundial","Runic Pyramid","Turnip","Akabeko"],"acts_visited":["Exordium","TheCity","TheBeyond"],"potions_floor_usage":[33,45,47,47,50],"damage_taken":[{"damage":3.0,"enemies":"2 Louse","floor":1.0,"turns":2.0},{"damage":0.0,"enemies":"Small Slimes","floor":5.0,"turns":3.0},{"damage":0.0,"enemies":"Cultist","floor":10.0,"turns":5.0},{"damage":18.0,"enemies":"Lots of Slimes","floor":13.0,"turns":4.0},{"damage":18.0,"enemies":"Gremlin Nob","floor":14.0,"turns":5.0},{"damage":13.0,"enemies":"The Guardian","floor":16.0,"turns":17.0},{"damage":0.0,"enemies":"Shell Parasite","floor":18.0,"turns":5.0},{"damage":0.0,"enemies":"3 Byrds","floor":19.0,"turns":6.0},{"damage":0.0,"enemies":"Snake Plant","floor":21.0,"turns":5.0},{"damage":0.0,"enemies":"Cultist and Chosen","floor":22.0,"turns":5.0},{"damage":0.0,"enemies":"Gremlin Leader","floor":24.0,"turns":7.0},{"damage":0.0,"enemies":"Shelled Parasite and Fungi","floor":30.0,"turns":4.0},{"damage":1.0,"enemies":"Chosen and Byrds","floor":31.0,"turns":5.0},{"damage":33,"enemies":"Automaton","floor":33,"turns":9},{"damage":0,"enemies":"3 Darklings","floor":35,"turns":2},{"damage":4,"enemies":"3 Shapes","floor":37,"turns":6},{"damage":37,"enemies":"Maw","floor":38,"turns":10},{"damage":17,"enemies":"3 Darklings","floor":39,"turns":3},{"damage":0,"enemies":"Jaw Worm Horde","floor":41,"turns":5},{"damage":16,"enemies":"Transient","floor":42,"turns":5},{"damage":0,"enemies":"Sphere and 2 Shapes","floor":44,"turns":3},{"damage":19,"enemies":"3 Darklings","floor":45,"turns":5},{"damage":0,"enemies":"Jaw Worm Horde","floor":46,"turns":2},{"damage":0,"enemies":"Maw","floor":47,"turns":6},{"damage":0,"enemies":"3 Darklings","floor":48,"turns":2},{"damage":13,"enemies":"Awakened One","floor":50,"turns":13}],"seed_played":"-2415678219647293383","potions_obtained":[{"floor":5.0,"key":"SneckoOil"},{"floor":10.0,"key":"SkillPotion"},{"floor":16.0,"key":"LiquidMemories"},{"floor":18.0,"key":"SkillPotion"},{"floor":22.0,"key":"Explosive Potion"},{"floor":24.0,"key":"PotionOfCapacity"},{"floor":30.0,"key":"Ancient Potion"},{"floor":35,"key":"FairyPotion"},{"floor":37,"key":"FocusPotion"},{"floor":42,"key":"PowerPotion"},{"floor":46,"key":"SkillPotion"},{"floor":47,"key":"Dexterity Potion"}],"is_trial":false,"path_per_floor":["M","$","?","?","M","R","?","R","T","M","$","?","M","E","R","B",null,"M","M","$","M","M","R","E","R","T","T","R","$","M","M","R","B",null,"M","?","M","M","M","R","M","M","T","M","M","M","M","M","R","B",null],"character_chosen":"DEFECT","items_purchased":["Hologram"],"campfire_rested":1,"item_purchase_floors":[20],"current_hp_per_floor":[72,72,72,57,57,57,57,57,57,57,57,57,39,21,21,8,75,75,75,75,75,75,75,75,75,75,75,75,75,75,74,74,41,75,75,75,71,34,17,17,17,1,1,1,5,5,5,5,27,14],"gold":64,"neow_bonus":"BOSS_RELIC","is_daily":false,"chose_seed":false,"campfire_upgraded":8,"win_rate":0.0,"timestamp":1610336576,"path_taken":["M","$","?","?","M","R","?","R","T","M","$","?","M","E","R","BOSS","M","M","$","M","M","R","E","R","T","?","R","$","?","M","R","BOSS","M","?","M","M","M","R","M","M","T","M","M","M","?","M","R","BOSS"],"items_purchased_type":["Card"],"build_version":"2020-12-22","purchased_purges":2,"victory":true,"max_hp_per_floor":[75,75,75,75,75,75,75,75,75,75,75,75,75,75,75,75,75,75,75,75,75,75,75,75,75,75,75,75,75,75,75,75,75,75,75,75,75,75,75,75,75,75,75,75,75,75,75,75,75,75],"card_choices":[{"not_picked":["Rebound","Sweeping Beam","Chaos"],"picked":"SKIP","floor":1.0},{"not_picked":["Ball Lightning","Aggregate"],"picked":"Coolheaded","floor":5.0},{"not_picked":["Steam","Chaos","Reinforced Body"],"picked":"SKIP","floor":10.0},{"not_picked":["Storm","Reinforced Body","Cold Snap"],"picked":"SKIP","floor":13.0},{"not_picked":["Go for the Eyes","Darkness"],"picked":"Chill","floor":14.0},{"not_picked":["Amplify","Biased Cognition"],"picked":"Rainbow","floor":16.0},{"not_picked":["Beam Cell","Redo","Ball Lightning"],"picked":"SKIP","floor":18.0},{"not_picked":["Heatsinks+1","Skim"],"picked":"Hologram","floor":19.0},{"not_picked":["Beam Cell","Go for the Eyes+1"],"picked":"Scrape","floor":21.0},{"not_picked":["Darkness+1","Redo","Conserve Battery"],"picked":"SKIP","floor":22.0},{"not_picked":["Darkness+1","Gash+1"],"picked":"Fusion","floor":24.0},{"not_picked":["Barrage","Leap+1","Redo"],"picked":"SKIP","floor":30.0},{"not_picked":["Stack+1","Undo"],"picked":"Doom and Gloom","floor":31.0},{"not_picked":["Hyperbeam","Core Surge"],"picked":"Electrodynamics","floor":33},{"not_picked":["Recycle","Beam Cell"],"picked":"Hologram","floor":35},{"not_picked":["Coolheaded+1","Self Repair"],"picked":"Loop","floor":37},{"not_picked":["Storm+1","Beam Cell+1","Sweeping Beam+1"],"picked":"SKIP","floor":38},{"not_picked":["Conserve Battery","Go for the Eyes"],"picked":"All For One","floor":39},{"not_picked":["Go for the Eyes","Turbo+1"],"picked":"Melter+1","floor":41},{"not_picked":["Redo+1","Compile Driver","Conserve Battery+1"],"picked":"SKIP","floor":42},{"not_picked":["Hello World","Sweeping Beam","Loop"],"picked":"SKIP","floor":44},{"not_picked":["Capacitor","Streamline","Go for the Eyes+1"],"picked":"SKIP","floor":45},{"not_picked":["Loop","Streamline"],"picked":"Meteor Strike","floor":46},{"not_picked":["Loop","Turbo+1"],"picked":"White Noise","floor":47},{"not_picked":["Cold Snap","Force Field+1"],"picked":"Sweeping Beam","floor":48}],"player_experience":800949,"relics_obtained":[{"floor":9.0,"key":"Matryoshka"},{"floor":14.0,"key":"War Paint"},{"floor":24.0,"key":"Symbiotic Virus"},{"floor":26.0,"key":"Whetstone"},{"floor":26.0,"key":"Ornamental Fan"},{"floor":27.0,"key":"Bag of Preparation"},{"floor":27.0,"key":"Sundial"},{"floor":43,"key":"Akabeko"}],"event_choices":[{"damage_healed":0.0,"max_hp_gain":0.0,"max_hp_loss":0.0,"gold_gain":0.0,"event_name":"The Cleric","player_choice":"Leave","floor":3.0,"gold_loss":0.0,"damage_taken":0.0},{"damage_healed":0.0,"max_hp_gain":0.0,"max_hp_loss":0.0,"gold_gain":0.0,"event_name":"Shining Light","player_choice":"Entered Light","floor":4.0,"gold_loss":0.0,"damage_taken":15.0,"cards_upgraded":["Defend_B","Strike_B"]},{"damage_healed":0.0,"max_hp_gain":0.0,"max_hp_loss":0.0,"gold_gain":0.0,"event_name":"Golden Idol","player_choice":"Ignored","floor":7.0,"gold_loss":0.0,"damage_taken":0.0},{"damage_healed":0.0,"max_hp_gain":0.0,"max_hp_loss":0.0,"gold_gain":0.0,"event_name":"Match and Keep!","player_choice":"0 cards matched","floor":12.0,"gold_loss":0.0,"damage_taken":0.0,"cards_obtained":[]},{"damage_healed":0,"gold_gain":0,"player_choice":"Gave Potion","damage_taken":0,"relics_obtained":["Turnip"],"max_hp_gain":0,"max_hp_loss":0,"event_name":"WeMeetAgain","floor":36,"gold_loss":0}],"is_beta":false,"boss_relics":[{"not_picked":["Velvet Choker","Coffee Dripper"],"picked":"Ectoplasm"},{"not_picked":["Runic Dome","Busted Crown"],"picked":"Runic Pyramid"}],"items_purged_floors":[2,20],"is_endless":false,"potions_floor_spawned":[5,10,16,18,22,24,30,35,37,42,46,47],"ascension_level":0}}