{"host":"49c2zf0lajbcs427","time":1610358226,"event":{"mods":["AchievementEnabler","BaseMod","Colored Map","Colored Powertips","Highlight Path","Key Reminder","Minty Spire (QoL Compilation)","Relic Stats","StSLib"],"gold_per_floor":[117,135,135,146,146,146,174,174,174,194,224,234,251,270,270,346,346,357,387,399,254,272,272,300,300,300,300,73,84,84,98,98,175,175,187,187,204,204,222,222,247,247,271,26,59,84,117,127,127,127,127,127,28,58,58],"floor_reached":56,"playtime":3644,"items_purged":["Strike_G"],"score":1953,"play_id":"38c3799a-aa58-4bac-823a-415f8d646ee5","local_time":"20210111224346","is_ascension_mode":true,"campfire_choices":[{"data":"Skewer","floor":6.0,"key":"SMITH"},{"data":"Skewer","floor":8.0,"key":"SMITH"},{"floor":15.0,"key":"REST"},{"data":"Catalyst","floor":23.0,"key":"SMITH"},{"floor":25.0,"key":"REST"},{"data":"Well Laid Plans","floor":27.0,"key":"SMITH"},{"floor":32.0,"key":"REST"},{"data":"Well Laid Plans","floor":40.0,"key":"SMITH"},{"floor":42.0,"key":"REST"},{"floor":49.0,"key":"RECALL"},{"data":"Catalyst","floor":52.0,"key":"SMITH"}],"circlet_count":0,"master_deck":["AscendersBane","Survivor","Neutralize","Skewer+1","Cloak And Dagger","Deadly Poison","Corpse Explosion","Noxious Fumes","Catalyst+1","Bullet Time","Well Laid Plans+1","Leg Sweep","Night Terror","Deadly Poison","Crippling Poison","Well Laid Plans+1","Deflect","Infinite Blades","A Thousand Cuts","Corpse Explosion","Adrenaline","Caltrops+1","Dodge and Roll","Apotheosis","Catalyst+1","Night Terror"],"relics":["Philosopher\u0027s Stone","GremlinMask","Calipers","Singing Bowl","Ancient Tea Set","Snecko Eye","Red Mask","Incense Burner","Bottled Tornado","PreservedInsect","Pandora\u0027s Box","Pen Nib","Centennial Puzzle","Bird Faced Urn","Potion Belt","Bottled Lightning"],"acts_visited":["Exordium","TheCity","TheBeyond","TheEnding"],"potions_floor_usage":[55,55],"damage_taken":[{"damage":0.0,"enemies":"2 Louse","floor":1.0,"turns":3.0},{"damage":0.0,"enemies":"Cultist","floor":2.0,"turns":3.0},{"damage":0.0,"enemies":"Jaw Worm","floor":4.0,"turns":3.0},{"damage":15.0,"enemies":"3 Sentries","floor":7.0,"turns":7.0},{"damage":0.0,"enemies":"2 Fungi Beasts","floor":10.0,"turns":3.0},{"damage":16.0,"enemies":"Lagavulin","floor":11.0,"turns":4.0},{"damage":1.0,"enemies":"Blue Slaver","floor":12.0,"turns":4.0},{"damage":12.0,"enemies":"3 Louse","floor":13.0,"turns":3.0},{"damage":7.0,"enemies":"Looter","floor":14.0,"turns":3.0},{"damage":32.0,"enemies":"Slime Boss","floor":16.0,"turns":10.0},{"damage":2.0,"enemies":"Chosen","floor":18.0,"turns":4.0},{"damage":1.0,"enemies":"Masked Bandits","floor":19.0,"turns":2.0},{"damage":7.0,"enemies":"2 Thieves","floor":20.0,"turns":3.0},{"damage":1.0,"enemies":"Cultist and Chosen","floor":22.0,"turns":4.0},{"damage":38.0,"enemies":"Book of Stabbing","floor":24.0,"turns":5.0},{"damage":18.0,"enemies":"Sentry and Sphere","floor":29.0,"turns":4.0},{"damage":3.0,"enemies":"Centurion and Healer","floor":31.0,"turns":3.0},{"damage":11.0,"enemies":"Champ","floor":33.0,"turns":10.0},{"damage":0.0,"enemies":"3 Shapes","floor":35.0,"turns":1.0},{"damage":8.0,"enemies":"Orb Walker","floor":37.0,"turns":3.0},{"damage":1.0,"enemies":"Maw","floor":39.0,"turns":4.0},{"damage":41.0,"enemies":"Nemesis","floor":41.0,"turns":5.0},{"damage":0.0,"enemies":"Giant Head","floor":45.0,"turns":4.0},{"damage":0.0,"enemies":"Mind Bloom Boss Battle","floor":46.0,"turns":3.0},{"damage":0.0,"enemies":"Nemesis","floor":47.0,"turns":3.0},{"damage":0.0,"enemies":"Spire Growth","floor":48.0,"turns":3.0},{"damage":15.0,"enemies":"Awakened One","floor":50.0,"turns":4.0},{"damage":19.0,"enemies":"Shield and Spear","floor":54.0,"turns":3.0},{"damage":85,"enemies":"The Heart","floor":55,"turns":8}],"seed_played":"2371149491094632429","potions_obtained":[{"floor":1.0,"key":"CunningPotion"},{"floor":2.0,"key":"FearPotion"},{"floor":12.0,"key":"Poison Potion"},{"floor":19.0,"key":"Poison Potion"},{"floor":20.0,"key":"SteroidPotion"},{"floor":24.0,"key":"LiquidBronze"},{"floor":30.0,"key":"ColorlessPotion"},{"floor":39.0,"key":"Fire Potion"},{"floor":45.0,"key":"ColorlessPotion"},{"floor":47.0,"key":"Ancient Potion"},{"floor":48.0,"key":"CunningPotion"},{"floor":54.0,"key":"SteroidPotion"}],"is_trial":false,"path_per_floor":["M","M","?","M","?","R","E","R","T","M","E","M","M","M","R","B",null,"M","?","M","$","M","R","E","R","T","R","$","M","?","M","R","B",null,"M","?","M","?","M","R","E","R","T","$","E","?","E","M","R","B",null,"R","$","E","B",null],"character_chosen":"THE_SILENT","items_purchased":["Catalyst","PreservedInsect","Leg Sweep","Dodge and Roll","Apotheosis","PowerPotion","SkillPotion"],"campfire_rested":4,"item_purchase_floors":[21,28,28,44,44,53,53],"current_hp_per_floor":[63,63,63,63,63,63,48,48,48,50,36,37,27,22,46,14,64,62,63,58,58,57,57,19,44,44,44,44,28,28,27,53,42,77,79,79,73,73,72,72,33,59,59,59,59,61,67,79,79,68,87,87,87,74,9],"gold":58,"neow_bonus":"BOSS_RELIC","is_daily":false,"chose_seed":false,"campfire_upgraded":6,"win_rate":0.0,"timestamp":1610358226,"path_taken":["M","M","?","?","?","R","E","R","T","M","E","M","?","M","R","BOSS","M","?","M","$","M","R","E","R","T","R","$","M","?","?","R","BOSS","M","?","M","?","M","R","E","R","T","?","E","?","E","M","R","BOSS","R","$","E","BOSS"],"items_purchased_type":["Card","Relic","Card","Card","Card","Potion","Potion"],"build_version":"2020-12-22","purchased_purges":1,"victory":true,"max_hp_per_floor":[70,70,70,70,70,70,70,70,70,72,74,76,78,80,80,80,80,80,82,84,84,84,84,84,84,84,84,84,86,86,88,88,88,88,90,85,87,87,87,87,89,89,89,89,89,91,91,93,93,93,93,93,93,95,95],"relic_stats":{"Centennial Puzzle":[6],"Singing Bowl":30,"counters":[29,119],"Bird Faced Urn":[44],"Snecko Eye":[127,109,104,122],"Pandora\u0027s Box":["Deadly Poison","Crippling Poison","Well Laid Plans","Deflect","Infinite Blades","A Thousand Cuts","Corpse Explosion","Adrenaline"],"PreservedInsect":307,"Pen Nib":[2],"obtain_stats":[{"Potion Belt":47,"Calipers":7,"Singing Bowl":9,"GremlinMask":3,"PreservedInsect":28,"Pen Nib":41,"Incense Burner":24,"Bottled Tornado":26,"Ancient Tea Set":11,"keyreminder:keyreminder":43,"Centennial Puzzle":45,"Bird Faced Urn":46,"Snecko Eye":17,"Philosopher\u0027s Stone":0,"Pandora\u0027s Box":34,"Red Mask":19,"Bottled Lightning":54,"Ring of the Snake":0},{"Potion Belt":25,"Calipers":4,"Singing Bowl":4,"GremlinMask":2,"PreservedInsect":15,"Pen Nib":22,"Incense Burner":15,"Bottled Tornado":15,"Ancient Tea Set":6,"keyreminder:keyreminder":22,"Centennial Puzzle":23,"Bird Faced Urn":24,"Snecko Eye":10,"Philosopher\u0027s Stone":0,"Pandora\u0027s Box":18,"Red Mask":12,"Bottled Lightning":28,"Ring of the Snake":0},{"Potion Belt":101,"Calipers":16,"Singing Bowl":16,"GremlinMask":6,"PreservedInsect":61,"Pen Nib":91,"Incense Burner":61,"Bottled Tornado":61,"Ancient Tea Set":23,"keyreminder:keyreminder":91,"Centennial Puzzle":95,"Bird Faced Urn":98,"Snecko Eye":43,"Philosopher\u0027s Stone":0,"Pandora\u0027s Box":78,"Red Mask":49,"Bottled Lightning":111,"Ring of the Snake":0}]},"card_choices":[{"not_picked":["Distraction","Sucker Punch"],"picked":"Skewer","floor":1.0},{"not_picked":["Slice","Concentrate"],"picked":"Cloak And Dagger","floor":2.0},{"not_picked":["Infinite Blades","Cloak And Dagger"],"picked":"Deadly Poison","floor":4.0},{"not_picked":["Outmaneuver","Blur"],"picked":"Skewer","floor":7.0},{"not_picked":["Backflip","Heel Hook","Skewer"],"picked":"Singing Bowl","floor":10.0},{"not_picked":["Finisher","Flechettes","Dodge and Roll"],"picked":"Singing Bowl","floor":11.0},{"not_picked":["Heel Hook","Dagger Throw","Infinite Blades"],"picked":"Singing Bowl","floor":12.0},{"not_picked":["Slice","Finisher","Calculated Gamble"],"picked":"Singing Bowl","floor":13.0},{"not_picked":["Backflip","A Thousand Cuts","Expertise"],"picked":"Singing Bowl","floor":14.0},{"not_picked":["Unload","Envenom"],"picked":"Corpse Explosion","floor":16.0},{"not_picked":["Flying Knee","Dagger Throw+1"],"picked":"Noxious Fumes","floor":18.0},{"not_picked":["Flying Knee","Dagger Spray","All Out Attack"],"picked":"Singing Bowl","floor":19.0},{"not_picked":["Flying Knee","Deadly Poison","Blade Dance"],"picked":"Singing Bowl","floor":20.0},{"not_picked":["Blade Dance","Underhanded Strike"],"picked":"Bullet Time","floor":22.0},{"not_picked":["Setup","Riddle With Holes+1"],"picked":"Well Laid Plans","floor":24.0},{"not_picked":["Prepared","Flying Knee","Dagger Throw"],"picked":"Singing Bowl","floor":29.0},{"not_picked":["Dagger Throw","Tactician","Poisoned Stab"],"picked":"Singing Bowl","floor":31.0},{"not_picked":["After Image","Tools of the Trade"],"picked":"Night Terror","floor":33.0},{"not_picked":["Dagger Throw","Distraction","Well Laid Plans+1"],"picked":"Singing Bowl","floor":35.0},{"not_picked":["Cloak And Dagger","Masterful Stab+1","Blade Dance+1"],"picked":"Singing Bowl","floor":37.0},{"not_picked":["Setup","Deflect"],"picked":"Caltrops+1","floor":39.0},{"not_picked":["PiercingWail","Caltrops","Finisher"],"picked":"Singing Bowl","floor":41.0},{"not_picked":["Envenom","Dagger Spray"],"picked":"Catalyst","floor":45.0},{"not_picked":["Bane","Sucker Punch","Quick Slash"],"picked":"Singing Bowl","floor":46.0},{"not_picked":["Heel Hook","Noxious Fumes"],"picked":"Night Terror","floor":47.0},{"not_picked":["Finisher+1","Setup+1","Poisoned Stab+1"],"picked":"Singing Bowl","floor":48.0},{"not_picked":["Flying Knee+1","Acrobatics","Distraction+1"],"picked":"Singing Bowl","floor":54.0}],"player_experience":2297183,"relics_obtained":[{"floor":7.0,"key":"Calipers"},{"floor":9.0,"key":"Singing Bowl"},{"floor":11.0,"key":"Ancient Tea Set"},{"floor":19.0,"key":"Red Mask"},{"floor":24.0,"key":"Incense Burner"},{"floor":26.0,"key":"Bottled Tornado"},{"floor":41.0,"key":"Pen Nib"},{"floor":45.0,"key":"Centennial Puzzle"},{"floor":46.0,"key":"Bird Faced Urn"},{"floor":47.0,"key":"Potion Belt"},{"floor":54.0,"key":"Bottled Lightning"}],"event_choices":[{"damage_healed":0.0,"max_hp_gain":0.0,"max_hp_loss":0.0,"gold_gain":0.0,"event_name":"FaceTrader","player_choice":"Trade","floor":3.0,"gold_loss":0.0,"damage_taken":0.0,"relics_obtained":["GremlinMask"]},{"cards_removed":["Defend_G"],"damage_healed":0.0,"max_hp_gain":0.0,"max_hp_loss":0.0,"gold_gain":0.0,"event_name":"Bonfire Elementals","player_choice":"Offered Basic","floor":5.0,"gold_loss":0.0,"damage_taken":0.0},{"damage_healed":0.0,"max_hp_gain":0.0,"max_hp_loss":0.0,"gold_gain":0.0,"event_name":"Masked Bandits","player_choice":"Fought Bandits","floor":19.0,"gold_loss":0.0,"damage_taken":0.0},{"damage_healed":0.0,"max_hp_gain":0.0,"max_hp_loss":0.0,"gold_gain":0.0,"event_name":"Lab","player_choice":"Got Potions","floor":30.0,"gold_loss":0.0,"damage_taken":0.0},{"damage_healed":0.0,"max_hp_gain":0.0,"max_hp_loss":5.0,"gold_gain":0.0,"event_name":"Winding Halls","player_choice":"Max HP","floor":36.0,"gold_loss":0.0,"damage_taken":0.0},{"cards_removed":["Skewer"],"damage_healed":0.0,"max_hp_gain":0.0,"max_hp_loss":0.0,"gold_gain":0.0,"event_name":"Falling","player_choice":"Removed Attack","floor":38.0,"gold_loss":0.0,"damage_taken":0.0},{"damage_healed":0.0,"max_hp_gain":0.0,"max_hp_loss":0.0,"gold_gain":0.0,"event_name":"MindBloom","player_choice":"Fight","floor":46.0,"gold_loss":0.0,"damage_taken":0.0}],"is_beta":false,"boss_relics":[{"not_picked":["Busted Crown","Calling Bell"],"picked":"Snecko Eye"},{"not_picked":["Cursed Key","Black Star"],"picked":"Pandora\u0027s Box"}],"items_purged_floors":[21],"is_endless":false,"potions_floor_spawned":[1,2,4,12,19,20,24,39,45,46,47,48,54],"ascension_level":13}}