{"host":"obplhmlw33xb91v8","time":1610350743,"event":{"mods":["BaseMod","Block Reminder","Curses Come First","Evolution","Minty Spire (QoL Compilation)","Quick Restart","Relic Stats","Spicy Shops","StSLib","Uncapped","Waifu the Spire","slay the spire mod where everything is the same but ironclad has a cowboy hat"],"gold_per_floor":[115,115,18,18,28,60,73,108,108,122,148,148,168,8,8,107,107,119,119,8,23,41,41,54,54,54],"floor_reached":25,"playtime":1140,"items_purged":["Strike_G"],"score":285,"play_id":"35dd60fe-bd81-4ebd-89c9-c37af890b713","local_time":"20210111023903","is_ascension_mode":true,"campfire_choices":[{"floor":12,"key":"REST"},{"floor":15,"key":"REST"},{"floor":23,"key":"REST"}],"circlet_count":0,"master_deck":["Strike_G","Strike_G","Strike_G","Defend_G","Defend_G","Defend_G","Defend_G","Defend_G","Survivor","Neutralize","Predator","Blur","Sucker Punch","Masterful Stab","Expertise","Flying Knee","Caltrops","Outmaneuver","Blade Dance","Poisoned Stab","Envenom","Backstab+1","Caltrops","Ball Lightning","Headbutt","Acrobatics"],"relics":["Ring of the Snake","EVO:Axolotl","NeowsBlessing","Pen Nib","Tough Bandages","Peace Pipe","Letter Opener","Potion Belt","Membership Card","SacredBark","Calipers","PrismaticShard"],"acts_visited":["Exordium","TheCity"],"potions_floor_usage":[8,16,16,21,22,25],"damage_taken":[{"damage":0,"enemies":"Jaw Worm","floor":1,"turns":1},{"damage":0,"enemies":"2 Louse","floor":5,"turns":1},{"damage":0,"enemies":"Gremlin Nob","floor":6,"turns":1},{"damage":0,"enemies":"Cultist","floor":7,"turns":2},{"damage":35,"enemies":"Lagavulin","floor":8,"turns":9},{"damage":11,"enemies":"Looter","floor":10,"turns":3},{"damage":10,"enemies":"Gremlin Nob","floor":11,"turns":4},{"damage":0,"enemies":"Red Slaver","floor":13,"turns":2},{"damage":44,"enemies":"Hexaghost","floor":16,"turns":10},{"damage":36,"enemies":"Spheric Guardian","floor":18,"turns":5},{"damage":2,"enemies":"Chosen","floor":21,"turns":4},{"damage":9,"enemies":"Snake Plant","floor":22,"turns":4},{"damage":42,"enemies":"Sentry and Sphere","floor":24,"turns":6},{"damage":2,"enemies":"Centurion and Healer","floor":25,"turns":5}],"seed_played":"7004748105861215305","potions_obtained":[{"floor":5,"key":"Regen Potion"},{"floor":8,"key":"EssenceOfSteel"},{"floor":11,"key":"BlessingOfTheForge"},{"floor":16,"key":"CunningPotion"},{"floor":21,"key":"SkillPotion"},{"floor":24,"key":"Block Potion"}],"is_trial":false,"path_per_floor":["M","?","$","?","M","E","M","E","T","M","E","R","M","$","R","B",null,"M","?","$","M","M","R","M","M"],"character_chosen":"THE_SILENT","items_purchased":["Blur","Sucker Punch","Membership Card","Poisoned Stab","Calipers","PrismaticShard"],"campfire_rested":3,"item_purchase_floors":[3,3,14,14,20,20],"current_hp_per_floor":[70,58,58,58,58,58,58,35,35,24,14,35,35,35,56,12,70,34,34,34,32,23,44,2,0,0],"gold":54,"neow_bonus":"THREE_ENEMY_KILL","is_daily":false,"chose_seed":false,"campfire_upgraded":0,"win_rate":0.0,"timestamp":1610350743,"path_taken":["M","?","$","?","M","E","M","E","T","M","E","R","M","$","R","BOSS","M","?","$","M","M","R","M","?"],"items_purchased_type":["Card","Card","Relic","Card","Relic","Relic"],"build_version":"2020-12-22","purchased_purges":1,"victory":false,"max_hp_per_floor":[70,70,70,70,70,70,70,70,70,70,70,70,70,70,70,70,70,70,70,70,70,70,70,70,70,70],"relic_stats":{"Peace Pipe":0,"Tough Bandages":[30],"counters":[14,57],"Pen Nib":[14],"Letter Opener":[9],"obtain_stats":[{"Peace Pipe":8,"Potion Belt":11,"Tough Bandages":6,"Calipers":20,"NeowsBlessing":0,"SacredBark":17,"Pen Nib":2,"EVO:Axolotl":0,"Letter Opener":9,"Membership Card":14,"PrismaticShard":20,"Ring of the Snake":0},{"Peace Pipe":5,"Potion Belt":7,"Tough Bandages":3,"Calipers":10,"NeowsBlessing":0,"SacredBark":9,"Pen Nib":1,"EVO:Axolotl":0,"Letter Opener":5,"Membership Card":8,"PrismaticShard":10,"Ring of the Snake":0},{"Peace Pipe":14,"Potion Belt":21,"Tough Bandages":3,"Calipers":38,"NeowsBlessing":0,"SacredBark":33,"Pen Nib":1,"EVO:Axolotl":0,"Letter Opener":14,"Membership Card":23,"PrismaticShard":38,"Ring of the Snake":0}],"Ring of the Snake":[28]},"card_choices":[{"not_picked":["Dagger Throw","Prepared"],"picked":"Predator","floor":1},{"not_picked":["Slice","Concentrate","Bane"],"picked":"SKIP","floor":5},{"not_picked":["Wraith Form v2","Concentrate"],"picked":"Expertise","floor":6},{"not_picked":["Catalyst","Deflect"],"picked":"Flying Knee","floor":7},{"not_picked":["Skewer","Masterful Stab"],"picked":"Caltrops","floor":8},{"not_picked":["Dagger Throw","Dagger Spray"],"picked":"Outmaneuver","floor":10},{"not_picked":["Cloak And Dagger","Outmaneuver"],"picked":"Blade Dance","floor":11},{"not_picked":["Distraction","Blade Dance","Bane"],"picked":"SKIP","floor":13},{"not_picked":["Venomology","Tools of the Trade"],"picked":"Envenom","floor":16},{"not_picked":["Underhanded Strike","Acrobatics+1"],"picked":"Backstab+1","floor":18},{"not_picked":["Whirlwind","Wild Strike"],"picked":"Ball Lightning","floor":21},{"not_picked":["Fasting2","Clash+1"],"picked":"Headbutt","floor":22},{"not_picked":["Gash","Perseverance"],"picked":"Acrobatics","floor":24}],"player_experience":151452,"relics_obtained":[{"floor":6,"key":"Tough Bandages"},{"floor":8,"key":"Peace Pipe"},{"floor":9,"key":"Letter Opener"},{"floor":11,"key":"Potion Belt"}],"event_choices":[{"damage_healed":0,"gold_gain":0,"player_choice":"Success","damage_taken":12,"relics_obtained":["Pen Nib"],"max_hp_gain":0,"max_hp_loss":0,"event_name":"Scrap Ooze","floor":2,"gold_loss":0},{"damage_healed":0,"gold_gain":0,"cards_transformed":["Strike_G"],"player_choice":"Change","damage_taken":0,"max_hp_gain":0,"max_hp_loss":0,"event_name":"Living Wall","floor":4,"gold_loss":0,"cards_obtained":["Masterful Stab"]},{"damage_healed":0,"gold_gain":0,"player_choice":"Copied","damage_taken":0,"max_hp_gain":0,"max_hp_loss":0,"event_name":"Duplicator","floor":19,"gold_loss":0,"cards_obtained":["Caltrops"]}],"is_beta":false,"boss_relics":[{"not_picked":["Ring of the Serpent","Black Star"],"picked":"SacredBark"}],"items_purged_floors":[20],"is_endless":false,"potions_floor_spawned":[5,8,11,16,21,24],"killed_by":"Centurion and Healer","ascension_level":3}}