{"host":"5wznv0010959mrmz","time":1610379320,"event":{"mods":["BaseMod","Highlight Path","Minty Spire (QoL Compilation)","Relic Stats"],"gold_per_floor":[118,131,281,281,291,291,316,316,340,340,340],"floor_reached":10,"playtime":314,"items_purged":[],"score":132,"play_id":"85af9cdf-74dc-4056-bf44-09c61cc164b3","local_time":"20210111093520","is_ascension_mode":true,"campfire_choices":[{"data":"Eviscerate","floor":6.0,"key":"SMITH"},{"data":"Eviscerate","floor":8,"key":"SMITH"}],"circlet_count":0,"master_deck":["AscendersBane","Strike_G","Strike_G","Strike_G","Strike_G","Strike_G","Defend_G","Defend_G","Defend_G","Defend_G","Defend_G","Survivor","Neutralize","Eviscerate+1","Dagger Throw","Eviscerate+1","Underhanded Strike"],"relics":["HoveringKite","Toy Ornithopter","Regal Pillow"],"acts_visited":["Exordium"],"potions_floor_usage":[10],"damage_taken":[{"damage":9.0,"enemies":"Small Slimes","floor":1.0,"turns":5.0},{"damage":0.0,"enemies":"2 Louse","floor":2.0,"turns":2.0},{"damage":2.0,"enemies":"Jaw Worm","floor":5.0,"turns":4.0},{"damage":32.0,"enemies":"Gremlin Nob","floor":7.0,"turns":4.0},{"damage":15,"enemies":"3 Sentries","floor":10,"turns":6}],"seed_played":"8038756546590407306","potions_obtained":[{"floor":2.0,"key":"PowerPotion"}],"is_trial":false,"path_per_floor":["M","M","?","?","M","R","E","R","T","E"],"character_chosen":"THE_SILENT","items_purchased":[],"campfire_rested":0,"item_purchase_floors":[],"current_hp_per_floor":[50,50,50,43,41,41,9,9,9,0,0],"gold":340,"neow_bonus":"BOSS_RELIC","is_daily":false,"chose_seed":false,"campfire_upgraded":2,"win_rate":0.0,"timestamp":1610379320,"path_taken":["M","M","?","?","M","R","E","R","T","E"],"items_purchased_type":[],"build_version":"2020-12-22","purchased_purges":0,"victory":false,"max_hp_per_floor":[66,66,66,66,66,66,66,66,66,66,66],"relic_stats":{"Regal Pillow":0,"counters":[5,21],"HoveringKite":[7],"obtain_stats":[{"Regal Pillow":9,"HoveringKite":0,"Toy Ornithopter":7,"Ring of the Snake":0},{"Regal Pillow":4,"HoveringKite":0,"Toy Ornithopter":4,"Ring of the Snake":0},{"Regal Pillow":15,"HoveringKite":0,"Toy Ornithopter":15,"Ring of the Snake":0}],"Toy Ornithopter":5},"card_choices":[{"not_picked":["Poisoned Stab","Slice"],"picked":"Eviscerate","floor":1.0},{"not_picked":["Outmaneuver","Infinite Blades"],"picked":"Dagger Throw","floor":2.0},{"not_picked":["Sucker Punch","Tactician"],"picked":"Eviscerate","floor":5.0},{"not_picked":["Catalyst","Infinite Blades"],"picked":"Underhanded Strike","floor":7}],"player_experience":440627,"relics_obtained":[{"floor":7,"key":"Toy Ornithopter"},{"floor":9,"key":"Regal Pillow"}],"event_choices":[{"damage_healed":0.0,"max_hp_gain":0.0,"max_hp_loss":0.0,"gold_gain":150.0,"event_name":"Liars Game","player_choice":"AGREE","floor":3.0,"gold_loss":0.0,"damage_taken":0.0,"cards_obtained":["Doubt"]},{"cards_removed":["Doubt"],"damage_healed":0.0,"max_hp_gain":0.0,"max_hp_loss":0.0,"gold_gain":0.0,"event_name":"Golden Wing","player_choice":"Card Removal","floor":4.0,"gold_loss":0.0,"damage_taken":7.0}],"is_beta":false,"boss_relics":[],"items_purged_floors":[],"is_endless":false,"potions_floor_spawned":[2],"killed_by":"3 Sentries","ascension_level":20}}