{"host":"8lgo2trwv2o0qyml","time":1610379586,"event":{"mods":["BaseMod","Colored Map","Colored Powertips","DeckTracker","Highlight Path","Hubris","Infinite Spire","Minty Spire (QoL Compilation)","Quick Restart","Random Character Button","Relic Sorter","Replay The Spire","StSLib","SuperFastMode","Synergy Search"],"gold_per_floor":[116,69,88,88,98,98,48,82,107,107,107],"floor_reached":10,"playtime":358,"items_purged":[],"score":66,"play_id":"c152e8d5-e2a2-4d3c-90ed-ff4c979bfa05","local_time":"20210111103946","is_ascension_mode":false,"campfire_choices":[{"data":"Crystallizer","floor":6,"key":"SMITH"}],"circlet_count":0,"master_deck":["Strike_B","Strike_B","Strike_B","Defend_B","Defend_B","Defend_B","Defend_B","Zap","Dualcast","Panacea","Redo","Leap","Crystallizer+1","Sweeping Beam","Amplify"],"relics":["Cracked Core","ReplayFunnel","Replay:Antivirus Software","hubris:BallOfYels"],"acts_visited":["Exordium"],"potions_floor_usage":[10],"damage_taken":[{"damage":1,"enemies":"Jaw Worm","floor":1,"turns":4},{"damage":3,"enemies":"2 Louse","floor":3,"turns":3},{"damage":2,"enemies":"Small Slimes","floor":5,"turns":3},{"damage":29,"enemies":"Gremlin Nob","floor":8,"turns":4},{"damage":45,"enemies":"3 Sentries","floor":10,"turns":4}],"seed_played":"2520066819751078076","potions_obtained":[{"floor":3,"key":"PowerPotion"}],"is_trial":false,"path_per_floor":["M","$","M","?","M","R","?","E","T","E"],"character_chosen":"DEFECT","items_purchased":["Leap"],"campfire_rested":0,"item_purchase_floors":[2],"current_hp_per_floor":[74,74,71,71,69,69,69,40,40,0,0],"gold":107,"neow_bonus":"RANDOM_COLORLESS","is_daily":false,"chose_seed":false,"campfire_upgraded":1,"win_rate":0.0,"timestamp":1610379586,"path_taken":["M","$","M","?","M","R","?","E","T","E"],"items_purchased_type":["Card"],"build_version":"2020-12-22","purchased_purges":0,"victory":false,"max_hp_per_floor":[75,75,75,75,75,75,75,75,75,75,75],"card_choices":[{"not_picked":["Replay:BasicMightCard","Replay:Bootleg Shield Generator"],"picked":"Panacea","floor":0},{"not_picked":["Hologram","Steam"],"picked":"Redo","floor":1},{"not_picked":["Panic Button","ReplayTheSpireMod:System Scan"],"picked":"Crystallizer","floor":3},{"not_picked":["Turbo","BasicCrystalCard"],"picked":"Sweeping Beam","floor":5},{"not_picked":["Loop","Aggregate"],"picked":"Amplify","floor":8}],"player_experience":49065,"relics_obtained":[{"floor":4,"key":"ReplayFunnel"},{"floor":8,"key":"Replay:Antivirus Software"},{"floor":9,"key":"hubris:BallOfYels"}],"event_choices":[{"cards_removed":["Strike_B"],"damage_healed":0,"gold_gain":0,"player_choice":"Card Removal","damage_taken":0,"max_hp_gain":0,"max_hp_loss":0,"event_name":"The Cleric","floor":7,"gold_loss":50}],"is_beta":false,"boss_relics":[],"items_purged_floors":[],"is_endless":false,"potions_floor_spawned":[3],"killed_by":"3 Sentries","ascension_level":0}}