{"host":"hw13b7hbn5su36xt","time":1610403727,"event":{"mods":["2.2 Compatiblity","BaseMod","Bestiary","Colored Map","Colored Powertips","Curses Come First","Dark Map","Downfall","Minty Spire (QoL Compilation)","RNG Fix","Relic Filter","Relic Sorter","Relic Stats","StSLib"],"gold_per_floor":[99,117,117,129,185,185,185,200,220,220,220,220,238,253,264,366,366,366,378,388,388,219,219,219,236,248,79,164,196,46,46,64,164,164,164,178,196,206,91,123,123,123,133,133,183,183,217,231,231,231,231],"floor_reached":49,"playtime":3323,"items_purged":["champ:Defend","champ:Defend"],"score":588,"play_id":"c67d2206-f4c5-4629-8746-70a83665de29","local_time":"20210111222207","is_ascension_mode":true,"campfire_choices":[{"data":"champ:Execute","floor":1,"key":"SMITH"},{"data":"champ:BringItOn","floor":11,"key":"SMITH"},{"floor":18,"key":"RECALL"},{"floor":30,"key":"REST"},{"floor":35,"key":"REST"},{"floor":44,"key":"REST"}],"circlet_count":0,"master_deck":["champ:Strike","champ:Execute+1","champ:Taunt","champ:Lariat+1","champ:BringItOn+1","champ:FlashCut","champ:Haymaker","champ:CrookedStrike","champ:VampiricStrike","champ:EnchantCrown","champ:DefensiveShout","champ:Duel","champ:VampiricStrike","champ:GladiatorStyle","champ:IronFortress","champ:BerserkerStyle","champ:BerserkerStyle","champ:Haymaker+1","champ:EnchantSword","expansioncontent:CaCaw","expansioncontent:PolyBeam","expansioncontent:LastStand","champ:BladeFlurry+1","champ:BladeFlurry+1"],"relics":["champ:ChampionCrown","Turnip","Ornamental Fan","Fusion Hammer","hexamod:BolsterEngine","Red Mask","downfall:HeartBlessingBlue","downfall:HeartBlessingRed","Empty Cage","Darkstone Periapt","FossilizedHelix","Thread and Needle","Vajra"],"acts_visited":["Exordium","TheCity","TheBeyond"],"potions_floor_usage":[5,5,16,16,16,32,36,38,43,49],"damage_taken":[{"damage":5,"enemies":"Cultist","floor":2,"turns":3},{"damage":5,"enemies":"2 Louse","floor":4,"turns":2},{"damage":23,"enemies":"Gremlin Nob","floor":5,"turns":4},{"damage":7,"enemies":"Jaw Worm","floor":8,"turns":2},{"damage":5,"enemies":"Large Slime","floor":9,"turns":4},{"damage":7,"enemies":"2 Fungi Beasts","floor":13,"turns":4},{"damage":5,"enemies":"3 Louse","floor":14,"turns":2},{"damage":0,"enemies":"Blue Slaver","floor":15,"turns":4},{"damage":92,"enemies":"downfall:Defect","floor":16,"turns":9},{"damage":26,"enemies":"3 Byrds","floor":19,"turns":6},{"damage":8,"enemies":"Shell Parasite","floor":20,"turns":5},{"damage":5,"enemies":"downfall:FleeingMerchant","floor":22,"turns":4},{"damage":32,"enemies":"Shelled Parasite and Fungi","floor":25,"turns":5},{"damage":28,"enemies":"Snecko","floor":26,"turns":6},{"damage":8,"enemies":"downfall:FleeingMerchant","floor":27,"turns":4},{"damage":30,"enemies":"Masked Bandits","floor":29,"turns":5},{"damage":12,"enemies":"Snake Plant","floor":32,"turns":3},{"damage":80,"enemies":"downfall:Silent","floor":33,"turns":10},{"damage":41,"enemies":"3 Shapes","floor":36,"turns":5},{"damage":13,"enemies":"Orb Walker","floor":37,"turns":3},{"damage":56,"enemies":"Jaw Worm Horde","floor":38,"turns":6},{"damage":13,"enemies":"downfall:FleeingMerchant","floor":39,"turns":4},{"damage":99,"enemies":"Reptomancer","floor":40,"turns":7},{"damage":69,"enemies":"4 Shapes","floor":43,"turns":9},{"damage":11,"enemies":"Mind Bloom Boss Battle","floor":45,"turns":9},{"damage":29,"enemies":"Giant Head","floor":47,"turns":8},{"damage":94,"enemies":"Sphere and 2 Shapes","floor":48,"turns":7},{"damage":44,"enemies":"Writhing Mass","floor":49,"turns":3}],"seed_played":"-6383075315352394928","potions_obtained":[{"floor":0,"key":"GamblersBrew"},{"floor":0,"key":"champ:TechniquePotion"},{"floor":0,"key":"champ:CounterPotion"},{"floor":2,"key":"Energy Potion"},{"floor":13,"key":"EssenceOfSteel"},{"floor":14,"key":"FearPotion"},{"floor":20,"key":"SpeedPotion"},{"floor":29,"key":"champ:OpenerPotion"},{"floor":32,"key":"Guardian:BlockOnCardUsePotion"},{"floor":36,"key":"BlessingOfTheForge"},{"floor":45,"key":"Dexterity Potion"},{"floor":48,"key":"champ:OpenerPotion"}],"is_trial":false,"path_per_floor":["R","M","?","M","?","?","T","M","M","?","R","?","M","M","M","B",null,"R","M","M","?","$","?","T","M","M","$","?","?","R","?","M","B",null,"R","M","M","M","$","E","T","?","M","R","?","?","E","M","M"],"character_chosen":"THE_CHAMP","items_purchased":["champ:IronFortress","hexamod:BolsterEngine"],"campfire_rested":3,"item_purchase_floors":[22,27],"current_hp_per_floor":[90,90,90,90,72,82,82,80,80,80,80,80,73,73,83,21,100,100,92,89,89,100,100,100,80,74,94,76,53,96,96,98,66,110,110,94,84,62,92,36,36,26,4,37,105,105,89,20,0,0,0],"gold":231,"neow_bonus":"THREE_SMALL_POTIONS","is_daily":false,"chose_seed":false,"campfire_upgraded":2,"win_rate":0.0,"timestamp":1610403727,"path_taken":["R","M","?","M","?","?","T","?","M","?","R","?","?","M","M","BOSS","R","M","?","?","$","?","T","?","M","$","?","?","R","?","M","BOSS","R","M","M","M","$","E","T","?","M","R","?","?","E","M","M"],"items_purchased_type":["Card","Relic"],"build_version":"2020-12-22","purchased_purges":2,"victory":false,"max_hp_per_floor":[90,90,90,90,90,100,100,100,100,100,100,100,100,100,100,100,100,100,100,100,100,100,100,100,100,100,100,100,100,110,110,110,110,110,110,110,110,110,110,110,110,110,110,110,110,110,110,110,110,110,110],"relic_stats":{"Darkstone Periapt":0,"counters":[28,143],"Ornamental Fan":[100],"Turnip":[15],"obtain_stats":[{"Darkstone Periapt":40,"downfall:HeartBlessingRed":30,"Vajra":47,"champ:ChampionCrown":0,"Thread and Needle":45,"Empty Cage":34,"Ornamental Fan":7,"downfall:HeartBlessingBlue":30,"Turnip":5,"Fusion Hammer":17,"Red Mask":29,"hexamod:BolsterEngine":27,"FossilizedHelix":41},{"Darkstone Periapt":23,"downfall:HeartBlessingRed":16,"Vajra":26,"champ:ChampionCrown":0,"Thread and Needle":25,"Empty Cage":18,"Ornamental Fan":3,"downfall:HeartBlessingBlue":16,"Turnip":3,"Fusion Hammer":9,"Red Mask":16,"hexamod:BolsterEngine":15,"FossilizedHelix":23},{"Darkstone Periapt":107,"downfall:HeartBlessingRed":69,"Vajra":133,"champ:ChampionCrown":0,"Thread and Needle":125,"Empty Cage":82,"Ornamental Fan":9,"downfall:HeartBlessingBlue":69,"Turnip":9,"Fusion Hammer":34,"Red Mask":69,"hexamod:BolsterEngine":64,"FossilizedHelix":107}]},"card_choices":[{"not_picked":["champ:FaceSlap","champ:ShieldSigil"],"picked":"champ:Lariat","floor":2},{"not_picked":["champ:RapidStrikes","champ:GutPunch"],"picked":"champ:BringItOn","floor":4},{"not_picked":["champ:CrookedStrike","champ:Aggression"],"picked":"champ:FlashCut","floor":5},{"not_picked":["champ:EnGarde","champ:ShieldSigil","champ:FaceSlap"],"picked":"SKIP","floor":8},{"not_picked":["champ:HeartStrike","champ:RageSigil"],"picked":"champ:Haymaker","floor":9},{"not_picked":["champ:FocusedBerserking","champ:PreciseThrust"],"picked":"champ:CrookedStrike","floor":13},{"not_picked":["champ:BerserkerStyle","champ:DefensiveShout"],"picked":"champ:VampiricStrike","floor":14},{"not_picked":["champ:Duel","champ:StanceDance","champ:Riposte"],"picked":"SKIP","floor":15},{"not_picked":["champ:MurderStrike","champ:HeavySlash"],"picked":"champ:EnchantCrown","floor":16},{"not_picked":["champ:DefensiveStyle","champ:GutPunch+1"],"picked":"champ:DefensiveShout","floor":19},{"not_picked":["champ:Circumvent","champ:PreciseThrust+1"],"picked":"champ:Duel","floor":20},{"not_picked":["champ:FanOfKnives","champ:RageSigil+1"],"picked":"champ:GladiatorStyle","floor":22},{"not_picked":["champ:GladiatorStyle","champ:TornadoPunch+1"],"picked":"champ:Haymaker+1","floor":25},{"not_picked":["champ:FocusedGladiator+1","champ:Circumvent+1","champ:HeartStrike"],"picked":"SKIP","floor":26},{"not_picked":["champ:Encircle","champ:Duel","champ:FanOfKnives"],"picked":"SKIP","floor":27},{"not_picked":["champ:ArenaPreparation","champ:BringItOn","champ:StanceDance"],"picked":"SKIP","floor":32},{"not_picked":["champ:Devastate","champ:PerfectForm"],"picked":"champ:EnchantSword","floor":33},{"not_picked":["champ:HeartStrike+1","champ:Haymaker","champ:PerfectedStrike+1"],"picked":"SKIP","floor":36},{"not_picked":["champ:Balance","champ:DefensiveShout+1","champ:FalseCounter"],"picked":"SKIP","floor":37},{"not_picked":["champ:RisingSlash+1","champ:FlashCut+1","champ:ViciousMockery"],"picked":"SKIP","floor":38},{"not_picked":["champ:TornadoPunch","champ:PerfectForm","champ:GutPunch"],"picked":"SKIP","floor":39},{"not_picked":["champ:ShieldSigil+1","champ:Backstep+1","champ:EnGarde+1"],"picked":"SKIP","floor":40},{"not_picked":["expansioncontent:DonusPower","expansioncontent:HyperBeam"],"picked":"expansioncontent:CaCaw","floor":42},{"not_picked":["expansioncontent:FaceSlap","expansioncontent:HyperBeam"],"picked":"expansioncontent:PolyBeam","floor":42},{"not_picked":["expansioncontent:HyperBeam","expansioncontent:PolyBeam"],"picked":"expansioncontent:LastStand","floor":42},{"not_picked":["champ:Haymaker","champ:GladiatorsShout+1"],"picked":"champ:BladeFlurry+1","floor":43},{"not_picked":["champ:ArenaPreparation","champ:StanceDance"],"picked":"champ:BladeFlurry+1","floor":45},{"not_picked":["champ:FightOn","champ:Circumvent+1","champ:RageSigil"],"picked":"SKIP","floor":47},{"not_picked":["champ:PreciseThrust","champ:BladeFlurry","champ:DeathBlow"],"picked":"SKIP","floor":48}],"player_experience":364605,"relics_obtained":[{"floor":5,"key":"Turnip"},{"floor":7,"key":"Ornamental Fan"},{"floor":29,"key":"Red Mask"},{"floor":40,"key":"Darkstone Periapt"},{"floor":41,"key":"FossilizedHelix"},{"floor":45,"key":"Thread and Needle"},{"floor":47,"key":"Vajra"}],"event_choices":[{"damage_healed":0,"gold_gain":0,"player_choice":"Upgraded","damage_taken":0,"max_hp_gain":0,"max_hp_loss":0,"event_name":"Upgrade Shrine","floor":3,"gold_loss":0,"cards_upgraded":["champ:Lariat"]},{"damage_healed":0,"gold_gain":0,"player_choice":"Copied","damage_taken":0,"max_hp_gain":0,"max_hp_loss":0,"event_name":"Duplicator","floor":21,"gold_loss":0,"cards_obtained":["champ:VampiricStrike"]},{"damage_healed":0,"gold_gain":0,"cards_transformed":["champ:Defend","champ:Strike"],"player_choice":"Became Test Subject","damage_taken":0,"max_hp_gain":0,"max_hp_loss":0,"event_name":"Drug Dealer","floor":23,"gold_loss":0,"cards_obtained":["champ:BerserkerStyle","champ:BerserkerStyle"]},{"damage_healed":0,"gold_gain":0,"player_choice":"Fought Bandits","damage_taken":0,"max_hp_gain":0,"max_hp_loss":0,"event_name":"Masked Bandits","floor":29,"gold_loss":0},{"damage_healed":0,"gold_gain":0,"player_choice":"Ignored","damage_taken":0,"max_hp_gain":0,"max_hp_loss":0,"event_name":"Vampires","floor":31,"gold_loss":0}],"is_beta":false,"boss_relics":[{"not_picked":["Coffee Dripper","downfall:Hecktoplasm"],"picked":"Fusion Hammer"},{"not_picked":["Black Star","champ:ChampionCrownUpgraded"],"picked":"Empty Cage"}],"items_purged_floors":[22,39],"is_endless":false,"potions_floor_spawned":[2,13,14,20,29,32,36,45,48],"killed_by":"Writhing Mass","ascension_level":2}}