{"host":"ELF","time":1610351954,"event":{"mods":["BaseMod","Minty Spire (QoL Compilation)"],"gold_per_floor":[118,134,134,148,158,193,205,240,322,322,39,51,51,51,51,128,128,140,160,160,176,176,176,206,206,230,240,290,325,341,373,373,445,445,445,464,484,1483,1483,1483],"floor_reached":39,"playtime":2990,"items_purged":["Strike_G"],"score":981,"play_id":"78f8659b-bde9-4544-891a-245bc7feac23","local_time":"20210111015914","is_ascension_mode":true,"campfire_choices":[{"floor":10.0,"key":"REST"},{"floor":13.0,"key":"REST"},{"data":"Bullet Time","floor":15.0,"key":"SMITH"},{"floor":23,"key":"REST"},{"data":"After Image","floor":25,"key":"SMITH"},{"data":"Cloak And Dagger","floor":32,"key":"SMITH"}],"circlet_count":0,"master_deck":["AscendersBane","Defend_G","Defend_G","Defend_G","Defend_G","Defend_G","Survivor","Neutralize","Cloak And Dagger+1","Predator","Bullet Time+1","Riddle With Holes","Blade Dance","After Image+1","Poisoned Stab","Bouncing Flask","Envenom","Cloak And Dagger","Calculated Gamble","Shame","Wraith Form v2","Bite","Bite","Bite","Bite","Bite","Cloak And Dagger","Accuracy","Calculated Gamble","Slice","Adrenaline","Skewer","Finisher","Normality","Normality"],"relics":["Ring of the Snake","Nunchaku","Du-Vu Doll","Bird Faced Urn","Kunai","Medical Kit","SlaversCollar","Turnip","Pen Nib","Snake Skull","Torii","Akabeko","HoveringKite"],"acts_visited":["Exordium","TheCity","TheBeyond"],"potions_floor_usage":[35,36],"damage_taken":[{"damage":26.0,"enemies":"Jaw Worm","floor":1.0,"turns":10.0},{"damage":1.0,"enemies":"2 Louse","floor":2.0,"turns":3.0},{"damage":4.0,"enemies":"Small Slimes","floor":4.0,"turns":4.0},{"damage":3.0,"enemies":"Gremlin Gang","floor":5.0,"turns":5.0},{"damage":24.0,"enemies":"3 Sentries","floor":6.0,"turns":9.0},{"damage":1.0,"enemies":"Large Slime","floor":7.0,"turns":5.0},{"damage":1.0,"enemies":"Gremlin Nob","floor":8.0,"turns":3.0},{"damage":0.0,"enemies":"Exordium Wildlife","floor":12.0,"turns":2.0},{"damage":25.0,"enemies":"Slime Boss","floor":16.0,"turns":11.0},{"damage":21.0,"enemies":"Shell Parasite","floor":18.0,"turns":6.0},{"damage":6.0,"enemies":"Spheric Guardian","floor":19.0,"turns":5.0},{"damage":14,"enemies":"Chosen and Byrds","floor":21,"turns":7},{"damage":17,"enemies":"Gremlin Leader","floor":24,"turns":8},{"damage":8,"enemies":"Snecko","floor":27,"turns":5},{"damage":23,"enemies":"Slavers","floor":29,"turns":6},{"damage":1,"enemies":"Sentry and Sphere","floor":30,"turns":5},{"damage":22,"enemies":"Book of Stabbing","floor":31,"turns":6},{"damage":33,"enemies":"Collector","floor":33,"turns":10},{"damage":1,"enemies":"3 Shapes","floor":35,"turns":4},{"damage":1,"enemies":"Orb Walker","floor":36,"turns":5},{"damage":8,"enemies":"4 Shapes","floor":37,"turns":9},{"damage":49,"enemies":"Transient","floor":39,"turns":4}],"seed_played":"-3095698290807933174","potions_obtained":[{"floor":1.0,"key":"ColorlessPotion"},{"floor":8.0,"key":"EntropicBrew"},{"floor":12.0,"key":"Strength Potion"},{"floor":19.0,"key":"SpeedPotion"},{"floor":21,"key":"SpeedPotion"},{"floor":29,"key":"SmokeBomb"},{"floor":33,"key":"Weak Potion"},{"floor":36,"key":"Swift Potion"}],"is_trial":false,"path_per_floor":["M","M","?","M","M","E","M","E","T","R","$","M","R","$","R","B",null,"M","M","?","M","?","R","E","R","T","M","?","E","M","E","R","B",null,"M","M","M","?","M"],"character_chosen":"THE_SILENT","items_purchased":["Bouncing Flask","Medical Kit"],"campfire_rested":3,"item_purchase_floors":[11,11],"current_hp_per_floor":[33,32,54,50,47,23,22,21,21,40,40,42,61,61,61,38,59,42,40,40,30,30,43,46,46,46,46,46,37,46,34,34,23,40,45,46,46,46,0,0],"gold":1483,"neow_bonus":"RANDOM_COMMON_RELIC","is_daily":false,"chose_seed":false,"campfire_upgraded":3,"win_rate":0.0,"timestamp":1610351954,"path_taken":["M","M","?","M","M","E","M","E","T","R","$","M","R","$","R","BOSS","M","M","?","M","?","R","E","R","T","M","?","E","M","E","R","BOSS","M","M","?","?","M"],"items_purchased_type":["Card","Relic"],"build_version":"2020-12-18","purchased_purges":1,"victory":false,"max_hp_per_floor":[66,66,66,66,66,66,66,66,66,66,66,66,66,66,66,66,66,66,66,66,66,46,46,46,46,46,46,46,46,46,46,46,46,46,46,46,46,46,46,46],"card_choices":[{"not_picked":["Bane","Flying Knee"],"picked":"Cloak And Dagger","floor":1.0},{"not_picked":["Dodge and Roll","Deadly Poison"],"picked":"Predator","floor":2.0},{"not_picked":["Slice","Flying Knee"],"picked":"Bullet Time","floor":4.0},{"not_picked":["Quick Slash","Underhanded Strike"],"picked":"Riddle With Holes","floor":5.0},{"not_picked":["Backstab","Prepared"],"picked":"Blade Dance","floor":6.0},{"not_picked":["Heel Hook","Calculated Gamble"],"picked":"After Image","floor":7.0},{"not_picked":["Bane","Dodge and Roll"],"picked":"Poisoned Stab","floor":8.0},{"not_picked":["Outmaneuver","Poisoned Stab","Underhanded Strike"],"picked":"SKIP","floor":12.0},{"not_picked":["Grand Finale","Die Die Die"],"picked":"Envenom","floor":16.0},{"not_picked":["Noxious Fumes","Dodge and Roll"],"picked":"Cloak And Dagger","floor":18.0},{"not_picked":["Bane","Dagger Throw"],"picked":"Calculated Gamble","floor":19.0},{"not_picked":["Poisoned Stab","Bane"],"picked":"Wraith Form v2","floor":21},{"not_picked":["Underhanded Strike","Acrobatics"],"picked":"Cloak And Dagger","floor":24},{"not_picked":["Backflip","Bane"],"picked":"Accuracy","floor":27},{"not_picked":["All Out Attack","Underhanded Strike+1"],"picked":"Calculated Gamble","floor":29},{"not_picked":["Envenom","Terror"],"picked":"Slice","floor":30},{"not_picked":["Quick Slash","Escape Plan","Dagger Spray"],"picked":"SKIP","floor":31},{"not_picked":["Glass Knife","After Image"],"picked":"Adrenaline","floor":33},{"not_picked":["Catalyst","PiercingWail+1"],"picked":"Skewer","floor":36},{"not_picked":["Tactician","Calculated Gamble"],"picked":"Finisher","floor":37}],"player_experience":3173051,"relics_obtained":[{"floor":6.0,"key":"Du-Vu Doll"},{"floor":8.0,"key":"Bird Faced Urn"},{"floor":9.0,"key":"Kunai"},{"floor":24,"key":"Pen Nib"},{"floor":26,"key":"Snake Skull"},{"floor":29,"key":"Torii"},{"floor":31,"key":"Akabeko"}],"event_choices":[{"damage_healed":22.0,"max_hp_gain":0.0,"max_hp_loss":0.0,"gold_gain":0.0,"event_name":"Big Fish","player_choice":"Banana","floor":3.0,"gold_loss":0.0,"damage_taken":0.0},{"damage_healed":0,"gold_gain":0,"player_choice":"Stole Relic","damage_taken":0,"relics_obtained":["Turnip"],"max_hp_gain":0,"max_hp_loss":0,"event_name":"Addict","floor":20,"gold_loss":0,"cards_obtained":["Shame"]},{"damage_healed":0,"gold_gain":0,"player_choice":"Became a vampire","damage_taken":0,"max_hp_gain":0,"max_hp_loss":20,"event_name":"Vampires","floor":22,"gold_loss":0,"cards_obtained":["Bite","Bite","Bite","Bite","Bite"]},{"damage_healed":0,"gold_gain":50,"player_choice":"Pray","damage_taken":0,"max_hp_gain":0,"max_hp_loss":0,"event_name":"Golden Shrine","floor":28,"gold_loss":0},{"damage_healed":0,"gold_gain":999,"player_choice":"Gold","damage_taken":0,"max_hp_gain":0,"max_hp_loss":0,"event_name":"MindBloom","floor":38,"gold_loss":0,"cards_obtained":["Normality","Normality"]}],"is_beta":true,"boss_relics":[{"not_picked":["Fusion Hammer","Sozu"],"picked":"SlaversCollar"},{"not_picked":["Ring of the Serpent","Velvet Choker"],"picked":"HoveringKite"}],"items_purged_floors":[11],"is_endless":false,"potions_floor_spawned":[1,8,12,19,21,29,33,36],"killed_by":"Transient","ascension_level":20}}