{"host":"xt3o4iokwksypl90","time":1610387034,"event":{"mods":["AchievementEnabler","BaseMod","Googly Eyes","Highlight Path","Minty Spire (QoL Compilation)","Permanent Neow"],"gold_per_floor":[16,16,36,55,66,94,106,151,163,202,214,226,256,286,298,413,425,449,461,487,510,87,115,115,132,132,132,232,248,248,248,248,345,345,365,385,399,49,49,49,0,33,60,60,60,60,92,112,112,112,112,112,19,53,53],"floor_reached":56,"playtime":4310,"items_purged":["Strike_G","Pain"],"score":1665,"play_id":"49840bbb-522c-4fe0-afe0-1fbc5732523d","local_time":"20210111184354","is_ascension_mode":true,"campfire_choices":[{"data":"Neutralize","floor":7.0,"key":"SMITH"},{"floor":15.0,"key":"REST"},{"data":"Footwork","floor":24.0,"key":"SMITH"},{"data":"Well Laid Plans","floor":27.0,"key":"SMITH"},{"data":"Deadly Poison","floor":32.0,"key":"SMITH"},{"data":"Caltrops","floor":40.0,"key":"SMITH"},{"floor":49.0,"key":"RECALL"},{"data":"PiercingWail","floor":52.0,"key":"SMITH"}],"circlet_count":0,"master_deck":["Strike_G","Defend_G+1","Defend_G","Defend_G","Defend_G","Survivor+1","Neutralize+1","Deadly Poison+1","Slice","PiercingWail+1","Deflect","Well Laid Plans+1","All Out Attack","Blur+1","Catalyst+1","Phantasmal Killer+1","Acrobatics+1","Cloak And Dagger+1","Adrenaline+1","Blade Dance+1","PiercingWail+1","Footwork+1","Cloak And Dagger+1","Deadly Poison+1","Catalyst+1","Setup+1","Adrenaline+1","Flechettes+1","Caltrops+1","Crippling Poison+1","Cloak And Dagger+1","Acrobatics+1","Purity+1","Accuracy+1","Catalyst+1","Finesse+1","Cloak And Dagger+1"],"relics":["Ring of the Snake","MawBank","Eternal Feather","Toxic Egg 2","Bottled Tornado","Cursed Key","War Paint","Ginger","FossilizedHelix","WristBlade","Omamori","Red Mask","Pear","Frozen Egg 2","Calipers"],"acts_visited":["Exordium","TheCity","TheBeyond","TheEnding"],"potions_floor_usage":[55,55],"damage_taken":[{"damage":0.0,"enemies":"2 Louse","floor":1.0,"turns":3.0},{"damage":0.0,"enemies":"Cultist","floor":3.0,"turns":3.0},{"damage":0.0,"enemies":"Small Slimes","floor":4.0,"turns":4.0},{"damage":1.0,"enemies":"3 Louse","floor":5.0,"turns":4.0},{"damage":23.0,"enemies":"Gremlin Nob","floor":6.0,"turns":5.0},{"damage":13.0,"enemies":"Lagavulin","floor":8.0,"turns":6.0},{"damage":19.0,"enemies":"Gremlin Nob","floor":10.0,"turns":5.0},{"damage":0.0,"enemies":"Lots of Slimes","floor":13.0,"turns":3.0},{"damage":0.0,"enemies":"2 Fungi Beasts","floor":14.0,"turns":3.0},{"damage":34.0,"enemies":"Slime Boss","floor":16.0,"turns":13.0},{"damage":27.0,"enemies":"Spheric Guardian","floor":18.0,"turns":6.0},{"damage":0.0,"enemies":"3 Byrds","floor":20.0,"turns":5.0},{"damage":10.0,"enemies":"Snecko","floor":21.0,"turns":5.0},{"damage":0.0,"enemies":"Book of Stabbing","floor":23.0,"turns":9.0},{"damage":8.0,"enemies":"Snake Plant","floor":25.0,"turns":4.0},{"damage":2.0,"enemies":"Cultist and Chosen","floor":29.0,"turns":5.0},{"damage":10.0,"enemies":"Champ","floor":33.0,"turns":8.0},{"damage":0.0,"enemies":"Orb Walker","floor":35.0,"turns":2.0},{"damage":10.0,"enemies":"3 Shapes","floor":36.0,"turns":5.0},{"damage":0.0,"enemies":"Writhing Mass","floor":37.0,"turns":4.0},{"damage":12.0,"enemies":"Nemesis","floor":42.0,"turns":5.0},{"damage":2.0,"enemies":"Reptomancer","floor":44.0,"turns":2.0},{"damage":0.0,"enemies":"Giant Head","floor":47.0,"turns":5.0},{"damage":0.0,"enemies":"Maw","floor":48.0,"turns":4.0},{"damage":29.0,"enemies":"Time Eater","floor":50.0,"turns":5.0},{"damage":0.0,"enemies":"Shield and Spear","floor":54.0,"turns":5.0},{"damage":56,"enemies":"The Heart","floor":55,"turns":6}],"seed_played":"5673475441086831308","potions_obtained":[{"floor":2.0,"key":"EntropicBrew"},{"floor":2.0,"key":"Swift Potion"},{"floor":2.0,"key":"CunningPotion"},{"floor":4.0,"key":"Block Potion"},{"floor":10.0,"key":"DuplicationPotion"},{"floor":16.0,"key":"PowerPotion"},{"floor":20.0,"key":"SkillPotion"},{"floor":21.0,"key":"Energy Potion"},{"floor":29.0,"key":"EssenceOfSteel"},{"floor":36.0,"key":"SkillPotion"},{"floor":42.0,"key":"SmokeBomb"},{"floor":48.0,"key":"Energy Potion"},{"floor":54.0,"key":"PowerPotion"}],"is_trial":false,"path_per_floor":["M","?","M","M","M","E","R","E","T","E","$","?","M","M","R","B",null,"M","?","M","M","$","E","R","M","T","R","?","M","?","?","R","B",null,"M","M","M","$","?","R","?","E","T","E","?","?","E","M","R","B",null,"R","$","E","B",null],"character_chosen":"THE_SILENT","items_purchased":["Blade Dance+1","War Paint","PiercingWail+1","Footwork","PowerPotion","Omamori","Cloak And Dagger+1","Acrobatics+1","Finesse+1"],"campfire_rested":1,"item_purchase_floors":[22,22,22,22,22,38,38,38,53],"current_hp_per_floor":[63,63,63,63,62,39,39,26,26,7,7,7,7,7,37,3,53,26,13,13,3,3,3,18,10,10,25,25,23,23,48,63,53,70,70,60,60,60,60,75,75,73,73,71,71,71,71,71,81,52,74,81,81,81,25],"gold":53,"neow_bonus":"REMOVE_TWO","is_daily":false,"chose_seed":false,"campfire_upgraded":6,"win_rate":0.0,"timestamp":1610387034,"path_taken":["M","?","M","?","M","E","R","E","T","E","$","?","M","M","R","BOSS","M","?","M","M","$","E","R","M","T","R","?","?","?","?","R","BOSS","M","M","M","$","?","R","?","E","T","E","?","?","E","M","R","BOSS","R","$","E","BOSS"],"items_purchased_type":["Card","Relic","Card","Card","Potion","Relic","Card","Card","Card"],"build_version":"2020-12-22","purchased_purges":2,"victory":true,"max_hp_per_floor":[70,70,70,70,70,70,70,70,70,70,70,70,70,70,70,70,70,70,75,75,75,75,75,75,75,75,75,75,75,75,75,75,75,75,75,75,75,75,75,75,75,85,85,85,81,81,81,81,81,81,81,81,81,81,81],"card_choices":[{"not_picked":["Dagger Spray","Acrobatics"],"picked":"Deadly Poison","floor":1.0},{"not_picked":["Cloak And Dagger","Outmaneuver"],"picked":"Slice","floor":3.0},{"not_picked":["Deadly Poison","Acrobatics"],"picked":"PiercingWail","floor":4.0},{"not_picked":["Deadly Poison","Underhanded Strike"],"picked":"Deflect","floor":5.0},{"not_picked":["Dash","Reflex"],"picked":"Well Laid Plans","floor":6.0},{"not_picked":["Accuracy","Dash"],"picked":"All Out Attack","floor":8.0},{"not_picked":["Flechettes","Sucker Punch"],"picked":"Blur+1","floor":10.0},{"not_picked":["Blade Dance+1","Venomology+1"],"picked":"Catalyst+1","floor":13.0},{"not_picked":["Dagger Throw","Poisoned Stab","Underhanded Strike"],"picked":"SKIP","floor":14.0},{"not_picked":["Night Terror+1","A Thousand Cuts"],"picked":"Phantasmal Killer+1","floor":16.0},{"not_picked":["Backstab","Outmaneuver+1"],"picked":"Acrobatics+1","floor":18.0},{"not_picked":["Flying Knee","Dagger Spray+1"],"picked":"Cloak And Dagger+1","floor":20.0},{"not_picked":["Leg Sweep+1","Eviscerate"],"picked":"Adrenaline+1","floor":21.0},{"not_picked":["Distraction+1","Underhanded Strike+1"],"picked":"Cloak And Dagger+1","floor":23.0},{"not_picked":["Outmaneuver+1","Eviscerate+1","Underhanded Strike"],"picked":"SKIP","floor":25.0},{"not_picked":["Flying Knee","Flechettes"],"picked":"Deadly Poison+1","floor":29.0},{"not_picked":["Tools of the Trade","Bullet Time+1"],"picked":"Adrenaline+1","floor":33.0},{"not_picked":["Endless Agony","All Out Attack"],"picked":"Flechettes+1","floor":35.0},{"not_picked":["Deflect+1","Underhanded Strike+1"],"picked":"Caltrops","floor":36.0},{"not_picked":["Terror+1","Endless Agony"],"picked":"Crippling Poison+1","floor":37.0},{"not_picked":["Jack Of All Trades+1","Mayhem"],"picked":"Purity+1","floor":39.0},{"not_picked":["Riddle With Holes","Acrobatics+1","Prepared+1"],"picked":"SKIP","floor":42.0},{"not_picked":["Outmaneuver+1","Leg Sweep+1"],"picked":"Accuracy+1","floor":47.0},{"not_picked":["Flechettes+1","Dodge and Roll+1"],"picked":"Catalyst+1","floor":48.0},{"not_picked":["Flying Knee","Outmaneuver+1"],"picked":"Cloak And Dagger+1","floor":54.0}],"player_experience":267952,"relics_obtained":[{"floor":6.0,"key":"MawBank"},{"floor":8.0,"key":"Eternal Feather"},{"floor":9.0,"key":"Toxic Egg 2"},{"floor":10.0,"key":"Bottled Tornado"},{"floor":23.0,"key":"Ginger"},{"floor":26.0,"key":"FossilizedHelix"},{"floor":42.0,"key":"Pear"},{"floor":47.0,"key":"Frozen Egg 2"},{"floor":54.0,"key":"Calipers"}],"event_choices":[{"damage_healed":0.0,"max_hp_gain":0.0,"max_hp_loss":0.0,"gold_gain":0.0,"event_name":"Lab","player_choice":"Got Potions","floor":2.0,"gold_loss":0.0,"damage_taken":0.0},{"damage_healed":0.0,"max_hp_gain":0.0,"max_hp_loss":0.0,"gold_gain":0.0,"event_name":"Golden Idol","player_choice":"Ignored","floor":12.0,"gold_loss":0.0,"damage_taken":0.0},{"damage_healed":0.0,"max_hp_gain":5.0,"max_hp_loss":0.0,"gold_gain":0.0,"event_name":"Forgotten Altar","player_choice":"Shed Blood","floor":19.0,"gold_loss":0.0,"damage_taken":18.0},{"damage_healed":0.0,"max_hp_gain":0.0,"max_hp_loss":0.0,"gold_gain":100.0,"event_name":"Golden Shrine","player_choice":"Pray","floor":28.0,"gold_loss":0.0,"damage_taken":0.0},{"damage_healed":0.0,"max_hp_gain":0.0,"max_hp_loss":0.0,"gold_gain":0.0,"cards_transformed":["Strike_G","Strike_G"],"event_name":"Drug Dealer","player_choice":"Became Test Subject","floor":30.0,"gold_loss":0.0,"damage_taken":0.0,"cards_obtained":["Catalyst","Setup"]},{"damage_healed":25.0,"max_hp_gain":0.0,"max_hp_loss":0.0,"gold_gain":0.0,"event_name":"The Library","player_choice":"Heal","floor":31.0,"gold_loss":0.0,"damage_taken":0.0},{"damage_healed":0.0,"max_hp_gain":0.0,"max_hp_loss":0.0,"gold_gain":0.0,"event_name":"SensoryStone","player_choice":"Memory 1","floor":39.0,"gold_loss":0.0,"damage_taken":0.0},{"damage_healed":0.0,"max_hp_gain":0.0,"max_hp_loss":0.0,"gold_gain":0.0,"event_name":"Tomb of Lord Red Mask","player_choice":"Paid","floor":41.0,"gold_loss":49.0,"damage_taken":0.0,"relics_obtained":["Red Mask"]},{"damage_healed":0.0,"max_hp_gain":0.0,"max_hp_loss":4.0,"gold_gain":0.0,"event_name":"Winding Halls","player_choice":"Max HP","floor":45.0,"gold_loss":0.0,"damage_taken":0.0},{"damage_healed":0.0,"max_hp_gain":0.0,"max_hp_loss":0.0,"gold_gain":0.0,"event_name":"SecretPortal","player_choice":"Ignored","floor":46.0,"gold_loss":0.0,"damage_taken":0.0}],"is_beta":false,"boss_relics":[{"not_picked":["Runic Dome","Pandora\u0027s Box"],"picked":"Cursed Key"},{"not_picked":["SlaversCollar","Astrolabe"],"picked":"WristBlade"}],"items_purged_floors":[22,38],"is_endless":false,"potions_floor_spawned":[4,10,13,16,20,21,29,36,42,48,54],"ascension_level":6}}