{"host":"llpusn9usp8rznkj","time":1610329205,"event":{"mods":["2.2 Compatiblity","Aspiration","BaseMod","Colored Map","Colored Powertips","Conspire","Hubris","Minty Spire (QoL Compilation)","Quick Restart","Rare Cards Sparkle","Replay The Spire","StSLib","The Cursed"],"gold_per_floor":[110,126,126,126,126,126,153,153,153,78,78,93,108,83,83,162,162,180,180,199,199,218,218,218],"floor_reached":23,"playtime":903,"items_purged":["Strike_G"],"score":428,"play_id":"93e51d9d-b200-4b71-b8a3-d675483796be","local_time":"20210110204005","is_ascension_mode":true,"campfire_choices":[{"data":"Pot Of Greed","floor":6.0,"key":"SMITH"},{"data":"Draining Mist","floor":8.0,"key":"SMITH"},{"data":"Neutralize","floor":11.0,"key":"SMITH"},{"floor":15,"key":"DIG"}],"circlet_count":0,"master_deck":["AscendersBane","Strike_G+1","Strike_G+1","Strike_G+1","Strike_G+1","Defend_G+1","Defend_G+1","Defend_G+1","Defend_G+1","Defend_G+1","Survivor","Neutralize+1","Flying Knee","Draining Mist+1","Pot Of Greed+1","Pot Of Greed","ReplayTheSpireMod:Speed Training","ReplayTheSpireMod:From All Sides","PiercingWail","Poison Darts","CurseOfTheBell","Poisoned Stab","Draining Mist"],"relics":["Ring of the Snake","NeowsBlessing","Grinning Jar","hubris:Towel","ReplayFunnel","Replay:Wax Seal","hubris:OldNail","Calling Bell","The Specimen","Replay:Baseball","HornCleat"],"acts_visited":["Exordium","TheCity"],"potions_floor_usage":[16,22],"damage_taken":[{"damage":0.0,"enemies":"2 Louse","floor":1.0,"turns":1.0},{"damage":0.0,"enemies":"Jaw Worm","floor":2.0,"turns":1.0},{"damage":0.0,"enemies":"Gremlin Nob","floor":7.0,"turns":1.0},{"damage":1.0,"enemies":"Cultist","floor":12.0,"turns":3.0},{"damage":3.0,"enemies":"3 Louse","floor":13.0,"turns":4.0},{"damage":17,"enemies":"The Guardian","floor":16,"turns":18},{"damage":6,"enemies":"Shell Parasite","floor":18,"turns":4},{"damage":0,"enemies":"Spheric Guardian","floor":20,"turns":2},{"damage":39,"enemies":"Centurion and Healer","floor":22,"turns":8},{"damage":0,"enemies":"Book of Stabbing","floor":23,"turns":1}],"seed_played":"2013934897769027691","potions_obtained":[{"floor":1.0,"key":"Languid Potion"},{"floor":12.0,"key":"Ancient Potion"},{"floor":16,"key":"ColorlessPotion"}],"is_trial":false,"path_per_floor":["M","M","?","?","?","R","E","R","T","$","R","M","M","$","R_BF","B",null,"M","?","M","?","M","E"],"character_chosen":"THE_SILENT","items_purchased":["PiercingWail"],"campfire_rested":0,"item_purchase_floors":[14],"current_hp_per_floor":[59,59,59,52,52,52,52,52,52,52,52,51,48,48,48,31,57,51,51,51,51,12,12,12],"gold":218,"neow_bonus":"THREE_ENEMY_KILL","is_daily":false,"chose_seed":false,"campfire_upgraded":3,"win_rate":0.0,"timestamp":1610329205,"path_taken":["M","M","?","?","?","R","E","R","T","?","R","M","?","$","R_BF","BOSS","M","?","?","?","M","E"],"items_purchased_type":["Card"],"build_version":"2020-12-22","purchased_purges":1,"victory":false,"max_hp_per_floor":[66,66,66,66,66,66,66,66,66,66,66,66,66,66,66,66,66,66,66,66,66,66,66,66],"card_choices":[{"not_picked":["Skewer","Heel Hook"],"picked":"Flying Knee","floor":1.0},{"not_picked":["ReplayTheSpireMod:Exploit Weakness","Quick Slash"],"picked":"Draining Mist","floor":2.0},{"not_picked":["Prepared","Dagger Throw"],"picked":"ReplayTheSpireMod:Speed Training","floor":7.0},{"not_picked":["Deadly Poison","Dagger Spray","Acrobatics"],"picked":"SKIP","floor":12.0},{"not_picked":["Caltrops","Flechettes"],"picked":"ReplayTheSpireMod:From All Sides","floor":13.0},{"not_picked":["ReplayTheSpireMod:From All Sides","Envenom"],"picked":"Poison Darts","floor":16},{"not_picked":["Blade Dance","Acrobatics+1"],"picked":"Poisoned Stab","floor":18},{"not_picked":["Slice","Well Laid Plans","Flying Knee"],"picked":"SKIP","floor":20},{"not_picked":["Backflip","Bane","Flying Knee"],"picked":"SKIP","floor":22}],"player_experience":1133698,"relics_obtained":[{"floor":7.0,"key":"ReplayFunnel"},{"floor":9.0,"key":"Replay:Wax Seal"},{"floor":15,"key":"hubris:OldNail"},{"floor":17,"key":"The Specimen"},{"floor":17,"key":"Replay:Baseball"},{"floor":17,"key":"HornCleat"}],"event_choices":[{"damage_healed":0.0,"max_hp_gain":0.0,"max_hp_loss":0.0,"gold_gain":0.0,"event_name":"Big Fish","player_choice":"Box","floor":3.0,"gold_loss":0.0,"damage_taken":0.0,"relics_obtained":["Grinning Jar"],"cards_obtained":["Regret"]},{"cards_removed":["Regret"],"damage_healed":0.0,"max_hp_gain":0.0,"max_hp_loss":0.0,"gold_gain":0.0,"event_name":"Golden Wing","player_choice":"Card Removal","floor":4.0,"gold_loss":0.0,"damage_taken":7.0},{"damage_healed":0,"gold_gain":0,"player_choice":"Read","damage_taken":0,"max_hp_gain":0,"max_hp_loss":0,"event_name":"The Library","floor":19,"gold_loss":0,"cards_obtained":["Draining Mist"]},{"damage_healed":0,"gold_gain":0,"player_choice":"Simplicity","damage_taken":0,"max_hp_gain":0,"max_hp_loss":0,"event_name":"Back to Basics","floor":21,"gold_loss":0,"cards_upgraded":["Strike_G","Strike_G","Strike_G","Strike_G","Defend_G","Defend_G","Defend_G","Defend_G","Defend_G"]}],"is_beta":false,"boss_relics":[{"not_picked":["WristBlade","hubris:CrackedHourglass"],"picked":"Calling Bell"}],"items_purged_floors":[10],"is_endless":false,"potions_floor_spawned":[1,12,16,18],"killed_by":"Book of Stabbing","ascension_level":20}}