{"host":"3498uni0c31c9bdm","time":1610323612,"event":{"mods":["BaseMod","Better Third Choice","Minty Spire (QoL Compilation)","Replay The Spire","StSLib"],"gold_per_floor":[110,123,87,97,97,132,132,160,184,184,196,65,65,65,65,165,165,179,94,112,112,112,112,144,144,144,194,204,204,219,65,65,163,163,175,195,219,64,64,74,91,91,91,91,91,0,0,13,13,13,13],"floor_reached":50,"playtime":2085,"items_purged":[],"score":702,"play_id":"e9612cd4-13f0-428e-9783-d6898428f43f","local_time":"20210111110652","is_ascension_mode":true,"campfire_choices":[{"floor":15,"key":"REST"},{"floor":23,"key":"RECALL"},{"floor":25,"key":"REST"},{"floor":32,"key":"REST"},{"floor":42,"key":"REST"},{"floor":49,"key":"DIG"}],"circlet_count":0,"master_deck":["Strike_R","Strike_R+1","Strike_R","Strike_R","Strike_R","Defend_R+1","Defend_R","Defend_R+1","Defend_R","Bash","Searing Blow+1","Shrug It Off+1","Perfected Strike+1","Fire Breathing","Pommel Strike","SandsOfTime","Clash","Parasite","Dropkick","Flex","The Bomb","Survey Options+1","Replay:Sssssssssshield","Self Repair+1","Reaper","Cleave","Spot Weakness+1","Armaments+1","Reaper","CurseOfTheBell","Clothesline","Hemokinesis+1","Madness","Madness","Heavy Blade+1","Feel No Pain+1","Armaments+1","Limit Break"],"relics":["Regal Pillow","War Paint","Shuriken","ReplayTheSpireMod:ShopPack","Iron Core","Replay:Baseball","Replay:Multitool","Pondfish Scales","Smiling Mask","Red Skull","Replay:Grab Bag","Mark of Pain","ChewingGum","Calling Bell","Simple Rune","Letter Opener","Pocketwatch","Nunchaku","Strawberry","Prayer Wheel","Red Mask","StrikeDummy","Replay:Bottled Eggs"],"acts_visited":["Exordium","TheCity","TheBeyond"],"potions_floor_usage":[8,16,16,24,33,41,50,50,50],"damage_taken":[{"damage":8,"enemies":"Jaw Worm","floor":1,"turns":4},{"damage":7,"enemies":"2 Louse","floor":2,"turns":4},{"damage":7,"enemies":"Small Slimes","floor":4,"turns":4},{"damage":20,"enemies":"Gremlin Nob","floor":6,"turns":4},{"damage":24,"enemies":"Lagavulin","floor":8,"turns":7},{"damage":9,"enemies":"Red Slaver","floor":11,"turns":3},{"damage":51,"enemies":"The Guardian","floor":16,"turns":12},{"damage":2,"enemies":"3 Byrds","floor":18,"turns":3},{"damage":23,"enemies":"Chosen","floor":20,"turns":5},{"damage":38,"enemies":"Slavers","floor":24,"turns":6},{"damage":29,"enemies":"Shelled Parasite and Fungi","floor":28,"turns":4},{"damage":47,"enemies":"Chosen and Byrds","floor":30,"turns":7},{"damage":68,"enemies":"Automaton","floor":33,"turns":8},{"damage":28,"enemies":"3 Shapes","floor":35,"turns":3},{"damage":48,"enemies":"3 Darklings","floor":36,"turns":6},{"damage":25,"enemies":"Maw","floor":40,"turns":8},{"damage":59,"enemies":"Transient","floor":41,"turns":5},{"damage":54,"enemies":"Jaw Worm Horde","floor":48,"turns":5},{"damage":78,"enemies":"Time Eater","floor":50,"turns":10}],"seed_played":"-6591515661743826861","potions_obtained":[{"floor":2,"key":"Dexterity Potion"},{"floor":6,"key":"Block Potion"},{"floor":8,"key":"LiquidBronze"},{"floor":11,"key":"Venom Potion"},{"floor":18,"key":"Death Potion"},{"floor":33,"key":"Ancient Potion"},{"floor":36,"key":"HeartOfIron"},{"floor":41,"key":"Cursed Concoction"},{"floor":48,"key":"SkillPotion"}],"is_trial":false,"path_per_floor":["M","M","$","M","?","E","?","E","T","?","M","$","?","?","R","B",null,"M","?","M","?","$","R","E","R","T","?","M","?","M","$","R","B",null,"M","M","T","$","?","M","M","R","T","$","R","?","T","M","R","B"],"character_chosen":"IRONCLAD","items_purchased":["Fire Breathing","ReplayTheSpireMod:ShopPack","Red Skull","Strawberry"],"campfire_rested":4,"item_purchase_floors":[3,12,31,38],"current_hp_per_floor":[70,69,69,68,41,27,47,29,29,29,26,26,26,26,65,24,66,80,80,72,72,72,72,44,80,80,80,61,61,32,32,71,13,63,69,80,80,87,76,65,16,57,57,57,87,87,87,52,52,0,0],"gold":13,"neow_bonus":"THREE_CARDS","is_daily":false,"chose_seed":false,"campfire_upgraded":0,"win_rate":0.0,"timestamp":1610323612,"path_taken":["M","M","$","M","?","E","?","E","T","?","?","$","?","?","R","BOSS","M","?","M","?","$","R","E","R","T","?","?","?","M","?","R","BOSS","M","M","?","?","?","M","?","R","T","$","R","?","?","M","R","BOSS"],"items_purchased_type":["Card","Relic","Relic","Relic"],"build_version":"2020-12-22","purchased_purges":0,"victory":false,"max_hp_per_floor":[80,80,80,80,80,80,80,80,80,80,80,80,80,80,80,80,80,80,80,80,80,80,80,80,80,80,80,80,80,80,80,80,80,80,80,80,80,87,87,87,87,87,87,87,87,87,87,87,87,87,87],"card_choices":[{"not_picked":["Run Through","Hemokinesis"],"picked":"Searing Blow","floor":0},{"not_picked":["Heavy Blade","Headbutt"],"picked":"Shrug It Off","floor":1},{"not_picked":["Clash","Run Through"],"picked":"Perfected Strike","floor":2},{"not_picked":["Havoc","ReplayTheSpireMod:Corrosion Curse"],"picked":"Pommel Strike","floor":4},{"not_picked":["Pommel Strike","Headbutt"],"picked":"Clash","floor":6},{"not_picked":["Offering","Sword Boomerang"],"picked":"Dropkick","floor":8},{"not_picked":["True Grit","Anger"],"picked":"Flex","floor":11},{"not_picked":["Chrysalis","Metamorphosis"],"picked":"The Bomb","floor":12},{"not_picked":["Swift Strike","ReplayTheSpireMod:Necrogeddon"],"picked":"Survey Options","floor":12},{"not_picked":["Swift Strike","Replay:Parry"],"picked":"Replay:Sssssssssshield","floor":12},{"not_picked":["Limit Break","Immolate"],"picked":"Reaper","floor":16},{"not_picked":["Sentinel","Ghostly Armor"],"picked":"Cleave","floor":18},{"not_picked":["Headbutt","Sever Soul","True Grit"],"picked":"SKIP","floor":20},{"not_picked":["Rupture","Run Through+1"],"picked":"Spot Weakness+1","floor":24},{"not_picked":["Shrug It Off+1","Run Through+1"],"picked":"Dropkick","floor":28},{"not_picked":["Rage","Shrug It Off"],"picked":"Armaments","floor":30},{"not_picked":["Demonic Infusion","Eclipse"],"picked":"Reaper","floor":33},{"not_picked":["Second Wind","Pommel Strike+1"],"picked":"Clothesline","floor":35},{"not_picked":["Anger+1","Battle Trance"],"picked":"Hemokinesis+1","floor":36},{"not_picked":["Twin Strike","Warcry"],"picked":"Heavy Blade+1","floor":40},{"not_picked":["Sword Boomerang","Searing Blow+1"],"picked":"Feel No Pain+1","floor":41},{"not_picked":["Headbutt+1","Havoc+1"],"picked":"Armaments","floor":48},{"not_picked":["Body Slam","Headbutt+1"],"picked":"Limit Break","floor":48}],"player_experience":677841,"relics_obtained":[{"floor":6,"key":"War Paint"},{"floor":8,"key":"Shuriken"},{"floor":24,"key":"Replay:Multitool"},{"floor":26,"key":"Pondfish Scales"},{"floor":34,"key":"Simple Rune"},{"floor":34,"key":"Letter Opener"},{"floor":34,"key":"Pocketwatch"},{"floor":37,"key":"Nunchaku"},{"floor":43,"key":"Prayer Wheel"},{"floor":47,"key":"StrikeDummy"},{"floor":49,"key":"Replay:Bottled Eggs"}],"event_choices":[{"damage_healed":20,"gold_gain":0,"player_choice":"Healed and dodged fight","damage_taken":0,"max_hp_gain":0,"max_hp_loss":0,"event_name":"Mushrooms","floor":7,"gold_loss":0,"cards_obtained":["Parasite"]},{"damage_healed":0,"gold_gain":0,"player_choice":"Upgraded","damage_taken":0,"max_hp_gain":0,"max_hp_loss":0,"event_name":"Upgrade Shrine","floor":10,"gold_loss":0,"cards_upgraded":["Perfected Strike"]},{"damage_healed":0,"gold_gain":0,"player_choice":"Grow","damage_taken":0,"max_hp_gain":0,"max_hp_loss":0,"event_name":"Living Wall","floor":14,"gold_loss":0,"cards_upgraded":["Survey Options"]},{"damage_healed":0,"gold_gain":0,"player_choice":"Obtained Relic","damage_taken":0,"relics_obtained":["Replay:Baseball"],"max_hp_gain":0,"max_hp_loss":0,"event_name":"Addict","floor":19,"gold_loss":85},{"damage_healed":0,"gold_gain":100,"player_choice":"Bet on Murderer","damage_taken":0,"max_hp_gain":0,"max_hp_loss":0,"event_name":"The Joust","floor":27,"gold_loss":50},{"cards_removed":["Dropkick"],"damage_healed":0,"gold_gain":0,"player_choice":"Gave Card","damage_taken":0,"relics_obtained":["Smiling Mask"],"max_hp_gain":0,"max_hp_loss":0,"event_name":"WeMeetAgain","floor":29,"gold_loss":0},{"damage_healed":0,"gold_gain":0,"player_choice":"Embrace Madness","damage_taken":11,"max_hp_gain":0,"max_hp_loss":0,"event_name":"Winding Halls","floor":39,"gold_loss":0,"cards_obtained":["Madness","Madness"]},{"damage_healed":0,"gold_gain":0,"player_choice":"Paid","damage_taken":0,"relics_obtained":["Red Mask"],"max_hp_gain":0,"max_hp_loss":0,"event_name":"Tomb of Lord Red Mask","floor":46,"gold_loss":91}],"is_beta":false,"boss_relics":[{"not_picked":["Coffee Dripper","Runic Dome","Fusion Hammer"]},{"not_picked":["Replay:Drink Me","Abe\u0027s Treasure"],"picked":"Replay:Grab Bag"},{"not_picked":["Busted Crown","ReplayTheSpireMod:DimensionalGlitch"],"picked":"Mark of Pain"},{"not_picked":["ReplayTheSpireMod:Onyx Gauntlets","Electric Blood"],"picked":"ChewingGum"},{"not_picked":["Ring of Chaos","SlaversCollar"],"picked":"Calling Bell"}],"items_purged_floors":[],"is_endless":false,"potions_floor_spawned":[2,6,8,11,18,33,36,41,48],"killed_by":"Time Eater","ascension_level":8}}