{"host":"h3vysik1bw5w0dm6","time":1610361975,"event":{"mods":["AchievementEnabler","Aspiration","BaseMod","Better Note","Better Sensory Stone","Better Vampires","BetterRewards","Colored Powertips","Conspire","Friendly Minions","Googly Eyes","Gremlin Skip","Halation","Infinite Spire","Mad Scientist","Minty Spire (QoL Compilation)","Quick Restart","Replay The Spire","Shop Mod","StSLib"],"gold_per_floor":[112,126,96,108,124,156,172,199,277,289,289,302,314,339,339,436,436,348,348,98,98,116,146,146,146,146],"floor_reached":25,"playtime":2671,"items_purged":[],"score":345,"play_id":"ed65d0a0-9641-464f-a6d7-0e195bb06f8c","local_time":"20210111114615","is_ascension_mode":false,"campfire_choices":[{"data":"Storm","floor":15,"key":"SMITH"}],"circlet_count":0,"master_deck":["Strike_B+1","Strike_B+1","Strike_B","Strike_B","Defend_B+1","Defend_B","Defend_B+1","Defend_B","Zap","Dualcast","BasicCrystalCard","Panic Button","Hologram","Seek","Crystallizer","Hello World","Storm+1","Darkness","Electrodynamics","AbeCurse","Injury","GremboGang","Double Energy","Storm"],"relics":["Cracked Core","Simple Rune","Guide Book","Nunchaku","halation:LettersToHer","infinitespire:Broken Mirror","halation:Pancakes","Replay:Ancient Bell","aspiration:EnhancedActuators","Gremlin Horn","WingedGreaves","MutagenicStrength","Toxic Egg 2","aspiration:StickyExplosives_weak"],"acts_visited":["Exordium","TheCity"],"potions_floor_usage":[6,6,8,10,14,22,23,23,25,25],"damage_taken":[{"damage":0,"enemies":"2 Louse","floor":1,"turns":2},{"damage":0,"enemies":"Cultist","floor":2,"turns":3},{"damage":0,"enemies":"Small Slimes","floor":4,"turns":3},{"damage":2,"enemies":"Red Slaver","floor":5,"turns":3},{"damage":14,"enemies":"Gremlin Nob","floor":6,"turns":3},{"damage":2,"enemies":"Exordium Thugs","floor":7,"turns":5},{"damage":7,"enemies":"Replay:BlueRogue","floor":8,"turns":7},{"damage":3,"enemies":"Exordium Wildlife","floor":10,"turns":4},{"damage":0,"enemies":"conspire:2 RoseBushes","floor":12,"turns":5},{"damage":3,"enemies":"3 Louse","floor":13,"turns":3},{"damage":18,"enemies":"3 Sentries","floor":14,"turns":5},{"damage":31,"enemies":"Hexaghost","floor":16,"turns":9},{"damage":9,"enemies":"Chosen","floor":18,"turns":5},{"damage":0,"enemies":"Spheric Guardian","floor":22,"turns":3},{"damage":1,"enemies":"conspire:Head Lice","floor":23,"turns":6},{"damage":80,"enemies":"Nightmare","floor":25,"turns":6}],"seed_played":"-2632452942846479479","potions_obtained":[{"floor":2,"key":"AttackPotion"},{"floor":3,"key":"SneckoOil"},{"floor":3,"key":"Swift Potion"},{"floor":6,"key":"Weak Potion"},{"floor":10,"key":"BlessingOfTheForge"},{"floor":12,"key":"Strength Potion"},{"floor":13,"key":"PotionOfCapacity"},{"floor":16,"key":"Dexterity Potion"},{"floor":22,"key":"LiquidMemories"},{"floor":23,"key":"Swift Potion"}],"is_trial":false,"path_per_floor":["M","M","?","M","M","E","M","E","T","M","?","M","M","E","R","B",null,"M","?","?","?","M","E","T","NM"],"character_chosen":"DEFECT","items_purchased":["Simple Rune","Guide Book"],"campfire_rested":0,"item_purchase_floors":[0,0],"current_hp_per_floor":[75,75,75,75,73,59,57,50,50,47,40,40,37,61,61,30,75,66,66,66,66,66,65,65,0,0],"gold":146,"neow_bonus":"","is_daily":false,"chose_seed":false,"campfire_upgraded":1,"win_rate":0.0,"timestamp":1610361975,"path_taken":["M","M","?","M","M","E","M","E","T","?","?","?","M","E","R","BOSS","M","?","?","?","M","E","?","NM"],"items_purchased_type":["Relic","Relic"],"build_version":"2020-12-22","purchased_purges":0,"victory":false,"max_hp_per_floor":[75,75,75,75,75,75,75,75,75,75,75,75,75,75,75,75,75,75,75,75,75,75,75,75,75,75],"card_choices":[{"not_picked":["Beam Cell","Ball Lightning"],"picked":"BasicCrystalCard","floor":1},{"not_picked":["Chaos","Go for the Eyes"],"picked":"Panic Button","floor":2},{"not_picked":["Conserve Battery","Go for the Eyes"],"picked":"Hologram","floor":4},{"not_picked":["Steam","Loop"],"picked":"Seek","floor":5},{"not_picked":["Hologram","Meteor Strike"],"picked":"Crystallizer","floor":6},{"not_picked":["Reprogram","Rebound","Beam Cell"],"picked":"SKIP","floor":7},{"not_picked":["Redo","Chill"],"picked":"Hello World","floor":8},{"not_picked":["Steam","Beam Cell","Sweeping Beam"],"picked":"SKIP","floor":10},{"not_picked":["Consume","Ball Lightning","Steam"],"picked":"SKIP","floor":12},{"not_picked":["Ball Lightning","Conserve Battery"],"picked":"Storm","floor":13},{"not_picked":["Doom and Gloom","Redo"],"picked":"Darkness","floor":14},{"not_picked":["Amplify","Multi-Cast"],"picked":"Electrodynamics","floor":16},{"not_picked":["CurseOfTheBell","AbeCurse"],"picked":"ReplayTheSpireMod:IOU","floor":17},{"not_picked":["infinitespire:Pacifist","ReplayTheSpireMod:Doomed"],"picked":"AbeCurse","floor":17},{"not_picked":["Languid","Spreading Infection"],"picked":"Injury","floor":17},{"not_picked":["Meteor Strike","Aggregate","FIFO Queue+1"],"picked":"SKIP","floor":18},{"not_picked":["Panic Button","Barrage+1"],"picked":"Double Energy","floor":22},{"not_picked":["Consume+1","Conserve Battery+1"],"picked":"Storm","floor":23}],"player_experience":341498,"relics_obtained":[{"floor":6,"key":"Nunchaku"},{"floor":8,"key":"halation:LettersToHer"},{"floor":9,"key":"halation:LettersToHer"},{"floor":9,"key":"infinitespire:Broken Mirror"},{"floor":14,"key":"halation:Pancakes"},{"floor":23,"key":"Toxic Egg 2"},{"floor":24,"key":"halation:LettersToHer"},{"floor":24,"key":"aspiration:StickyExplosives_weak"}],"event_choices":[{"damage_healed":0,"gold_gain":0,"player_choice":"Bought 2 Potions","damage_taken":0,"max_hp_gain":0,"max_hp_loss":0,"event_name":"The Woman in Blue","floor":3,"gold_loss":0},{"damage_healed":0,"gold_gain":0,"player_choice":"Damaged","damage_taken":7,"max_hp_gain":0,"max_hp_loss":0,"event_name":"Wheel of Change","floor":11,"gold_loss":0},{"cards_removed":["Seek"],"damage_healed":0,"gold_gain":0,"player_choice":"Give","damage_taken":0,"max_hp_gain":0,"max_hp_loss":0,"event_name":"betterNote:BetterNote","floor":19,"gold_loss":0,"cards_obtained":["Strike_P"]},{"damage_healed":0,"gold_gain":0,"player_choice":"Inject Mutagens","damage_taken":0,"relics_obtained":["MutagenicStrength"],"max_hp_gain":0,"max_hp_loss":0,"event_name":"Drug Dealer","floor":21,"gold_loss":0}],"is_beta":false,"boss_relics":[{"not_picked":["Sozu","halation:MonkeysPaw"],"picked":"Replay:Ancient Bell"},{"not_picked":["Bag of Preparation","Strawberry"],"picked":"aspiration:EnhancedActuators"},{"not_picked":["halation:Toothbrush","Chameleon Ring"],"picked":"Gremlin Horn"},{"not_picked":["Dead Branch","Ginger"],"picked":"WingedGreaves"}],"items_purged_floors":[],"is_endless":false,"potions_floor_spawned":[2,6,10,12,13,16,22,23],"killed_by":"Nightmare","ascension_level":0}}