{"host":"ga4s3hj9m6nkn6gp","time":1610360336,"event":{"mods":["AchievementEnabler","BaseMod","Bestiary","Colored Powertips","Highlight Path","Minty Spire (QoL Compilation)","Relic Stats","everything is the same but u backflip on backflip"],"gold_per_floor":[114,114,129,142,160,160,203,216,243,243,243],"floor_reached":10,"playtime":524,"items_purged":[],"score":140,"play_id":"c241f3d9-1937-449c-98ac-9d9e9d6a74af","local_time":"20210111111856","is_ascension_mode":true,"campfire_choices":[{"data":"Skewer","floor":6,"key":"SMITH"}],"circlet_count":0,"master_deck":["AscendersBane","Strike_G","Strike_G","Strike_G","Strike_G","Strike_G","Defend_G","Defend_G","Defend_G","Defend_G","Defend_G","Survivor","Neutralize","Skewer+1","Sucker Punch","Eviscerate","Deadly Poison"],"relics":["Ring of the Snake","Golden Idol","Bag of Preparation","Omamori"],"acts_visited":["Exordium"],"potions_floor_usage":[5,7,10],"damage_taken":[{"damage":4.0,"enemies":"Small Slimes","floor":1.0,"turns":4.0},{"damage":1.0,"enemies":"Jaw Worm","floor":3.0,"turns":3.0},{"damage":0.0,"enemies":"2 Louse","floor":4.0,"turns":3.0},{"damage":2,"enemies":"Red Slaver","floor":5,"turns":3},{"damage":24,"enemies":"3 Sentries","floor":7,"turns":7},{"damage":10,"enemies":"2 Fungi Beasts","floor":8,"turns":3},{"damage":26,"enemies":"Gremlin Nob","floor":10,"turns":3}],"seed_played":"5451235912048183367","potions_obtained":[{"floor":3.0,"key":"FearPotion"},{"floor":4.0,"key":"Explosive Potion"},{"floor":5,"key":"AttackPotion"}],"is_trial":false,"path_per_floor":["M","?","M","M","M","R","E","M","T","E"],"character_chosen":"THE_SILENT","items_purchased":[],"campfire_rested":0,"item_purchase_floors":[],"current_hp_per_floor":[61,61,60,60,58,58,34,24,24,0,0],"gold":243,"neow_bonus":"TEN_PERCENT_HP_BONUS","is_daily":false,"chose_seed":false,"campfire_upgraded":1,"win_rate":0.0,"timestamp":1610360336,"path_taken":["M","?","M","M","M","R","E","M","T","E"],"items_purchased_type":[],"build_version":"2020-12-22","purchased_purges":0,"victory":false,"max_hp_per_floor":[72,65,65,65,65,65,65,65,65,65,65],"relic_stats":{"counters":[7,26],"Golden Idol":22,"Bag of Preparation":[4],"obtain_stats":[{"Golden Idol":2,"Bag of Preparation":7,"Omamori":9,"Ring of the Snake":0},{"Golden Idol":1,"Bag of Preparation":5,"Omamori":6,"Ring of the Snake":0},{"Golden Idol":4,"Bag of Preparation":20,"Omamori":23,"Ring of the Snake":0}],"Ring of the Snake":[14]},"card_choices":[{"not_picked":["Poisoned Stab","Backflip"],"picked":"Skewer","floor":1.0},{"not_picked":["PiercingWail","Calculated Gamble"],"picked":"Sucker Punch","floor":3.0},{"not_picked":["Flechettes","Underhanded Strike","Bane"],"picked":"SKIP","floor":4.0},{"not_picked":["Footwork","Heel Hook"],"picked":"Eviscerate","floor":5},{"not_picked":["Bane","Choke"],"picked":"Deadly Poison","floor":7},{"not_picked":["Blur","Tactician","Concentrate"],"picked":"SKIP","floor":8}],"player_experience":607533,"relics_obtained":[{"floor":7,"key":"Bag of Preparation"},{"floor":9,"key":"Omamori"}],"event_choices":[{"damage_healed":0.0,"max_hp_gain":0.0,"max_hp_loss":7.0,"gold_gain":0.0,"event_name":"Golden Idol","player_choice":"Lose Max HP","floor":2.0,"gold_loss":0.0,"damage_taken":0.0,"relics_obtained":["Golden Idol"]}],"is_beta":false,"boss_relics":[],"items_purged_floors":[],"is_endless":false,"potions_floor_spawned":[3,4,5],"killed_by":"Gremlin Nob","ascension_level":20}}