{"host":"9kesdg97wkrx2bva","time":1610398738,"event":{"mods":["AchievementEnabler","BaseMod","Colored Map","Downfall","GifTheSpireLib","Infinite Spire","Minty Spire (QoL Compilation)","Replay The Spire","StSLib"],"gold_per_floor":[109,121,10,35,35,35,64,84,166,193,213,232,232,243,243,243,243],"floor_reached":16,"playtime":271,"items_purged":["Strike_B"],"score":247,"play_id":"d2118520-5806-4874-aa02-88f0760c19a3","local_time":"20210111155858","is_ascension_mode":true,"campfire_choices":[{"data":"Zap","floor":6,"key":"SMITH"},{"data":"Thunder Strike","floor":15,"key":"SMITH"}],"circlet_count":0,"master_deck":["AscendersBane","Strike_B","Strike_B","Defend_B","Defend_B","Defend_B","Defend_B","Zap+1","Dualcast","Ball Lightning","Sweeping Beam","Rebound+1","Thunder Strike+1","Streamline","Consume","Compile Driver"],"relics":["Cracked Core","NeowsBlessing","Bag of Marbles","Gremlin Horn","Golden Egg","CaptainsWheel"],"acts_visited":["Exordium"],"potions_floor_usage":[10,10,16],"damage_taken":[{"damage":0,"enemies":"Cultist","floor":1,"turns":1},{"damage":0,"enemies":"2 Louse","floor":2,"turns":1},{"damage":0,"enemies":"Gremlin Nob","floor":7,"turns":1},{"damage":0,"enemies":"Small Slimes","floor":8,"turns":1},{"damage":10,"enemies":"3 Sentries","floor":10,"turns":4},{"damage":11,"enemies":"Exordium Thugs","floor":11,"turns":3},{"damage":0,"enemies":"3 Louse","floor":12,"turns":2},{"damage":0,"enemies":"Large Slime","floor":14,"turns":4},{"damage":49,"enemies":"Hexaghost","floor":16,"turns":7}],"seed_played":"541612726583493199","potions_obtained":[{"floor":5,"key":"Adrenaline Potion"},{"floor":5,"key":"Weak Potion"},{"floor":8,"key":"Energy Potion"},{"floor":10,"key":"Milkshake"},{"floor":12,"key":"Death Potion"}],"is_trial":false,"path_per_floor":["M","M","$","T","?","R","E","M","T","E","M","M","?","M","R","B"],"character_chosen":"DEFECT","items_purchased":["Rebound+1"],"campfire_rested":0,"item_purchase_floors":[3],"current_hp_per_floor":[64,64,64,64,64,64,64,64,64,54,43,43,43,43,43,0,0],"gold":243,"neow_bonus":"THREE_ENEMY_KILL","is_daily":false,"chose_seed":false,"campfire_upgraded":2,"win_rate":0.0,"timestamp":1610398738,"path_taken":["M","M","$","?","?","R","E","?","T","E","M","M","?","M","R","BOSS"],"items_purchased_type":["Card"],"build_version":"2020-12-22","purchased_purges":1,"victory":false,"max_hp_per_floor":[71,71,71,71,71,71,71,71,71,71,71,71,71,71,71,71,71],"card_choices":[{"not_picked":["Compile Driver","Coolheaded"],"picked":"Ball Lightning","floor":1},{"not_picked":["Undo","Hologram"],"picked":"Sweeping Beam","floor":2},{"not_picked":["FIFO Queue","Double Energy"],"picked":"Thunder Strike","floor":7},{"not_picked":["Steam","Stack"],"picked":"Streamline","floor":8},{"not_picked":["Coolheaded","Stack","Streamline"],"picked":"SKIP","floor":10},{"not_picked":["Reboot","Panic Button"],"picked":"Consume","floor":11},{"not_picked":["Turbo","Cold Snap"],"picked":"Compile Driver","floor":12},{"not_picked":["Sweeping Beam","Stack","Panic Button"],"picked":"SKIP","floor":14}],"player_experience":926350,"relics_obtained":[{"floor":4,"key":"Bag of Marbles"},{"floor":7,"key":"Gremlin Horn"},{"floor":9,"key":"Golden Egg"},{"floor":10,"key":"CaptainsWheel"}],"event_choices":[{"damage_healed":0,"gold_gain":0,"player_choice":"Got Potions","damage_taken":0,"max_hp_gain":0,"max_hp_loss":0,"event_name":"Lab","floor":5,"gold_loss":0}],"is_beta":false,"boss_relics":[],"items_purged_floors":[3],"is_endless":false,"potions_floor_spawned":[7,8,10,12],"killed_by":"Hexaghost","ascension_level":16}}