{"host":"m113y2j4kbc0e5kb","time":1610326778,"event":{"mods":["BaseMod","Colored Powertips","Lobotomy","LobotomyExtend","Minty Spire (QoL Compilation)","StSLib"],"gold_per_floor":[111,111,41,61,75,75,89,115,115,130,130,147,167,177,177,280,280,280,280],"floor_reached":18,"playtime":1014,"items_purged":[],"score":181,"play_id":"cc925ca9-a791-433c-9fcd-7628dd065b39","local_time":"20210111095938","is_ascension_mode":false,"campfire_choices":[],"circlet_count":0,"master_deck":["SpecialBullet","SpecialBullet","SpecialBullet","SpecialBullet","SpecialBullet","SpecialBullet","InformationCode","SecurityCode","CentralCode","DaCapo+1","UniverseFragment","Beak","WristCuter","WristCuter","CrumblingArmor","BigBadWolf","TodaysExpression","NakedNest","Beak","BloodyDesire","ExtractionCode","GreenStem","TheSmile","CrimsonScar+1","Hypocrisy+1","Laetitia_ego+1"],"relics":["CogitoBucket","RabbitCall","LetterFromLob","Odd Mushroom","War Paint","AspirationHeart","Astrolabe"],"acts_visited":["Exordium","TheCity"],"potions_floor_usage":[],"damage_taken":[{"damage":11,"enemies":"Jaw Worm","floor":1,"turns":3},{"damage":0,"enemies":"Cultist","floor":4,"turns":2},{"damage":0,"enemies":"2 Louse","floor":5,"turns":2},{"damage":0,"enemies":"Exordium Wildlife","floor":7,"turns":2},{"damage":0,"enemies":"The Mushroom Lair","floor":8,"turns":2},{"damage":41,"enemies":"Large Slime","floor":10,"turns":6},{"damage":1,"enemies":"3 Louse","floor":12,"turns":2},{"damage":0,"enemies":"Looter","floor":13,"turns":2},{"damage":0,"enemies":"Large Slime","floor":14,"turns":3},{"damage":48,"enemies":"The Guardian","floor":16,"turns":7},{"damage":17,"enemies":"Chosen","floor":18,"turns":2}],"seed_played":"8265815492362315317","potions_obtained":[{"floor":5,"key":"SteroidPotion"},{"floor":7,"key":"CultistPotion"},{"floor":12,"key":"LiquidBronze"}],"is_trial":false,"path_per_floor":["M","?","$","M","M","R","M","?","T","M","R","M","M","M","R","B",null,"M"],"character_chosen":"Angela","items_purchased":["Beak","WristCuter"],"campfire_rested":0,"item_purchase_floors":[3,3],"current_hp_per_floor":[67,67,67,70,70,70,70,70,70,51,51,58,66,78,78,38,88,71,71],"gold":280,"neow_bonus":"ONE_RANDOM_RARE_CARD","is_daily":false,"chose_seed":false,"campfire_upgraded":0,"win_rate":0.0,"timestamp":1610326778,"path_taken":["M","?","?","M","M","R","M","?","T","M","R","M","M","M","R","BOSS","M"],"items_purchased_type":["Card","Card"],"build_version":"2020-12-22","purchased_purges":0,"victory":false,"max_hp_per_floor":[70,70,70,70,70,70,70,70,70,84,84,84,84,88,88,88,88,88,88],"card_choices":[{"not_picked":["FairyFestival","Bloodbath"],"picked":"UniverseFragment","floor":1},{"not_picked":["Pleasure"],"picked":"Hypocrisy","floor":1},{"not_picked":["Murderer","Scarecrow"],"picked":"QueenBee","floor":4},{"not_picked":["CUTE","RapturousDream"],"picked":"SKIP","floor":4},{"not_picked":["RedEyes"],"picked":"WristCuter","floor":5},{"not_picked":["ShyLook","MeatLantern"],"picked":"CrumblingArmor","floor":5},{"not_picked":["Gaze","CUTE"],"picked":"SKIP","floor":7},{"not_picked":["LittleHelper","Murderer"],"picked":"BigBadWolf","floor":8},{"not_picked":["Soda"],"picked":"TodaysExpression","floor":10},{"not_picked":["ShyLook","PunishingBird"],"picked":"NakedNest","floor":10},{"not_picked":["InTheNameOfLoveAndHate"],"picked":"Beak","floor":12},{"not_picked":["Gaze"],"picked":"BloodyDesire","floor":13},{"not_picked":["RapturousDream"],"picked":"GreenStem","floor":14},{"not_picked":["HeroicMonk","MeatLantern"],"picked":"OldLady","floor":14},{"not_picked":["DaCapo","SoundOfStar"],"picked":"TheSmile","floor":16}],"player_experience":1125049,"relics_obtained":[{"floor":1,"key":"LetterFromLob"},{"floor":8,"key":"Odd Mushroom"},{"floor":9,"key":"War Paint"}],"event_choices":[{"damage_healed":0,"gold_gain":0,"player_choice":"Ignored","damage_taken":0,"max_hp_gain":0,"max_hp_loss":0,"event_name":"NoteForYourself","floor":2,"gold_loss":0},{"damage_healed":0,"gold_gain":0,"player_choice":"Fought Mushrooms","damage_taken":0,"max_hp_gain":0,"max_hp_loss":0,"event_name":"Mushrooms","floor":8,"gold_loss":0}],"is_beta":false,"boss_relics":[{"not_picked":["Empty Cage","Runic Dome"],"picked":"Astrolabe"}],"items_purged_floors":[],"is_endless":false,"potions_floor_spawned":[5,7,12],"killed_by":"Chosen","ascension_level":0}}