{"host":"80x1ozqd5wpd4nvo","time":1610382769,"event":{"mods":["2.2 Compatiblity","Aspiration","BaseMod","Better Altar","Better Match","Better Note","Better Sensory Stone","Better Skull","Better Third Choice","BetterRewards","Card Forge","Custom Start","DNKmod","Defuse TimeMaze Blight","Dota2Spire","Ekko","Energized Spire","Friendly Minions","GifTheSpireLib","Hubris","Infinite Spire","Minty Spire (QoL Compilation)","Permanent Neow","Shop Mod","Spicy Shops","StSLib","The Blue Laboratory","??????REMEMod"],"gold_per_floor":[1219,1219,1219,1234,939,974,974,986,986,1009,1009,1009,1027,1063,1063,1194,1194,1212,1230,1230,1279,1298,1337,1350,1350,1350,1383,1383,1406,1427,1427,1427,1557,1557,1576,1576,1576,1576,1601,1601,1653,1677,1700,1713,1749,1768,1788,1832,1832,1832,1832,1832,711,745,745],"floor_reached":56,"playtime":2459,"items_purged":["ekkoTheBoyWhoShatteredTime:Defend","ekkoTheBoyWhoShatteredTime:Strike"],"score":1691,"play_id":"3a0063cd-70f3-4adf-a5d5-ecb7d9780a3c","local_time":"20210111173249","is_ascension_mode":true,"campfire_choices":[{"data":"ekkoTheBoyWhoShatteredTime:PhaseDive","floor":7,"key":"SMITH"},{"data":"ekkoTheBoyWhoShatteredTime:HauntedAfterimage","floor":12,"key":"SMITH"},{"data":"ekkoTheBoyWhoShatteredTime:Powered","floor":15,"key":"SMITH"},{"data":"ekkoTheBoyWhoShatteredTime:Periocharge","floor":25,"key":"SMITH"},{"data":"ekkoTheBoyWhoShatteredTime:NashorsTooth","floor":32,"key":"SMITH"},{"data":"ekkoTheBoyWhoShatteredTime:SneakHit","floor":40,"key":"SMITH"},{"floor":49,"key":"RECALL"},{"data":"ekkoTheBoyWhoShatteredTime:NaggingBlow","floor":52,"key":"SMITH"}],"circlet_count":0,"master_deck":["ekkoTheBoyWhoShatteredTime:Strike","ekkoTheBoyWhoShatteredTime:Strike","ekkoTheBoyWhoShatteredTime:Strike","ekkoTheBoyWhoShatteredTime:Strike","ekkoTheBoyWhoShatteredTime:Defend","ekkoTheBoyWhoShatteredTime:Defend","ekkoTheBoyWhoShatteredTime:Defend","ekkoTheBoyWhoShatteredTime:TimeMaster+1","ekkoTheBoyWhoShatteredTime:Powered+1","ekkoTheBoyWhoShatteredTime:PhaseDive+1","Finesse+1","ekkoTheBoyWhoShatteredTime:NeedlesslyLargeRod+1","ekkoTheBoyWhoShatteredTime:NeedlesslyLargeRod+1","ekkoTheBoyWhoShatteredTime:NaggingBlow+1","ekkoTheBoyWhoShatteredTime:RecallingPunch","ekkoTheBoyWhoShatteredTime:HauntedAfterimage+1","ekkoTheBoyWhoShatteredTime:ProjectPreference","ekkoTheBoyWhoShatteredTime:CalmingWaves+1","ekkoTheBoyWhoShatteredTime:Periocharge+1","ekkoTheBoyWhoShatteredTime:Dash+1","ekkoTheBoyWhoShatteredTime:DefensiveStance+1","ekkoTheBoyWhoShatteredTime:LichBane+1","ekkoTheBoyWhoShatteredTime:HextechProtobelt","ekkoTheBoyWhoShatteredTime:WaitForKeyTiming+1","ekkoTheBoyWhoShatteredTime:FeelIt+1","ekkoTheBoyWhoShatteredTime:SandstormSympathy+1","ekkoTheBoyWhoShatteredTime:NashorsTooth+1","ekkoTheBoyWhoShatteredTime:TrinityForce+1","ekkoTheBoyWhoShatteredTime:SneakHit+1","ekkoTheBoyWhoShatteredTime:SpHit+1","ekkoTheBoyWhoShatteredTime:Disturblast+1","ekkoTheBoyWhoShatteredTime:NeedlesslyLargeRod+1","ekkoTheBoyWhoShatteredTime:HauntingGuise+1","ekkoTheBoyWhoShatteredTime:NeedlesslyLargeRod+1","ekkoTheBoyWhoShatteredTime:NashorsTooth+1","ekkoTheBoyWhoShatteredTime:NashorsTooth+1","ekkoTheBoyWhoShatteredTime:Unleashed+1","Finesse+1","ekkoTheBoyWhoShatteredTime:LevelUp+1"],"relics":["ekkoTheBoyWhoShatteredTime:zDriveResonance","Hammer of Thor","Seething Fire","Anvil of the Gods","REME_ComplimentaryCards","aspiration:Nostalgia","Ring of the Snake","Toxic Egg 2","Membership Card","Nunchaku","Tiny Chest","aspiration:HummingbirdHeart","hubris:SlimyHat","Golden Idol","Eternal Feather","energizedSpire:CursedPentagram","Dota2Spire:Mjollnir","Anchor","Dota2Spire:ArcaneBoots","HornCleat","hubris:MysteriousPyramids","Dota2Spire:Dagon","hubris:Backtick","Mummified Hand","hubris:Towel","hubris:Icosahedron","Bronze Scales","Kunai","Dota2Spire:MagicBottle","Vajra","ekkoTheBoyWhoShatteredTime:TwistedClockwork","Sling","TheAbacus","Pen Nib","aspiration:FrozenJewel","Centennial Puzzle"],"acts_visited":["Exordium","TheCity","TheBeyond","TheEnding"],"potions_floor_usage":[16,33,44,50,55,55,55],"damage_taken":[{"damage":0,"enemies":"2 Louse","floor":1,"turns":2},{"damage":0,"enemies":"Jaw Worm","floor":4,"turns":2},{"damage":18,"enemies":"Lagavulin","floor":6,"turns":4},{"damage":0,"enemies":"Small Slimes","floor":8,"turns":1},{"damage":0,"enemies":"Blue Slaver","floor":13,"turns":2},{"damage":0,"enemies":"Gremlin Nob","floor":14,"turns":2},{"damage":1,"enemies":"Slime Boss","floor":16,"turns":5},{"damage":0,"enemies":"2 Thieves","floor":18,"turns":3},{"damage":0,"enemies":"3 Byrds","floor":19,"turns":3},{"damage":0,"enemies":"Snake Plant","floor":22,"turns":3},{"damage":0,"enemies":"REME_1_Revenger","floor":23,"turns":3},{"damage":0,"enemies":"3 Cultists","floor":24,"turns":2},{"damage":0,"enemies":"Gremlin Leader","floor":27,"turns":3},{"damage":0,"enemies":"Cultist and Chosen","floor":29,"turns":2},{"damage":0,"enemies":"Snake Plant","floor":30,"turns":1},{"damage":2,"enemies":"hubris:MusketHawk","floor":33,"turns":3},{"damage":0,"enemies":"Orb Walker","floor":35,"turns":1},{"damage":0,"enemies":"3 Shapes","floor":39,"turns":2},{"damage":0,"enemies":"3 Darklings","floor":42,"turns":2},{"damage":0,"enemies":"Spire Growth","floor":44,"turns":2},{"damage":0,"enemies":"Reptomancer","floor":45,"turns":2},{"damage":0,"enemies":"Writhing Mass","floor":46,"turns":1},{"damage":0,"enemies":"Maw","floor":47,"turns":3},{"damage":0,"enemies":"Nemesis","floor":48,"turns":3},{"damage":40,"enemies":"Time Eater","floor":50,"turns":7},{"damage":8,"enemies":"Shield and Spear","floor":54,"turns":4},{"damage":0,"enemies":"The Heart","floor":55,"turns":3}],"seed_played":"-7817401863084394701","potions_obtained":[{"floor":4,"key":"Explosive Potion"},{"floor":23,"key":"Strength Potion"},{"floor":29,"key":"Fire Potion"},{"floor":33,"key":"blueLaboratory:PhilterOfMotion"},{"floor":42,"key":"ColorlessPotion"},{"floor":44,"key":"blueLaboratory:BottleOfVodka"}],"is_trial":false,"path_per_floor":["M","?","?","M","$","E","R","M","T","T","?","R","M","E","R","B",null,"M","M","?","T","M","E","M","R","T","E","?","M","M","T","R","B",null,"M","?","?","?","M","R","T","M","T","M","E","M","M","E","R","B",null,"R","$","E","B",null],"character_chosen":"EKKO_THE_BOY_WHO_SHATTERED_TIME","items_purchased":["Membership Card","ekkoTheBoyWhoShatteredTime:NeedlesslyLargeRod","ekkoTheBoyWhoShatteredTime:NaggingBlow","Nunchaku","Vajra","ekkoTheBoyWhoShatteredTime:TwistedClockwork","Sling","TheAbacus","ekkoTheBoyWhoShatteredTime:Unleashed+1","blueLaboratory:FruitPunch","Finesse+1","Pen Nib","Dota2Spire:HealingSalve","aspiration:FrozenJewel","blueLaboratory:ImpenetrablePotion"],"campfire_rested":0,"item_purchase_floors":[5,5,5,5,53,53,53,53,53,53,53,53,53,53,53],"current_hp_per_floor":[100,100,100,100,100,82,82,82,82,82,82,82,82,82,92,91,92,92,92,92,92,92,92,92,92,92,92,92,92,92,92,92,90,92,92,92,92,87,87,87,87,87,87,87,87,84,84,84,84,44,84,84,84,76,84],"gold":745,"neow_bonus":"NOSTALGIA","is_daily":false,"chose_seed":false,"campfire_upgraded":7,"win_rate":0.0,"timestamp":1610382769,"path_taken":["M","?","?","M","$","E","R","M","T","?","?","R","M","E","R","BOSS","M","M","?","?","M","E","M","R","T","E","?","?","?","?","R","BOSS","M","?","?","?","M","R","?","?","T","M","E","M","M","E","R","BOSS","R","$","E","BOSS"],"items_purchased_type":["Relic","Card","Card","Relic","Relic","Relic","Relic","Relic","Card","Potion","Card","Relic","Potion","Relic","Potion"],"build_version":"2020-12-22","purchased_purges":2,"victory":true,"max_hp_per_floor":[100,100,100,100,100,100,100,100,100,100,92,92,92,92,92,92,92,92,92,92,92,92,92,92,92,92,92,92,92,92,92,92,92,92,92,92,92,87,87,87,87,87,87,87,87,84,84,84,84,84,84,84,84,84,86],"card_choices":[{"not_picked":["ekkoTheBoyWhoShatteredTime:WaitForKeyTiming","ekkoTheBoyWhoShatteredTime:DelayedWork"],"picked":"ekkoTheBoyWhoShatteredTime:PhaseDive","floor":1},{"not_picked":["Mind Blast","hubris:Insight+1"],"picked":"Finesse+1","floor":3},{"not_picked":["ekkoTheBoyWhoShatteredTime:SpHit","ekkoTheBoyWhoShatteredTime:AfterimageTease"],"picked":"ekkoTheBoyWhoShatteredTime:NeedlesslyLargeRod","floor":4},{"not_picked":["ekkoTheBoyWhoShatteredTime:TimeRecall+1","ekkoTheBoyWhoShatteredTime:Timewinder"],"picked":"ekkoTheBoyWhoShatteredTime:RecallingPunch","floor":6},{"not_picked":["ekkoTheBoyWhoShatteredTime:TimeRecall+1","ekkoTheBoyWhoShatteredTime:IceBreak"],"picked":"ekkoTheBoyWhoShatteredTime:HauntedAfterimage","floor":8},{"not_picked":["ekkoTheBoyWhoShatteredTime:DefensiveStance","ekkoTheBoyWhoShatteredTime:KeepingMomentum+1"],"picked":"ekkoTheBoyWhoShatteredTime:ProjectPreference","floor":13},{"not_picked":["ekkoTheBoyWhoShatteredTime:Leap+1","ekkoTheBoyWhoShatteredTime:NeedlesslyLargeRod"],"picked":"ekkoTheBoyWhoShatteredTime:CalmingWaves+1","floor":14},{"not_picked":["ekkoTheBoyWhoShatteredTime:PulsefirePooling+1","ekkoTheBoyWhoShatteredTime:TrickOrTreatTrend+1"],"picked":"ekkoTheBoyWhoShatteredTime:Periocharge","floor":16},{"not_picked":["ekkoTheBoyWhoShatteredTime:HailOfBlades+1","ekkoTheBoyWhoShatteredTime:Backtrack+1"],"picked":"ekkoTheBoyWhoShatteredTime:Dash+1","floor":18},{"not_picked":["ekkoTheBoyWhoShatteredTime:DelayedWork","ekkoTheBoyWhoShatteredTime:RecallingPunch"],"picked":"ekkoTheBoyWhoShatteredTime:DefensiveStance+1","floor":19},{"not_picked":["ekkoTheBoyWhoShatteredTime:NaggingBlow","ekkoTheBoyWhoShatteredTime:Vibin+1"],"picked":"ekkoTheBoyWhoShatteredTime:LichBane+1","floor":22},{"not_picked":["ekkoTheBoyWhoShatteredTime:SpHit","ekkoTheBoyWhoShatteredTime:AfterimageSetup+1"],"picked":"ekkoTheBoyWhoShatteredTime:HextechProtobelt","floor":23},{"not_picked":["ekkoTheBoyWhoShatteredTime:TimeRecall+1","ekkoTheBoyWhoShatteredTime:Confident"],"picked":"ekkoTheBoyWhoShatteredTime:WaitForKeyTiming+1","floor":24},{"not_picked":["ekkoTheBoyWhoShatteredTime:NaggingBlow","ekkoTheBoyWhoShatteredTime:AfterimageDualStroke"],"picked":"ekkoTheBoyWhoShatteredTime:FeelIt+1","floor":27},{"not_picked":["ekkoTheBoyWhoShatteredTime:WaitForKeyTiming+1","ekkoTheBoyWhoShatteredTime:Knowledge+1"],"picked":"ekkoTheBoyWhoShatteredTime:SandstormSympathy+1","floor":29},{"not_picked":["ekkoTheBoyWhoShatteredTime:BansheesVeil","ekkoTheBoyWhoShatteredTime:AfterimageTimeWrap"],"picked":"ekkoTheBoyWhoShatteredTime:NashorsTooth","floor":30},{"not_picked":["ekkoTheBoyWhoShatteredTime:URF+1","ekkoTheBoyWhoShatteredTime:SktSynergy"],"picked":"ekkoTheBoyWhoShatteredTime:TrinityForce","floor":33},{"not_picked":["ekkoTheBoyWhoShatteredTime:Greed+1","ekkoTheBoyWhoShatteredTime:Backtrack+1"],"picked":"ekkoTheBoyWhoShatteredTime:SneakHit","floor":35},{"not_picked":["ekkoTheBoyWhoShatteredTime:Greed+1","ekkoTheBoyWhoShatteredTime:TimeRecall+1"],"picked":"ekkoTheBoyWhoShatteredTime:SpHit+1","floor":39},{"not_picked":["ekkoTheBoyWhoShatteredTime:Timewinder+1","ekkoTheBoyWhoShatteredTime:Greed+1"],"picked":"ekkoTheBoyWhoShatteredTime:Disturblast+1","floor":42},{"not_picked":["ekkoTheBoyWhoShatteredTime:Dash+1","ekkoTheBoyWhoShatteredTime:FluidEnergy+1"],"picked":"ekkoTheBoyWhoShatteredTime:NeedlesslyLargeRod+1","floor":44},{"not_picked":["ekkoTheBoyWhoShatteredTime:CalmingWaves+1","ekkoTheBoyWhoShatteredTime:BansheesVeil+1"],"picked":"ekkoTheBoyWhoShatteredTime:HauntingGuise+1","floor":45},{"not_picked":["ekkoTheBoyWhoShatteredTime:SpHit+1","ekkoTheBoyWhoShatteredTime:Unchained"],"picked":"ekkoTheBoyWhoShatteredTime:NeedlesslyLargeRod+1","floor":46},{"not_picked":["ekkoTheBoyWhoShatteredTime:AfterimageDualStroke+1","ekkoTheBoyWhoShatteredTime:WaitForKeyTiming+1"],"picked":"ekkoTheBoyWhoShatteredTime:NashorsTooth+1","floor":47},{"not_picked":["ekkoTheBoyWhoShatteredTime:URF+1","ekkoTheBoyWhoShatteredTime:MicCheck+1","ekkoTheBoyWhoShatteredTime:SneakHit+1"],"picked":"SKIP","floor":48},{"not_picked":["ekkoTheBoyWhoShatteredTime:Unchained+1","ekkoTheBoyWhoShatteredTime:DefensiveStance"],"picked":"ekkoTheBoyWhoShatteredTime:LevelUp+1","floor":54}],"player_experience":238982,"relics_obtained":[{"floor":6,"key":"Tiny Chest"},{"floor":9,"key":"aspiration:HummingbirdHeart"},{"floor":10,"key":"hubris:SlimyHat"},{"floor":14,"key":"Eternal Feather"},{"floor":21,"key":"Anchor"},{"floor":23,"key":"Dota2Spire:ArcaneBoots"},{"floor":26,"key":"HornCleat"},{"floor":27,"key":"hubris:MysteriousPyramids"},{"floor":31,"key":"Dota2Spire:Dagon"},{"floor":43,"key":"Bronze Scales"},{"floor":45,"key":"Kunai"},{"floor":48,"key":"Dota2Spire:MagicBottle"},{"floor":54,"key":"Centennial Puzzle"}],"event_choices":[{"damage_healed":0,"gold_gain":1,"player_choice":"1","damage_taken":0,"max_hp_gain":0,"max_hp_loss":0,"event_name":"betterStone:BetterStone","floor":3,"gold_loss":0},{"damage_healed":0,"gold_gain":0,"player_choice":"Lose Max HP","damage_taken":0,"relics_obtained":["Golden Idol"],"max_hp_gain":0,"max_hp_loss":8,"event_name":"Golden Idol","floor":11,"gold_loss":0},{"damage_healed":0,"gold_gain":0,"player_choice":"Opened","damage_taken":0,"relics_obtained":["Dota2Spire:Mjollnir"],"max_hp_gain":0,"max_hp_loss":0,"event_name":"The Mausoleum","floor":20,"gold_loss":0,"cards_obtained":["Writhe"]},{"damage_healed":0,"gold_gain":0,"player_choice":"Ignored","damage_taken":0,"max_hp_gain":0,"max_hp_loss":0,"event_name":"N\u0027loth","floor":28,"gold_loss":0},{"damage_healed":0,"gold_gain":0,"player_choice":"Max HP","damage_taken":0,"max_hp_gain":0,"max_hp_loss":5,"event_name":"Winding Halls","floor":38,"gold_loss":0}],"is_beta":false,"boss_relics":[{"not_picked":["Ectoplasm","Velvet Choker"],"picked":"energizedSpire:CursedPentagram"},{"not_picked":["energizedSpire:OgreHead","Busted Crown"],"picked":"hubris:Backtick"}],"items_purged_floors":[53,53],"is_endless":false,"potions_floor_spawned":[4,23,29,33,42,44,47,48],"ascension_level":1}}