{"host":"3po7ngt2j61s4rmj","time":1610342921,"event":{"mods":["Act Like it!","BaseMod","Hermit","JesterMod","Minty Spire (QoL Compilation)","Relic Stats","Shade Mod","StSLib"],"gold_per_floor":[113,63,83,99,6,6,31,31,31,77,77,114,150,184,184,302,302,338,338,263,263,293,338,366,366,419,124,124,139,139,18,18,128,128,150,150,150,60,84,120,120,42,42,71,71,98,0,11,11,11,11,11,11,45,45,45],"floor_reached":55,"playtime":18766,"items_purged":["jesterMod:Strike+1"],"score":875,"play_id":"b451e8bd-b4cf-42b9-947c-213dc17b0efc","local_time":"20210110222841","is_ascension_mode":true,"campfire_choices":[{"data":"jesterMod:DancingMad","floor":6.0,"key":"SMITH"},{"floor":8.0,"key":"REST"},{"floor":11.0,"key":"REST"},{"data":"jesterMod:Swiftness","floor":15.0,"key":"SMITH"},{"data":"jesterMod:Strike+1","floor":25.0,"key":"PURGE"},{"data":"jesterMod:Juggler","floor":28.0,"key":"SMITH"},{"floor":30,"key":"REST"},{"data":"jesterMod:Patience","floor":32,"key":"SMITH"},{"floor":41,"key":"RECALL"},{"floor":45,"key":"REST"},{"floor":49,"key":"REST"},{"data":"jesterMod:Loot","floor":52,"key":"PURGE"}],"circlet_count":0,"master_deck":["jesterMod:Sickle","jesterMod:Defend+1","jesterMod:Defend+1","jesterMod:Defend+1","jesterMod:Dodge","jesterMod:DancingMad+1","jesterMod:Illness","jesterMod:Prankster","Bandage Up","jesterMod:Swiftness+1","jesterMod:HitAndRun","jesterMod:Prankster+1","jesterMod:Juggler+1","jesterMod:Prankster","jesterMod:Mending+1","jesterMod:Procrastination+1","jesterMod:BoilDown","jesterMod:Patience+1","jesterMod:Momentum","jesterMod:Inspiration+1","Madness","Madness","jesterMod:Tinker+1","jesterMod:DanceOfChaos+1","jesterMod:Frenzy","jesterMod:Mending+1","jesterMod:Dilapidation+1","jesterMod:Talion+1"],"relics":["Philosopher\u0027s Stone","White Beast Statue","Orichalcum","jesterMod:LoadedDice","Nloth\u0027s Gift","Peace Pipe","Vajra","Bag of Preparation","Chemical X","jesterMod:HauntedLute","jesterMod:LargeSleeves","Red Mask","Mummified Hand"],"acts_visited":["Exordium","TheCity","TheBeyond","TheEnding"],"potions_floor_usage":[33,33,35,39,40,50,55,55,55],"damage_taken":[{"damage":0.0,"enemies":"2 Louse","floor":1.0,"turns":3.0},{"damage":3.0,"enemies":"Small Slimes","floor":3.0,"turns":4.0},{"damage":0.0,"enemies":"Jaw Worm","floor":4.0,"turns":4.0},{"damage":52.0,"enemies":"3 Sentries","floor":7.0,"turns":17.0},{"damage":34.0,"enemies":"Lagavulin","floor":10.0,"turns":9.0},{"damage":1.0,"enemies":"Red Slaver","floor":12.0,"turns":6.0},{"damage":9.0,"enemies":"Large Slime","floor":13.0,"turns":5.0},{"damage":2.0,"enemies":"Looter","floor":14.0,"turns":3.0},{"damage":11.0,"enemies":"The Guardian","floor":16.0,"turns":15.0},{"damage":6.0,"enemies":"Shell Parasite","floor":18.0,"turns":5.0},{"damage":1.0,"enemies":"Spheric Guardian","floor":22.0,"turns":3.0},{"damage":6.0,"enemies":"Book of Stabbing","floor":23.0,"turns":5.0},{"damage":28.0,"enemies":"Centurion and Healer","floor":24.0,"turns":5.0},{"damage":0.0,"enemies":"Snecko","floor":29.0,"turns":4.0},{"damage":4,"enemies":"Automaton","floor":33,"turns":8},{"damage":15,"enemies":"3 Shapes","floor":35,"turns":5},{"damage":17,"enemies":"3 Darklings","floor":39,"turns":4},{"damage":0,"enemies":"Giant Head","floor":40,"turns":6},{"damage":14,"enemies":"Writhing Mass","floor":44,"turns":5},{"damage":37,"enemies":"Jaw Worm Horde","floor":46,"turns":4},{"damage":8,"enemies":"4 Shapes","floor":48,"turns":4},{"damage":39,"enemies":"Time Eater","floor":50,"turns":9},{"damage":56,"enemies":"Shield and Spear","floor":54,"turns":5},{"damage":29,"enemies":"The Heart","floor":55,"turns":2}],"seed_played":"7438629926886680977","potions_obtained":[{"floor":7.0,"key":"Explosive Potion"},{"floor":10.0,"key":"Fruit Juice"},{"floor":12.0,"key":"Dexterity Potion"},{"floor":13.0,"key":"Strength Potion"},{"floor":14.0,"key":"Energy Potion"},{"floor":16.0,"key":"Fruit Juice"},{"floor":18.0,"key":"AttackPotion"},{"floor":22.0,"key":"SpeedPotion"},{"floor":23.0,"key":"SpeedPotion"},{"floor":24.0,"key":"DuplicationPotion"},{"floor":33,"key":"Fire Potion"},{"floor":35,"key":"FearPotion"},{"floor":39,"key":"PowerPotion"},{"floor":40,"key":"BlessingOfTheForge"},{"floor":48,"key":"Regen Potion"},{"floor":54,"key":"Fire Potion"}],"is_trial":false,"path_per_floor":["M","?","M","M","$","R","E","R","T","E","R","M","M","M","R","B",null,"M","?","?","?","M","E","M","R","T","$","R","M","R","$","R","B",null,"M","?","?","?","M","E","R","$","T","M","R","M","?","M","R","B",null,"R","$","E","B"],"character_chosen":"THE_JESTER","items_purchased":["Bandage Up","Bag of Preparation","Chemical X","jesterMod:Patience","jesterMod:Frenzy"],"campfire_rested":5,"item_purchase_floors":[5,27,27,31,42],"current_hp_per_floor":[70,70,67,67,67,67,18,39,39,9,30,33,33,35,35,28,63,61,61,61,61,69,67,43,43,43,43,43,47,71,71,71,71,78,67,57,57,57,44,48,48,48,48,38,62,29,29,25,49,29,67,67,67,15,0,0],"gold":45,"neow_bonus":"BOSS_RELIC","is_daily":false,"chose_seed":false,"campfire_upgraded":4,"win_rate":0.0,"timestamp":1610342921,"path_taken":["M","?","M","M","$","R","E","R","T","E","R","M","M","M","R","BOSS","M","?","?","?","M","E","M","R","T","$","R","?","R","$","R","BOSS","M","?","?","?","?","E","R","?","T","M","R","M","?","M","R","BOSS","R","$","E","BOSS"],"items_purchased_type":["Card","Relic","Relic","Card","Card"],"build_version":"2020-12-22","purchased_purges":1,"victory":false,"max_hp_per_floor":[70,70,70,70,70,70,70,70,70,70,70,70,75,75,75,75,75,75,75,75,75,80,80,80,80,80,80,80,80,80,80,80,80,80,80,80,80,80,80,80,80,80,80,80,80,80,80,80,80,80,80,80,80,80,80,80],"relic_stats":{"Peace Pipe":2,"counters":[24,140],"Mummified Hand":[5],"Nloth\u0027s Gift":1,"Bag of Preparation":[22],"Chemical X":[1],"Orichalcum":[138],"obtain_stats":[{"jesterMod:LoadedDice":17,"CeramicFish":10,"Vajra":26,"jesterMod:JesterCap":0,"Bag of Preparation":27,"Orichalcum":9,"White Beast Statue":7,"Peace Pipe":23,"Mummified Hand":54,"Philosopher\u0027s Stone":0,"Nloth\u0027s Gift":21,"Red Mask":47,"Chemical X":27,"jesterMod:HauntedLute":34,"jesterMod:LargeSleeves":40},{"jesterMod:LoadedDice":9,"CeramicFish":5,"Vajra":13,"jesterMod:JesterCap":0,"Bag of Preparation":13,"Orichalcum":4,"White Beast Statue":4,"Peace Pipe":12,"Mummified Hand":23,"Philosopher\u0027s Stone":0,"Nloth\u0027s Gift":10,"Red Mask":20,"Chemical X":13,"jesterMod:HauntedLute":15,"jesterMod:LargeSleeves":18},{"jesterMod:LoadedDice":66,"CeramicFish":37,"Vajra":84,"jesterMod:JesterCap":0,"Bag of Preparation":84,"Orichalcum":28,"White Beast Statue":28,"Peace Pipe":79,"Mummified Hand":138,"Philosopher\u0027s Stone":0,"Nloth\u0027s Gift":71,"Red Mask":120,"Chemical X":84,"jesterMod:HauntedLute":96,"jesterMod:LargeSleeves":111}]},"card_choices":[{"not_picked":["jesterMod:BouncingKnife","jesterMod:Pause"],"picked":"jesterMod:DancingMad","floor":1.0},{"not_picked":["jesterMod:TrickyDodge","jesterMod:Feint"],"picked":"jesterMod:Illness","floor":3.0},{"not_picked":["jesterMod:BouncingKnife","jesterMod:Anticipation"],"picked":"jesterMod:Prankster","floor":4.0},{"not_picked":["jesterMod:OblivionStrike","jesterMod:Taunt"],"picked":"jesterMod:Loot","floor":7.0},{"not_picked":["jesterMod:Tinker","jesterMod:Finale"],"picked":"jesterMod:Swiftness","floor":10.0},{"not_picked":["jesterMod:Anticipation","jesterMod:Hide"],"picked":"jesterMod:DesperateStrike","floor":12.0},{"not_picked":["jesterMod:Rebuff","jesterMod:BouncingKnife"],"picked":"jesterMod:HitAndRun","floor":13.0},{"not_picked":["jesterMod:Schizophrenia","jesterMod:HedgehogForm"],"picked":"jesterMod:Prankster","floor":14.0},{"not_picked":["jesterMod:Pillage","jesterMod:Drunkenness"],"picked":"jesterMod:Juggler","floor":16.0},{"not_picked":["jesterMod:Anticipation","jesterMod:OblivionStrike+1"],"picked":"jesterMod:Prankster","floor":18.0},{"not_picked":["jesterMod:SmokeScreen+1","jesterMod:BouncingKnife+1"],"picked":"jesterMod:Mending+1","floor":22.0},{"not_picked":["jesterMod:MudBall","jesterMod:Feint"],"picked":"jesterMod:Procrastination+1","floor":23.0},{"not_picked":["jesterMod:Contradiction","jesterMod:SwiftDodge"],"picked":"jesterMod:BoilDown","floor":24.0},{"not_picked":["jesterMod:ButterKnife","jesterMod:Hide+1","jesterMod:QuickStrike"],"picked":"SKIP","floor":29.0},{"not_picked":["jesterMod:BoilDown","jesterMod:ExperimentalTreatment"],"picked":"jesterMod:Momentum","floor":33},{"not_picked":["jesterMod:Hide+1","jesterMod:SmokeScreen+1"],"picked":"jesterMod:Inspiration+1","floor":35},{"not_picked":["jesterMod:Arrythmia","jesterMod:Rebuff+1"],"picked":"jesterMod:Tinker+1","floor":39},{"not_picked":["jesterMod:Precipitation","jesterMod:Haste+1"],"picked":"jesterMod:DanceOfChaos+1","floor":40},{"not_picked":["jesterMod:TrickyDodge+1","jesterMod:ButterKnife"],"picked":"jesterMod:Mending+1","floor":44},{"not_picked":["jesterMod:Schizophrenia","jesterMod:Disposophobia","jesterMod:Pause"],"picked":"SKIP","floor":46},{"not_picked":["jesterMod:BouncingKnife+1","jesterMod:JackInTheBox+1"],"picked":"jesterMod:Dilapidation+1","floor":48},{"not_picked":["jesterMod:Rebuff","jesterMod:Schizophrenia"],"picked":"jesterMod:Talion+1","floor":54}],"player_experience":1115338,"relics_obtained":[{"floor":7.0,"key":"White Beast Statue"},{"floor":9.0,"key":"Orichalcum"},{"floor":10.0,"key":"CeramicFish"},{"floor":23.0,"key":"Peace Pipe"},{"floor":26.0,"key":"Vajra"},{"floor":40,"key":"jesterMod:LargeSleeves"},{"floor":54,"key":"Mummified Hand"}],"event_choices":[{"cards_removed":["jesterMod:Strike"],"damage_healed":0.0,"max_hp_gain":0.0,"max_hp_loss":0.0,"gold_gain":0.0,"event_name":"The Cleric","player_choice":"Card Removal","floor":2.0,"gold_loss":50.0,"damage_taken":0.0},{"damage_healed":0.0,"max_hp_gain":0.0,"max_hp_loss":0.0,"gold_gain":0.0,"event_name":"Back to Basics","player_choice":"Simplicity","floor":19.0,"gold_loss":0.0,"damage_taken":0.0,"cards_upgraded":["jesterMod:Strike","jesterMod:Strike","jesterMod:Strike","jesterMod:Defend","jesterMod:Defend","jesterMod:Defend","jesterMod:Defend"]},{"cards_removed":["jesterMod:DesperateStrike"],"damage_healed":0.0,"max_hp_gain":0.0,"max_hp_loss":0.0,"gold_gain":0.0,"event_name":"Beggar","player_choice":"Gave Gold","floor":20.0,"gold_loss":75.0,"damage_taken":0.0},{"damage_healed":0.0,"max_hp_gain":0.0,"max_hp_loss":0.0,"gold_gain":0.0,"event_name":"N\u0027loth","player_choice":"Traded Relic","floor":21.0,"relics_lost":["CeramicFish"],"gold_loss":0.0,"damage_taken":0.0,"relics_obtained":["Nloth\u0027s Gift"]},{"damage_healed":0,"gold_gain":0,"player_choice":"Embrace Madness","damage_taken":10,"max_hp_gain":0,"max_hp_loss":0,"event_name":"Winding Halls","floor":36,"gold_loss":0,"cards_obtained":["Madness","Madness"]},{"cards_removed":["jesterMod:Strike"],"damage_healed":0,"gold_gain":0,"player_choice":"Removed Attack","damage_taken":0,"max_hp_gain":0,"max_hp_loss":0,"event_name":"Falling","floor":37,"gold_loss":0},{"cards_removed":["jesterMod:Defend"],"damage_healed":0,"gold_gain":0,"player_choice":"Upgrade and Remove","damage_taken":0,"max_hp_gain":0,"max_hp_loss":0,"event_name":"Designer","floor":38,"gold_loss":90,"cards_upgraded":["jesterMod:Prankster"]},{"damage_healed":0,"gold_gain":0,"player_choice":"Paid","damage_taken":0,"relics_obtained":["Red Mask"],"max_hp_gain":0,"max_hp_loss":0,"event_name":"Tomb of Lord Red Mask","floor":47,"gold_loss":98}],"is_beta":false,"boss_relics":[{"not_picked":["Snecko Eye","jesterMod:MachoBrace"],"picked":"jesterMod:LoadedDice"},{"not_picked":["Pandora\u0027s Box","Black Star"],"picked":"jesterMod:HauntedLute"}],"items_purged_floors":[31],"is_endless":false,"potions_floor_spawned":[7,10,12,13,14,16,18,22,23,24,29,33,35,39,40,44,46,48,54],"killed_by":"The Heart","ascension_level":5}}