{"host":"7kgj47jdxgufb548","time":1610379213,"event":{"mods":["Act Like it!","BaseMod","CapriCore","Gensokyo","Marisa¡]Ãú«B¡@Å]²z¨F¡^","Minty Spire (QoL Compilation)","Remilia¡]Á¢¦Ì²ú?¡^","StSLib","The Immortal","Yakumo Yukari mod","Youmu¡]»î¾z§¯?¡^"],"gold_per_floor":[119,150,23,40,54,583,583,600,600,633,653,513,595,614,614,712,712,730,730,742,842,0,0,18,18,42,73,92,102,102,102,102,202,202,220,220,220,220,220,248,158,192,242,242,255,285,285,305,305,305],"floor_reached":51,"playtime":3287,"items_purged":[],"score":991,"play_id":"b91b9685-bc82-4009-b361-f18fda4685df","local_time":"20210111233333","is_ascension_mode":true,"campfire_choices":[{"data":"MokouMod:FusionFlare","floor":7,"key":"SMITH"},{"floor":15,"key":"REST"},{"floor":23,"key":"REST"},{"data":"MokouMod:SacredFire","floor":25,"key":"SMITH"},{"floor":32,"key":"REST"},{"floor":44,"key":"REST"},{"floor":47,"key":"REST"},{"floor":49,"key":"REST"}],"circlet_count":0,"master_deck":["MokouMod:Strike+1","MokouMod:Strike+1","MokouMod:Strike","MokouMod:Strike+1","MokouMod:Strike","MokouMod:Defend+1","MokouMod:Defend+1","MokouMod:Defend+1","MokouMod:HeatSpark","MokouMod:SearingShot","MokouMod:WarmUp+1","MokouMod:ScorchedEarth","MokouMod:TemporalFireSeal+1","MokouMod:RisingSunBarrier","MokouMod:FusionFlare+1","MokouMod:SubterraneanCore","MokouMod:IllusoryBattlefield+1","MokouMod:Ember+1","MokouMod:ScorchingColumn","MokouMod:Combust+1","MokouMod:SacredFire+1","MokouMod:FujiyamaVolcano","MokouMod:HeatCyclone+1","MokouMod:Firecracker+1","MokouMod:RetainTemperature","MokouMod:CrimsonFlare+1","MokouMod:Singe","Clumsy","MokouMod:Wildfire+1","MokouMod:EternalBurstReactor+1","MokouMod:BlazingComet","Shame","MokouMod:SpontaneousHumanCombustion","MokouMod:ProfanedFlare+1","MokouMod:Singe+1","MokouMod:FlamingFireTalons+1","Gensokyo:CustomPotion","MokouMod:InfernalWave+1","Regret","MokouMod:Trailblazer+1","MokouMod:AdaptivePyromancy+1","MokouMod:RisingSunBarrier","MokouMod:SearingShot+1","MokouMod:DanceofFlames+1","MokouMod:FlareStarter+1"],"relics":["MokouMod:PhoenixFeather","NeowsBlessing","Dream Catcher","Anchor","Happy Flower","Darkstone Periapt","Calipers","Ornamental Fan","Cursed Key","CaptainsWheel","StoneCalendar","Ancient Tea Set","MealTicket","Black Star","Gensokyo:DualWield","ScarletDevilRocket","Lizard Tail","PreservedInsect","Pantograph","Orichalcum","White Beast Statue","War Paint"],"acts_visited":["Gensokyo:Gensokyo","Gensokyo:Gensokyoer","Gensokyo:Gensokyoest"],"potions_floor_usage":[5,6,16,21,21,21,31,40,42,46,50,50],"damage_taken":[{"damage":0,"enemies":"Gensokyo:3_Fairies","floor":1,"turns":1},{"damage":0,"enemies":"Gensokyo:Aya","floor":2,"turns":1},{"damage":0,"enemies":"Gensokyo:Python","floor":4,"turns":1},{"damage":24,"enemies":"Gensokyo:2_Kodama","floor":5,"turns":5},{"damage":18,"enemies":"Gensokyo:Cirno","floor":6,"turns":6},{"damage":18,"enemies":"Gensokyo:2_Rabbits","floor":8,"turns":5},{"damage":15,"enemies":"Gensokyo:Mamizou","floor":10,"turns":9},{"damage":6,"enemies":"Gensokyo:Gryphon_and_Rabbit","floor":11,"turns":15},{"damage":8,"enemies":"Gensokyo:VengefulSpirit","floor":14,"turns":5},{"damage":43,"enemies":"Gensokyo:Yukari","floor":16,"turns":9},{"damage":6,"enemies":"Gensokyo:AngelMirror","floor":18,"turns":2},{"damage":7,"enemies":"Gensokyo:Chomper","floor":20,"turns":3},{"damage":19,"enemies":"Gensokyo:Chomper","floor":21,"turns":6},{"damage":0,"enemies":"Gensokyo:3_Gloops","floor":24,"turns":3},{"damage":3,"enemies":"Gensokyo:Reisen","floor":27,"turns":5},{"damage":25,"enemies":"Gensokyo:Monolith_and_Dog","floor":28,"turns":5},{"damage":11,"enemies":"Gensokyo:Slime_Group","floor":29,"turns":4},{"damage":7,"enemies":"Gensokyo:Swordslinger","floor":31,"turns":2},{"damage":38,"enemies":"Gensokyo:Eternal_Rivals","floor":33,"turns":8},{"damage":1,"enemies":"Gensokyo:3_Boulders","floor":35,"turns":5},{"damage":33,"enemies":"Gensokyo:Kasen","floor":40,"turns":7},{"damage":36,"enemies":"Gensokyo:Marisa","floor":42,"turns":7},{"damage":7,"enemies":"Gensokyo:3_Bats","floor":45,"turns":3},{"damage":6,"enemies":"Gensokyo:Kasen","floor":46,"turns":4},{"damage":41,"enemies":"Gensokyo:Rafflesia","floor":48,"turns":8},{"damage":2,"enemies":"Gensokyo:Yuyuko","floor":50,"turns":7}],"seed_played":"2727295406920695885","potions_obtained":[{"floor":1,"key":"DistilledChaos"},{"floor":2,"key":"SteroidPotion"},{"floor":4,"key":"Fire Potion"},{"floor":14,"key":"Ancient Potion"},{"floor":16,"key":"PowerPotion"},{"floor":18,"key":"Dexterity Potion"},{"floor":20,"key":"Strength Potion"},{"floor":27,"key":"SmokeBomb"},{"floor":35,"key":"SneckoOil"},{"floor":38,"key":"SteroidPotion"},{"floor":38,"key":"Fire Potion"},{"floor":45,"key":"Regen Potion"},{"floor":48,"key":"BlessingOfTheForge"}],"is_trial":false,"path_per_floor":["M","?","COS","M","M","E","R","M","T","E","M","?","T","M","R","B",null,"M","?","M","?","?","R","M","R","T","E","M","M","?","M","R","B",null,"M","?","?","?","?","E","?","E","T","R","M","E","R","M","R","B",null],"character_chosen":"MKU","items_purchased":[],"campfire_rested":6,"item_purchase_floors":[],"current_hp_per_floor":[75,75,75,75,51,33,33,15,15,18,12,12,12,4,26,6,75,69,69,62,43,43,65,65,65,71,68,43,32,38,31,57,19,87,86,86,86,86,86,53,53,17,23,50,43,49,76,35,62,62],"gold":305,"neow_bonus":"THREE_ENEMY_KILL","is_daily":false,"chose_seed":false,"campfire_upgraded":2,"win_rate":0.0,"timestamp":1610379213,"path_taken":["M","?","COS","?","M","E","R","M","T","E","?","?","?","M","R","BOSS","M","?","?","?","?","R","M","R","T","E","?","M","?","M","R","BOSS","M","?","?","?","?","E","?","E","T","R","M","E","R","M","R","BOSS"],"items_purchased_type":[],"build_version":"2020-12-22","purchased_purges":0,"victory":true,"max_hp_per_floor":[75,75,75,75,75,75,75,75,75,75,75,75,75,75,75,75,75,75,75,75,75,75,75,75,75,81,81,81,81,87,87,87,87,87,87,87,87,87,87,87,87,87,93,93,93,93,93,93,93,93],"card_choices":[{"not_picked":["MokouMod:IcarusDive","MokouMod:FlickeringFlame"],"picked":"MokouMod:SearingShot","floor":1},{"not_picked":["MokouMod:Afterburner","MokouMod:Firecracker"],"picked":"MokouMod:WarmUp","floor":2},{"not_picked":["MokouMod:FlareStarter","MokouMod:Ember"],"picked":"MokouMod:ScorchedEarth","floor":4},{"not_picked":["MokouMod:ResoluteFlare+1","MokouMod:Combust+1"],"picked":"MokouMod:TemporalFireSeal+1","floor":5},{"not_picked":["MokouMod:TemporalFireSeal","MokouMod:Ember"],"picked":"MokouMod:RisingSunBarrier","floor":5},{"not_picked":["MokouMod:Firecracker","MokouMod:CrimsonFlare"],"picked":"MokouMod:FusionFlare","floor":6},{"not_picked":["MokouMod:FlareStarter","MokouMod:Singe"],"picked":"MokouMod:SubterraneanCore","floor":8},{"not_picked":["MokouMod:RadiantBlade","MokouMod:Rekindle"],"picked":"MokouMod:Extinguish","floor":10},{"not_picked":["MokouMod:RadiantBlade","MokouMod:Singe"],"picked":"MokouMod:IllusoryBattlefield","floor":10},{"not_picked":["MokouMod:EternalBurstReactor","MokouMod:FlickeringFlame"],"picked":"MokouMod:Ember","floor":11},{"not_picked":["MokouMod:Afterburner","MokouMod:IgnitionBlast"],"picked":"MokouMod:ScorchingColumn","floor":14},{"not_picked":["MokouMod:AdaptivePyromancy","MokouMod:BlazingComet"],"picked":"MokouMod:Combust","floor":15},{"not_picked":["MokouMod:RadiantBlade","MokouMod:ExplosiveFlame"],"picked":"MokouMod:SacredFire","floor":16},{"not_picked":["MokouMod:ControlledCombustion","MokouMod:Burn"],"picked":"MokouMod:FujiyamaVolcano","floor":18},{"not_picked":["MokouMod:Combust+1","MokouMod:IcarusDive+1"],"picked":"MokouMod:Firecracker+1","floor":20},{"not_picked":["MokouMod:Singe","MokouMod:FlareStarter"],"picked":"MokouMod:RetainTemperature","floor":21},{"not_picked":["MokouMod:ControlledCombustion","MokouMod:Ember"],"picked":"MokouMod:CrimsonFlare+1","floor":23},{"not_picked":["MokouMod:Combust","MokouMod:Fireball"],"picked":"MokouMod:Singe","floor":24},{"not_picked":["MokouMod:RoaringFlare","MokouMod:FlickeringFlame"],"picked":"MokouMod:Wildfire","floor":27},{"not_picked":["MokouMod:PhoenixFeathers","MokouMod:CrimsonFlare"],"picked":"MokouMod:EternalBurstReactor+1","floor":28},{"not_picked":["MokouMod:ResoluteFlare","MokouMod:Singe"],"picked":"MokouMod:BlazingComet","floor":29},{"not_picked":["MokouMod:Stoke","MokouMod:InfernalWave"],"picked":"MokouMod:SpontaneousHumanCombustion","floor":32},{"not_picked":["MokouMod:Extinguish","MokouMod:RadiantBlade"],"picked":"MokouMod:ProfanedFlare","floor":33},{"not_picked":["MokouMod:AdaptivePyromancy","MokouMod:GuidingSmoke+1"],"picked":"MokouMod:Singe+1","floor":35},{"not_picked":["MokouMod:Ember","MokouMod:Firecracker+1"],"picked":"MokouMod:FlamingFireTalons+1","floor":40},{"not_picked":["MokouMod:IgneousBlow+1","MokouMod:FusionFlare"],"picked":"MokouMod:InfernalWave+1","floor":42},{"not_picked":["MokouMod:Fireball+1","MokouMod:FlareStarter+1"],"picked":"MokouMod:Trailblazer+1","floor":44},{"not_picked":["MokouMod:Firecracker+1","MokouMod:Ember"],"picked":"MokouMod:AdaptivePyromancy+1","floor":45},{"not_picked":["MokouMod:AdaptivePyromancy","MokouMod:ImperishableFlame"],"picked":"MokouMod:RisingSunBarrier","floor":46},{"not_picked":["MokouMod:RoaringFlare+1","MokouMod:SearingBlow"],"picked":"MokouMod:SearingShot+1","floor":47},{"not_picked":["MokouMod:BlazingComet","MokouMod:GuidingSmoke"],"picked":"MokouMod:DanceofFlames+1","floor":48},{"not_picked":["MokouMod:Overheat","MokouMod:SearingShot"],"picked":"MokouMod:FlareStarter+1","floor":49}],"player_experience":177225,"relics_obtained":[{"floor":2,"key":"Dream Catcher"},{"floor":6,"key":"Anchor"},{"floor":9,"key":"Happy Flower"},{"floor":10,"key":"Darkstone Periapt"},{"floor":13,"key":"Ornamental Fan"},{"floor":21,"key":"CaptainsWheel"},{"floor":21,"key":"StoneCalendar"},{"floor":26,"key":"Ancient Tea Set"},{"floor":27,"key":"MealTicket"},{"floor":40,"key":"ScarletDevilRocket"},{"floor":40,"key":"Lizard Tail"},{"floor":42,"key":"PreservedInsect"},{"floor":42,"key":"Pantograph"},{"floor":43,"key":"Orichalcum"},{"floor":46,"key":"White Beast Statue"},{"floor":46,"key":"War Paint"}],"event_choices":[],"is_beta":false,"boss_relics":[{"not_picked":["Fusion Hammer","Sozu"],"picked":"Cursed Key"},{"not_picked":["Snecko Eye","Velvet Choker"],"picked":"Black Star"}],"items_purged_floors":[],"is_endless":false,"potions_floor_spawned":[1,2,4,14,16,18,20,27,31,35,45,48],"ascension_level":2}}