{"host":"yecadp3kwkksam5a","time":1610383013,"event":{"mods":["BaseMod","Minty Spire (QoL Compilation)","StSLib","The Cursed","The Jungle","The Poker Player","WarShipGirlsR/??á´Ò³R mod"],"gold_per_floor":[12,25,25,38,61,105,105,105,105,105,124,142,142,161,161,284,284,308,349,73,87,103,103,103],"floor_reached":23,"playtime":1210,"items_purged":["rmod:strick"],"score":197,"play_id":"55123e2d-e841-428b-8215-c11731c900e3","local_time":"20210112013653","is_ascension_mode":false,"campfire_choices":[{"data":"rmod:diamondstrike","floor":8.0,"key":"SMITH"},{"floor":10.0,"key":"REST"},{"data":"rmod:fuelsupply","floor":13.0,"key":"SMITH"},{"data":"rmod:supportaircraftcarrier","floor":15.0,"key":"SMITH"}],"circlet_count":0,"master_deck":["rmod:strick","rmod:defend","rmod:defend","rmod:defend","rmod:defend","rmod:basicallowance","rmod:maingunfire","rmod:mineteam","rmod:tearstotiara","rmod:diamondstrike+1","rmod:fuelsupply","rmod:fuelsupply+1","rmod:highspeedmaneuver","rmod:aluminumsupply","rmod:supportaircraftcarrier+1","rmod:overbreakdown","rmod:victimresponsibility","rmod:fuelsupply","rmod:fletcher","rmod:victimresponsibility+1","rmod:aviationdawn"],"relics":["rmod:firstchargereward","Golden Idol","Mercury Hourglass","Runic Pyramid","ClockworkSouvenir"],"acts_visited":["Exordium","TheCity"],"potions_floor_usage":[],"damage_taken":[{"damage":0.0,"enemies":"2 Louse","floor":1.0,"turns":2.0},{"damage":0.0,"enemies":"Small Slimes","floor":2.0,"turns":1.0},{"damage":0.0,"enemies":"Cultist","floor":4.0,"turns":2.0},{"damage":13.0,"enemies":"Gremlin Gang","floor":5.0,"turns":6.0},{"damage":29.0,"enemies":"Lagavulin","floor":6.0,"turns":6.0},{"damage":0.0,"enemies":"Large Slime","floor":11.0,"turns":4.0},{"damage":0.0,"enemies":"Lots of Slimes","floor":12.0,"turns":4.0},{"damage":0.0,"enemies":"Gremlin Gang","floor":14.0,"turns":3.0},{"damage":14.0,"enemies":"Hexaghost","floor":16.0,"turns":10.0},{"damage":14.0,"enemies":"2 Thieves","floor":18.0,"turns":4.0},{"damage":4.0,"enemies":"Spheric Guardian","floor":19.0,"turns":5.0},{"damage":0.0,"enemies":"Centurion and Healer","floor":21.0,"turns":4.0},{"damage":1,"enemies":"Snake Plant","floor":22,"turns":6},{"damage":9,"enemies":"Slavers","floor":23,"turns":2}],"seed_played":"3320821747507673111","potions_obtained":[{"floor":4.0,"key":"SteroidPotion"},{"floor":11.0,"key":"Weak Potion"},{"floor":14.0,"key":"Block Potion"}],"is_trial":false,"path_per_floor":["M","M","?","M","M","E","?","R","T","R","M","M","R","M","R","B",null,"M","M","$","M","M","E"],"character_chosen":"PRAEFECT","items_purchased":["rmod:fuelsupply","ClockworkSouvenir"],"campfire_rested":1,"item_purchase_floors":[20,20],"current_hp_per_floor":[75,75,57,57,44,15,15,15,15,37,37,37,37,37,37,23,75,61,57,57,57,56,47,47],"gold":103,"neow_bonus":"TRANSFORM_TWO_CARDS","is_daily":false,"chose_seed":false,"campfire_upgraded":3,"win_rate":0.0,"timestamp":1610383013,"path_taken":["M","M","?","M","M","E","?","R","T","R","M","?","R","M","R","BOSS","M","M","$","M","?","E"],"items_purchased_type":["Card","Relic"],"build_version":"2020-12-22","purchased_purges":1,"victory":false,"max_hp_per_floor":[75,75,75,75,75,75,75,75,75,75,75,75,75,75,75,75,75,75,75,75,75,75,75,75],"card_choices":[{"not_picked":["rmod:unsinkable","rmod:intelligenceanalysis"],"picked":"rmod:diamondstrike","floor":1.0},{"not_picked":["rmod:unsinkable","rmod:steelsupply"],"picked":"rmod:fuelsupply","floor":2.0},{"not_picked":["rmod:aluminumsupply","rmod:fletcherpendant"],"picked":"rmod:fuelsupply","floor":4.0},{"not_picked":["rmod:diamondstrike","rmod:steelsupply","rmod:circuitoustactics"],"picked":"SKIP","floor":5.0},{"not_picked":["rmod:intelligenceanalysis","rmod:garrisonisland"],"picked":"rmod:highspeedmaneuver","floor":6.0},{"not_picked":["rmod:garrisonisland","rmod:fletcherpendant","rmod:launchingtorpedo"],"picked":"SKIP","floor":11.0},{"not_picked":["rmod:supportescort","rmod:bulid"],"picked":"rmod:aluminumsupply","floor":12.0},{"not_picked":["rmod:fletcherpendant","rmod:aluminumsupply"],"picked":"rmod:supportaircraftcarrier","floor":14.0},{"not_picked":["rmod:spoils","rmod:unsinkable+1"],"picked":"rmod:overbreakdown","floor":18.0},{"not_picked":["rmod:capitalist","rmod:punchline"],"picked":"rmod:victimresponsibility","floor":19.0},{"not_picked":["rmod:heivgo+1","rmod:supportescort+1"],"picked":"rmod:victimresponsibility+1","floor":21.0},{"not_picked":["rmod:capitalist","rmod:timeschanged"],"picked":"rmod:aviationdawn","floor":22}],"player_experience":503293,"relics_obtained":[{"floor":6.0,"key":"Mercury Hourglass"}],"event_choices":[{"damage_healed":0.0,"max_hp_gain":0.0,"max_hp_loss":0.0,"gold_gain":0.0,"event_name":"Golden Idol","player_choice":"Take Damage","floor":3.0,"gold_loss":0.0,"damage_taken":18.0,"relics_obtained":["Golden Idol"]},{"damage_healed":0.0,"max_hp_gain":0.0,"max_hp_loss":0.0,"gold_gain":0.0,"event_name":"Match and Keep!","player_choice":"0 cards matched","floor":7.0,"gold_loss":0.0,"damage_taken":0.0,"cards_obtained":[]}],"is_beta":false,"boss_relics":[{"not_picked":["Empty Cage","SacredBark"],"picked":"Runic Pyramid"}],"items_purged_floors":[20],"is_endless":false,"potions_floor_spawned":[4,11,14,16,19,21,22],"killed_by":"Slavers","ascension_level":0}}