{"host":"i0avyit1s6jb1siw","time":1610384926,"event":{"mods":["BaseMod","DeckTracker","Dota2Spire","Highlight Path","Minty Spire (QoL Compilation)","Quick Restart","StSLib","SuperFastMode"],"gold_per_floor":[118,132,132,145,170,170,199,140,140,154,154,180,207,225,225,298,298,311,311,311,326,340,340,360,370,394,394,394,183,199,26,26,102,102,118,118,131,148,160,189,189,219,246,246,264,293,293,320,320,320,320,320,320,70,96,96],"floor_reached":57,"playtime":1804,"items_purged":[],"score":2729,"play_id":"033aa5c8-33b5-4c88-95a9-c46143c2220d","local_time":"20210111180846","is_ascension_mode":true,"campfire_choices":[{"data":"Pommel Strike","floor":6.0,"key":"SMITH"},{"data":"Perfected Strike","floor":11.0,"key":"SMITH"},{"floor":15.0,"key":"REST"},{"data":"Shockwave","floor":23.0,"key":"SMITH"},{"data":"Uppercut","floor":27.0,"key":"SMITH"},{"data":"Fire Breathing","floor":32.0,"key":"SMITH"},{"floor":41.0,"key":"RECALL"},{"data":"Flame Barrier","floor":44.0,"key":"SMITH"},{"data":"Fire Breathing","floor":49.0,"key":"SMITH"},{"data":"Immolate","floor":53,"key":"SMITH"}],"circlet_count":0,"master_deck":["AscendersBane","Strike_R","Strike_R","Strike_R","Strike_R","Strike_R","Defend_R","Defend_R","Defend_R","Defend_R","Bash","Shockwave+1","Pommel Strike+1","Armaments+1","Perfected Strike+1","Impervious","Uppercut+1","Corruption+1","Shrug It Off","Second Wind","Entrench+1","Evolve+1","Fire Breathing+1","Immolate+1","Bloodletting","Battle Trance+1","Perfected Strike","Power Through","Wild Strike","Exhume","Flame Barrier+1","Blood for Blood+1","Intimidate+1","Ghostly Armor+1","Regret","Fire Breathing+1","Flame Barrier+1","Deep Breath+1","Deep Breath+1","Chrysalis+1","Doubt","Shrug It Off+1","Panacea+1","Shrug It Off+1"],"relics":["Burning Blood","Pocketwatch","Bronze Scales","Oddly Smooth Stone","Nunchaku","Shuriken","Odd Mushroom","Pen Nib","Cursed Key","Dota2Spire:Vanguard","Orrery","Membership Card","Snecko Eye","Lizard Tail","Toxic Egg 2","Pantograph","Dota2Spire:UrnOfShadows","Dota2Spire:EchoSabre","Frozen Eye","Red Skull"],"acts_visited":["Exordium","TheCity","TheBeyond","TheEnding"],"potions_floor_usage":[56,56],"damage_taken":[{"damage":1.0,"enemies":"Cultist","floor":1.0,"turns":3.0},{"damage":10.0,"enemies":"Jaw Worm","floor":2.0,"turns":6.0},{"damage":13.0,"enemies":"Small Slimes","floor":4.0,"turns":3.0},{"damage":34.0,"enemies":"3 Sentries","floor":7.0,"turns":7.0},{"damage":1.0,"enemies":"3 Louse","floor":10.0,"turns":5.0},{"damage":9.0,"enemies":"The Mushroom Lair","floor":12.0,"turns":4.0},{"damage":6.0,"enemies":"Gremlin Nob","floor":13.0,"turns":3.0},{"damage":5.0,"enemies":"Looter","floor":14.0,"turns":2.0},{"damage":18.0,"enemies":"The Guardian","floor":16.0,"turns":14.0},{"damage":0.0,"enemies":"3 Byrds","floor":18.0,"turns":3.0},{"damage":7.0,"enemies":"2 Thieves","floor":21.0,"turns":5.0},{"damage":21.0,"enemies":"3 Cultists","floor":22.0,"turns":6.0},{"damage":7.0,"enemies":"Cultist and Chosen","floor":24.0,"turns":5.0},{"damage":3.0,"enemies":"Centurion and Healer","floor":25.0,"turns":4.0},{"damage":0.0,"enemies":"Snecko","floor":30.0,"turns":4.0},{"damage":19.0,"enemies":"Automaton","floor":33.0,"turns":8.0},{"damage":3.0,"enemies":"3 Darklings","floor":35.0,"turns":5.0},{"damage":0.0,"enemies":"Orb Walker","floor":37.0,"turns":4.0},{"damage":0.0,"enemies":"3 Darklings","floor":38.0,"turns":3.0},{"damage":0.0,"enemies":"Maw","floor":39.0,"turns":6.0},{"damage":8.0,"enemies":"Reptomancer","floor":40.0,"turns":5.0},{"damage":0.0,"enemies":"Giant Head","floor":42.0,"turns":7.0},{"damage":0.0,"enemies":"Writhing Mass","floor":45.0,"turns":4.0},{"damage":8.0,"enemies":"Reptomancer","floor":46.0,"turns":7.0},{"damage":22,"enemies":"Donu and Deca","floor":50,"turns":7},{"damage":38,"enemies":"Time Eater","floor":51,"turns":7},{"damage":39,"enemies":"Shield and Spear","floor":55,"turns":5},{"damage":56,"enemies":"The Heart","floor":56,"turns":7}],"seed_played":"349213046927388740","potions_obtained":[{"floor":1.0,"key":"DistilledChaos"},{"floor":4.0,"key":"PowerPotion"},{"floor":10.0,"key":"ColorlessPotion"},{"floor":13.0,"key":"Strength Potion"},{"floor":18.0,"key":"Regen Potion"},{"floor":35.0,"key":"Regen Potion"}],"is_trial":false,"path_per_floor":["M","M","?","M","T","R","E","?","T","M","R","?","E","M","R","B",null,"M","?","?","M","M","R","M","M","T","R","?","$","M","$","R","B",null,"M","?","M","M","M","E","R","E","T","R","M","E","?","T","R","B","B",null,"R","$","E","B",null],"character_chosen":"IRONCLAD","items_purchased":["Fire Breathing","Orrery","Membership Card","Dota2Spire:EchoSabre","Shrug It Off+1","Frozen Eye","Panacea+1"],"campfire_rested":1,"item_purchase_floors":[29,29,31,54,54,54,54],"current_hp_per_floor":[68,64,53,46,46,46,18,18,18,23,23,20,20,21,41,29,58,64,64,64,63,48,48,47,50,50,50,50,50,56,56,56,58,66,68,68,68,68,68,66,66,68,68,68,68,66,56,56,56,52,36,60,60,60,27,17],"gold":96,"neow_bonus":"ONE_RARE_RELIC","is_daily":false,"chose_seed":false,"campfire_upgraded":8,"win_rate":0.0,"timestamp":1610384926,"path_taken":["M","M","?","M","?","R","E","?","T","M","R","?","E","M","R","BOSS","M","?","?","?","M","R","M","M","T","R","?","?","?","$","R","BOSS","M","?","M","M","M","E","R","E","T","R","?","E","?","?","R","BOSS","BOSS","R","$","E","BOSS"],"items_purchased_type":["Card","Relic","Relic","Relic","Card","Relic","Card"],"build_version":"2020-12-22","purchased_purges":0,"victory":true,"max_hp_per_floor":[68,68,68,68,68,68,68,68,68,68,68,68,68,68,68,68,68,68,68,68,68,68,68,68,68,68,68,68,68,68,68,68,68,68,68,68,68,68,68,68,68,68,68,68,68,68,68,68,68,68,68,68,68,68,68,68],"card_choices":[{"not_picked":["Second Wind","Iron Wave","Battle Trance"],"picked":"SKIP","floor":1.0},{"not_picked":["Twin Strike","Body Slam"],"picked":"Shockwave","floor":2.0},{"not_picked":["Cleave","True Grit"],"picked":"Pommel Strike","floor":4.0},{"not_picked":["Rampage","Combust"],"picked":"Armaments","floor":7.0},{"not_picked":["Intimidate","Thunderclap"],"picked":"Perfected Strike","floor":10.0},{"not_picked":["Heavy Blade","Iron Wave"],"picked":"Impervious","floor":12.0},{"not_picked":["Cleave","Bloodletting","Hemokinesis"],"picked":"SKIP","floor":13.0},{"not_picked":["Intimidate","Havoc"],"picked":"Uppercut","floor":14.0},{"not_picked":["Immolate","Bludgeon"],"picked":"Corruption","floor":16.0},{"not_picked":["Spot Weakness","Reckless Charge+1"],"picked":"Shrug It Off","floor":18.0},{"not_picked":["Burning Pact","Heavy Blade"],"picked":"Second Wind","floor":21.0},{"not_picked":["Infernal Blade","Sword Boomerang"],"picked":"Entrench+1","floor":22.0},{"not_picked":["Dual Wield","Shrug It Off"],"picked":"Evolve+1","floor":24.0},{"not_picked":["Havoc+1","Entrench","True Grit"],"picked":"SKIP","floor":25.0},{"not_picked":["Flex+1","Twin Strike"],"picked":"Immolate","floor":29.0},{"not_picked":["Sword Boomerang","Juggernaut"],"picked":"Bloodletting","floor":29.0},{"not_picked":["Flex","Whirlwind"],"picked":"Battle Trance+1","floor":29.0},{"not_picked":["Flex","Brutality"],"picked":"Perfected Strike","floor":29.0},{"not_picked":["True Grit","Clash"],"picked":"Power Through","floor":29.0},{"not_picked":["Twin Strike+1","Body Slam"],"picked":"Wild Strike","floor":30.0},{"not_picked":["Berserk","Fiend Fire"],"picked":"Exhume","floor":33.0},{"not_picked":["Twin Strike","Armaments","Clash"],"picked":"SKIP","floor":35.0},{"not_picked":["Rupture","Sentinel"],"picked":"Flame Barrier","floor":37.0},{"not_picked":["Bloodletting","Warcry"],"picked":"Blood for Blood+1","floor":38.0},{"not_picked":["Headbutt+1","Dual Wield","Sword Boomerang"],"picked":"SKIP","floor":39.0},{"not_picked":["Armaments","Sever Soul+1"],"picked":"Intimidate+1","floor":40.0},{"not_picked":["Uppercut","Cleave"],"picked":"Ghostly Armor+1","floor":42.0},{"not_picked":["Warcry+1","Burning Pact+1"],"picked":"Fire Breathing","floor":45.0},{"not_picked":["Cleave+1","Armaments+1"],"picked":"Flame Barrier+1","floor":46.0},{"not_picked":["Purity+1","Madness+1"],"picked":"Deep Breath+1","floor":47.0},{"not_picked":["Discovery+1","Enlightenment+1"],"picked":"Deep Breath+1","floor":47.0},{"not_picked":["Transmutation+1","HandOfGreed"],"picked":"Chrysalis+1","floor":47.0},{"not_picked":["Twin Strike","Clothesline"],"picked":"Shrug It Off+1","floor":55}],"player_experience":2203042,"relics_obtained":[{"floor":5.0,"key":"Oddly Smooth Stone"},{"floor":7.0,"key":"Nunchaku"},{"floor":9.0,"key":"Shuriken"},{"floor":12.0,"key":"Odd Mushroom"},{"floor":13.0,"key":"Pen Nib"},{"floor":26.0,"key":"Dota2Spire:Vanguard"},{"floor":40.0,"key":"Lizard Tail"},{"floor":42.0,"key":"Toxic Egg 2"},{"floor":46.0,"key":"Pantograph"},{"floor":48.0,"key":"Dota2Spire:UrnOfShadows"},{"floor":55,"key":"Red Skull"}],"event_choices":[{"damage_healed":0.0,"max_hp_gain":0.0,"max_hp_loss":0.0,"gold_gain":0.0,"event_name":"Scrap Ooze","player_choice":"Success","floor":3.0,"gold_loss":0.0,"damage_taken":11.0,"relics_obtained":["Bronze Scales"]},{"damage_healed":0.0,"max_hp_gain":0.0,"max_hp_loss":0.0,"gold_gain":0.0,"event_name":"World of Goop","player_choice":"Left Gold","floor":8.0,"gold_loss":59.0,"damage_taken":0.0},{"damage_healed":0.0,"max_hp_gain":0.0,"max_hp_loss":0.0,"gold_gain":0.0,"event_name":"Mushrooms","player_choice":"Fought Mushrooms","floor":12.0,"gold_loss":0.0,"damage_taken":0.0},{"damage_healed":0.0,"max_hp_gain":0.0,"max_hp_loss":0.0,"gold_gain":0.0,"event_name":"Vampires","player_choice":"Ignored","floor":19.0,"gold_loss":0.0,"damage_taken":0.0},{"damage_healed":0.0,"max_hp_gain":0.0,"max_hp_loss":0.0,"gold_gain":0.0,"event_name":"Upgrade Shrine","player_choice":"Upgraded","floor":20.0,"gold_loss":0.0,"damage_taken":0.0,"cards_upgraded":["Corruption"]},{"cards_removed":["Shame"],"damage_healed":0.0,"max_hp_gain":0.0,"max_hp_loss":0.0,"gold_gain":0.0,"event_name":"Fountain of Cleansing","player_choice":"Removed Curses","floor":28.0,"gold_loss":0.0,"damage_taken":0.0},{"damage_healed":0.0,"max_hp_gain":0.0,"max_hp_loss":0.0,"gold_gain":0.0,"event_name":"Upgrade Shrine","player_choice":"Upgraded","floor":36.0,"gold_loss":0.0,"damage_taken":0.0,"cards_upgraded":["Armaments"]},{"damage_healed":0.0,"max_hp_gain":0.0,"max_hp_loss":0.0,"gold_gain":0.0,"event_name":"SensoryStone","player_choice":"Memory 3","floor":47.0,"gold_loss":0.0,"damage_taken":10.0}],"is_beta":false,"boss_relics":[{"not_picked":["SlaversCollar","Philosopher\u0027s Stone"],"picked":"Cursed Key"},{"not_picked":["Coffee Dripper","Black Star"],"picked":"Snecko Eye"}],"items_purged_floors":[],"is_endless":false,"potions_floor_spawned":[1,4,10,13,18,24,25,35,38,39,40,55],"ascension_level":20}}