{"host":"bf9sa99gaumonoeu","time":1610386863,"event":{"mods":["AchievementEnabler","Act Like it!","BaseMod","Better Sensory Stone","Colored Map","Colored Powertips","Fox Events","Friendly Minions","Gensokyo","GifTheSpireLib","Googly Eyes","Hallownest","Hermit","Hubris","Jorbs\u0027s Wanderer Trilogy","KinomotoSakuraMod(????)","Koishi","Lobotomy","Marisa????????","Minty Spire (QoL Compilation)","Rare Cards Sparkle","Reimu??????","Relic Stats","Remilia??????","Replay The Spire","StSLib","The Administrix","The Animator","The Bug Knight","The Construct","The Cursed","The Disciple","The Hierophant","The Mystic","The Necromancer","The Poker Player","The Runesmith","The Senshi","The Servant 0.9.4","TheLocksmith","Yakumo Yukari mod","thorton"],"gold_per_floor":[112,127,138,158,173,173,51,79,79,79,20,20,90,106,106,181,181,200,200,200,225,225,242,277,277,357,377,42,42,53,66,66,145,145,158,181,197,197,16,31,31,0,25,41,41,57,3,17,17,17,17],"floor_reached":50,"playtime":3216,"items_purged":["Poisoned Stab"],"score":959,"play_id":"8d90ab56-aad1-425e-ab85-0409c53d8a91","local_time":"20210111154103","is_ascension_mode":true,"campfire_choices":[{"data":"Dagger Spray","floor":6,"key":"SMITH"},{"floor":15,"key":"REST"},{"floor":25,"key":"REST"},{"data":"ReplayTheSpireMod:Necrosis","floor":32,"key":"SMITH"},{"data":"Noxious Fumes","floor":41,"key":"SMITH"},{"floor":49,"key":"REST"}],"circlet_count":0,"master_deck":["AscendersBane","Defend_G+1","Defend_G+1","Defend_G","Defend_G","Survivor","Neutralize","Sucker Punch","Dagger Spray+1","Leg Sweep","Flying Knee","Escape Plan","Noxious Fumes","Well Laid Plans","Backflip","Glass Knife","AbeCurse","Skewer+1","Deadly Poison","Bite","Bite","Bite","Bite","Bite","Noxious Fumes+1","Cloak And Dagger","Deadly Poison","Prepared+1","ReplayTheSpireMod:Necrosis+1","PiercingWail","Deflect","Distraction+1","Prepared+1"],"relics":["Ring of the Snake","hubris:MedicalManual","Bird Faced Urn","Paper Crane","Abe\u0027s Treasure","Simple Rune","Incense Burner","Gremlin Horn","ReplayTheSpireMod:TigerMarble","Orrery","Philosopher\u0027s Stone","Pet Ghost","hubris:Towel","Red Mask","Ancient Tea Set"],"acts_visited":["Exordium","TheCity","TheBeyond"],"potions_floor_usage":[8,16,24,29,30,31,35,37,40,50],"damage_taken":[{"damage":0,"enemies":"Jaw Worm","floor":1,"turns":6},{"damage":4,"enemies":"Small Slimes","floor":2,"turns":3},{"damage":0,"enemies":"2 Louse","floor":3,"turns":2},{"damage":8,"enemies":"Looter","floor":4,"turns":4},{"damage":1,"enemies":"Exordium Wildlife","floor":5,"turns":4},{"damage":26,"enemies":"Lagavulin","floor":8,"turns":7},{"damage":0,"enemies":"2 Fungi Beasts","floor":14,"turns":4},{"damage":39,"enemies":"Slime Boss","floor":16,"turns":10},{"damage":21,"enemies":"2 Thieves","floor":18,"turns":4},{"damage":3,"enemies":"Spheric Guardian","floor":23,"turns":5},{"damage":51,"enemies":"Slavers","floor":24,"turns":6},{"damage":11,"enemies":"Snake Plant","floor":27,"turns":6},{"damage":2,"enemies":"Cultist and Chosen","floor":29,"turns":3},{"damage":20,"enemies":"Shelled Parasite and Fungi","floor":30,"turns":5},{"damage":6,"enemies":"Sentry and Sphere","floor":31,"turns":5},{"damage":56,"enemies":"Automaton","floor":33,"turns":11},{"damage":24,"enemies":"3 Darklings","floor":35,"turns":5},{"damage":2,"enemies":"Orb Walker","floor":37,"turns":3},{"damage":6,"enemies":"Sphere and 2 Shapes","floor":40,"turns":7},{"damage":38,"enemies":"Writhing Mass","floor":44,"turns":8},{"damage":9,"enemies":"Jaw Worm Horde","floor":46,"turns":4},{"damage":4,"enemies":"4 Shapes","floor":48,"turns":7},{"damage":69,"enemies":"Time Eater","floor":50,"turns":11}],"seed_played":"-5137146996887402687","potions_obtained":[{"floor":2,"key":"ZuzhouPotion:ReiMu"},{"floor":3,"key":"LiquidBronze"},{"floor":4,"key":"Adrenaline Potion"},{"floor":14,"key":"Elixir"},{"floor":16,"key":"Milkshake"},{"floor":18,"key":"FearPotion"},{"floor":23,"key":"SmokeBomb"},{"floor":30,"key":"SneckoOil"},{"floor":33,"key":"AttackPotion"},{"floor":35,"key":"SteroidPotion"},{"floor":37,"key":"MagicPotion:ReiMu"}],"is_trial":false,"path_per_floor":["M","M","M","M","M","R","$","E","T","?","?","?","T","M","R","B",null,"M","?","?","T","?","M","E","R","T","M","$","M","M","M","R","B",null,"M","T","M","?","$","M","R","?","T","M","?","M","$","M","R","B"],"character_chosen":"THE_SILENT","items_purchased":["Escape Plan","Noxious Fumes","ReplayTheSpireMod:TigerMarble","Orrery","GhostInAJar","Weak Potion"],"campfire_rested":3,"item_purchase_floors":[7,7,28,28,39,47],"current_hp_per_floor":[59,55,55,47,46,46,46,20,20,20,20,20,20,22,41,6,51,30,30,30,30,30,43,8,21,21,28,28,34,34,42,42,8,37,23,23,31,31,31,35,35,35,35,18,18,21,21,35,46,0,0],"gold":17,"neow_bonus":"REMOVE_CARD","is_daily":false,"chose_seed":false,"campfire_upgraded":3,"win_rate":0.0,"timestamp":1610386863,"path_taken":["M","M","M","M","M","R","$","E","T","?","?","?","?","?","R","BOSS","M","?","?","?","?","M","E","R","T","M","$","?","M","M","R","BOSS","M","?","?","?","$","M","R","?","T","M","?","M","$","M","R","BOSS"],"items_purchased_type":["Card","Card","Relic","Relic","Potion","Potion"],"build_version":"2020-12-22","purchased_purges":1,"victory":false,"max_hp_per_floor":[66,66,66,66,66,66,66,66,66,66,66,66,66,66,66,66,66,66,66,46,46,46,46,46,46,46,46,46,46,46,46,46,46,46,46,46,46,46,46,46,46,46,46,46,46,46,46,46,46,46,46],"relic_stats":{"Gremlin Horn":[12,12],"counters":[23,130],"Bird Faced Urn":[71],"obtain_stats":[{"Gremlin Horn":26,"hubris:MedicalManual":8,"Incense Burner":24,"Paper Crane":13,"hubris:Towel":38,"Ancient Tea Set":43,"Pet Ghost":36,"Bird Faced Urn":9,"Orrery":28,"Simple Rune":21,"Philosopher\u0027s Stone":34,"ReplayTheSpireMod:TigerMarble":28,"Red Mask":42,"Abe\u0027s Treasure":17,"Ring of the Snake":0},{"Gremlin Horn":11,"hubris:MedicalManual":6,"Incense Burner":11,"Paper Crane":6,"hubris:Towel":18,"Ancient Tea Set":19,"Pet Ghost":17,"Bird Faced Urn":6,"Orrery":12,"Simple Rune":9,"Philosopher\u0027s Stone":16,"ReplayTheSpireMod:TigerMarble":12,"Red Mask":19,"Abe\u0027s Treasure":8,"Ring of the Snake":0},{"Gremlin Horn":55,"hubris:MedicalManual":26,"Incense Burner":55,"Paper Crane":26,"hubris:Towel":93,"Ancient Tea Set":100,"Pet Ghost":90,"Bird Faced Urn":26,"Orrery":61,"Simple Rune":44,"Philosopher\u0027s Stone":85,"ReplayTheSpireMod:TigerMarble":61,"Red Mask":100,"Abe\u0027s Treasure":40,"Ring of the Snake":0}],"Ring of the Snake":[46]},"card_choices":[{"not_picked":["Dodge and Roll","Well Laid Plans"],"picked":"Sucker Punch","floor":1},{"not_picked":["Well Laid Plans","Acrobatics"],"picked":"Poisoned Stab","floor":2},{"not_picked":["hubris:SlightOfHand","Poisoned Stab"],"picked":"Dagger Spray","floor":3},{"not_picked":["Finisher","Hidden Blade"],"picked":"Leg Sweep","floor":4},{"not_picked":["Acrobatics","Sneak Up"],"picked":"Flying Knee","floor":5},{"not_picked":["Flechettes","Choke"],"picked":"Well Laid Plans","floor":8},{"not_picked":["Poisoned Stab","Quick Slash"],"picked":"Backflip","floor":14},{"not_picked":["Unload","ReplayTheSpireMod:From All Sides"],"picked":"Glass Knife","floor":16},{"not_picked":["Dagger Spray","Poisoned Stab"],"picked":"Skewer+1","floor":18},{"not_picked":["Bane","Riddle With Holes"],"picked":"Cloak And Dagger","floor":23},{"not_picked":["Poisoned Stab+1","Caltrops+1"],"picked":"Deadly Poison","floor":24},{"not_picked":["Deadly Poison","hubris:TrickCloak","Dagger Spray+1"],"picked":"SKIP","floor":27},{"not_picked":["ReplayTheSpireMod:Scrap Shanks+1","Sucker Punch"],"picked":"Prepared+1","floor":28},{"not_picked":["Toxin Wave","Flying Knee"],"picked":"ReplayTheSpireMod:Necrosis","floor":28},{"not_picked":["Poisoned Stab","Setup+1","Slice"],"picked":"SKIP","floor":30},{"not_picked":["Terror","ReplayTheSpireMod:Scrap Shanks","hubris:SlightOfHand"],"picked":"SKIP","floor":31},{"not_picked":["hubris:SlightOfHand+1","Acrobatics"],"picked":"PiercingWail","floor":35},{"not_picked":["Quick Slash","Deflect","Dagger Throw"],"picked":"SKIP","floor":37},{"not_picked":["Quick Slash","Dagger Throw"],"picked":"Deflect","floor":37},{"not_picked":["ReplayTheSpireMod:Scrap Shanks+1","Backstab"],"picked":"Distraction+1","floor":40},{"not_picked":["Dodge and Roll","Quick Slash","Blade Dance"],"picked":"SKIP","floor":44},{"not_picked":["Sucker Punch","Dagger Spray"],"picked":"Prepared+1","floor":46},{"not_picked":["hubris:SlightOfHand+1","Dodge and Roll","Quick Slash"],"picked":"SKIP","floor":48}],"player_experience":908021,"relics_obtained":[{"floor":8,"key":"hubris:MedicalManual"},{"floor":9,"key":"Bird Faced Urn"},{"floor":13,"key":"Paper Crane"},{"floor":21,"key":"Simple Rune"},{"floor":24,"key":"Incense Burner"},{"floor":26,"key":"Gremlin Horn"},{"floor":36,"key":"Pet Ghost"},{"floor":43,"key":"Ancient Tea Set"}],"event_choices":[{"damage_healed":0,"gold_gain":0,"player_choice":"Ignored","damage_taken":0,"max_hp_gain":0,"max_hp_loss":0,"event_name":"Golden Wing","floor":10,"gold_loss":0},{"damage_healed":0,"gold_gain":0,"player_choice":"Left Gold","damage_taken":0,"max_hp_gain":0,"max_hp_loss":0,"event_name":"World of Goop","floor":11,"gold_loss":59},{"damage_healed":0,"gold_gain":0,"player_choice":"Became a vampire","damage_taken":0,"max_hp_gain":0,"max_hp_loss":20,"event_name":"Vampires","floor":20,"gold_loss":0,"cards_obtained":["Bite","Bite","Bite","Bite","Bite"]},{"damage_healed":0,"gold_gain":0,"player_choice":"Copied","damage_taken":0,"max_hp_gain":0,"max_hp_loss":0,"event_name":"Duplicator","floor":22,"gold_loss":0,"cards_obtained":["Noxious Fumes"]},{"damage_healed":0,"gold_gain":0,"player_choice":"Paid","damage_taken":0,"relics_obtained":["Red Mask"],"max_hp_gain":0,"max_hp_loss":0,"event_name":"Tomb of Lord Red Mask","floor":42,"gold_loss":31}],"is_beta":false,"boss_relics":[{"not_picked":["hubris:BlackHole","Replay:Bronze Core"],"picked":"Abe\u0027s Treasure"},{"not_picked":["ReplayTheSpireMod:DimensionalGlitch","Replay:Grab Bag"],"picked":"Philosopher\u0027s Stone"}],"items_purged_floors":[39],"is_endless":false,"potions_floor_spawned":[2,3,4,14,16,18,23,30,33,35,37],"killed_by":"Time Eater","ascension_level":19}}