{"host":"7yxt37kap0q16lk4","time":1610360461,"event":{"mods":["2.2 Compatiblity","Act Like it!","BaseMod","Better Third Choice","Better-Laid Plans","Colored Map","Custom Start","Highlight Path","Keyboard Shortcuts","Minty Spire (QoL Compilation)","Quick Restart","Rare Cards Sparkle","Relic Stats","Shop Mod","Slay the Relics Exporter","StSLib","SuperFastMode"],"gold_per_floor":[112,129,129,129,54,54,64,81,81,46,73,103,133,46,46,46,46],"floor_reached":16,"playtime":266,"items_purged":["Strike_R"],"score":196,"play_id":"0aef338d-1d7e-47a0-a421-2b84a88fb1ae","local_time":"20210111192101","is_ascension_mode":true,"campfire_choices":[{"data":"Flex","floor":6.0,"key":"SMITH"},{"data":"Spot Weakness","floor":15,"key":"SMITH"}],"circlet_count":0,"master_deck":["AscendersBane","Strike_R","Strike_R","Strike_R","Strike_R","Defend_R","Defend_R+1","Defend_R","Defend_R","Bash","Flex+1","Seeing Red+1","Metallicize","Fire Breathing","Spot Weakness+1"],"relics":["Burning Blood","Blood Vial","Omamori","InkBottle","Peace Pipe","Singing Bowl","Odd Mushroom","Ancient Tea Set"],"acts_visited":["Exordium"],"potions_floor_usage":[12],"damage_taken":[{"damage":9.0,"enemies":"2 Louse","floor":1.0,"turns":2.0},{"damage":12.0,"enemies":"Jaw Worm","floor":2.0,"turns":2.0},{"damage":11.0,"enemies":"Small Slimes","floor":7.0,"turns":4.0},{"damage":10.0,"enemies":"2 Fungi Beasts","floor":8.0,"turns":4.0},{"damage":17.0,"enemies":"3 Sentries","floor":11.0,"turns":5.0},{"damage":10,"enemies":"The Mushroom Lair","floor":12,"turns":5},{"damage":24,"enemies":"Hexaghost","floor":16,"turns":7}],"seed_played":"6981066357125786487","potions_obtained":[{"floor":1.0,"key":"FearPotion"},{"floor":8.0,"key":"Strength Potion"}],"is_trial":false,"path_per_floor":["M","M","?","?","$","R","M","M","T","?","E","?","?","$","R","B"],"character_chosen":"IRONCLAD","items_purchased":["Spot Weakness"],"campfire_rested":0,"item_purchase_floors":[14],"current_hp_per_floor":[67,63,40,14,14,14,11,9,9,27,20,20,20,20,20,0,0],"gold":46,"neow_bonus":"RANDOM_COMMON_RELIC","is_daily":false,"chose_seed":false,"campfire_upgraded":2,"win_rate":0.0,"timestamp":1610360461,"path_taken":["M","M","?","?","?","R","M","M","T","?","E","?","?","?","R","BOSS"],"items_purchased_type":["Card"],"build_version":"2020-12-22","purchased_purges":1,"victory":false,"max_hp_per_floor":[75,75,75,75,75,75,75,75,75,75,77,79,79,79,79,79,79],"relic_stats":{"Blood Vial":14,"Peace Pipe":0,"Singing Bowl":4,"counters":[7,29],"obtain_stats":[{"Blood Vial":0,"Peace Pipe":9,"Singing Bowl":11,"Omamori":0,"Odd Mushroom":12,"Ancient Tea Set":13,"Burning Blood":0,"InkBottle":4},{"Blood Vial":0,"Peace Pipe":4,"Singing Bowl":5,"Omamori":0,"Odd Mushroom":6,"Ancient Tea Set":6,"Burning Blood":0,"InkBottle":2},{"Blood Vial":0,"Peace Pipe":12,"Singing Bowl":17,"Omamori":0,"Odd Mushroom":22,"Ancient Tea Set":22,"Burning Blood":0,"InkBottle":4}],"Burning Blood":36,"InkBottle":[5]},"card_choices":[{"not_picked":["Spot Weakness","Twin Strike"],"picked":"Flex","floor":1.0},{"not_picked":["Bloodletting","Feel No Pain"],"picked":"Seeing Red","floor":2.0},{"not_picked":["Body Slam","Warcry"],"picked":"Metallicize","floor":7.0},{"not_picked":["Warcry","Wild Strike"],"picked":"Fire Breathing","floor":8.0},{"not_picked":["Combust","Heavy Blade","Thunderclap"],"picked":"Singing Bowl","floor":11.0},{"not_picked":["Iron Wave","Clash","Cleave"],"picked":"Singing Bowl","floor":12}],"player_experience":1043783,"relics_obtained":[{"floor":9.0,"key":"Peace Pipe"},{"floor":11.0,"key":"Singing Bowl"},{"floor":12,"key":"Odd Mushroom"}],"event_choices":[{"damage_healed":63.0,"max_hp_gain":0.0,"max_hp_loss":75.0,"gold_gain":0.0,"event_name":"betterThird:BetterShining","player_choice":"Upgrade","floor":3.0,"gold_loss":0.0,"damage_taken":23.0,"cards_upgraded":["Defend_R","Seeing Red"]},{"damage_healed":0.0,"max_hp_gain":0.0,"max_hp_loss":0.0,"gold_gain":0.0,"event_name":"betterThird:BetterScrap","player_choice":"Relic ","floor":4.0,"gold_loss":0.0,"damage_taken":26.0,"cards_obtained":["Heatsinks"]},{"damage_healed":18.0,"max_hp_gain":0.0,"max_hp_loss":0.0,"gold_gain":0.0,"event_name":"The Cleric","player_choice":"Healed","floor":10.0,"gold_loss":35.0,"damage_taken":0.0},{"damage_healed":0,"gold_gain":0,"player_choice":"Fought Mushrooms","damage_taken":0,"max_hp_gain":0,"max_hp_loss":0,"event_name":"Mushrooms","floor":12,"gold_loss":0},{"damage_healed":0,"gold_gain":30,"player_choice":"Searched \u00272\u0027 times","damage_taken":0,"relics_obtained":["Ancient Tea Set"],"max_hp_gain":0,"max_hp_loss":0,"event_name":"Dead Adventurer","floor":13,"gold_loss":0}],"is_beta":false,"boss_relics":[],"items_purged_floors":[5],"is_endless":false,"potions_floor_spawned":[1,8],"killed_by":"Hexaghost","ascension_level":20}}