{"host":"0uumfqrc8aynrssa","time":1610364541,"event":{"mods":["AchievementEnabler","Act Like it!","Aspiration","Astrologer","BaseMod","Better Altar","Better Match","Better Note","Better Sensory Stone","Better Skull","Better Third Choice","Better Vampires","CapriCore","Colored Map","Colored Powertips","Conspire","Downfall","Energized Spire","Friendly Minions","Gensokyo","GifTheSpireLib","Hallownest","Hermit","Highlight Path","Hubris","Infinite Spire","Koishi","Marisa????????","Marked Mod","Minty Spire (QoL Compilation)","Pale of the Ancients","Permanent Neow","Potionbrewer","Random Character Button","Rare Cards Sparkle","Reimu??????","Relic Sorter","Remilia??????","Replay The Spire","Robot Space Explorer","Shop Mod","Somnambulant","Spicy Shops","Spikes Relics","StSLib","Stuff the Spire","The Animator","The Awakened One except there are too many feathers","The Bug Knight","The Cursed","The Hierophant","The Immortal","The Marked","The Problem Sleuth","The Runesmith","The Servant 0.9.4","TheBandit","TheFirefly","Trackpad","Wandering Minibosses","everything is the same but u backflip on backflip","slay the spire mod where everything is the same but ironclad has a cowboy hat","vexMod"],"gold_per_floor":[115,133,148,160,160,189,207,207,255,180,25,25,45,55,55,153,153,173,189,114,114,134,168,185,185,185,185,185,185,65,76,76,177,177,192,206,51,51,51,77,92,105,131,131,131,149,149,169,169,169],"floor_reached":51,"playtime":4568,"items_purged":["theSleuth:Diplomacy"],"score":732,"play_id":"976af1b5-005f-4039-bff6-803eacb4505e","local_time":"20210111062901","is_ascension_mode":true,"campfire_choices":[{"data":"theSleuth:RollBoxcars","floor":8,"key":"SMITH"},{"floor":15,"key":"REST"},{"floor":28,"key":"REST"},{"data":"theSleuth:RollBoxcars","floor":32,"key":"SMITH"},{"data":"Gensokyo:FourOfAKind","floor":47,"key":"SMITH"},{"floor":49,"key":"REST"}],"circlet_count":0,"master_deck":["theSleuth:Strike","theSleuth:Defend+1","theSleuth:Defend","theSleuth:Defend","theSleuth:KeyHandgun+1","theSleuth:TakeInventory+1","theSleuth:OglogMRubbit","theSleuth:RollBoxcars+1","theSleuth:BenStillerBust","theSleuth:ClubClubClub","theSleuth:BenStillerBust","theSleuth:ClubClubClub","theSleuth:HeartStab+1","theSleuth:KeyringTommygun","theSleuth:ClubClubClub","theSleuth:RollBoxcars+1","theSleuth:RetrieveArms","infinitespire:Starlight","Reinforced Body","Gensokyo:FourOfAKind+1","Gensokyo:FourOfAKind","Gensokyo:FourOfAKind","Gensokyo:FourOfAKind","theSleuth:BenStillerBust","theSleuth:HairpinMachinegun","theSleuth:Deprogram","theSleuth:MobRule"],"relics":["theSleuth:Typewriter","infinitespire:Broken Mirror","vexMod:BigBerry","StuffTheSpire:HeavyRock","Garlic","Gensokyo:SpiderMask","hubris:FunFungus","energizedSpire:DeadBattery","Strange Spoon","Replay:Mystery Machine","Bag of Preparation"],"acts_visited":["Gensokyo:Gensokyo","Gensokyo:Gensokyoer","Gensokyo:Gensokyoest"],"potions_floor_usage":[16,16,33,33,41,50,50],"damage_taken":[{"damage":0,"enemies":"Gensokyo:3_Fairies","floor":1,"turns":3},{"damage":5,"enemies":"Gensokyo:Python","floor":2,"turns":3},{"damage":2,"enemies":"Gensokyo:Gryphon","floor":3,"turns":4},{"damage":0,"enemies":"Gensokyo:LivingMonolith","floor":4,"turns":3},{"damage":6,"enemies":"Gensokyo:Aya","floor":6,"turns":6},{"damage":0,"enemies":"Gensokyo:Kitsune","floor":7,"turns":2},{"damage":0,"enemies":"Gensokyo:3_Kodama","floor":13,"turns":1},{"damage":0,"enemies":"Gensokyo:5_Fairies","floor":14,"turns":2},{"damage":22,"enemies":"Gensokyo:Kokoro","floor":16,"turns":5},{"damage":7,"enemies":"Gensokyo:3_Dogs","floor":18,"turns":2},{"damage":19,"enemies":"Gensokyo:AngelMirror","floor":19,"turns":2},{"damage":2,"enemies":"Gensokyo:Swordslinger","floor":22,"turns":4},{"damage":20,"enemies":"Gensokyo:Koishi","floor":23,"turns":6},{"damage":0,"enemies":"Gensokyo:Monolith_and_Dog","floor":24,"turns":2},{"damage":9,"enemies":"Gensokyo:3_Gloops","floor":31,"turns":4},{"damage":38,"enemies":"Gensokyo:Kaguya","floor":33,"turns":14},{"damage":0,"enemies":"Gensokyo:3_Boulders","floor":35,"turns":3},{"damage":5,"enemies":"Gensokyo:AncientGuardian","floor":36,"turns":3},{"damage":0,"enemies":"Gensokyo:Doremy","floor":40,"turns":6},{"damage":9,"enemies":"Gensokyo:Dusk_and_Dawn","floor":41,"turns":3},{"damage":7,"enemies":"Gensokyo:SeedOfUnknown","floor":42,"turns":4},{"damage":14,"enemies":"Gensokyo:Rafflesia","floor":46,"turns":4},{"damage":0,"enemies":"Gensokyo:AtlasGolem","floor":48,"turns":3},{"damage":58,"enemies":"Gensokyo:Scarlet_Devils","floor":50,"turns":12}],"seed_played":"1244887022174423153","potions_obtained":[{"floor":2,"key":"Elixir"},{"floor":13,"key":"potionbrewer:DiscountPotion"},{"floor":14,"key":"Strength Potion"},{"floor":16,"key":"potionbrewer:CleansingPotion"},{"floor":19,"key":"Elixir"},{"floor":24,"key":"SkillPotion"},{"floor":36,"key":"potionbrewer:ToxicPotion"},{"floor":40,"key":"ColorlessPotion"},{"floor":42,"key":"DistilledChaos"}],"is_trial":false,"path_per_floor":["M","M","M","M","?","E","M","R","T","?","$","?","M","M","R","B",null,"M","M","COS","?","M","E","M","?","T","?","R","?","?","M","R","B",null,"M","M","COS","?","?","E","M","M","T","?","?","M","R","M","R","B",null],"character_chosen":"THE_sleuth","items_purchased":["theSleuth:KeyringTommygun"],"campfire_rested":3,"item_purchase_floors":[11],"current_hp_per_floor":[73,68,66,66,26,20,20,20,20,20,20,20,20,20,41,19,103,96,77,77,77,75,55,55,30,30,30,60,60,60,61,61,33,73,73,73,73,73,63,73,64,58,58,65,65,61,61,61,73,28],"gold":169,"neow_bonus":"THREE_RARE_CARDS","is_daily":false,"chose_seed":false,"campfire_upgraded":3,"win_rate":0.0,"timestamp":1610364541,"path_taken":["M","M","M","M","?","E","M","R","T","?","$","?","M","M","R","BOSS","M","M","COS","?","M","E","M","?","T","?","R","?","?","M","R","BOSS","M","M","COS","?","?","E","M","M","T","?","?","M","R","M","R","BOSS"],"items_purchased_type":["Card"],"build_version":"2020-12-22","purchased_purges":1,"victory":true,"max_hp_per_floor":[73,73,73,73,73,73,73,73,73,73,73,73,73,73,73,73,103,103,103,103,103,103,103,103,103,103,103,103,73,73,73,73,73,73,73,73,73,73,73,73,73,73,73,73,73,73,73,73,73,73],"card_choices":[{"not_picked":["theSleuth:CandidBullets","theSleuth:TheZillyhammer"],"picked":"theSleuth:RollBoxcars","floor":0},{"not_picked":["theSleuth:Tootshotgun","theSleuth:CandyCorn","theSleuth:ThinkAhead"],"picked":"SKIP","floor":1},{"not_picked":["theSleuth:PezUzi","theSleuth:KingpinBust","theSleuth:Ogle"],"picked":"SKIP","floor":2},{"not_picked":["theSleuth:CharismaBlast","theSleuth:Pepperminthryl"],"picked":"theSleuth:BenStillerBust","floor":3},{"not_picked":["theSleuth:TorsoFlail","theSleuth:VictoryPose"],"picked":"theSleuth:ClubClubClub","floor":4},{"not_picked":["theSleuth:Pepperminthryl","theSleuth:Distill"],"picked":"theSleuth:BenStillerBust","floor":6},{"not_picked":["theSleuth:RollBoxcars","theSleuth:Embarrass"],"picked":"theSleuth:ClubClubClub","floor":7},{"not_picked":["theSleuth:WeighIn+1","theSleuth:FairShake+1"],"picked":"theSleuth:HeartStab+1","floor":10},{"not_picked":["theSleuth:Fortify","theSleuth:BellyOTheWhale","theSleuth:FairShake"],"picked":"SKIP","floor":13},{"not_picked":["theSleuth:CandyCane","theSleuth:FoolPlate"],"picked":"theSleuth:ClubClubClub","floor":14},{"not_picked":["theSleuth:GummyWormZombie","theSleuth:TheZillyhammer"],"picked":"theSleuth:RollBoxcars","floor":16},{"not_picked":["theSleuth:Appropriate","theSleuth:Leer+1","theSleuth:TruffleShuffle+1"],"picked":"SKIP","floor":18},{"not_picked":["theSleuth:FlaskOfWhiskey+1","theSleuth:Unscale","theSleuth:TripleScuffle"],"picked":"SKIP","floor":19},{"not_picked":["theSleuth:Unscale+1","theSleuth:Ogle","theSleuth:PezUzi"],"picked":"SKIP","floor":22},{"not_picked":["theSleuth:CandyCorn","theSleuth:HitTheMattresses","theSleuth:Ogle+1"],"picked":"SKIP","floor":23},{"not_picked":["theSleuth:TruffleTrouble","theSleuth:Pepperminthryl"],"picked":"theSleuth:RetrieveArms","floor":24},{"not_picked":["infinitespire:FutureSight","infinitespire:FinalStrike"],"picked":"infinitespire:Starlight","floor":25},{"not_picked":["theSleuth:Tootshotgun","theSleuth:Ignore"],"picked":"theSleuth:BenStillerBust","floor":31},{"not_picked":["theSleuth:CandyCornVampire","theSleuth:HeroBust"],"picked":"theSleuth:HairpinMachinegun","floor":33},{"not_picked":["theSleuth:BenStillerBust","theSleuth:FoolPlate+1","theSleuth:Fortify+1"],"picked":"SKIP","floor":35},{"not_picked":["theSleuth:Taze","theSleuth:FudgeDeck+1"],"picked":"theSleuth:Deprogram","floor":36},{"not_picked":["theSleuth:SpadeDig","theSleuth:FlaskOfWhiskey+1","theSleuth:Tootshotgun"],"picked":"SKIP","floor":40},{"not_picked":["theSleuth:Leer","theSleuth:TruffleShuffle","theSleuth:Fortify+1"],"picked":"SKIP","floor":41},{"not_picked":["theSleuth:ThinkAhead","theSleuth:FlaskOfWhiskey","theSleuth:Ignore"],"picked":"SKIP","floor":42},{"not_picked":["theSleuth:Deprogram+1","theSleuth:CandyCorn","theSleuth:FlaskOfWhiskey"],"picked":"SKIP","floor":46},{"not_picked":["theSleuth:FoolPlate","theSleuth:Tootshotgun","theSleuth:FlaskOfWhiskey+1"],"picked":"SKIP","floor":48}],"player_experience":910246,"relics_obtained":[{"floor":6,"key":"infinitespire:Broken Mirror"},{"floor":9,"key":"StuffTheSpire:Gunfinga"},{"floor":23,"key":"StuffTheSpire:HeavyRock"},{"floor":26,"key":"Garlic"},{"floor":40,"key":"Replay:Mystery Machine"},{"floor":43,"key":"Bag of Preparation"}],"event_choices":[{"damage_healed":0,"gold_gain":0,"player_choice":"UP UP UP ","damage_taken":46,"relics_obtained":[],"max_hp_gain":0,"max_hp_loss":0,"event_name":"betterSkull:BetterSkull","floor":5,"gold_loss":0,"cards_upgraded":["theSleuth:Defend","theSleuth:KeyHandgun","theSleuth:TakeInventory"]},{"damage_healed":0,"gold_gain":0,"player_choice":"3","damage_taken":0,"max_hp_gain":0,"max_hp_loss":0,"event_name":"betterMatch:BetterMatch","floor":10,"gold_loss":0,"cards_obtained":["betterMatch:UncommonCard"]},{"damage_healed":0,"gold_gain":0,"player_choice":"Leave","damage_taken":0,"max_hp_gain":0,"max_hp_loss":0,"event_name":"conspire:Investor","floor":38,"gold_loss":0}],"is_beta":false,"boss_relics":[{"not_picked":["Runic Dome","Cursed Key"],"picked":"vexMod:BigBerry"},{"not_picked":["trackpad:Coffee","trackpad:Trackpad"],"picked":"energizedSpire:DeadBattery"}],"items_purged_floors":[11],"is_endless":false,"potions_floor_spawned":[2,13,14,16,19,23,24,31,36,40,42],"ascension_level":1}}