{"host":"sav7uxregyirlf69","time":1610353104,"event":{"mods":["AchievementEnabler","BaseMod","Colored Map","DeckTracker","Keyboard Shortcuts","Minty Spire (QoL Compilation)","READ ME - Guardian Mod","StSLib","SuperFastMode"],"gold_per_floor":[17,17,33,52,52,83,98,128,128,142,154,154,154],"floor_reached":12,"playtime":228,"items_purged":[],"score":161,"play_id":"18e42eab-15d1-4150-8caa-dc915a0a08f2","local_time":"20210111171824","is_ascension_mode":true,"campfire_choices":[],"circlet_count":0,"master_deck":["AscendersBane","Strike_R","Strike_R","Strike_R","Strike_R","Defend_R","Defend_R","Defend_R","Defend_R","Bash","The Bomb","Uppercut","True Grit","Entrench","Flame Barrier","Evolve","Burning Pact","Feed"],"relics":["Burning Blood","Magic Flower","Frozen Egg 2","Meat on the Bone"],"acts_visited":["Exordium"],"potions_floor_usage":[10],"damage_taken":[{"damage":0,"enemies":"Cultist","floor":1,"turns":3},{"damage":2,"enemies":"Small Slimes","floor":3,"turns":3},{"damage":3,"enemies":"Jaw Worm","floor":4,"turns":5},{"damage":37,"enemies":"Lagavulin","floor":6,"turns":8},{"damage":6,"enemies":"3 Louse","floor":7,"turns":4},{"damage":13,"enemies":"3 Sentries","floor":8,"turns":3},{"damage":5,"enemies":"Lots of Slimes","floor":10,"turns":2},{"damage":21,"enemies":"Exordium Wildlife","floor":11,"turns":5},{"damage":23,"enemies":"Lagavulin","floor":12,"turns":7}],"seed_played":"-6608103426618445230","potions_obtained":[{"floor":1,"key":"Explosive Potion"},{"floor":3,"key":"EssenceOfSteel"},{"floor":11,"key":"SpeedPotion"}],"is_trial":false,"path_per_floor":["M","$","M","M","?","E","M","E","T","M","M","E"],"character_chosen":"IRONCLAD","items_purchased":[],"campfire_rested":0,"item_purchase_floors":[],"current_hp_per_floor":[74,74,75,75,75,44,47,43,43,47,58,35,35],"gold":154,"neow_bonus":"RANDOM_COLORLESS_2","is_daily":false,"chose_seed":false,"campfire_upgraded":0,"win_rate":0.0,"timestamp":1610353104,"path_taken":["M","?","?","M","?","E","?","E","T","M","M","E"],"items_purchased_type":[],"build_version":"2020-12-22","purchased_purges":0,"victory":false,"max_hp_per_floor":[75,75,75,75,75,75,75,75,75,75,78,78,78],"card_choices":[{"not_picked":["Panache","Secret Technique"],"picked":"The Bomb","floor":0},{"not_picked":["Heavy Blade","Sword Boomerang"],"picked":"Uppercut","floor":1},{"not_picked":["Cleave","Evolve"],"picked":"True Grit","floor":3},{"not_picked":["Havoc","True Grit"],"picked":"Entrench","floor":4},{"not_picked":["Pummel","Combust"],"picked":"Flame Barrier","floor":6},{"not_picked":["Sever Soul","Iron Wave"],"picked":"Evolve","floor":7},{"not_picked":["Heavy Blade","Carnage"],"picked":"Burning Pact","floor":8},{"not_picked":["Bloodletting","Inflame+1"],"picked":"Feed","floor":10},{"not_picked":["Body Slam","Thunderclap","Pommel Strike"],"picked":"SKIP","floor":11}],"player_experience":1243642,"relics_obtained":[{"floor":6,"key":"Magic Flower"},{"floor":8,"key":"Frozen Egg 2"},{"floor":9,"key":"Meat on the Bone"}],"event_choices":[{"cards_removed":["Strike_R"],"damage_healed":0,"gold_gain":0,"player_choice":"Purged","damage_taken":0,"max_hp_gain":0,"max_hp_loss":0,"event_name":"Purifier","floor":5,"gold_loss":0}],"is_beta":false,"boss_relics":[],"items_purged_floors":[],"is_endless":false,"potions_floor_spawned":[1,3,8,11],"killed_by":"Lagavulin","ascension_level":15}}