{"host":"mabtmc9uzswexjnd","time":1610350760,"event":{"mods":["BaseMod","Lobotomy","LobotomyExtend","Minty Spire (QoL Compilation)","Replay The Spire","StSLib","vexMod"],"gold_per_floor":[113,113,124,124,138,168,168,187,187,202,202,229,246,259,259,360,360,360,360],"floor_reached":18,"playtime":1556,"items_purged":[],"score":235,"play_id":"d3fa28e1-d5ed-46e8-8c5a-b528585a5435","local_time":"20210111153920","is_ascension_mode":true,"campfire_choices":[{"floor":7.0,"key":"REST"},{"floor":11.0,"key":"REST"},{"floor":15.0,"key":"REST"}],"circlet_count":0,"master_deck":["Strike_R","Strike_R","Strike_R","Strike_R","Strike_R","Defend_R+1","Defend_R+1","Defend_R","Defend_R","Bash","UniverseFragment","Freischutz","Wellcheers","SpiderBud","Intimidate","GreedKing"],"relics":["Burning Blood","CogitoBucket","LetterFromLob","Gremlin Horn","Divine Protection","AdjustmentMirror","King of Hearts","Ectoplasm"],"acts_visited":["Exordium","TheCity"],"potions_floor_usage":[],"damage_taken":[{"damage":4.0,"enemies":"2 Louse","floor":1.0,"turns":3.0},{"damage":0.0,"enemies":"Jaw Worm","floor":3.0,"turns":5.0},{"damage":4.0,"enemies":"Cultist","floor":5.0,"turns":4.0},{"damage":62.0,"enemies":"3 Sentries","floor":6.0,"turns":19.0},{"damage":22.0,"enemies":"Exordium Thugs","floor":8.0,"turns":7.0},{"damage":0.0,"enemies":"3 Louse","floor":10.0,"turns":3.0},{"damage":35.0,"enemies":"Gremlin Nob","floor":12.0,"turns":6.0},{"damage":0.0,"enemies":"Looter","floor":13.0,"turns":4.0},{"damage":28.0,"enemies":"2 Fungi Beasts","floor":14.0,"turns":5.0},{"damage":4.0,"enemies":"Slime Boss","floor":16.0,"turns":5.0},{"damage":84,"enemies":"3 Byrds","floor":18,"turns":8}],"seed_played":"-3243273716647132500","potions_obtained":[{"floor":5.0,"key":"EssenceOfSteel"},{"floor":8.0,"key":"AttackPotion"},{"floor":10.0,"key":"Energy Potion"},{"floor":14.0,"key":"EntropicBrew"}],"is_trial":false,"path_per_floor":["M","?","M","?","M","E","R","M","T","M","R","E","M","M","R","B",null,"M"],"character_chosen":"IRONCLAD","items_purchased":[],"campfire_rested":3,"item_purchase_floors":[],"current_hp_per_floor":[80,64,70,70,72,16,40,27,27,33,57,28,37,25,49,65,80,0,0],"gold":360,"neow_bonus":"","is_daily":false,"chose_seed":false,"campfire_upgraded":0,"win_rate":0.0,"timestamp":1610350760,"path_taken":["M","?","M","?","M","E","R","M","T","M","R","E","?","M","R","BOSS","M"],"items_purchased_type":[],"build_version":"2020-12-22","purchased_purges":0,"victory":false,"max_hp_per_floor":[80,80,80,80,80,80,80,80,80,80,80,80,80,80,80,80,80,80,80],"card_choices":[{"not_picked":["BeautyBeast","OSAHOGD"],"picked":"BigBird","floor":1.0},{"not_picked":["Feel No Pain","Replay:Undeath\u0027s Touch","Twin Strike"],"picked":"SKIP","floor":1.0},{"not_picked":["Feel No Pain","Replay:Undeath\u0027s Touch","Twin Strike"],"picked":"SKIP","floor":1.0},{"not_picked":["VoidDream","BeautyBeast"],"picked":"UniverseFragment","floor":3.0},{"not_picked":["Armaments","Headbutt","Feel No Pain"],"picked":"SKIP","floor":3.0},{"not_picked":["Rudolta","Scorched"],"picked":"Freischutz","floor":5.0},{"not_picked":["Armaments","Havoc","Clothesline"],"picked":"SKIP","floor":5.0},{"not_picked":["SpiderBud","LittleHelper"],"picked":"Wellcheers","floor":6.0},{"not_picked":["Thunderclap","Flex","Hemokinesis"],"picked":"SKIP","floor":6.0},{"not_picked":["MHz","Murderer"],"picked":"SpiderBud","floor":8.0},{"not_picked":["ReplayReversal","Flex","Armaments"],"picked":"SKIP","floor":8.0},{"not_picked":["VoidDream","Scorched"],"picked":"FairyFestival","floor":10.0},{"not_picked":["Pommel Strike","Searing Blow","Pummel"],"picked":"SKIP","floor":10.0},{"not_picked":["WhitesApple","ShyLook"],"picked":"LongBird","floor":12.0},{"not_picked":["Shrug It Off","Clothesline","ReplayTheSpireMod:Strike From Hell"],"picked":"SKIP","floor":12.0},{"not_picked":["Murderer","WhitesApple"],"picked":"Funeral","floor":13.0},{"not_picked":["Clothesline","Dropkick"],"picked":"Intimidate","floor":13.0},{"not_picked":["BeautyBeast","Murderer"],"picked":"QueenOfHatred","floor":14.0},{"not_picked":["Headbutt","Whirlwind","Shrug It Off"],"picked":"SKIP","floor":14.0},{"not_picked":["Woodsman","PunishingBird"],"picked":"GreedKing","floor":16.0},{"not_picked":["Corruption","Offering"],"picked":"Feed","floor":16.0}],"player_experience":58465,"relics_obtained":[{"floor":1.0,"key":"LetterFromLob"},{"floor":6.0,"key":"Gremlin Horn"},{"floor":9.0,"key":"Divine Protection"},{"floor":12.0,"key":"King of Hearts"}],"event_choices":[{"damage_healed":0.0,"max_hp_gain":0.0,"max_hp_loss":0.0,"gold_gain":0.0,"event_name":"Shining Light","player_choice":"Entered Light","floor":2.0,"gold_loss":0.0,"damage_taken":16.0,"cards_upgraded":["Defend_R","Defend_R"]},{"damage_healed":0.0,"max_hp_gain":0.0,"max_hp_loss":0.0,"gold_gain":0.0,"event_name":"The Cleric","player_choice":"Leave","floor":4.0,"gold_loss":0.0,"damage_taken":0.0}],"is_beta":false,"boss_relics":[{"not_picked":["vexMod:MysteryBossChallenge","vexMod:MegatonBomb"],"picked":"Ectoplasm"}],"items_purged_floors":[],"is_endless":false,"potions_floor_spawned":[5,8,10,14],"killed_by":"3 Byrds","ascension_level":1}}