{"host":"3j2m8n0ywf988fwb","time":1610394421,"event":{"mods":["2.2 Compatiblity","Act Like it!","Aspiration","Astrologer","BaseMod","Beaked The Cultist","Better Altar","Better Match","Better Note","Better Sensory Stone","Better Skull","Better Third Choice","CCEM","Colored Map","Colored Powertips","Conspire","Dark Map","Energized Spire","Evolution","Fireblade Mod","GifTheSpireLib","Googly Eyes","Halation","Hallownest","Highlight Path","Hubris","Infinite Spire","Jedi Mod","Jorbs\u0027s Wanderer Trilogy","Marisa????????","Marked Mod","Mimic Mod","Minty Spire (QoL Compilation)","Random Character Button","Relic Stats","Replay The Spire","Robot Space Explorer","Shop Mod","Somnambulant","StSLib","Stuff the Spire","The Bug Knight","The Hierophant","The Marked","The Runesmith","TheFirefly","Unceasing Turn Reminder","everything is the same but u backflip on backflip"],"gold_per_floor":[117,117,217,233,246,277,301,301,301,301,319,359,59,94,94,224,224,242,152,152,152,152,152],"floor_reached":22,"playtime":990,"items_purged":[],"score":222,"play_id":"a9de6744-52b3-4681-b324-59b0e0848583","local_time":"20210111134701","is_ascension_mode":true,"campfire_choices":[{"data":"somnambulantmod: UnthoughtKnown","floor":8,"key":"SMITH"},{"floor":15,"key":"REST"}],"circlet_count":0,"master_deck":["somnambulantmod: SomnambulantStrike","somnambulantmod: SomnambulantStrike","somnambulantmod: SomnambulantStrike","somnambulantmod: SomnambulantStrike","somnambulantmod: SomnambulantStrike","somnambulantmod: Defend_Somnambulant+1","somnambulantmod: Defend_Somnambulant+1","somnambulantmod: Defend_Somnambulant","somnambulantmod: Defend_Somnambulant","somnambulantmod: Defend_Somnambulant","somnambulantmod: QuickNap","somnambulantmod: PrimingPunch+1","somnambulantmod: Sleepyhead","somnambulantmod: Unmake","somnambulantmod: TrepanningBlow","somnambulantmod: Hush","somnambulantmod: UnthoughtKnown+1","somnambulantmod: MuscleMemory+1","somnambulantmod: Lucidity","somnambulantmod: NightHaunts","somnambulantmod: BadIdea","somnambulantmod: Amnausea"],"relics":["somnambulantmod: DreamJournal","EVO:Axolotl","NeowsBlessing","Golden Idol","Orichalcum","FossilizedHelix","War Paint","Replay:Ringing Soul","halation:Prosthetics","Gremlin Horn"],"acts_visited":["Exordium","TheCity"],"potions_floor_usage":[16,18],"damage_taken":[{"damage":0,"enemies":"Jaw Worm","floor":1,"turns":1},{"damage":0,"enemies":"2 Louse","floor":4,"turns":2},{"damage":0,"enemies":"conspire:RoseBush","floor":5,"turns":1},{"damage":16,"enemies":"Replay:BlueRogue","floor":6,"turns":10},{"damage":9,"enemies":"Looter","floor":7,"turns":4},{"damage":0,"enemies":"3 Louse","floor":11,"turns":1},{"damage":19,"enemies":"3 Sentries","floor":12,"turns":7},{"damage":12,"enemies":"Lagavulin","floor":14,"turns":5},{"damage":27,"enemies":"Slime Boss","floor":16,"turns":12},{"damage":2,"enemies":"Chosen","floor":18,"turns":5},{"damage":51,"enemies":"Spheric Guardian","floor":22,"turns":7}],"seed_played":"8255230509442765336","potions_obtained":[{"floor":1,"key":"Cursed Concoction"},{"floor":5,"key":"ColorlessPotion"},{"floor":6,"key":"Fire Potion"},{"floor":18,"key":"Elixir"}],"is_trial":false,"path_per_floor":["M","?","?","M","M","E","M","R","T","?","M","E","$","E","R","B",null,"M","?","?","?","M"],"character_chosen":"THE_SOMNAMBULANT","items_purchased":["somnambulantmod: Lucidity","somnambulantmod: NightHaunts"],"campfire_rested":1,"item_purchase_floors":[13,13],"current_hp_per_floor":[70,70,70,70,70,54,45,45,45,68,68,49,49,40,63,39,43,41,41,43,43,0,0],"gold":152,"neow_bonus":"THREE_ENEMY_KILL","is_daily":false,"chose_seed":false,"campfire_upgraded":1,"win_rate":0.0,"timestamp":1610394421,"path_taken":["M","?","?","M","?","E","M","R","T","?","M","E","$","E","R","BOSS","M","?","?","?","M"],"items_purchased_type":["Card","Card"],"build_version":"2020-12-22","purchased_purges":0,"victory":false,"max_hp_per_floor":[70,70,70,70,70,70,70,70,70,70,70,70,70,73,75,78,43,43,43,43,43,43,43],"relic_stats":{"Gremlin Horn":[0,0],"counters":[11,55],"Golden Idol":66,"Orichalcum":[114],"War Paint":["somnambulantmod: Defend_Somnambulant","somnambulantmod: MuscleMemory"],"obtain_stats":[{"Replay:Ringing Soul":14,"NeowsBlessing":0,"Gremlin Horn":21,"Golden Idol":2,"somnambulantmod: DreamJournal":0,"EVO:Axolotl":0,"Orichalcum":6,"War Paint":12,"halation:Prosthetics":17,"FossilizedHelix":9},{"Replay:Ringing Soul":8,"NeowsBlessing":0,"Gremlin Horn":10,"Golden Idol":1,"somnambulantmod: DreamJournal":0,"EVO:Axolotl":0,"Orichalcum":4,"War Paint":7,"halation:Prosthetics":9,"FossilizedHelix":5},{"Replay:Ringing Soul":31,"NeowsBlessing":0,"Gremlin Horn":48,"Golden Idol":1,"somnambulantmod: DreamJournal":0,"EVO:Axolotl":0,"Orichalcum":14,"War Paint":26,"halation:Prosthetics":43,"FossilizedHelix":18}]},"card_choices":[{"not_picked":["somnambulantmod: OpeningUp","somnambulantmod: MindWave"],"picked":"somnambulantmod: Sleepyhead","floor":1},{"not_picked":["somnambulantmod: Sleepyhead","somnambulantmod: HeadSmack"],"picked":"somnambulantmod: Unmake","floor":4},{"not_picked":["somnambulantmod: UnthoughtKnown","somnambulantmod: Sleepyhead"],"picked":"somnambulantmod: TrepanningBlow","floor":5},{"not_picked":["somnambulantmod: Reinterpret","somnambulantmod: OpeningUp"],"picked":"somnambulantmod: Hush","floor":6},{"not_picked":["somnambulantmod: SnuggleUp","somnambulantmod: BadIdea"],"picked":"somnambulantmod: UnthoughtKnown","floor":7},{"not_picked":["somnambulantmod: RecurringDream","somnambulantmod: LeechFears","somnambulantmod: DreamBig"],"picked":"SKIP","floor":11},{"not_picked":["somnambulantmod: Remember","somnambulantmod: RecurringDream"],"picked":"somnambulantmod: MuscleMemory","floor":12},{"not_picked":["somnambulantmod: Stimulus","somnambulantmod: TimeCompression"],"picked":"somnambulantmod: BadIdea","floor":14},{"not_picked":["somnambulantmod: Reinterpret","somnambulantmod: Narcolepsy"],"picked":"somnambulantmod: Amnausea","floor":16},{"not_picked":["somnambulantmod: ShowerThought","somnambulantmod: PourItOut+1","somnambulantmod: TimeCompression"],"picked":"SKIP","floor":18}],"player_experience":1109203,"relics_obtained":[{"floor":6,"key":"Orichalcum"},{"floor":9,"key":"FossilizedHelix"},{"floor":12,"key":"War Paint"},{"floor":14,"key":"Replay:Ringing Soul"}],"event_choices":[{"damage_healed":0,"gold_gain":0,"player_choice":"Take Wound","damage_taken":0,"relics_obtained":["Golden Idol"],"max_hp_gain":0,"max_hp_loss":0,"event_name":"Golden Idol","floor":2,"gold_loss":0,"cards_obtained":["Injury"]},{"damage_healed":0,"gold_gain":100,"player_choice":"Pray","damage_taken":0,"max_hp_gain":0,"max_hp_loss":0,"event_name":"Golden Shrine","floor":3,"gold_loss":0},{"damage_healed":23,"gold_gain":0,"player_choice":"Banana","damage_taken":0,"max_hp_gain":0,"max_hp_loss":0,"event_name":"Big Fish","floor":10,"gold_loss":0},{"cards_removed":["Injury"],"damage_healed":0,"gold_gain":0,"player_choice":"Upgrade and Remove","damage_taken":0,"max_hp_gain":0,"max_hp_loss":0,"event_name":"Designer","floor":19,"gold_loss":90,"cards_upgraded":["somnambulantmod: PrimingPunch"]},{"damage_healed":2,"gold_gain":0,"player_choice":"LEAVE ","damage_taken":0,"relics_obtained":[],"max_hp_gain":0,"max_hp_loss":0,"event_name":"betterSkull:BetterSkull","floor":20,"gold_loss":0,"cards_upgraded":[]},{"damage_healed":0,"gold_gain":0,"player_choice":"Gave Potion","damage_taken":0,"relics_obtained":["Gremlin Horn"],"max_hp_gain":0,"max_hp_loss":0,"event_name":"WeMeetAgain","floor":21,"gold_loss":0}],"is_beta":false,"boss_relics":[{"not_picked":["SacredBark","jedi:hotpepper"],"picked":"halation:Prosthetics"}],"items_purged_floors":[],"is_endless":false,"potions_floor_spawned":[1,5,6,18],"killed_by":"Spheric Guardian","ascension_level":2}}