{"host":"g1wmg2w41xhsnw8g","time":1610398774,"event":{"mods":["2.2 Compatiblity","Act Like it!","Aspiration","BaseMod","Better Altar","Better Match","Better Note","Better Sensory Stone","Better Skull","Better Third Choice","BetterRewards","Booster Modes","CapriCore","Colored Map","Colored Powertips","Curses Come First","Defuse TimeMaze Blight","Displayed Cursed Tome","Evolution","Friendly Minions","GifTheSpireLib","Good Game Mod","Googly Eyes","Infinite Spire","Minty Spire (QoL Compilation)","Red Circlet Mod","Relic Sorter","SCP261 Mod","Shade Mod","Shop Mod","Spicy Shops","StSLib","The Blackbeard","The Bug Knight","The Sage","Transform Curses","Wandering Minibosses","????"],"gold_per_floor":[134,192,192,237,307,422,143,241,241,384,609,728,813,813,44,384,384,435,435,489,489,571,229,343,8,8,8,105,44,140,176,111,442,442,493,668,668,846,903,219,317,441,464,515,608,697,715,3,56,71],"floor_reached":51,"playtime":2825,"items_purged":["blackbeard:JollyRoger","blackbeard:JollyRoger"],"score":1397,"play_id":"b852c6a2-d402-4262-a1cb-933fd2010a00","local_time":"20210111155934","daily_mods":["SealedDeck","Specialized","Heirloom","Elite Swarm","Midas"],"is_ascension_mode":true,"campfire_choices":[{"floor":27,"key":"REST"}],"circlet_count":0,"master_deck":["blackbeard:JollyRoger","blackbeard:JollyRoger","blackbeard:Toast","blackbeard:RearmingStrike+1","blackbeard:Spear","blackbeard:GoldenStrike","blackbeard:BlindAttacks","blackbeard:WeaponProficiency","blackbeard:Bandana","blackbeard:ReapersScythe","blackbeard:BrownPants","blackbeard:BountyHunter","Consume","blackbeard:GoldenDefense","blackbeard:BlindAttacks+1","blackbeard:TerrorOfTheSeas","blackbeard:Sharpening","blackbeard:CaptainsHat","blackbeard:Shrapnel","blackbeard:SwordDance","blackbeard:Salvager","blackbeard:Parrot","blackbeard:BoostMorale","blackbeard:GhostInTheRum","blackbeard:InfiniteBarrage","blackbeard:CloakAndCannonball","blackbeard:GoldenRain","blackbeard:Scrap","blackbeard:CannonBarrage","blackbeard:BountyHunter","blackbeard:MegaUpgrade","blackbeard:Spear+1","blackbeard:PowderKeg","wanderingMiniBosses:FinaleOfPromise","blackbeard:BlindAttacks+1","blackbeard:PiratesWill","blackbeard:GoldenGuillotine","AscendersBane","Envenom"],"relics":["blackbeard:LoadTheGoldenCannons","REME:ComplimentaryCards","EVO:Axolotl","MerchantsRug","infinitespire:Beetle Shell","infinitespire:ShieldingShard","Cracked Core","blackbeard:GoldenRing","aspiration:ChemicalBlood","Odd Mushroom","HollowMod:JonisBlessing","Anchor","Lantern","Darkstone Periapt","aspiration:RitualStick","infinitespire:FocusingShard","Orichalcum","CeramicFish","Shuriken","aspiration:Lifesprig","Pantograph","sagemod:Creepy_Carousel","aspiration:StickyExplosives_weak","Bird Faced Urn","wanderingMiniBosses:Blackblade","Gremlin Horn","Akabeko","Pen Nib","Toxic Egg 2","blackbeard:PowderCan","Bag of Marbles","Prayer Wheel","Singing Bowl","blackbeard:CrossedSwords","TungstenRod","blackbeard:Spearhead","Molten Egg 2","blackbeard:BloodOrange","blackbeard:CannonballsOfSteel"],"acts_visited":["Exordium","TheCity","TheBeyond"],"potions_floor_usage":[10,13,24,25,28,28,33,36,44],"damage_taken":[{"damage":6,"enemies":"2 Louse","floor":1,"turns":3},{"damage":14,"enemies":"Cultist","floor":2,"turns":6},{"damage":4,"enemies":"Small Slimes","floor":4,"turns":2},{"damage":9,"enemies":"3 Louse","floor":5,"turns":3},{"damage":17,"enemies":"Lagavulin","floor":6,"turns":5},{"damage":0,"enemies":"Gremlin Nob","floor":8,"turns":2},{"damage":14,"enemies":"3 Sentries","floor":10,"turns":5},{"damage":5,"enemies":"Lagavulin","floor":12,"turns":5},{"damage":3,"enemies":"The Mushroom Lair","floor":13,"turns":2},{"damage":0,"enemies":"Hexaghost","floor":16,"turns":7},{"damage":0,"enemies":"3 Byrds","floor":18,"turns":2},{"damage":0,"enemies":"Chosen","floor":20,"turns":2},{"damage":0,"enemies":"Centurion and Healer","floor":22,"turns":4},{"damage":0,"enemies":"Gremlin Leader","floor":24,"turns":2},{"damage":0,"enemies":"Slavers","floor":28,"turns":2},{"damage":0,"enemies":"Book of Stabbing","floor":30,"turns":2},{"damage":0,"enemies":"Snecko","floor":31,"turns":2},{"damage":0,"enemies":"Automaton","floor":33,"turns":4},{"damage":0,"enemies":"3 Darklings","floor":35,"turns":3},{"damage":0,"enemies":"2 Orb Walkers","floor":36,"turns":3},{"damage":0,"enemies":"Mind Bloom Boss Battle","floor":38,"turns":5},{"damage":0,"enemies":"Orb Walker","floor":39,"turns":2},{"damage":0,"enemies":"Jaw Worm Horde","floor":41,"turns":2},{"damage":0,"enemies":"Giant Head","floor":42,"turns":5},{"damage":0,"enemies":"Transient","floor":44,"turns":5},{"damage":0,"enemies":"Reptomancer","floor":45,"turns":1},{"damage":0,"enemies":"Sphere and 2 Shapes","floor":46,"turns":1},{"damage":0,"enemies":"Time Eater","floor":50,"turns":2}],"seed_played":"-7923640231695091989","potions_obtained":[{"floor":4,"key":"Weak Potion"},{"floor":10,"key":"SpeedPotion"},{"floor":12,"key":"SteroidPotion"},{"floor":20,"key":"Strength Potion"},{"floor":22,"key":"SpeedPotion"},{"floor":24,"key":"Fruit Juice"},{"floor":25,"key":"PowerPotion"},{"floor":25,"key":"SCP261:AppleJuicePotion"},{"floor":25,"key":"EssenceOfSteel"},{"floor":31,"key":"Block Potion"},{"floor":35,"key":"SCP261:BarrettColaPotion"},{"floor":42,"key":"Weak Potion"},{"floor":44,"key":"PowerPotion"}],"is_trial":true,"path_per_floor":["M","M","?","M","M","E","R","E","T","E","?","E","?","?","R","B",null,"M","?","M","?","M","R","E","R","T","R","E","R","E","M","R","B",null,"M","?","T","?","M","R","M","E","T","M","E","M","?","$","R","B",null],"character_chosen":"BLACKBEARD_CLASS","items_purchased":["MerchantsRug","blackbeard:Shrapnel","blackbeard:SwordDance","HollowMod:JonisBlessing","Anchor","Lantern","Darkstone Periapt","blackbeard:InfiniteBarrage","blackbeard:CloakAndCannonball","infinitespire:FocusingShard","Orichalcum","Shuriken","Cauldron","sagemod:Creepy_Carousel","Strawberry","Gremlin Horn","Akabeko","Pen Nib","blackbeard:CrossedSwords","TungstenRod","blackbeard:Spearhead","Molten Egg 2","blackbeard:BloodOrange","blackbeard:CannonballsOfSteel"],"campfire_rested":1,"item_purchase_floors":[7,7,7,15,15,15,15,15,15,23,23,25,25,29,40,40,40,40,48,48,48,48,48,49],"current_hp_per_floor":[69,55,55,51,42,25,25,25,25,11,11,6,3,3,3,3,75,75,75,75,60,60,60,65,49,49,75,75,75,75,75,75,75,88,88,88,88,88,88,95,95,95,95,95,97,101,107,107,107,107],"gold":71,"neow_bonus":"","is_daily":false,"chose_seed":false,"campfire_upgraded":0,"win_rate":0.0,"timestamp":1610398774,"path_taken":["M","M","?","?","M","E","R","E","T","E","?","E","?","?","R","BOSS","M","?","M","?","M","R","E","R","T","R","E","R","E","M","R","BOSS","M","?","?","?","M","R","M","E","T","M","E","?","?","$","R","BOSS"],"items_purchased_type":["Relic","Card","Card","Relic","Relic","Relic","Relic","Card","Card","Relic","Relic","Relic","Relic","Relic","Relic","Relic","Relic","Relic","Relic","Relic","Relic","Relic","Relic","Relic"],"build_version":"2020-12-22","purchased_purges":2,"victory":true,"max_hp_per_floor":[75,75,75,75,75,75,75,75,75,75,75,75,75,75,75,75,75,75,75,75,75,75,75,80,88,88,88,88,88,88,88,88,88,88,88,88,88,88,88,95,95,95,95,95,97,101,107,107,107,107],"card_choices":[{"not_picked":["blackbeard:GoldenStrike","blackbeard:JollyRoger"],"picked":"blackbeard:GoldenDefense","floor":1},{"not_picked":["blackbeard:WiseDefense","blackbeard:BrownPants"],"picked":"blackbeard:BlindAttacks","floor":2},{"not_picked":["blackbeard:DangerousBlow","blackbeard:CannonballSupply"],"picked":"blackbeard:TerrorOfTheSeas","floor":4},{"not_picked":["blackbeard:BeatUp","blackbeard:DeadlyArsenal"],"picked":"blackbeard:Sharpening","floor":5},{"not_picked":["blackbeard:UndeadForm","blackbeard:PowerHungry"],"picked":"blackbeard:CaptainsHat","floor":6},{"not_picked":["blackbeard:MegaUpgrade","blackbeard:PirateStrength"],"picked":"blackbeard:Salvager","floor":8},{"not_picked":["blackbeard:CaptainsHat","blackbeard:TheDrunkenSailor"],"picked":"blackbeard:Parrot","floor":10},{"not_picked":["blackbeard:BountyHunter","blackbeard:Intoxication"],"picked":"blackbeard:BoostMorale","floor":12},{"not_picked":["blackbeard:Shrapnel","blackbeard:RearmingStrike"],"picked":"blackbeard:GhostInTheRum","floor":13},{"not_picked":["blackbeard:Salvager","blackbeard:Parrot"],"picked":"blackbeard:GoldenRain","floor":16},{"not_picked":["blackbeard:DeadlyArsenal+1","blackbeard:Recklessness"],"picked":"blackbeard:Scrap","floor":18},{"not_picked":["blackbeard:GoldenStrike","blackbeard:CannonballSupply","blackbeard:CloakAndCannonball"],"picked":"SKIP","floor":20},{"not_picked":["blackbeard:Fencing","blackbeard:FieryDefense"],"picked":"blackbeard:CannonBarrage","floor":22},{"not_picked":["blackbeard:GoldenRain","blackbeard:TheDrunkenSailor"],"picked":"blackbeard:BountyHunter","floor":24},{"not_picked":["blackbeard:BountyHunter","blackbeard:ReapersScythe","blackbeard:Lifeboat"],"picked":"SKIP","floor":28},{"not_picked":["blackbeard:BountyHunter","blackbeard:Halberd"],"picked":"blackbeard:MegaUpgrade","floor":30},{"not_picked":["blackbeard:SwordDance","blackbeard:WoodenLeg","blackbeard:GoldenDefense"],"picked":"SKIP","floor":31},{"not_picked":["blackbeard:TacticalRetreat","blackbeard:Bandana"],"picked":"blackbeard:Spear+1","floor":35},{"not_picked":["blackbeard:CloakAndCannonball+1","blackbeard:Sharpening+1"],"picked":"blackbeard:PowderKeg","floor":36},{"not_picked":[],"picked":"wanderingMiniBosses:FinaleOfPromise","floor":38},{"not_picked":["blackbeard:Shrapnel+1","blackbeard:RearmingStrike+1"],"picked":"blackbeard:BlindAttacks+1","floor":38},{"not_picked":["blackbeard:WoodenLeg","blackbeard:BeatUp+1"],"picked":"blackbeard:PiratesWill","floor":39},{"not_picked":["blackbeard:WiseDefense","blackbeard:CaptainsCabin","blackbeard:Sharpening"],"picked":"SKIP","floor":41},{"not_picked":["blackbeard:TheDrunkenSailor","blackbeard:BountyHunter"],"picked":"blackbeard:GoldenGuillotine","floor":42},{"not_picked":["blackbeard:BuriedTreasure+1","blackbeard:GhostInTheRum+1","blackbeard:Sharpening+1"],"picked":"SKIP","floor":44},{"not_picked":["blackbeard:ReapersScythe+1","blackbeard:CaptainsHat","blackbeard:BountyHunter"],"picked":"Singing Bowl","floor":45},{"not_picked":["blackbeard:BlindAttacks","blackbeard:GoldenDefense+1","blackbeard:CatONineTails+1"],"picked":"Singing Bowl","floor":46},{"not_picked":["blackbeard:DeadlyArsenal+1","blackbeard:WiseDefense+1","blackbeard:FieryDefense+1"],"picked":"Singing Bowl","floor":46}],"player_experience":1037955,"relics_obtained":[{"floor":6,"key":"Lizard Tail"},{"floor":8,"key":"infinitespire:Beetle Shell"},{"floor":9,"key":"infinitespire:ShieldingShard"},{"floor":10,"key":"aspiration:Nostalgia"},{"floor":12,"key":"aspiration:ChemicalBlood"},{"floor":13,"key":"Odd Mushroom"},{"floor":24,"key":"CeramicFish"},{"floor":26,"key":"aspiration:Lifesprig"},{"floor":28,"key":"Pantograph"},{"floor":30,"key":"Whetstone"},{"floor":36,"key":"Gambling Chip"},{"floor":37,"key":"aspiration:StickyExplosives_weak"},{"floor":38,"key":"Bird Faced Urn"},{"floor":38,"key":"wanderingMiniBosses:Blackblade"},{"floor":42,"key":"Toxic Egg 2"},{"floor":42,"key":"blackbeard:PowderCan"},{"floor":43,"key":"Bag of Marbles"},{"floor":45,"key":"Prayer Wheel"},{"floor":45,"key":"Singing Bowl"}],"event_choices":[{"cards_removed":["blackbeard:JollyRoger"],"damage_healed":0,"gold_gain":0,"player_choice":"Purged","damage_taken":0,"max_hp_gain":0,"max_hp_loss":0,"event_name":"Purifier","floor":3,"gold_loss":0},{"damage_healed":0,"gold_gain":225,"player_choice":"YARR","damage_taken":0,"relics_obtained":["blackbeard:GoldenRing"],"max_hp_gain":0,"max_hp_loss":0,"event_name":"blackbeard:Ssssserpent","floor":11,"gold_loss":0},{"damage_healed":0,"gold_gain":0,"player_choice":"Fought Mushrooms","damage_taken":0,"max_hp_gain":0,"max_hp_loss":0,"event_name":"Mushrooms","floor":13,"gold_loss":0},{"cards_removed":["blackbeard:BrownPants"],"damage_healed":0,"gold_gain":0,"player_choice":"Give","damage_taken":0,"max_hp_gain":0,"max_hp_loss":0,"event_name":"betterNote:BetterNote","floor":19,"gold_loss":0,"cards_obtained":["None"]},{"damage_healed":0,"gold_gain":0,"player_choice":"Fight","damage_taken":0,"max_hp_gain":0,"max_hp_loss":0,"event_name":"Mysterious Sphere","floor":36,"gold_loss":0},{"damage_healed":0,"gold_gain":0,"player_choice":"Fight","damage_taken":0,"max_hp_gain":0,"max_hp_loss":0,"event_name":"MindBloom","floor":38,"gold_loss":0},{"damage_healed":0,"gold_gain":3,"player_choice":"3","damage_taken":0,"max_hp_gain":0,"max_hp_loss":0,"event_name":"betterStone:BetterStone","floor":47,"gold_loss":0,"cards_obtained":["Envenom"]}],"is_beta":false,"boss_relics":[{"not_picked":["SlaversCollar","Runic Pyramid"],"picked":"blackbeard:LoadTheGoldenCannons"},{"not_picked":["blackbeard:SoberMinded","aspiration:FutureDiary"],"picked":"Black Star"}],"items_purged_floors":[32,40],"is_endless":false,"potions_floor_spawned":[4,10,12,20,22,24,31,35,42,44],"ascension_level":1}}