{"host":"tzyzz5n7hg2ni9q2","time":1610402176,"event":{"mods":["BaseMod","Minty Spire (QoL Compilation)","Quick Restart"],"gold_per_floor":[215,215,215,229,78,110,110,143,167,186,202,202,54,70,70,167,167,181,198,216,234,249,249,269,286,286,36,36,56,87,102,102,102,102],"floor_reached":33,"playtime":1601,"items_purged":[],"score":439,"play_id":"7bcdf4b2-5836-4968-9b98-2f8f830587fa","local_time":"20210111225616","is_ascension_mode":true,"campfire_choices":[{"floor":7.0,"key":"REST"},{"floor":12.0,"key":"REST"},{"data":"Noxious Fumes","floor":15.0,"key":"SMITH"},{"floor":23.0,"key":"REST"},{"floor":28.0,"key":"REST"},{"floor":32,"key":"REST"}],"circlet_count":0,"master_deck":["AscendersBane","Strike_G","Strike_G+1","Strike_G","Strike_G","Defend_G","Defend_G","Defend_G","Defend_G","Defend_G","Survivor","Neutralize+1","Flying Knee","Noxious Fumes+1","Poisoned Stab","Dash","Malaise","Leg Sweep","Well Laid Plans","After Image","Blur"],"relics":["Ring of the Serpent","TwistedFunnel","Bag of Marbles","White Beast Statue","Regal Pillow","Orichalcum","Paper Crane","Pen Nib"],"acts_visited":["Exordium","TheCity"],"potions_floor_usage":[30,33],"damage_taken":[{"damage":5.0,"enemies":"Small Slimes","floor":1.0,"turns":7.0},{"damage":1.0,"enemies":"2 Louse","floor":4.0,"turns":3.0},{"damage":28.0,"enemies":"3 Sentries","floor":6.0,"turns":13.0},{"damage":12.0,"enemies":"Gremlin Nob","floor":8.0,"turns":4.0},{"damage":0.0,"enemies":"Cultist","floor":10.0,"turns":3.0},{"damage":0.0,"enemies":"Gremlin Gang","floor":11.0,"turns":4.0},{"damage":0.0,"enemies":"3 Louse","floor":14.0,"turns":3.0},{"damage":5.0,"enemies":"The Guardian","floor":16.0,"turns":10.0},{"damage":2.0,"enemies":"3 Byrds","floor":18.0,"turns":5.0},{"damage":13.0,"enemies":"Shell Parasite","floor":19.0,"turns":7.0},{"damage":7.0,"enemies":"Centurion and Healer","floor":20.0,"turns":9.0},{"damage":17.0,"enemies":"Snecko","floor":21.0,"turns":6.0},{"damage":14.0,"enemies":"Snake Plant","floor":22.0,"turns":6.0},{"damage":22.0,"enemies":"3 Cultists","floor":24.0,"turns":6.0},{"damage":0.0,"enemies":"Centurion and Healer","floor":25.0,"turns":8.0},{"damage":9.0,"enemies":"Snake Plant","floor":29.0,"turns":5.0},{"damage":32,"enemies":"Slavers","floor":30,"turns":7},{"damage":6,"enemies":"Snecko","floor":31,"turns":7},{"damage":59,"enemies":"Collector","floor":33,"turns":7}],"seed_played":"3392173451607958664","potions_obtained":[{"floor":4.0,"key":"LiquidMemories"},{"floor":6.0,"key":"FearPotion"},{"floor":8.0,"key":"Fruit Juice"},{"floor":10.0,"key":"FearPotion"},{"floor":11.0,"key":"PowerPotion"},{"floor":14.0,"key":"Dexterity Potion"},{"floor":20.0,"key":"SpeedPotion"},{"floor":21.0,"key":"Fruit Juice"},{"floor":22.0,"key":"BlessingOfTheForge"},{"floor":24.0,"key":"Explosive Potion"},{"floor":25.0,"key":"FairyPotion"},{"floor":29.0,"key":"Dexterity Potion"},{"floor":30,"key":"BlessingOfTheForge"},{"floor":31,"key":"SkillPotion"}],"is_trial":false,"path_per_floor":["M","?","?","M","$","E","R","E","T","M","M","R","$","M","R","B",null,"M","M","M","M","M","R","M","M","T","$","R","M","E","M","R","B"],"character_chosen":"THE_SILENT","items_purchased":["TwistedFunnel","Regal Pillow","Paper Crane"],"campfire_rested":5,"item_purchase_floors":[5,13,27],"current_hp_per_floor":[58,44,44,43,43,15,36,29,29,29,29,51,51,51,51,46,68,66,53,46,34,20,59,37,37,37,37,76,67,35,29,68,9,9],"gold":102,"neow_bonus":"HUNDRED_GOLD","is_daily":false,"chose_seed":false,"campfire_upgraded":1,"win_rate":0.0,"timestamp":1610402176,"path_taken":["M","?","?","?","$","E","R","E","T","M","M","R","$","M","R","BOSS","M","M","M","M","?","R","M","M","T","$","R","M","E","M","R","BOSS"],"items_purchased_type":["Relic","Relic","Relic"],"build_version":"2020-12-22","purchased_purges":0,"victory":false,"max_hp_per_floor":[70,70,70,70,70,70,70,75,75,75,75,75,75,75,75,75,75,75,75,75,80,80,80,80,80,80,80,80,80,80,80,80,80,80],"card_choices":[{"not_picked":["Bane","Skewer"],"picked":"Flying Knee","floor":1.0},{"not_picked":["Slice","Distraction","Deadly Poison"],"picked":"SKIP","floor":4.0},{"not_picked":["Outmaneuver","After Image"],"picked":"Noxious Fumes","floor":6.0},{"not_picked":["Deflect","Acrobatics","Flying Knee"],"picked":"SKIP","floor":8.0},{"not_picked":["Deflect","Dagger Throw","Riddle With Holes"],"picked":"SKIP","floor":10.0},{"not_picked":["Caltrops","Cloak And Dagger"],"picked":"Poisoned Stab","floor":11.0},{"not_picked":["Dodge and Roll","Flying Knee"],"picked":"Dash","floor":14.0},{"not_picked":["Wraith Form v2","Envenom"],"picked":"Malaise","floor":16.0},{"not_picked":["Accuracy","Flying Knee"],"picked":"Leg Sweep","floor":18.0},{"not_picked":["Poisoned Stab","PiercingWail"],"picked":"Well Laid Plans","floor":19.0},{"not_picked":["Prepared+1","Reflex","Sucker Punch"],"picked":"SKIP","floor":20.0},{"not_picked":["Acrobatics","Cloak And Dagger","Concentrate+1"],"picked":"SKIP","floor":21.0},{"not_picked":["Flechettes","Underhanded Strike","Malaise"],"picked":"SKIP","floor":22.0},{"not_picked":["Flying Knee","Deadly Poison","Dodge and Roll"],"picked":"SKIP","floor":24.0},{"not_picked":["Flying Knee+1","Deadly Poison+1","Bane"],"picked":"SKIP","floor":25.0},{"not_picked":["Acrobatics","Skewer","Concentrate+1"],"picked":"SKIP","floor":29.0},{"not_picked":["Quick Slash","Eviscerate"],"picked":"After Image","floor":30},{"not_picked":["Acrobatics+1","Eviscerate+1"],"picked":"Blur","floor":31}],"player_experience":270756,"relics_obtained":[{"floor":6.0,"key":"Bag of Marbles"},{"floor":8.0,"key":"White Beast Statue"},{"floor":26.0,"key":"Orichalcum"},{"floor":30,"key":"Pen Nib"}],"event_choices":[{"damage_healed":0.0,"max_hp_gain":0.0,"max_hp_loss":0.0,"gold_gain":0.0,"event_name":"Shining Light","player_choice":"Entered Light","floor":2.0,"gold_loss":0.0,"damage_taken":14.0,"cards_upgraded":["Strike_G","Neutralize"]},{"cards_removed":["Strike_G"],"damage_healed":0.0,"max_hp_gain":0.0,"max_hp_loss":0.0,"gold_gain":0.0,"event_name":"Purifier","player_choice":"Purged","floor":3.0,"gold_loss":0.0,"damage_taken":0.0}],"is_beta":false,"boss_relics":[{"not_picked":["Pandora\u0027s Box","Tiny House"],"picked":"Ring of the Serpent"}],"items_purged_floors":[],"is_endless":false,"potions_floor_spawned":[4,6,8,10,11,14,16,18,19,20,21,22,24,25,29,30,31],"killed_by":"Collector","ascension_level":11}}