{"host":"kw4o7b3ro2ktmmbe","time":1610356516,"event":{"mods":["BaseMod","Evolution","Minty Spire (QoL Compilation)","StSLib","TheArtist"],"gold_per_floor":[119,119,135,210,220,220,231,79,105,105,129,129,150,173,173,296,296,320,235,90,50,64,64,64,87,87,87,112,112,126,165,165,165,165],"floor_reached":33,"playtime":1712,"items_purged":[],"score":282,"play_id":"6e4a6942-1c88-4e92-82d1-32dcee3339be","local_time":"20210111221516","is_ascension_mode":false,"campfire_choices":[{"data":"artistmod:AccursedAggression","floor":6,"key":"SMITH"},{"floor":15,"key":"REST"},{"data":"artistmod:GrowingGreens","floor":23,"key":"SMITH"},{"data":"artistmod:AccursedAggression","floor":27,"key":"SMITH"},{"data":"artistmod:DaringDefend","floor":29,"key":"SMITH"},{"data":"artistmod:ReddeningRampage","floor":32,"key":"SMITH"}],"circlet_count":0,"master_deck":["artistmod:RedRage","artistmod:RedRage","artistmod:RedRage","artistmod:RedRage","artistmod:DaringDefend+1","artistmod:DaringDefend","artistmod:DaringDefend+1","artistmod:DaringDefend","artistmod:PaintballPelt","artistmod:AccursedAggression+1","artistmod:MagentaMist","artistmod:RadicalRainbows+1","artistmod:AccursedAggression+1","artistmod:GrowingGreens+1","artistmod:ReddeningRampage+1","artistmod:SweepingSadness+1"],"relics":["artistmod:BlueBrush","EVO:Axolotl","Vajra","Anchor","Golden Idol","Coffee Dripper","Ancient Tea Set","Pen Nib","MutagenicStrength","Omamori","Question Card","Mercury Hourglass"],"acts_visited":["Exordium","TheCity"],"potions_floor_usage":[13,16,30,31,33,33,33],"damage_taken":[{"damage":0,"enemies":"Small Slimes","floor":1,"turns":2},{"damage":0,"enemies":"Cultist","floor":3,"turns":2},{"damage":1,"enemies":"2 Louse","floor":5,"turns":2},{"damage":6,"enemies":"Large Slime","floor":7,"turns":4},{"damage":0,"enemies":"2 Fungi Beasts","floor":11,"turns":2},{"damage":0,"enemies":"Lots of Slimes","floor":13,"turns":3},{"damage":0,"enemies":"3 Louse","floor":14,"turns":3},{"damage":15,"enemies":"The Guardian","floor":16,"turns":6},{"damage":0,"enemies":"3 Byrds","floor":18,"turns":3},{"damage":2,"enemies":"Shell Parasite","floor":22,"turns":4},{"damage":0,"enemies":"Centurion and Healer","floor":28,"turns":4},{"damage":8,"enemies":"Shelled Parasite and Fungi","floor":30,"turns":3},{"damage":51,"enemies":"Slavers","floor":31,"turns":5},{"damage":10,"enemies":"Collector","floor":33,"turns":2}],"seed_played":"-8149480376230071267","potions_obtained":[{"floor":7,"key":"Explosive Potion"},{"floor":11,"key":"Weak Potion"},{"floor":13,"key":"Dexterity Potion"},{"floor":16,"key":"FearPotion"},{"floor":28,"key":"CultistPotion"},{"floor":30,"key":"LiquidMemories"},{"floor":31,"key":"Weak Potion"}],"is_trial":false,"path_per_floor":["M","?","M","?","M","R","M","$","T","?","M","?","M","M","R","B",null,"M","?","$","?","M","R","?","T","T","R","M","R","M","E","R","B"],"character_chosen":"THE_ARTIST","items_purchased":["Vajra","Pen Nib"],"campfire_rested":1,"item_purchase_floors":[8,20],"current_hp_per_floor":[71,64,64,53,52,52,46,46,46,29,29,29,29,29,50,35,71,71,71,71,71,69,69,69,69,69,69,69,69,61,10,10,0,0],"gold":165,"neow_bonus":"REMOVE_CARD","is_daily":false,"chose_seed":false,"campfire_upgraded":5,"win_rate":0.0,"timestamp":1610356516,"path_taken":["M","?","?","?","M","R","M","$","T","?","M","?","?","M","R","BOSS","M","?","$","?","?","R","?","?","T","R","?","R","M","E","R","BOSS"],"items_purchased_type":["Relic","Relic"],"build_version":"2020-12-22","purchased_purges":0,"victory":false,"max_hp_per_floor":[71,71,71,71,71,71,71,71,71,71,71,71,71,71,71,71,71,71,71,71,71,71,71,71,71,71,71,71,71,71,71,71,71,71],"card_choices":[{"not_picked":["artistmod:CanvasCatapult","artistmod:ColorCopy"],"picked":"artistmod:PaintballPelt","floor":1},{"not_picked":["artistmod:IndigoIncapitation","artistmod:ShinyShiv"],"picked":"artistmod:AccursedAggression","floor":3},{"not_picked":["artistmod:ColorfulClobber","artistmod:PaintbrushPanic","artistmod:SimpleStudies"],"picked":"SKIP","floor":5},{"not_picked":["artistmod:CanvasCatapult","artistmod:IndigoIncapitation","artistmod:PrismaticPain"],"picked":"SKIP","floor":7},{"not_picked":["artistmod:ColorfulClobber","artistmod:ChosenColors","artistmod:VibrantVision"],"picked":"SKIP","floor":11},{"not_picked":["artistmod:ClearChroma","artistmod:PrismaticPain","artistmod:ChromaCrash"],"picked":"SKIP","floor":13},{"not_picked":["artistmod:ClearChroma","artistmod:PinkPurple"],"picked":"artistmod:MagentaMist","floor":14},{"not_picked":["artistmod:MagentaMist","artistmod:PaintProfusion"],"picked":"artistmod:RadicalRainbows","floor":16},{"not_picked":["artistmod:ColorCopy","artistmod:MagentaMadness"],"picked":"artistmod:AccursedAggression","floor":18},{"not_picked":["artistmod:DoubleDraw","artistmod:BrownBrush"],"picked":"artistmod:GrowingGreens","floor":22},{"not_picked":["artistmod:RedRage","artistmod:MagentaMadness","artistmod:RedRazzing","artistmod:ChosenColors"],"picked":"SKIP","floor":28},{"not_picked":["artistmod:BanefulBucket","artistmod:ClearChroma+1","artistmod:DarkerDanger+1"],"picked":"artistmod:ReddeningRampage","floor":30},{"not_picked":["artistmod:MeanMagenta","artistmod:YellowYearning","artistmod:BrownBrush"],"picked":"artistmod:SweepingSadness+1","floor":31}],"player_experience":1840984,"relics_obtained":[{"floor":9,"key":"Anchor"},{"floor":25,"key":"Omamori"},{"floor":26,"key":"Question Card"},{"floor":31,"key":"Mercury Hourglass"}],"event_choices":[{"damage_healed":0,"gold_gain":0,"player_choice":"Damaged","damage_taken":7,"max_hp_gain":0,"max_hp_loss":0,"event_name":"Wheel of Change","floor":2,"gold_loss":0},{"damage_healed":0,"gold_gain":75,"player_choice":"Gather Gold","damage_taken":11,"max_hp_gain":0,"max_hp_loss":0,"event_name":"World of Goop","floor":4,"gold_loss":0},{"damage_healed":0,"gold_gain":0,"player_choice":"Take Damage","damage_taken":17,"relics_obtained":["Golden Idol"],"max_hp_gain":0,"max_hp_loss":0,"event_name":"Golden Idol","floor":10,"gold_loss":0},{"cards_removed":["artistmod:BrushBash"],"damage_healed":0,"gold_gain":0,"player_choice":"Offered Basic","damage_taken":0,"max_hp_gain":0,"max_hp_loss":0,"event_name":"Bonfire Elementals","floor":12,"gold_loss":0},{"damage_healed":0,"gold_gain":0,"player_choice":"Obtained Relic","damage_taken":0,"relics_obtained":["Ancient Tea Set"],"max_hp_gain":0,"max_hp_loss":0,"event_name":"Addict","floor":19,"gold_loss":85},{"damage_healed":0,"gold_gain":0,"player_choice":"Upgraded Two","damage_taken":0,"max_hp_gain":0,"max_hp_loss":0,"event_name":"Designer","floor":21,"gold_loss":40,"cards_upgraded":["artistmod:RadicalRainbows","artistmod:DaringDefend"]},{"damage_healed":0,"gold_gain":0,"player_choice":"Inject Mutagens","damage_taken":0,"relics_obtained":["MutagenicStrength"],"max_hp_gain":0,"max_hp_loss":0,"event_name":"Drug Dealer","floor":24,"gold_loss":0}],"is_beta":false,"boss_relics":[{"not_picked":["Velvet Choker","Astrolabe"],"picked":"Coffee Dripper"}],"items_purged_floors":[],"is_endless":false,"potions_floor_spawned":[7,11,13,16,28,30,31],"killed_by":"Collector","ascension_level":0}}