{"host":"hn99riirbf0lv0ml","time":1610374640,"event":{"mods":["AchievementEnabler","Act Like it!","Bard","BaseMod","Beaked The Cultist","Colored Map","Colored Powertips","Conspire","Downfall","Duelist Mod","Friendly Minions","Gensokyo","GifTheSpireLib","Glutton Mod","Halation","Jorbs\u0027s Wanderer Trilogy","Mad Scientist","Marisa????????","Minty Spire (QoL Compilation)","Rare Cards Sparkle","Replay The Spire","StSLib","The Blackbeard","The Bug Knight","The Construct","The Cursed","The Disciple","The Mystic","The Runesmith","The Servant 0.9.4","The Witch"],"gold_per_floor":[116,133,153,166,181,181,13,33,56,7,33,33,63,63,63,168,168,179,70,131,131,150,150,170,170,170,190,90,90,90,105,105,203,203,219,232,232,242,255,255,272,272,323,339,354,366,366,366,366,366,366],"floor_reached":50,"playtime":10093,"items_purged":["Defend_B","Strike_B"],"score":438,"play_id":"0b452ad5-b10f-4aee-99e4-c2187f15e432","local_time":"20210111091720","is_ascension_mode":false,"campfire_choices":[{"floor":6.0,"key":"REST"},{"data":"Midas Touch","floor":12.0,"key":"SMITH"},{"data":"Time Bomb","floor":15.0,"key":"SMITH"},{"data":"Rainbow","floor":23.0,"key":"SMITH"},{"floor":25.0,"key":"REST"},{"floor":30.0,"key":"REST"},{"floor":32.0,"key":"DIG"},{"floor":40.0,"key":"REST"},{"floor":42.0,"key":"REST"},{"data":"White Noise","floor":47.0,"key":"SMITH"},{"floor":49.0,"key":"REST"}],"circlet_count":0,"master_deck":["Strike_B+1","Strike_B+1","Strike_B","Defend_B","Defend_B","Zap","Dualcast","Coolheaded","Time Bomb+1","Tempest","Barrage+1","White Noise+1","Midas Touch+1","Coolheaded","Sweeping Beam","Panic Button","Rainbow+1","Ball Lightning+1","Redo+1","Chill","BootSequence","Compile Driver+1","Hologram+1","Rainbow","Ball Lightning+1","Ball Lightning","Sunder+1","Coolheaded+1","Sweeping Beam+1","Steam+1","Melter+1","Seek"],"relics":["Cracked Core","Pet Ghost","Odd Mushroom","Lantern","Garlic","Snack Pack","conspire:Flyswatter","Whetstone","halation:BlueSoulGem","Simple Rune"],"acts_visited":["Exordium","Gensokyo:Gensokyoer","Gensokyo:Gensokyoest"],"potions_floor_usage":[50,50,50,50],"damage_taken":[{"damage":9.0,"enemies":"Jaw Worm","floor":1.0,"turns":4.0},{"damage":9.0,"enemies":"Small Slimes","floor":2.0,"turns":2.0},{"damage":4.0,"enemies":"conspire:RoseBush","floor":3.0,"turns":3.0},{"damage":9.0,"enemies":"Exordium Wildlife","floor":4.0,"turns":3.0},{"damage":6.0,"enemies":"Large Slime","floor":5.0,"turns":5.0},{"damage":0.0,"enemies":"Red Slaver","floor":8.0,"turns":3.0},{"damage":0.0,"enemies":"The Mushroom Lair","floor":11.0,"turns":2.0},{"damage":26.0,"enemies":"Hexaghost","floor":16.0,"turns":9.0},{"damage":8.0,"enemies":"Gensokyo:Chomper","floor":18.0,"turns":4.0},{"damage":1.0,"enemies":"Gensokyo:CosmicMonolith","floor":22.0,"turns":4.0},{"damage":4.0,"enemies":"Gensokyo:3_Gloops","floor":24.0,"turns":4.0},{"damage":41.0,"enemies":"Gensokyo:Chomper_and_Gloop","floor":27.0,"turns":6.0},{"damage":4.0,"enemies":"Gensokyo:Wraith","floor":31.0,"turns":4.0},{"damage":49.0,"enemies":"Gensokyo:Eiki","floor":33.0,"turns":12.0},{"damage":0.0,"enemies":"Gensokyo:3_Bats","floor":35.0,"turns":3.0},{"damage":25.0,"enemies":"Gensokyo:3_Boulders","floor":36.0,"turns":6.0},{"damage":4.0,"enemies":"Gensokyo:4_Bats","floor":38.0,"turns":8.0},{"damage":7.0,"enemies":"Gensokyo:Sharpion","floor":39.0,"turns":4.0},{"damage":26.0,"enemies":"Gensokyo:SeedOfUnknown","floor":41.0,"turns":5.0},{"damage":11.0,"enemies":"Gensokyo:3_Boulders","floor":44.0,"turns":6.0},{"damage":0.0,"enemies":"Gensokyo:AtlasGolem","floor":45.0,"turns":4.0},{"damage":37.0,"enemies":"Gensokyo:Sharpion","floor":46.0,"turns":5.0},{"damage":55,"enemies":"Gensokyo:Scarlet_Devils","floor":50,"turns":7}],"seed_played":"4327494168264324814","potions_obtained":[{"floor":0.0,"key":"EntropicBrew"},{"floor":0.0,"key":"Fruit Juice"},{"floor":0.0,"key":"champ:CounterPotion"},{"floor":2.0,"key":"SpeedPotion"},{"floor":3.0,"key":"Venom Potion"},{"floor":8.0,"key":"EntropicBrew"},{"floor":20.0,"key":"LiquidMemories"},{"floor":24.0,"key":"Energy Potion"},{"floor":31.0,"key":"LiquidMemories"},{"floor":33.0,"key":"Elixir"},{"floor":41.0,"key":"Swift Potion"},{"floor":44.0,"key":"Toxic Potion"}],"is_trial":false,"path_per_floor":["M","M","M","M","M","R","$","M","T","$","?","R","?","$","R","B",null,"M","$","?","?","M","R","M","R","T","M","$","T","R","M","R_BF","B",null,"M","M","?","M","M","R","M","R","T","M","M","M","R","?","R","B"],"character_chosen":"DEFECT","items_purchased":["Midas Touch","Sweeping Beam","Redo+1"],"campfire_rested":6,"item_purchase_floors":[7,10,19],"current_hp_per_floor":[71,62,58,49,43,67,67,67,67,67,67,67,67,67,67,41,80,72,72,52,52,51,51,47,71,71,32,32,32,56,54,54,13,80,80,55,55,51,44,68,44,68,68,57,59,22,22,22,46,0,0],"gold":366,"neow_bonus":"THREE_SMALL_POTIONS","is_daily":false,"chose_seed":false,"campfire_upgraded":4,"win_rate":0.0,"timestamp":1610374640,"path_taken":["M","M","M","M","M","R","$","M","T","$","?","R","?","$","R","BOSS","M","$","?","?","M","R","?","R","T","M","?","?","R","M","R_BF","BOSS","M","M","?","M","M","R","M","R","T","M","M","M","R","?","R","BOSS"],"items_purchased_type":["Card","Card","Card"],"build_version":"2020-12-22","purchased_purges":2,"victory":false,"max_hp_per_floor":[80,80,80,80,80,80,80,80,80,80,80,80,80,80,80,80,80,80,80,80,80,80,80,80,80,80,80,80,80,80,80,80,80,80,80,80,80,80,80,80,80,80,80,80,80,80,80,80,80,80,80],"card_choices":[{"not_picked":["Beam Cell","Cold Snap"],"picked":"Coolheaded","floor":1.0},{"not_picked":["Aggregate","Ball Lightning"],"picked":"Time Bomb","floor":2.0},{"not_picked":["Ball Lightning","Go for the Eyes"],"picked":"Tempest","floor":3.0},{"not_picked":["Aggregate","Steam"],"picked":"Barrage","floor":4.0},{"not_picked":["Force Field","Go for the Eyes"],"picked":"White Noise","floor":5.0},{"not_picked":["Steam","Stack"],"picked":"Coolheaded","floor":8.0},{"not_picked":["Barrage","ReplayGash"],"picked":"Panic Button","floor":11.0},{"not_picked":["Hyperbeam","Electrodynamics"],"picked":"Rainbow","floor":16.0},{"not_picked":["Chaos","Aggregate"],"picked":"Ball Lightning+1","floor":18.0},{"not_picked":["Heatsinks","Panic Button"],"picked":"Chill","floor":22.0},{"not_picked":["Gash","Steam"],"picked":"BootSequence","floor":24.0},{"not_picked":["Redo","Leap"],"picked":"Compile Driver","floor":27.0},{"not_picked":["Rip and Tear","Blizzard"],"picked":"Hologram+1","floor":31.0},{"not_picked":["All For One","Fission"],"picked":"Rainbow","floor":33.0},{"not_picked":["Recycle","Hologram+1"],"picked":"Ball Lightning+1","floor":35.0},{"not_picked":["Hologram","Auto Shields"],"picked":"Ball Lightning","floor":36.0},{"not_picked":["Darkness","Stack"],"picked":"Sunder+1","floor":38.0},{"not_picked":["Ball Lightning+1","Hologram+1"],"picked":"Coolheaded+1","floor":39.0},{"not_picked":["Glacier","Leap"],"picked":"Sweeping Beam+1","floor":41.0},{"not_picked":["Cold Snap+1","ReplayTheSpireMod:Calculation Training+1"],"picked":"Steam+1","floor":44.0},{"not_picked":["Streamline+1","BasicCrystalCard+1"],"picked":"Melter+1","floor":45.0},{"not_picked":["Leap","Consume"],"picked":"Seek","floor":46.0}],"player_experience":129773,"relics_obtained":[{"floor":9.0,"key":"Pet Ghost"},{"floor":11.0,"key":"Odd Mushroom"},{"floor":20.0,"key":"Garlic"},{"floor":26.0,"key":"Snack Pack"},{"floor":29.0,"key":"conspire:Flyswatter"},{"floor":32.0,"key":"Whetstone"},{"floor":43.0,"key":"Simple Rune"}],"event_choices":[{"damage_healed":0.0,"max_hp_gain":0.0,"max_hp_loss":0.0,"gold_gain":0.0,"event_name":"Mushrooms","player_choice":"Fought Mushrooms","floor":11.0,"gold_loss":0.0,"damage_taken":0.0},{"damage_healed":0.0,"max_hp_gain":0.0,"max_hp_loss":0.0,"gold_gain":30.0,"event_name":"Dead Adventurer","player_choice":"Searched \u00272\u0027 times","floor":13.0,"gold_loss":0.0,"damage_taken":0.0,"relics_obtained":["Lantern"]}],"is_beta":false,"boss_relics":[{"not_picked":["beaked:MawFillet","Runesmith:UraniumAnvil","Replay:Cursed D8"]},{"not_picked":["halation:Risk","Kintsugi","Fusion Hammer"]}],"items_purged_floors":[19,28],"is_endless":false,"potions_floor_spawned":[2,3,8,11,24,31,33,35,38,41,44],"killed_by":"Gensokyo:Scarlet_Devils","ascension_level":0}}