{"host":"aaqofma31c3gm2hj","time":1610351940,"event":{"mods":["BaseMod","Minty Spire (QoL Compilation)","Replay The Spire","Spicy Shops","StSLib"],"gold_per_floor":[115,115,133,222,106,106,133,133,133,149,182,195,521,535,535,608,608,621,546,546,546,558,558,585,585,585,600,173,266,299,299,299,373,373,387,387,168,193,193,193,222,222,222,222,172,172,201,216,216,216,216,216,216,15,40,46,46],"floor_reached":56,"playtime":1770,"items_purged":["Strike_R","Strike_R+1","Writhe","Pain"],"score":1739,"play_id":"ee6eba62-2f01-49ba-b75f-832c313848f4","local_time":"20210111155900","is_ascension_mode":true,"campfire_choices":[{"data":"Pommel Strike","floor":6.0,"key":"SMITH"},{"data":"Second Wind","floor":8.0,"key":"SMITH"},{"floor":23.0,"key":"DIG"},{"floor":25.0,"key":"DIG"},{"floor":32.0,"key":"DIG"},{"floor":40,"key":"DIG"},{"floor":42,"key":"DIG"},{"floor":49,"key":"RECALL"},{"floor":53,"key":"DIG"}],"circlet_count":0,"master_deck":["AscendersBane","Defend_R","Defend_R","Defend_R","Bash","Pommel Strike+1","Uppercut+1","Second Wind+1","Barricade","ReplayTheSpireMod:Limb From Limb","Demon Form","ReplayTheSpireMod:LeadingStrike+1","Evolve","Midas Touch","Exhume+1","Pot Of Greed+1","Pot Of Greed+1","True Grit+1","Clumsy","Apotheosis+1","Shrug It Off+1"],"relics":["Burning Blood","NeowsBlessing","Smiling Mask","Iron Hammer","ReplayTheSpireMod:TigerMarble","StoneCalendar","Old Coin","Runic Pyramid","Shovel","Whetstone","Juzu Bracelet","Pen Nib","Ornamental Fan","TheAbacus","Replay:Bottled Steam","Toxic Egg 2","Frozen Egg 2","Replay:Grab Bag","Runic Dome","Cursed Key","Runic Cube","ReplayTheSpireMod:Ring of Collecting","Ring of Misfortune","Grinning Jar","Replay:Kaleidoscope","Akabeko","Nunchaku","Letter Opener","Ring of Panic","Ring of Searing","Molten Egg 2","Strawberry","Shuriken","Replay:Bandana"],"acts_visited":["Exordium","TheCity","TheBeyond","TheEnding"],"potions_floor_usage":[50,51,51,56],"damage_taken":[{"damage":0.0,"enemies":"Jaw Worm","floor":1.0,"turns":1.0},{"damage":0.0,"enemies":"2 Louse","floor":3.0,"turns":1.0},{"damage":0.0,"enemies":"Lagavulin","floor":7.0,"turns":1.0},{"damage":0.0,"enemies":"Cultist","floor":10.0,"turns":2.0},{"damage":6.0,"enemies":"Gremlin Nob","floor":11.0,"turns":3.0},{"damage":0.0,"enemies":"Blue Slaver","floor":12.0,"turns":2.0},{"damage":0.0,"enemies":"Lagavulin","floor":13.0,"turns":7.0},{"damage":0.0,"enemies":"Looter","floor":14.0,"turns":2.0},{"damage":34.0,"enemies":"Slime Boss","floor":16.0,"turns":7.0},{"damage":0.0,"enemies":"Chosen","floor":18.0,"turns":3.0},{"damage":1.0,"enemies":"Shell Parasite","floor":22.0,"turns":4.0},{"damage":27.0,"enemies":"Slavers","floor":24.0,"turns":5.0},{"damage":1.0,"enemies":"Snecko","floor":27.0,"turns":4.0},{"damage":12.0,"enemies":"3 Cultists","floor":29.0,"turns":4.0},{"damage":15.0,"enemies":"Book of Stabbing","floor":30.0,"turns":5.0},{"damage":7.0,"enemies":"Automaton","floor":33.0,"turns":6.0},{"damage":0.0,"enemies":"Orb Walker","floor":35.0,"turns":3.0},{"damage":0,"enemies":"Mind Bloom Boss Battle","floor":38,"turns":4},{"damage":10,"enemies":"R_Hoarder","floor":41,"turns":7},{"damage":13,"enemies":"Nemesis","floor":47,"turns":3},{"damage":2,"enemies":"3 Darklings","floor":48,"turns":2},{"damage":27,"enemies":"Donu and Deca","floor":50,"turns":6},{"damage":18,"enemies":"Replay:Hell Engine","floor":51,"turns":3},{"damage":58,"enemies":"Shield and Spear","floor":55,"turns":5},{"damage":51,"enemies":"The Heart","floor":56,"turns":3}],"seed_played":"-1169193227257030555","potions_obtained":[{"floor":7.0,"key":"PowerPotion"},{"floor":10.0,"key":"Doom Potion"},{"floor":16.0,"key":"Milkshake"},{"floor":18.0,"key":"Swift Potion"},{"floor":27.0,"key":"EssenceOfSteel"},{"floor":33.0,"key":"Milkshake"},{"floor":41,"key":"PowerPotion"},{"floor":47,"key":"EntropicBrew"},{"floor":55,"key":"Weak Potion"}],"is_trial":false,"path_per_floor":["M","?","M","?","$","R","E","R","T","M","E","M","E","M","R","B",null,"M","?","?","?","M","R","E","R","T","M","$","M","E","T","R","B",null,"M","?","$","?","?","R","E","R","T","?","$","T","E","M","R","B","B",null,"R","$","E","B"],"character_chosen":"IRONCLAD","items_purchased":["Uppercut+1","Midas Touch","TheAbacus","Grinning Jar","Apotheosis+1"],"campfire_rested":0,"item_purchase_floors":[5,28,28,37,54],"current_hp_per_floor":[74,67,73,73,73,73,75,75,75,75,75,75,75,75,75,47,68,74,74,74,74,75,75,54,54,54,59,59,53,50,50,50,49,69,75,75,75,75,75,75,75,75,75,71,71,71,71,75,75,54,42,72,72,72,20,0,0],"gold":46,"neow_bonus":"THREE_ENEMY_KILL","is_daily":false,"chose_seed":false,"campfire_upgraded":2,"win_rate":0.0,"timestamp":1610351940,"path_taken":["M","?","M","?","?","R","E","R","T","?","E","M","E","M","R","BOSS","M","?","?","?","M","R","E","R","T","M","$","M","E","?","R","BOSS","M","?","$","?","?","R","E","R","T","?","?","?","E","M","R","BOSS","BOSS","R","$","E","BOSS"],"items_purchased_type":["Card","Card","Relic","Relic","Card"],"build_version":"2020-12-22","purchased_purges":4,"victory":false,"max_hp_per_floor":[75,75,75,75,75,75,75,75,75,75,75,75,75,75,75,75,75,75,75,75,75,75,75,75,75,75,75,75,75,75,75,75,75,75,75,75,75,75,75,75,75,75,75,75,75,75,82,82,82,82,82,82,82,82,82,82,82],"card_choices":[{"not_picked":["Headbutt","Heavy Blade","Flex"],"picked":"SKIP","floor":1.0},{"not_picked":["Thunderclap","Heavy Blade","Clothesline"],"picked":"SKIP","floor":3.0},{"not_picked":["ReplayTheSpireMod:Stacked","Combust"],"picked":"Pommel Strike","floor":4.0},{"not_picked":["Heavy Blade","Perfected Strike"],"picked":"Second Wind","floor":7.0},{"not_picked":["Sword Boomerang","Second Wind","Dual Wield"],"picked":"SKIP","floor":10.0},{"not_picked":["Heavy Blade","Dual Wield","Sword Boomerang"],"picked":"SKIP","floor":11.0},{"not_picked":["Defy Death","Sword Boomerang","Blood for Blood"],"picked":"SKIP","floor":12.0},{"not_picked":["Wild Strike","Armaments","Run Through"],"picked":"SKIP","floor":13.0},{"not_picked":["Entrench","True Grit"],"picked":"Barricade","floor":14.0},{"not_picked":["Eclipse","Brutality"],"picked":"Demon Form","floor":16.0},{"not_picked":["ReplayTheSpireMod:Strike From Hell","Havoc","ReplayTheSpireMod:LeadingStrike"],"picked":"SKIP","floor":18.0},{"not_picked":["ReplayTheSpireMod:Strike From Hell","Havoc"],"picked":"ReplayTheSpireMod:LeadingStrike","floor":18.0},{"not_picked":["ReplayReversal","Hemokinesis","Iron Wave"],"picked":"SKIP","floor":22.0},{"not_picked":["Fiend Fire","Clash"],"picked":"Evolve","floor":24.0},{"not_picked":["Battle Trance","ReplayTheSpireMod:Limb From Limb","Sword Boomerang"],"picked":"SKIP","floor":27.0},{"not_picked":["Searing Blow","Heavy Blade","ReplayTheSpireMod:Stacked"],"picked":"SKIP","floor":29.0},{"not_picked":["Flame Barrier","ReplayTheSpireMod:Muscle Training","Evolve"],"picked":"SKIP","floor":30.0},{"not_picked":["Demon Form+1","Hemogenesis"],"picked":"Exhume+1","floor":33.0},{"not_picked":["Cleave","Flex+1","Perfected Strike"],"picked":"SKIP","floor":35.0},{"not_picked":["Heavy Blade","Shrug It Off+1"],"picked":"True Grit+1","floor":38},{"not_picked":["Perfected Strike","Wild Strike","True Grit+1"],"picked":"SKIP","floor":41},{"not_picked":["Headbutt+1","Infernal Blade+1","ReplayTheSpireMod:Stacked+1"],"picked":"SKIP","floor":47},{"not_picked":["Perfected Strike+1","Second Wind+1","Blood for Blood+1"],"picked":"SKIP","floor":48},{"not_picked":["ReplayReversal+1","Berserk+1"],"picked":"Shrug It Off+1","floor":55}],"player_experience":580356,"relics_obtained":[{"floor":4.0,"key":"Smiling Mask"},{"floor":7.0,"key":"Iron Hammer"},{"floor":9.0,"key":"ReplayTheSpireMod:TigerMarble"},{"floor":11.0,"key":"StoneCalendar"},{"floor":13.0,"key":"Old Coin"},{"floor":23.0,"key":"Whetstone"},{"floor":24.0,"key":"Juzu Bracelet"},{"floor":25.0,"key":"Pen Nib"},{"floor":26.0,"key":"Ornamental Fan"},{"floor":30.0,"key":"Replay:Bottled Steam"},{"floor":31.0,"key":"Toxic Egg 2"},{"floor":32.0,"key":"Frozen Egg 2"},{"floor":36.0,"key":"ReplayTheSpireMod:Ring of Collecting"},{"floor":36.0,"key":"Ring of Misfortune"},{"floor":38,"key":"Replay:Kaleidoscope"},{"floor":40,"key":"Akabeko"},{"floor":41,"key":"Nunchaku"},{"floor":42,"key":"Letter Opener"},{"floor":43,"key":"Ring of Panic"},{"floor":46,"key":"Ring of Searing"},{"floor":46,"key":"Molten Egg 2"},{"floor":47,"key":"Strawberry"},{"floor":53,"key":"Shuriken"},{"floor":55,"key":"Replay:Bandana"}],"event_choices":[{"cards_removed":["Strike_R"],"damage_healed":0.0,"max_hp_gain":0.0,"max_hp_loss":0.0,"gold_gain":0.0,"event_name":"Golden Wing","player_choice":"Card Removal","floor":2.0,"gold_loss":0.0,"damage_taken":7.0},{"cards_removed":["Strike_R"],"damage_healed":0.0,"max_hp_gain":0.0,"max_hp_loss":0.0,"gold_gain":0.0,"event_name":"Beggar","player_choice":"Gave Gold","floor":19.0,"gold_loss":75.0,"damage_taken":0.0},{"damage_healed":0.0,"max_hp_gain":0.0,"max_hp_loss":0.0,"gold_gain":0.0,"event_name":"Ghosts","player_choice":"Ignored","floor":20.0,"gold_loss":0.0,"damage_taken":0.0},{"damage_healed":0.0,"max_hp_gain":0.0,"max_hp_loss":0.0,"gold_gain":0.0,"event_name":"The Mausoleum","player_choice":"Opened","floor":21.0,"gold_loss":0.0,"damage_taken":0.0,"relics_obtained":["Shovel"],"cards_obtained":["Writhe"]},{"damage_healed":0,"gold_gain":0,"player_choice":"Fight","damage_taken":0,"max_hp_gain":0,"max_hp_loss":0,"event_name":"MindBloom","floor":38,"gold_loss":0},{"cards_removed":["Defend_R"],"damage_healed":0,"gold_gain":0,"player_choice":"Offered Basic","damage_taken":0,"max_hp_gain":0,"max_hp_loss":0,"event_name":"Bonfire Elementals","floor":39,"gold_loss":0},{"damage_healed":0,"gold_gain":0,"player_choice":"Bought 0 Potions","damage_taken":0,"max_hp_gain":0,"max_hp_loss":0,"event_name":"The Woman in Blue","floor":44,"gold_loss":0}],"is_beta":false,"boss_relics":[{"not_picked":["Replay:Ancient Bell","Fusion Hammer"],"picked":"Runic Pyramid"},{"not_picked":["Black Star","Calling Bell"],"picked":"Replay:Grab Bag"},{"not_picked":["Velvet Choker","ChewingGum"],"picked":"Runic Dome"},{"not_picked":["Busted Crown","Sozu"],"picked":"Cursed Key"},{"not_picked":["Mark of Pain","Ring of Chaos"],"picked":"Runic Cube"}],"items_purged_floors":[5,28,37,45],"is_endless":false,"potions_floor_spawned":[7,10,12,14,16,18,22,27,33,41,47,55],"killed_by":"The Heart","ascension_level":20}}