{"host":"12ua7wmg1suouds3","time":1610370213,"event":{"mods":["ATMod(阿瑾Mod)","Act Like it!","BaseMod","Easy Mod","Hubris","Jedi Mod","Library of Ruina","Library of Ruina Extra","Lobotomy","LobotomyExtend","Minty Spire (QoL Compilation)","StSLib","TestMod","Waifu the Spire","easy-game-mod","noobMod","vexMod","【遗物Mod】简单游戏"],"gold_per_floor":[110,510,526,543,543,543,572,591,591,607,642,655,655,675,675,780,780,800,715,727,727,727,755,755,324,371,118,133,133,348,363,363,462,462,476,476,476,487,53,53,83,83,83,88,19,33,52,83,83,83,83,83,83,83,83,117,117],"floor_reached":58,"playtime":4345,"items_purged":[],"score":1708,"play_id":"8f16eb22-82de-4202-bffc-98df31acfcc6","local_time":"20210111210333","is_ascension_mode":true,"campfire_choices":[{"floor":6,"key":"RECALL"},{"data":"HalloweenModGhostCostume","floor":13,"key":"SMITH"},{"data":"HalloweenModGhostCostume","floor":15,"key":"SMITH"},{"data":"HalloweenModGhostCostume","floor":24,"key":"SMITH"},{"data":"AT_FalsePromise","floor":32,"key":"SMITH"},{"data":"HalloweenModCandy","floor":40,"key":"SMITH"},{"data":"DegradedShockwave","floor":42,"key":"SMITH"},{"data":"DegradedPillar","floor":49,"key":"SMITH"},{"data":"DegradedLock","floor":54,"key":"SMITH"}],"circlet_count":0,"master_deck":["Mercenary","CENSORED","ApocalypseBird","PunishingBird","LongBird","BigBird","QueenOfHatred","BodiesMountain","Funeral","EasyMod:card_1","DegradedFairy+1","DegradedFairy","DegradedChain","DegradedLock+1","DegradedPillar+1","DegradedPillar+1","DegradedShockwave+1","AT_FalsePromise+1","HalloweenModGhostCostume+1","HalloweenModGhostCostume+1","UniverseFragment","HalloweenModTrick+1","HalloweenModCandy+1","OSAHOGD","HalloweenModGhostCostume+1","Variant","HalloweenModGhostCostume+1","HalloweenModGhostCostume+1","HalloweenModGhostCostume+1","HalloweenModGhostCostume+1","HalloweenModGhostCostume+1","Freischutz","HalloweenModCandy+1","FieryBird","NothingThere","SilentOrchestra"],"relics":["PageOfLibrarian","ice","EasyCustomRelic","EasyRelic","HalloweenModHalloween","Blue Candle","CogitoBucket","Akabeko","SolemnVow_r","LuminousBracelet","HornCleat","vexMod:ImprovementManual","SkinProphecy","PreservedInsect","MutagenicStrength","testmod-TestBox","hubris:BottledRain","TheSmile_r","Bag of Marbles","Dream Catcher","PageOfGreed","InTheNameOfLoveAndHate_r","Justitia_r","hubris:NiceRug","PageOfSpiderBud","testmod-Register","hubris:MedicalManual","AtMidnight","AspirationHeart","testmod-Nine","hubris:Icosahedron","Twilight","PageOfTheQueenOfHatred","PageOfTheKnightOfDespair","CENSORED_r","PageOfWrath","PageOfNihil","WantedRequest","EasyMod:Hard_1","EasyMod:Easy_2"],"acts_visited":["Exordium","TheCity","TheBeyond","TheEnding"],"potions_floor_usage":[12,12,12,18,30,30,31,31,31,33,44,44],"damage_taken":[{"damage":0,"enemies":"Small Slimes","floor":1,"turns":1},{"damage":0,"enemies":"Jaw Worm","floor":3,"turns":2},{"damage":0,"enemies":"2 Louse","floor":4,"turns":1},{"damage":0,"enemies":"3 Sentries","floor":7,"turns":1},{"damage":0,"enemies":"Looter","floor":8,"turns":1},{"damage":0,"enemies":"Blue Slaver","floor":10,"turns":2},{"damage":0,"enemies":"Lagavulin","floor":11,"turns":2},{"damage":0,"enemies":"Large Slime","floor":12,"turns":4},{"damage":0,"enemies":"Exordium Thugs","floor":14,"turns":3},{"damage":5,"enemies":"The Guardian","floor":16,"turns":5},{"damage":0,"enemies":"3 Byrds","floor":18,"turns":3},{"damage":2,"enemies":"2 Thieves","floor":20,"turns":3},{"damage":1,"enemies":"Book of Stabbing","floor":23,"turns":3},{"damage":2,"enemies":"Gremlin Leader","floor":25,"turns":1},{"damage":5,"enemies":"Snake Plant","floor":28,"turns":3},{"damage":2,"enemies":"hubris:Merchant","floor":30,"turns":3},{"damage":2,"enemies":"Cultist and Chosen","floor":31,"turns":1},{"damage":0,"enemies":"Champ","floor":33,"turns":4},{"damage":0,"enemies":"Orb Walker","floor":35,"turns":1},{"damage":1,"enemies":"3 Shapes","floor":38,"turns":1},{"damage":7,"enemies":"Sphere and 2 Shapes","floor":39,"turns":5},{"damage":1,"enemies":"Reptomancer","floor":41,"turns":1},{"damage":0,"enemies":"Nemesis","floor":44,"turns":3},{"damage":4,"enemies":"Sphere and 2 Shapes","floor":45,"turns":5},{"damage":0,"enemies":"Transient","floor":46,"turns":3},{"damage":0,"enemies":"3 Darklings","floor":47,"turns":1},{"damage":0,"enemies":"Giant Head","floor":48,"turns":3},{"damage":16,"enemies":"Donu and Deca","floor":50,"turns":4},{"damage":0,"enemies":"Shield and Spear","floor":56,"turns":2},{"damage":3,"enemies":"The Heart","floor":57,"turns":5}],"seed_played":"-5027996054764910419","potions_obtained":[{"floor":1,"key":"testmod-TestPotion"},{"floor":4,"key":"EssenceOfSteel"},{"floor":11,"key":"Energy Potion"},{"floor":16,"key":"Fire Potion"},{"floor":20,"key":"Energy Potion"},{"floor":23,"key":"Swift Potion"},{"floor":25,"key":"jedi:wingpotion"},{"floor":28,"key":"LiquidMemories"},{"floor":30,"key":"testmod-TestPotion"},{"floor":30,"key":"EssenceOfSteel"},{"floor":31,"key":"PowerPotion"},{"floor":35,"key":"SkillPotion"},{"floor":38,"key":"PowerPotion"},{"floor":44,"key":"SkillPotion"},{"floor":46,"key":"LiquidMemories"},{"floor":47,"key":"SkillPotion"}],"is_trial":false,"path_per_floor":["M","?","M","M","?","R","E","M","T","M","E","M","R","M","R","B",null,"M","?","M","?","?","E","R","E","T","$","M","?","$","M","R","B",null,"M","?","?","M","M","R","E","R","T","E","M","M","M","E","R","B",null,null,null,"R","$","E","B",null],"character_chosen":"Librarian","items_purchased":["PageOfGreed"],"campfire_rested":0,"item_purchase_floors":[27],"current_hp_per_floor":[60,60,60,67,66,66,66,66,66,84,90,126,126,125,125,125,125,125,125,127,127,127,123,123,117,117,117,110,110,119,124,124,17,181,183,183,183,185,187,187,189,189,189,191,192,197,199,201,201,195,195,195,195,195,195,197,199],"gold":117,"neow_bonus":"","is_daily":false,"chose_seed":false,"campfire_upgraded":8,"win_rate":0.0,"timestamp":1610370213,"path_taken":["M","?","M","M","?","R","E","M","T","?","E","M","R","M","R","BOSS","M","?","M","?","?","E","R","E","T","$","?","?","$","M","R","BOSS","M","?","?","M","?","R","E","R","T","E","M","M","?","E","R","BOSS","R","$","E","BOSS"],"items_purchased_type":["Relic"],"build_version":"2020-12-22","purchased_purges":0,"victory":true,"max_hp_per_floor":[90,120,120,120,120,120,120,120,120,135,135,135,135,125,125,125,125,125,125,127,127,157,159,159,161,161,161,163,163,165,179,179,181,181,183,183,183,185,187,187,189,189,189,191,195,197,199,201,201,195,195,195,195,195,195,197,199],"card_choices":[{"not_picked":["Rudolta","FairyFestival","CherryBlossoms"],"picked":"Singing Bowl","floor":1},{"not_picked":["Scorched","Wellcheers"],"picked":"QueenOfHatred","floor":1},{"not_picked":["HalloweenModTrick","HalloweenModCandy","HalloweenModTrick","HalloweenModTrick","HalloweenModGhostCostume","HalloweenModTrick","HalloweenModCandy","HalloweenModCandy"],"picked":"HalloweenModGhostCostume","floor":1},{"not_picked":["SingingMachine","Scorched","SpiderBud"],"picked":"Singing Bowl","floor":3},{"not_picked":["HalloweenModCandy","HalloweenModTrick","HalloweenModGhostCostume","HalloweenModCandy","HalloweenModCandy","HalloweenModTrick","HalloweenModGhostCostume","HalloweenModCandy"],"picked":"HalloweenModGhostCostume","floor":3},{"not_picked":["CrumblingArmor","Woodsman","OldLady"],"picked":"Singing Bowl","floor":4},{"not_picked":["OldLady","VoidDream"],"picked":"UniverseFragment","floor":4},{"not_picked":["HalloweenModCandy","HalloweenModGhostCostume","HalloweenModTrick","HalloweenModCandy","HalloweenModCandy","HalloweenModCandy","HalloweenModGhostCostume","HalloweenModTrick"],"picked":"HalloweenModTrick","floor":4},{"not_picked":["MeatLantern","NakedNest"],"picked":"Funeral","floor":7},{"not_picked":["HalloweenModTrick","HalloweenModCandy","HalloweenModGhostCostume","HalloweenModTrick","HalloweenModCandy","HalloweenModTrick","HalloweenModTrick","HalloweenModTrick"],"picked":"HalloweenModCandy","floor":7},{"not_picked":["BeautyBeast","MeatLantern"],"picked":"OSAHOGD","floor":8},{"not_picked":["HalloweenModTrick","HalloweenModGhostCostume","HalloweenModCandy","HalloweenModTrick","HalloweenModCandy","HalloweenModTrick","HalloweenModTrick","HalloweenModTrick"],"picked":"HalloweenModGhostCostume","floor":8},{"not_picked":["MeatLantern","Laetitia","Murderer"],"picked":"Singing Bowl","floor":10},{"not_picked":["HappyTeddy","BigBadWolf"],"picked":"Variant","floor":10},{"not_picked":["HalloweenModCandy","HalloweenModTrick","HalloweenModTrick","HalloweenModCandy","HalloweenModTrick","HalloweenModCandy","HalloweenModGhostCostume","HalloweenModTrick"],"picked":"HalloweenModGhostCostume","floor":10},{"not_picked":["HalloweenModCandy","HalloweenModTrick","HalloweenModCandy","HalloweenModCandy","HalloweenModGhostCostume","HalloweenModCandy","HalloweenModGhostCostume","HalloweenModTrick"],"picked":"HalloweenModGhostCostume","floor":11},{"not_picked":["OldLady","FairyFestival"],"picked":"DespairKnight","floor":11},{"not_picked":["Murderer","LittlePrince","CrumblingArmor"],"picked":"Singing Bowl","floor":12},{"not_picked":["Mercenary","WallGazer"],"picked":"LongBird","floor":12},{"not_picked":["HalloweenModCandy","HalloweenModTrick","HalloweenModTrick","HalloweenModTrick","HalloweenModGhostCostume","HalloweenModTrick","HalloweenModCandy","HalloweenModCandy"],"picked":"HalloweenModGhostCostume","floor":12},{"not_picked":["Wellcheers","FieryBird"],"picked":"PunishingBird","floor":14},{"not_picked":["HalloweenModTrick","HalloweenModCandy","HalloweenModGhostCostume","HalloweenModCandy","HalloweenModCandy","HalloweenModCandy","HalloweenModCandy","HalloweenModCandy"],"picked":"HalloweenModGhostCostume","floor":14},{"not_picked":["NakedNest","Woodsman","HeroicMonk"],"picked":"Singing Bowl","floor":16},{"not_picked":["HalloweenModTrick","HalloweenModCandy"],"picked":"HalloweenModGhostCostume","floor":16},{"not_picked":["Scorched","BlackSwan","SpiderBud"],"picked":"Singing Bowl","floor":18},{"not_picked":["SpiderBud","RedShoes"],"picked":"Freischutz","floor":18},{"not_picked":["HalloweenModTrick","HalloweenModGhostCostume","HalloweenModTrick","HalloweenModCandy","HalloweenModGhostCostume+1","HalloweenModCandy+1","HalloweenModGhostCostume","HalloweenModCandy+1"],"picked":"HalloweenModCandy+1","floor":18},{"not_picked":["CherryBlossoms","FairyFestival","Woodsman"],"picked":"Singing Bowl","floor":20},{"not_picked":["CrumblingArmor","SingingMachine"],"picked":"BodiesMountain","floor":20},{"not_picked":["HalloweenModCandy+1","HalloweenModGhostCostume","HalloweenModTrick+1","HalloweenModGhostCostume","HalloweenModTrick+1","HalloweenModTrick+1","HalloweenModCandy+1","HalloweenModCandy","HalloweenModTrick"],"picked":"SKIP","floor":20},{"not_picked":["OldLady","Mercenary","HeroicMonk"],"picked":"Singing Bowl","floor":23},{"not_picked":["HalloweenModTrick","HalloweenModGhostCostume","HalloweenModCandy","HalloweenModTrick","HalloweenModCandy","HalloweenModTrick","HalloweenModGhostCostume","HalloweenModCandy+1","HalloweenModGhostCostume+1"],"picked":"SKIP","floor":23},{"not_picked":["FairyFestival","VoidDream","ShyLook"],"picked":"Singing Bowl","floor":25},{"not_picked":["VoidDream","MeatLantern"],"picked":"FieryBird","floor":25},{"not_picked":["HalloweenModTrick","HalloweenModCandy+1","HalloweenModGhostCostume","HalloweenModCandy+1","HalloweenModCandy","HalloweenModCandy","HalloweenModCandy","HalloweenModGhostCostume+1","HalloweenModTrick+1"],"picked":"SKIP","floor":25},{"not_picked":["RedShoes","LittleHelper","GreedKing"],"picked":"Singing Bowl","floor":28},{"not_picked":["VoidDream","CrumblingArmor"],"picked":"Yin","floor":28},{"not_picked":["HalloweenModGhostCostume","HalloweenModCandy","HalloweenModTrick","HalloweenModCandy+1","HalloweenModGhostCostume","HalloweenModCandy","HalloweenModGhostCostume","HalloweenModTrick","HalloweenModCandy"],"picked":"SKIP","floor":28},{"not_picked":["HalloweenModTrick","HalloweenModCandy","HalloweenModGhostCostume","HalloweenModGhostCostume","HalloweenModTrick","HalloweenModCandy","HalloweenModCandy+1","HalloweenModTrick+1","HalloweenModTrick+1"],"picked":"SKIP","floor":30},{"not_picked":["HalloweenModCandy+1","HalloweenModGhostCostume+1","HalloweenModTrick","HalloweenModCandy+1","HalloweenModGhostCostume","HalloweenModGhostCostume","HalloweenModGhostCostume","HalloweenModGhostCostume","HalloweenModCandy"],"picked":"SKIP","floor":30},{"not_picked":["HalloweenModTrick","HalloweenModGhostCostume","HalloweenModCandy","HalloweenModGhostCostume","HalloweenModTrick","HalloweenModGhostCostume+1","HalloweenModTrick+1","HalloweenModCandy","HalloweenModCandy"],"picked":"SKIP","floor":30},{"not_picked":["HalloweenModGhostCostume","HalloweenModCandy","HalloweenModTrick","HalloweenModGhostCostume","HalloweenModTrick","HalloweenModTrick","HalloweenModTrick+1","HalloweenModCandy","HalloweenModTrick"],"picked":"SKIP","floor":30},{"not_picked":["HalloweenModTrick+1","HalloweenModGhostCostume","HalloweenModCandy+1","HalloweenModGhostCostume","HalloweenModCandy","HalloweenModTrick+1","HalloweenModTrick+1","HalloweenModGhostCostume","HalloweenModGhostCostume"],"picked":"SKIP","floor":30},{"not_picked":["HalloweenModCandy","HalloweenModTrick","HalloweenModGhostCostume","HalloweenModGhostCostume","HalloweenModTrick","HalloweenModCandy","HalloweenModCandy+1","HalloweenModTrick","HalloweenModGhostCostume"],"picked":"SKIP","floor":30},{"not_picked":["HalloweenModTrick","HalloweenModCandy","HalloweenModGhostCostume","HalloweenModCandy","HalloweenModGhostCostume+1","HalloweenModTrick+1","HalloweenModCandy","HalloweenModCandy","HalloweenModGhostCostume"],"picked":"SKIP","floor":30},{"not_picked":["SpiderBud","BlueStar","VoidDream"],"picked":"Singing Bowl","floor":31},{"not_picked":["SilentOrchestra","Scarecrow"],"picked":"NothingThere","floor":31},{"not_picked":["HalloweenModTrick","HalloweenModGhostCostume","HalloweenModCandy","HalloweenModCandy","HalloweenModCandy","HalloweenModCandy","HalloweenModGhostCostume","HalloweenModCandy","HalloweenModGhostCostume"],"picked":"SKIP","floor":31},{"not_picked":["SingingMachine","RedShoes","DreamingCurrent"],"picked":"Singing Bowl","floor":33},{"not_picked":["WhitesApple","Scorched","Alriune"],"picked":"Singing Bowl","floor":35},{"not_picked":["HalloweenModCandy","HalloweenModTrick","HalloweenModGhostCostume+1","HalloweenModTrick","HalloweenModTrick","HalloweenModCandy","HalloweenModCandy","HalloweenModCandy+1","HalloweenModCandy+1"],"picked":"SKIP","floor":35},{"not_picked":["Murderer","DreamingCurrent"],"picked":"BigBird","floor":38},{"not_picked":["HalloweenModGhostCostume+1","HalloweenModCandy+1","HalloweenModTrick","HalloweenModTrick+1","HalloweenModGhostCostume+1","HalloweenModTrick","HalloweenModGhostCostume","HalloweenModTrick+1","HalloweenModTrick"],"picked":"SKIP","floor":38},{"not_picked":["LaLuna","SingingMachine","WallGazer"],"picked":"Singing Bowl","floor":39},{"not_picked":["BigBadWolf","BlueStar"],"picked":"CENSORED","floor":39},{"not_picked":["Bloodbath","LaLuna","Mercenary"],"picked":"Singing Bowl","floor":41},{"not_picked":["HalloweenModCandy","HalloweenModGhostCostume","HalloweenModTrick","HalloweenModTrick","HalloweenModCandy+1","HalloweenModCandy+1","HalloweenModGhostCostume","HalloweenModTrick+1","HalloweenModTrick+1"],"picked":"SKIP","floor":41},{"not_picked":["HappyTeddy","QueenBee","CherryBlossoms"],"picked":"Singing Bowl","floor":44},{"not_picked":["HalloweenModGhostCostume","HalloweenModTrick+1","HalloweenModCandy+1","HalloweenModTrick","HalloweenModCandy","HalloweenModGhostCostume+1","HalloweenModCandy","HalloweenModTrick+1","HalloweenModTrick"],"picked":"SKIP","floor":44},{"not_picked":["DespairKnight","Scorched"],"picked":"SilentOrchestra","floor":45},{"not_picked":["HalloweenModGhostCostume","HalloweenModTrick","HalloweenModCandy+1","HalloweenModTrick+1","HalloweenModCandy+1","HalloweenModCandy+1","HalloweenModGhostCostume","HalloweenModGhostCostume","HalloweenModTrick"],"picked":"SKIP","floor":45},{"not_picked":["BlackSwan","WhitesApple"],"picked":"Mercenary","floor":46},{"not_picked":["HalloweenModGhostCostume+1","HalloweenModTrick+1","HalloweenModCandy","HalloweenModCandy+1","HalloweenModCandy+1","HalloweenModTrick","HalloweenModCandy","HalloweenModGhostCostume","HalloweenModTrick+1"],"picked":"SKIP","floor":46},{"not_picked":["WallGazer","NakedNest","SingingMachine"],"picked":"Singing Bowl","floor":47},{"not_picked":["HalloweenModTrick","HalloweenModCandy+1","HalloweenModGhostCostume","HalloweenModGhostCostume","HalloweenModGhostCostume+1","HalloweenModCandy","HalloweenModGhostCostume+1","HalloweenModGhostCostume","HalloweenModTrick"],"picked":"SKIP","floor":47},{"not_picked":["Laetitia","Alriune","RedShoes"],"picked":"Singing Bowl","floor":48},{"not_picked":["HalloweenModTrick","HalloweenModGhostCostume","HalloweenModCandy","HalloweenModCandy+1","HalloweenModTrick+1","HalloweenModCandy+1","HalloweenModGhostCostume","HalloweenModGhostCostume+1","HalloweenModCandy+1"],"picked":"SKIP","floor":48},{"not_picked":["WallGazer","VoidDream","DreamingCurrent"],"picked":"Singing Bowl","floor":56},{"not_picked":["HalloweenModTrick+1","HalloweenModCandy+1","HalloweenModGhostCostume+1","HalloweenModCandy","HalloweenModCandy+1","HalloweenModCandy+1","HalloweenModTrick+1","HalloweenModTrick+1","HalloweenModCandy"],"picked":"SKIP","floor":56}],"player_experience":170301,"relics_obtained":[{"floor":7,"key":"Akabeko"},{"floor":11,"key":"HornCleat"},{"floor":23,"key":"hubris:BottledRain"},{"floor":25,"key":"Bag of Marbles"},{"floor":26,"key":"Dream Catcher"},{"floor":30,"key":"PageOfSpiderBud"},{"floor":30,"key":"testmod-Register"},{"floor":30,"key":"hubris:MedicalManual"},{"floor":31,"key":"AtMidnight"},{"floor":39,"key":"Twilight"},{"floor":41,"key":"PageOfTheQueenOfHatred"},{"floor":43,"key":"PageOfTheKnightOfDespair"},{"floor":44,"key":"PageOfWrath"},{"floor":45,"key":"PageOfNihil"},{"floor":48,"key":"EasyMod:Hard_1"},{"floor":56,"key":"EasyMod:Easy_2"}],"event_choices":[{"damage_healed":0,"gold_gain":400,"player_choice":"Sell","damage_taken":0,"max_hp_gain":0,"max_hp_loss":0,"event_name":"恩洛斯的盘子","floor":2,"relics_lost":["testmod-TestBox"],"gold_loss":0},{"damage_healed":0,"gold_gain":0,"player_choice":"Entered Light","damage_taken":24,"max_hp_gain":0,"max_hp_loss":0,"event_name":"Shining Light","floor":5,"gold_loss":0,"cards_upgraded":["DegradedPillar","DegradedFairy"]},{"damage_healed":0,"gold_gain":0,"player_choice":"Obtained Relic","damage_taken":0,"relics_obtained":["PreservedInsect"],"max_hp_gain":0,"max_hp_loss":0,"event_name":"Addict","floor":19,"gold_loss":85},{"damage_healed":0,"gold_gain":0,"player_choice":"Inject Mutagens","damage_taken":0,"relics_obtained":["MutagenicStrength"],"max_hp_gain":0,"max_hp_loss":0,"event_name":"Drug Dealer","floor":21,"gold_loss":0},{"damage_healed":0,"gold_gain":0,"player_choice":"Swap Relic","damage_taken":0,"relics_obtained":["testmod-TestBox"],"max_hp_gain":0,"max_hp_loss":0,"event_name":"给自己的盒子","floor":22,"relics_lost":["AT_ATBox"],"gold_loss":0},{"cards_removed":["DegradedFairy"],"damage_healed":0,"gold_gain":0,"player_choice":"Elegance","damage_taken":0,"max_hp_gain":0,"max_hp_loss":0,"event_name":"Back to Basics","floor":29,"gold_loss":0},{"damage_healed":0,"gold_gain":0,"player_choice":"Upgraded","damage_taken":0,"max_hp_gain":0,"max_hp_loss":0,"event_name":"Upgrade Shrine","floor":37,"gold_loss":0,"cards_upgraded":["HalloweenModTrick"]}],"is_beta":false,"boss_relics":[{"not_picked":["Philosopher\u0027s Stone","hubris:Stopwatch"],"picked":"vexMod:ImprovementManual"},{"not_picked":["testmod-KeyOfTheVoid","Empty Cage"],"picked":"testmod-Nine"}],"items_purged_floors":[],"is_endless":false,"potions_floor_spawned":[1,4,11,16,20,23,25,28,31,35,38,44,46,47,56],"ascension_level":1}}