{"host":"3qkmyeoym75lj4wn","time":1610398197,"event":{"mods":["2.2 Compatiblity","BaseMod","Block Reminder","Colored Powertips","Highlight Path","Minty Spire (QoL Compilation)","Permanent Neow","Potion Indicator Mod","Rare Cards Sparkle","Relic Stats","StSLib","Unceasing Turn Reminder"],"gold_per_floor":[118,137,7,107,122,152,152,181,181,197,216,249,319,319,319,395,395,410,422,422,422,422],"floor_reached":21,"playtime":754,"items_purged":["Strike_R"],"score":398,"play_id":"0b953e10-36c1-44de-a412-266317283d3a","local_time":"20210111204957","is_ascension_mode":true,"campfire_choices":[{"data":"Bash","floor":7,"key":"SMITH"},{"data":"Disarm","floor":15,"key":"SMITH"}],"circlet_count":0,"master_deck":["AscendersBane","Strike_R","Strike_R","Strike_R","Strike_R","Defend_R","Defend_R","Defend_R","Defend_R","Bash+1","Hemokinesis","Carnage","Cleave","Feed","Feel No Pain","Shrug It Off","Seeing Red","Disarm+1","Corruption+1","Flame Barrier"],"relics":["Burning Blood","Art of War","Letter Opener","Mummified Hand","Frozen Egg 2","Nunchaku","Mark of Pain"],"acts_visited":["Exordium","TheCity"],"potions_floor_usage":[6,11,12,16,18],"damage_taken":[{"damage":5,"enemies":"Small Slimes","floor":1,"turns":4},{"damage":2,"enemies":"Cultist","floor":2,"turns":2},{"damage":0,"enemies":"2 Louse","floor":5,"turns":2},{"damage":29,"enemies":"3 Sentries","floor":6,"turns":8},{"damage":10,"enemies":"Gremlin Nob","floor":8,"turns":3},{"damage":2,"enemies":"2 Fungi Beasts","floor":10,"turns":2},{"damage":15,"enemies":"Red Slaver","floor":11,"turns":4},{"damage":29,"enemies":"Lagavulin","floor":12,"turns":6},{"damage":17,"enemies":"Hexaghost","floor":16,"turns":11},{"damage":28,"enemies":"2 Thieves","floor":18,"turns":4},{"damage":43,"enemies":"Spheric Guardian","floor":19,"turns":6},{"damage":26,"enemies":"Chosen and Byrds","floor":21,"turns":3}],"seed_played":"121316347906399363","potions_obtained":[{"floor":1,"key":"ElixirPotion"},{"floor":6,"key":"ElixirPotion"},{"floor":10,"key":"BloodPotion"},{"floor":12,"key":"DuplicationPotion"},{"floor":16,"key":"DistilledChaos"}],"is_trial":false,"path_per_floor":["M","M","$","?","M","E","R","E","T","M","M","E","?","?","R","B",null,"M","M","?","M"],"character_chosen":"IRONCLAD","items_purchased":["AttackPotion"],"campfire_rested":0,"item_purchase_floors":[3],"current_hp_per_floor":[69,73,73,73,75,52,52,48,48,52,46,38,38,38,38,27,65,46,9,9,0,0],"gold":422,"neow_bonus":"RANDOM_COMMON_RELIC","is_daily":false,"chose_seed":false,"campfire_upgraded":2,"win_rate":0.0,"timestamp":1610398197,"path_taken":["M","M","$","?","?","E","R","E","T","M","M","E","?","?","R","BOSS","M","M","?","?"],"items_purchased_type":["Potion"],"build_version":"2020-12-22","purchased_purges":1,"victory":false,"max_hp_per_floor":[75,75,75,75,75,75,75,75,75,75,78,78,78,78,78,78,78,81,81,81,84,84],"relic_stats":{"Nunchaku":[4],"counters":[12,55],"Mummified Hand":[6],"Art of War":[1],"Letter Opener":[6],"obtain_stats":[{"Nunchaku":12,"Mummified Hand":8,"Mark of Pain":17,"Art of War":0,"Letter Opener":6,"Frozen Egg 2":9,"Burning Blood":0},{"Nunchaku":8,"Mummified Hand":5,"Mark of Pain":9,"Art of War":0,"Letter Opener":4,"Frozen Egg 2":5,"Burning Blood":0},{"Nunchaku":31,"Mummified Hand":19,"Mark of Pain":42,"Art of War":0,"Letter Opener":16,"Frozen Egg 2":19,"Burning Blood":0}],"Burning Blood":62},"card_choices":[{"not_picked":["Power Through","Body Slam"],"picked":"Hemokinesis","floor":1},{"not_picked":["Blood for Blood","Sentinel"],"picked":"Carnage","floor":2},{"not_picked":["Twin Strike","Power Through"],"picked":"Cleave","floor":5},{"not_picked":["Heavy Blade","Pommel Strike"],"picked":"Feed","floor":6},{"not_picked":["Rage","Berserk"],"picked":"Feel No Pain","floor":8},{"not_picked":["Cleave","Pommel Strike"],"picked":"Shrug It Off","floor":10},{"not_picked":["Flex","Clash"],"picked":"Seeing Red","floor":11},{"not_picked":["Ghostly Armor","Heavy Blade"],"picked":"Disarm","floor":12},{"not_picked":["Immolate","Brutality+1"],"picked":"Corruption+1","floor":16},{"not_picked":["Clash","Clothesline","Warcry"],"picked":"SKIP","floor":18},{"not_picked":["Body Slam","Shrug It Off"],"picked":"Flame Barrier","floor":19}],"player_experience":1669640,"relics_obtained":[{"floor":6,"key":"Letter Opener"},{"floor":8,"key":"Mummified Hand"},{"floor":9,"key":"Frozen Egg 2"},{"floor":12,"key":"Nunchaku"}],"event_choices":[{"damage_healed":0,"gold_gain":100,"player_choice":"Gold","damage_taken":0,"max_hp_gain":0,"max_hp_loss":0,"event_name":"Wheel of Change","floor":4,"gold_loss":0},{"damage_healed":0,"gold_gain":70,"player_choice":"Gained Gold","damage_taken":0,"max_hp_gain":0,"max_hp_loss":0,"event_name":"Golden Wing","floor":13,"gold_loss":0},{"damage_healed":0,"gold_gain":0,"player_choice":"Ignored","damage_taken":0,"max_hp_gain":0,"max_hp_loss":0,"event_name":"Liars Game","floor":14,"gold_loss":0},{"damage_healed":0,"gold_gain":0,"player_choice":"0 cards matched","damage_taken":0,"max_hp_gain":0,"max_hp_loss":0,"event_name":"Match and Keep!","floor":20,"gold_loss":0,"cards_obtained":[]}],"is_beta":false,"boss_relics":[{"not_picked":["Velvet Choker","Empty Cage"],"picked":"Mark of Pain"}],"items_purged_floors":[3],"is_endless":false,"potions_floor_spawned":[1,6,10,12,16],"killed_by":"Chosen and Byrds","ascension_level":20}}