{"host":"7sy3dyg71hje4mzx","time":1610358698,"event":{"mods":["BaseMod","Downfall","Minty Spire (QoL Compilation)","StSLib"],"gold_per_floor":[0,18,33,33,45,220,244,344,414,424,424,437,466,482,494,494,494,494],"floor_reached":16,"playtime":1007,"items_purged":[],"score":117,"play_id":"a662d4e6-7d11-428c-bff7-46a7e592dd96","local_time":"20210111205138","is_ascension_mode":true,"campfire_choices":[{"data":"Slimebound:Split","floor":1,"key":"SMITH"},{"floor":11,"key":"REST"}],"circlet_count":0,"master_deck":["Slimebound:Strike_Slimebound","Slimebound:Strike_Slimebound","Slimebound:Strike_Slimebound","Slimebound:Tackle","Slimebound:Defend_Slimebound","Slimebound:Defend_Slimebound","Slimebound:Defend_Slimebound","Slimebound:Defend_Slimebound","Slimebound:Split+1","Slimebound:CorrosiveSpit","Slimebound:Replication","Slimebound:Replication","Slimebound:GoopTackle","Doubt","Slimebound:SlimeBarrage","Slimebound:GrowthPunch","Slimebound:LeechingTouch","Slimebound:SplitAcid","Slimebound:RallyTheTroops","Slimebound:Repurpose","Slimebound:RejuvenatingLick","Slimebound:LeechEnergy","Slimebound:SplitBruiser"],"relics":["Slimebound:AbsorbEndCombat","FossilizedHelix","downfall:BrokenWingStatue","MealTicket","downfall:CloakOfManyFaces","CultistMask","FaceOfCleric","NlothsMask","GremlinMask","SsserpentHead","Prayer Wheel"],"acts_visited":["Exordium"],"potions_floor_usage":[10,10,16,16],"damage_taken":[{"damage":6,"enemies":"Jaw Worm","floor":2,"turns":6},{"damage":12,"enemies":"2 Louse","floor":3,"turns":3},{"damage":8,"enemies":"Small Slimes","floor":5,"turns":5},{"damage":45,"enemies":"downfall:FaceTrader","floor":8,"turns":11},{"damage":28,"enemies":"Exordium Thugs","floor":9,"turns":6},{"damage":30,"enemies":"Exordium Wildlife","floor":10,"turns":6},{"damage":4,"enemies":"3 Louse","floor":12,"turns":4},{"damage":40,"enemies":"Lagavulin","floor":13,"turns":10},{"damage":14,"enemies":"Large Slime","floor":14,"turns":5},{"damage":21,"enemies":"Blue Slaver","floor":15,"turns":3},{"damage":58,"enemies":"downfall:Ironclad","floor":16,"turns":6}],"seed_played":"8657247146198344365","potions_obtained":[{"floor":5,"key":"SteroidPotion"},{"floor":8,"key":"FearPotion"},{"floor":12,"key":"sneckomod:MuddlingPotion"},{"floor":15,"key":"DistilledChaos"}],"is_trial":false,"path_per_floor":["R","M","M","?","M","?","T","?","M","M","R","M","E","M","M","B"],"character_chosen":"SLIMEBOUND","items_purchased":[],"campfire_rested":1,"item_purchase_floors":[],"current_hp_per_floor":[60,60,56,56,58,58,58,29,28,13,31,40,27,36,34,0,0,0],"gold":494,"neow_bonus":"ONE_RARE_RELIC","is_daily":false,"chose_seed":false,"campfire_upgraded":1,"win_rate":0.0,"timestamp":1610358698,"path_taken":["R","M","M","?","M","?","T","?","?","M","R","M","E","M","M","BOSS"],"items_purchased_type":[],"build_version":"2020-12-22","purchased_purges":0,"victory":false,"max_hp_per_floor":[60,60,60,60,60,60,60,60,61,62,62,63,64,65,66,66,66,66],"card_choices":[{"not_picked":["Slimebound:ViciousTackle","Slimebound:LeechEnergy"],"picked":"Slimebound:Replication","floor":2},{"not_picked":["Slimebound:PressTheAttack","Slimebound:GoopSpray"],"picked":"Slimebound:Replication","floor":3},{"not_picked":["Slimebound:PressTheAttack","Slimebound:ComboTackle"],"picked":"Slimebound:GoopTackle","floor":5},{"not_picked":["Slimebound:DisruptingSlam","Slimebound:Schlurp"],"picked":"Slimebound:SlimeBarrage","floor":8},{"not_picked":["Slimebound:ItLooksTasty","Slimebound:RollThrough"],"picked":"Slimebound:GrowthPunch","floor":9},{"not_picked":["Slimebound:GrowthPunch","Slimebound:SlimeBrawl"],"picked":"Slimebound:LeechingTouch","floor":10},{"not_picked":["Slimebound:RollThrough","Slimebound:Replication"],"picked":"Slimebound:SplitAcid","floor":12},{"not_picked":["Slimebound:GrowthPunch","Slimebound:SplitAcid"],"picked":"Slimebound:RallyTheTroops","floor":13},{"not_picked":["Slimebound:Schlurp","Slimebound:ComboTackle"],"picked":"Slimebound:Repurpose","floor":14},{"not_picked":["Slimebound:Prepare","Slimebound:GoopSpray"],"picked":"Slimebound:RejuvenatingLick","floor":14},{"not_picked":["Slimebound:SlimeSpikes","Slimebound:GrowthPunch"],"picked":"Slimebound:LeechEnergy","floor":15},{"not_picked":["Slimebound:SplitAcid","Slimebound:GoopTackle"],"picked":"Slimebound:SplitBruiser","floor":15}],"player_experience":193747,"relics_obtained":[{"floor":7,"key":"MealTicket"},{"floor":8,"key":"downfall:CloakOfManyFaces"},{"floor":13,"key":"Prayer Wheel"}],"event_choices":[],"is_beta":false,"boss_relics":[],"items_purged_floors":[],"is_endless":false,"potions_floor_spawned":[5,8,12,15],"killed_by":"downfall:Ironclad","ascension_level":2}}