{"host":"2pt9f5ojqg0apn28","time":1610370582,"event":{"mods":["AchievementEnabler","BaseMod","Better Altar","Better Match","Better Note","Better Sensory Stone","Better Skull","Better Third Choice","Colored Map","Colored Powertips","Downfall","Fox Events","Hubris","Infinite Spire","Minty Spire (QoL Compilation)","Replay The Spire","StSLib"],"gold_per_floor":[109,121,46,46,46,72,72,92,147,179,190,190,190,201,201,201,201],"floor_reached":16,"playtime":762,"items_purged":[],"score":127,"play_id":"ae8e676a-976e-4fc9-b5ff-c0b289b60864","local_time":"20210111180942","is_ascension_mode":true,"campfire_choices":[{"floor":7,"key":"REST"},{"floor":12,"key":"REST"},{"floor":15,"key":"REST"}],"circlet_count":0,"master_deck":["Strike_G","Strike_G","Strike_G","Strike_G","Strike_G","Defend_G","Defend_G","Defend_G","Defend_G","Defend_G","Survivor","Neutralize+1","Quick Slash","Prepared","Metamorphosis+1","Replay:Poison Smokescreen","Dash"],"relics":["SacredBark","Omamori","Art of War","hubris:OldNail","MealTicket"],"acts_visited":["Exordium"],"potions_floor_usage":[16,16,16],"damage_taken":[{"damage":5,"enemies":"Small Slimes","floor":1,"turns":4},{"damage":4,"enemies":"Cultist","floor":2,"turns":5},{"damage":35,"enemies":"Lagavulin","floor":6,"turns":8},{"damage":7,"enemies":"Jaw Worm","floor":8,"turns":4},{"damage":22,"enemies":"3 Sentries","floor":10,"turns":4},{"damage":15,"enemies":"Red Slaver","floor":11,"turns":4},{"damage":4,"enemies":"Blue Slaver","floor":14,"turns":4},{"damage":46,"enemies":"Slime Boss","floor":16,"turns":7}],"seed_played":"8944805415862941443","potions_obtained":[{"floor":2,"key":"BlessingOfTheForge"},{"floor":8,"key":"sneckomod:MuddlingPotion"},{"floor":11,"key":"Languid Potion"}],"is_trial":false,"path_per_floor":["M","M","?","$","?","E","R","M","T","E","M","R","?","M","R","B"],"character_chosen":"THE_SILENT","items_purchased":[],"campfire_rested":3,"item_purchase_floors":[],"current_hp_per_floor":[65,61,61,61,61,26,47,40,40,18,3,24,24,20,41,0,0],"gold":201,"neow_bonus":"BOSS_RELIC","is_daily":false,"chose_seed":false,"campfire_upgraded":0,"win_rate":0.0,"timestamp":1610370582,"path_taken":["M","M","?","$","?","E","R","M","T","E","?","R","?","?","R","BOSS"],"items_purchased_type":[],"build_version":"2020-12-22","purchased_purges":0,"victory":false,"max_hp_per_floor":[70,70,70,70,70,70,70,70,70,70,70,70,70,70,70,70,70],"card_choices":[{"not_picked":["Eviscerate","Underhanded Strike"],"picked":"Quick Slash","floor":1},{"not_picked":["Bane","Deflect"],"picked":"Prepared","floor":2},{"not_picked":["Transmutation+1","Chrysalis+1"],"picked":"Metamorphosis+1","floor":3},{"not_picked":["Distraction","Bane"],"picked":"Replay:Poison Smokescreen","floor":6},{"not_picked":["Prepared","Slice","Reflex"],"picked":"SKIP","floor":8},{"not_picked":["hubris:SlightOfHand","Replay:Poison Smokescreen","Heel Hook"],"picked":"SKIP","floor":10},{"not_picked":["Storm of Steel","Quick Slash","Underhanded Strike"],"picked":"SKIP","floor":11},{"not_picked":["hubris:TrickCloak","Blade Dance"],"picked":"Dash","floor":14}],"player_experience":88363,"relics_obtained":[{"floor":6,"key":"Omamori"},{"floor":9,"key":"Art of War"},{"floor":10,"key":"hubris:OldNail"},{"floor":13,"key":"MealTicket"}],"event_choices":[{"damage_healed":0,"gold_gain":0,"player_choice":"2","damage_taken":0,"max_hp_gain":0,"max_hp_loss":0,"event_name":"betterMatch:BetterMatch","floor":3,"gold_loss":0,"cards_obtained":["betterMatch:ColorlessRareCard"]},{"damage_healed":0,"gold_gain":0,"player_choice":"Forge","damage_taken":0,"max_hp_gain":0,"max_hp_loss":0,"event_name":"Accursed Blacksmith","floor":5,"gold_loss":0,"cards_upgraded":["Neutralize"]},{"damage_healed":0,"gold_gain":0,"player_choice":"Relic","damage_taken":0,"max_hp_gain":0,"max_hp_loss":0,"event_name":"Wheel of Change","floor":13,"gold_loss":0}],"is_beta":false,"boss_relics":[],"items_purged_floors":[],"is_endless":false,"potions_floor_spawned":[2,8,11,14],"killed_by":"Slime Boss","ascension_level":3}}