{"host":"91blwi3hgehj6ch9","time":1610366964,"event":{"mods":["2.2 Compatiblity","AchievementEnabler","BaseMod","Colored Map","DeckTracker","Keyboard Shortcuts","Minty Spire (QoL Compilation)","Permanent Neow","Quick Restart","StSLib","SuperFastMode"],"gold_per_floor":[11,11,24,24,49,49,49,49,75,0,0,25,48,48,48,139,139,152,171,96,96,76,76,99,99,99,99,28,44,64,82,82,82,82],"floor_reached":33,"playtime":765,"items_purged":["Strike_G"],"score":446,"play_id":"cc654377-6c14-40e7-ac8e-637f26625977","local_time":"20210111210924","is_ascension_mode":true,"campfire_choices":[{"data":"Blade Dance","floor":6,"key":"SMITH"},{"data":"Blur","floor":11,"key":"SMITH"},{"floor":15,"key":"REST"},{"data":"Envenom","floor":23,"key":"SMITH"},{"data":"Prepared","floor":25,"key":"SMITH"},{"floor":32,"key":"REST"}],"circlet_count":0,"master_deck":["AscendersBane","Strike_G","Strike_G+1","Defend_G","Defend_G","Defend_G","Survivor","Neutralize","Blur+1","Blade Dance+1","Dagger Spray","Cloak And Dagger","Envenom+1","Infinite Blades","Prepared+1","Accuracy+1"],"relics":["Ring of the Snake","Golden Idol","Whetstone","Vajra","Busted Crown","Frozen Egg 2"],"acts_visited":["Exordium","TheCity"],"potions_floor_usage":[16,27,30,31],"damage_taken":[{"damage":0,"enemies":"Cultist","floor":1,"turns":5},{"damage":4,"enemies":"Jaw Worm","floor":3,"turns":5},{"damage":0,"enemies":"Small Slimes","floor":12,"turns":4},{"damage":0,"enemies":"Blue Slaver","floor":13,"turns":3},{"damage":43,"enemies":"Slime Boss","floor":16,"turns":15},{"damage":3,"enemies":"Chosen","floor":18,"turns":5},{"damage":6,"enemies":"Spheric Guardian","floor":19,"turns":4},{"damage":20,"enemies":"Cultist and Chosen","floor":24,"turns":6},{"damage":0,"enemies":"Slavers","floor":27,"turns":1},{"damage":19,"enemies":"Snake Plant","floor":29,"turns":5},{"damage":1,"enemies":"3 Cultists","floor":30,"turns":4},{"damage":0,"enemies":"Centurion and Healer","floor":31,"turns":5},{"damage":40,"enemies":"Automaton","floor":33,"turns":6}],"seed_played":"-2047073251180321333","potions_obtained":[{"floor":1,"key":"Fire Potion"},{"floor":12,"key":"SpeedPotion"},{"floor":22,"key":"SmokeBomb"},{"floor":29,"key":"PowerPotion"}],"is_trial":false,"path_per_floor":["M","$","M","?","T","R","?","$","T","$","R","M","M","$","R","B",null,"M","M","?","?","?","R","M","R","T","E","$","M","M","M","R","B"],"character_chosen":"THE_SILENT","items_purchased":["Accuracy+1"],"campfire_rested":2,"item_purchase_floors":[28],"current_hp_per_floor":[59,59,55,32,32,32,32,32,32,32,32,32,32,32,51,8,52,49,43,43,43,43,43,23,23,23,23,23,4,3,3,22,0,0],"gold":82,"neow_bonus":"REMOVE_TWO","is_daily":false,"chose_seed":false,"campfire_upgraded":4,"win_rate":0.0,"timestamp":1610366964,"path_taken":["M","$","?","?","?","R","?","?","T","$","R","M","M","$","R","BOSS","M","M","?","?","?","R","M","R","T","E","$","M","M","?","R","BOSS"],"items_purchased_type":["Card"],"build_version":"2020-12-22","purchased_purges":1,"victory":false,"max_hp_per_floor":[66,66,66,66,66,66,66,66,66,66,66,66,66,66,66,66,66,66,66,66,66,66,66,66,66,66,66,66,66,66,66,66,66,66],"card_choices":[{"not_picked":["Finisher","Outmaneuver"],"picked":"Blur","floor":1},{"not_picked":["Dodge and Roll","Backflip"],"picked":"Blade Dance","floor":3},{"not_picked":["Flying Knee","Slice"],"picked":"Dagger Spray","floor":12},{"not_picked":["Flying Knee","Quick Slash"],"picked":"Cloak And Dagger","floor":13},{"not_picked":["Doppelganger","Burst"],"picked":"Envenom","floor":16},{"not_picked":[],"picked":"Infinite Blades","floor":18},{"not_picked":[],"picked":"Prepared","floor":19},{"not_picked":["Underhanded Strike"],"picked":"SKIP","floor":24},{"not_picked":["Dagger Spray+1"],"picked":"SKIP","floor":29},{"not_picked":["Quick Slash"],"picked":"SKIP","floor":30},{"not_picked":["Distraction"],"picked":"SKIP","floor":31}],"player_experience":155189,"relics_obtained":[{"floor":5,"key":"Whetstone"},{"floor":9,"key":"Vajra"},{"floor":26,"key":"Frozen Egg 2"}],"event_choices":[{"damage_healed":0,"gold_gain":0,"player_choice":"Take Damage","damage_taken":23,"relics_obtained":["Golden Idol"],"max_hp_gain":0,"max_hp_loss":0,"event_name":"Golden Idol","floor":4,"gold_loss":0},{"cards_removed":["Strike_G"],"damage_healed":0,"gold_gain":0,"player_choice":"Forget","damage_taken":0,"max_hp_gain":0,"max_hp_loss":0,"event_name":"Living Wall","floor":7,"gold_loss":0},{"cards_removed":["Defend_G"],"damage_healed":0,"gold_gain":0,"player_choice":"Gave Gold","damage_taken":0,"max_hp_gain":0,"max_hp_loss":0,"event_name":"Beggar","floor":20,"gold_loss":75},{"damage_healed":0,"gold_gain":0,"player_choice":"Ignored","damage_taken":0,"max_hp_gain":0,"max_hp_loss":0,"event_name":"Vampires","floor":21,"gold_loss":0},{"damage_healed":0,"gold_gain":0,"player_choice":"Bought 1 Potion","damage_taken":0,"max_hp_gain":0,"max_hp_loss":0,"event_name":"The Woman in Blue","floor":22,"gold_loss":0}],"is_beta":false,"boss_relics":[{"not_picked":["Coffee Dripper","Fusion Hammer"],"picked":"Busted Crown"}],"items_purged_floors":[10],"is_endless":false,"potions_floor_spawned":[1,12,24,27,29],"killed_by":"Automaton","ascension_level":15}}