{"host":"r6da5kb9dzaaglw2","time":1610373828,"event":{"mods":["AchievementEnabler","BaseMod","Colored Powertips","Duelist Mod","GifTheSpireLib","Minty Spire (QoL Compilation)","StSLib"],"gold_per_floor":[143,243,243,238,17,46,46,46,46],"floor_reached":8,"playtime":758,"items_purged":["theDuelist:CursedBill"],"score":68,"play_id":"429d74fb-56cd-43b1-a7ee-a3bbf5b6edf9","local_time":"20210111150348","is_ascension_mode":true,"campfire_choices":[{"data":"theDuelist:FiendMegacyber","floor":7,"key":"SMITH"}],"circlet_count":0,"master_deck":["theDuelist:ArchfiendSoldier","theDuelist:ArchfiendSoldier","theDuelist:ArchfiendSoldier","theDuelist:CastleWalls","theDuelist:CastleWalls","theDuelist:CastleWalls","theDuelist:FiendMegacyber+1","theDuelist:Sparks","theDuelist:Sparks","theDuelist:SummonedSkull"],"relics":["theDuelist:MillenniumPuzzle","theDuelist:CardPoolRelic","theDuelist:CardPoolBasicRelic","theDuelist:BoosterPackPoolRelic","theDuelist:CardPoolAddRelic","theDuelist:CardPoolMinusRelic","theDuelist:CardPoolSaveRelic","theDuelist:CardPoolOptionsRelic","TungstenRod","theDuelist:MillenniumCoin","Omamori","Juzu Bracelet","theDuelist:SummonAnchor"],"acts_visited":["Exordium"],"potions_floor_usage":[],"damage_taken":[{"damage":1,"enemies":"Jaw Worm","floor":1,"turns":4},{"damage":0,"enemies":"Cultist","floor":4,"turns":3},{"damage":14,"enemies":"Gremlin Nob","floor":6,"turns":4},{"damage":44,"enemies":"3 Sentries","floor":8,"turns":7}],"seed_played":"5703919959077260368","potions_obtained":[{"floor":4,"key":"DuplicationPotion"}],"is_trial":false,"path_per_floor":["M","?","T","M","$","E","R","E"],"character_chosen":"THE_DUELIST","items_purchased":["Juzu Bracelet"],"campfire_rested":0,"item_purchase_floors":[5],"current_hp_per_floor":[55,55,55,55,55,41,41,0,0],"gold":46,"neow_bonus":"ONE_RARE_RELIC","is_daily":false,"chose_seed":false,"campfire_upgraded":1,"win_rate":0.0,"timestamp":1610373828,"path_taken":["M","?","?","M","$","E","R","E"],"items_purchased_type":["Relic"],"build_version":"2020-12-22","purchased_purges":1,"victory":false,"max_hp_per_floor":[80,80,80,80,80,80,80,80,80],"card_choices":[{"not_picked":["theDuelist:Sangan","theDuelist:Cloning","theDuelist:WormApocalypse","theDuelist:HammerShot","theDuelist:Fissure"],"picked":"SKIP","floor":1},{"not_picked":["theDuelist:SpiralSpearStrike","theDuelist:ClawHermos","theDuelist:SystemDown","theDuelist:SilverWing","theDuelist:UltraEvolutionPill"],"picked":"SKIP","floor":4},{"not_picked":["theDuelist:MirageDragon","theDuelist:CaveDragon","theDuelist:MadSwordBeast","theDuelist:SnowDragon","theDuelist:Vandalgyon"],"picked":"SKIP","floor":6}],"player_experience":507548,"relics_obtained":[{"floor":3,"key":"Omamori"},{"floor":6,"key":"theDuelist:SummonAnchor"}],"event_choices":[{"damage_healed":0,"gold_gain":0,"player_choice":"Took item - Received: Millennium Coin","duelist":true,"damage_taken":0,"max_hp_gain":0,"max_hp_loss":0,"event_name":"Millennium Items","floor":2,"gold_loss":0}],"is_beta":false,"boss_relics":[],"items_purged_floors":[5],"is_endless":false,"potions_floor_spawned":[4],"killed_by":"3 Sentries","ascension_level":5}}