{"host":"cijhj3091wf4aho3","time":1610323512,"event":{"mods":["BaseMod","Colored Map","Colored Powertips","Downfall","Friendly Minions","GifTheSpireLib","Highlight Path","Minty Spire (QoL Compilation)","Permanent Neow","Random Character Button","Relic Sorter","Relic Stats","StSLib","everything is the same but u backflip on backflip","slay the spire mod where everything is the same but ironclad has a cowboy hat"],"gold_per_floor":[0,16,16,1,101,170,245,245,395,426,446,479,490,298,315,315,315,315],"floor_reached":16,"playtime":909,"items_purged":["champ:Defend"],"score":182,"play_id":"d82586e4-7ba3-4d39-84da-2fda0499aa92","local_time":"20210110160512","is_ascension_mode":true,"campfire_choices":[{"data":"champ:Taunt","floor":1,"key":"SMITH"},{"data":"champ:Duel","floor":8,"key":"SMITH"}],"circlet_count":0,"master_deck":["AscendersBane","champ:Strike","champ:Strike","champ:Strike","champ:Strike","champ:Defend","champ:Defend","champ:Defend","champ:Execute","champ:Taunt+1","champ:ArenaPreparation","Pain","champ:AdrenalArmor","champ:Duel+1","champ:Lariat","champ:VampiricStrike","champ:AdrenalArmor","champ:ShieldSigil","champ:EndlessRage","champ:EnragedBash","champ:FocusedBerserking"],"relics":["champ:ChampionCrown","TungstenRod","WarpedTongs","downfall:CloakOfManyFaces","CultistMask","FaceOfCleric","NlothsMask","GremlinMask","SsserpentHead","Potion Belt","Bag of Marbles","Centennial Puzzle"],"acts_visited":["Exordium"],"potions_floor_usage":[10,14,16,16,16],"damage_taken":[{"damage":14,"enemies":"Small Slimes","floor":2,"turns":4},{"damage":38,"enemies":"downfall:FleeingMerchant","floor":4,"turns":4},{"damage":40,"enemies":"downfall:FaceTrader","floor":5,"turns":8},{"damage":22,"enemies":"Cultist","floor":6,"turns":3},{"damage":81,"enemies":"downfall:LadyInBlue","floor":9,"turns":8},{"damage":52,"enemies":"Gremlin Nob","floor":10,"turns":5},{"damage":29,"enemies":"Jaw Worm","floor":11,"turns":4},{"damage":53,"enemies":"Lagavulin","floor":12,"turns":8},{"damage":26,"enemies":"Lots of Slimes","floor":13,"turns":4},{"damage":28,"enemies":"downfall:FleeingMerchant","floor":14,"turns":4},{"damage":17,"enemies":"3 Louse","floor":15,"turns":4},{"damage":99,"enemies":"downfall:Defect","floor":16,"turns":5}],"seed_played":"8984704061103378959","potions_obtained":[{"floor":2,"key":"Regen Potion"},{"floor":6,"key":"EssenceOfSteel"},{"floor":9,"key":"Energy Potion"},{"floor":9,"key":"LiquidBronze"},{"floor":15,"key":"ColorlessPotion"}],"is_trial":false,"path_per_floor":["R","M","?","$","?","M","T","R","?","E","M","E","M","$","M","B"],"character_chosen":"THE_CHAMP","items_purchased":["champ:EndlessRage","champ:EnragedBash"],"campfire_rested":0,"item_purchase_floors":[14,14],"current_hp_per_floor":[81,77,77,87,90,91,91,91,76,67,80,95,96,97,98,0,0,0],"gold":315,"neow_bonus":"ONE_RARE_RELIC","is_daily":false,"chose_seed":false,"campfire_upgraded":2,"win_rate":0.0,"timestamp":1610323512,"path_taken":["R","M","?","?","?","?","T","R","?","E","M","E","M","$","M","BOSS"],"items_purchased_type":["Card","Card"],"build_version":"2020-12-22","purchased_purges":1,"victory":false,"max_hp_per_floor":[90,90,90,90,90,91,91,91,92,93,94,95,96,97,98,98,98,98],"relic_stats":{"SsserpentHead":100,"Centennial Puzzle":[12],"FaceOfCleric":8,"counters":[12,61],"obtain_stats":[{"Potion Belt":9,"SsserpentHead":5,"Centennial Puzzle":12,"FaceOfCleric":5,"champ:ChampionCrown":0,"GremlinMask":5,"CultistMask":5,"downfall:CloakOfManyFaces":5,"Bag of Marbles":10,"TungstenRod":0,"WarpedTongs":3,"NlothsMask":5},{"Potion Belt":5,"SsserpentHead":3,"Centennial Puzzle":8,"FaceOfCleric":3,"champ:ChampionCrown":0,"GremlinMask":3,"CultistMask":3,"downfall:CloakOfManyFaces":3,"Bag of Marbles":6,"TungstenRod":0,"WarpedTongs":1,"NlothsMask":3},{"Potion Belt":27,"SsserpentHead":16,"Centennial Puzzle":44,"FaceOfCleric":16,"champ:ChampionCrown":0,"GremlinMask":16,"CultistMask":16,"downfall:CloakOfManyFaces":16,"Bag of Marbles":32,"TungstenRod":0,"WarpedTongs":4,"NlothsMask":16}],"TungstenRod":206,"WarpedTongs":[57]},"card_choices":[{"not_picked":["champ:CrookedStrike","champ:FocusedGladiator"],"picked":"champ:ArenaPreparation","floor":2},{"not_picked":["champ:FlashCut","champ:Riposte"],"picked":"champ:AdrenalArmor","floor":4},{"not_picked":["champ:FlashCut","champ:CrookedStrike"],"picked":"champ:Duel","floor":5},{"not_picked":["champ:StanceDance","champ:GutPunch","champ:Control"],"picked":"SKIP","floor":6},{"not_picked":["champ:GutPunch","champ:RageSigil"],"picked":"champ:Lariat","floor":9},{"not_picked":["champ:RisingSlash","champ:FaceSlap"],"picked":"champ:VampiricStrike","floor":10},{"not_picked":["champ:CalledShot","champ:DefensiveShout","champ:GladiatorsShout"],"picked":"SKIP","floor":11},{"not_picked":["champ:CalledShot","champ:DefensiveShout","champ:GladiatorsShout"],"picked":"SKIP","floor":11},{"not_picked":["champ:DefensiveShout","champ:StrikeOfGenius"],"picked":"champ:AdrenalArmor","floor":12},{"not_picked":["champ:BladeFlurry","champ:DefensiveShout"],"picked":"champ:ShieldSigil","floor":13},{"not_picked":["champ:Balance","champ:DefensiveStyle","champ:CrookedStrike"],"picked":"SKIP","floor":14},{"not_picked":["champ:BringItOn","champ:AdrenalArmor"],"picked":"champ:FocusedBerserking","floor":15}],"player_experience":493400,"relics_obtained":[{"floor":5,"key":"downfall:CloakOfManyFaces"},{"floor":9,"key":"Potion Belt"},{"floor":10,"key":"Bag of Marbles"},{"floor":12,"key":"Centennial Puzzle"}],"event_choices":[{"damage_healed":0,"gold_gain":0,"player_choice":"Rummage","damage_taken":0,"relics_obtained":["WarpedTongs"],"max_hp_gain":0,"max_hp_loss":0,"event_name":"Accursed Blacksmith","floor":3,"gold_loss":0,"cards_obtained":["Pain"]}],"is_beta":false,"boss_relics":[],"items_purged_floors":[14],"is_endless":false,"potions_floor_spawned":[2,6,15],"killed_by":"downfall:Defect","ascension_level":13}}