{"host":"ha6p5pdchuduffeg","time":1610357168,"event":{"mods":["Act Like it!","BaseMod","Gensokyo","KinomotoSakuraMod(ƒæ÷Æ±æ”£)","Koishi","Marisa£®ÏF”Í°°ƒß¿Ì…≥£©","Minty Spire (QoL Compilation)","Reimu£®≤©¿ˆ¡È√Œ£©","Remilia£®¿Ÿ√◊¿Ú—«£©","Replay The Spire","StSLib","The Servant 0.9.4","Youmu£®ªÍ∆«—˝√Œ£©"],"gold_per_floor":[218,218,70,86,46,78,78,92,92,109,125,139,169,11,11,114,114,133,133,146,146,157,157,191,202,202,292,303,329,89,107,107,211,211,230,248,248,294,344,378,398,398,398],"floor_reached":42,"playtime":1788,"items_purged":[],"score":845,"play_id":"87574e99-cad4-434c-b530-84ce2f3faef9","local_time":"20210111172608","is_ascension_mode":true,"campfire_choices":[{"data":"ManaRampage","floor":7.0,"key":"SMITH"},{"floor":15.0,"key":"REST"},{"floor":23.0,"key":"REST"},{"data":"ManaRampage","floor":32.0,"key":"SMITH"}],"circlet_count":0,"master_deck":["Strike_MRS+1","Strike_MRS","Strike_MRS","Strike_MRS","Defend_MRS","Defend_MRS","Defend_MRS","Defend_MRS","MasterSpark","UpSweep","StarBarrage+1","PropBag","ManaRampage+1","LuminesStrike","EarthLightRay","DoubleSpark","FinalSpark","ManaRampage+1","CurseOfTheBell","BlazeAway+1","MysteriousBeam+1","MysteriousBeam+1","AsteroidBelt+1","GrandCross","PowerUp+1","Madness","Madness","NonDirectionalLaser+1"],"relics":["MiniHakkero","Guide Book","PaintedHorse:ReiMu","Durian","Peace Pipe","Bag of Preparation","Calling Bell","Pen Nib","ReplayTheSpireMod:Shallot","Mango","Enchiridion","PureWhite:ReiMu","Pantograph","Ancient Tea Set","Matryoshka","Black Star","StoneCalendar","Shovel","Darkstone Periapt","Happy Flower","Sundial"],"acts_visited":["Exordium","TheCity","TheBeyond"],"potions_floor_usage":[],"damage_taken":[{"damage":0.0,"enemies":"2 Louse","floor":1.0,"turns":3.0},{"damage":4.0,"enemies":"Jaw Worm","floor":4.0,"turns":3.0},{"damage":20.0,"enemies":"Lagavulin","floor":6.0,"turns":5.0},{"damage":18.0,"enemies":"Small Slimes","floor":8.0,"turns":6.0},{"damage":7.0,"enemies":"Looter","floor":10.0,"turns":3.0},{"damage":5.0,"enemies":"Gremlin Gang","floor":11.0,"turns":3.0},{"damage":0.0,"enemies":"Lots of Slimes","floor":12.0,"turns":1.0},{"damage":46.0,"enemies":"The Guardian","floor":16.0,"turns":6.0},{"damage":13.0,"enemies":"Shell Parasite","floor":18.0,"turns":3.0},{"damage":3.0,"enemies":"Chosen","floor":20.0,"turns":2.0},{"damage":0.0,"enemies":"3 Cultists","floor":22.0,"turns":3.0},{"damage":14.0,"enemies":"Slavers","floor":24.0,"turns":3.0},{"damage":0.0,"enemies":"Sentry and Sphere","floor":25.0,"turns":2.0},{"damage":13.0,"enemies":"Shelled Parasite and Fungi","floor":28.0,"turns":2.0},{"damage":2.0,"enemies":"Book of Stabbing","floor":29.0,"turns":3.0},{"damage":9.0,"enemies":"Snake Plant","floor":31.0,"turns":3.0},{"damage":0.0,"enemies":"Pondfish","floor":33.0,"turns":7.0},{"damage":5.0,"enemies":"3 Darklings","floor":35.0,"turns":3.0},{"damage":0.0,"enemies":"3 Shapes","floor":36.0,"turns":3.0},{"damage":5.0,"enemies":"2 Orb Walkers","floor":38.0,"turns":3.0},{"damage":33.0,"enemies":"Mind Bloom Boss Battle","floor":39.0,"turns":4.0},{"damage":23.0,"enemies":"Nemesis","floor":40.0,"turns":3.0},{"damage":21,"enemies":"Writhing Mass","floor":41,"turns":3},{"damage":49,"enemies":"Transient","floor":42,"turns":4}],"seed_played":"4164405829796619038","potions_obtained":[{"floor":4.0,"key":"StarNLove"},{"floor":6.0,"key":"Toxic Potion"},{"floor":8.0,"key":"Strength Potion"},{"floor":19.0,"key":"SkillPotion"},{"floor":24.0,"key":"DistilledChaos"},{"floor":36.0,"key":"DistilledChaos"},{"floor":41,"key":"Strength Potion"}],"is_trial":false,"path_per_floor":["M","?","$","M","?","E","R","M","T","M","M","M","?","$","R","B",null,"M","?","M","?","M","R","E","M","T","?","M","E","$","M","R","B",null,"M","M","?","?","?","E","M","M"],"character_chosen":"MARISA","items_purchased":["Guide Book","FinalSpark","Matryoshka"],"campfire_rested":2,"item_purchase_floors":[3,14,30],"current_hp_per_floor":[75,75,75,71,71,56,56,50,50,43,42,42,42,42,66,24,94,81,81,78,62,66,94,80,80,80,68,59,57,57,52,52,81,94,89,89,77,76,65,46,25,0,0],"gold":398,"neow_bonus":"HUNDRED_GOLD","is_daily":false,"chose_seed":false,"campfire_upgraded":2,"win_rate":0.0,"timestamp":1610357168,"path_taken":["M","?","$","M","?","E","R","M","T","M","?","M","?","$","R","BOSS","M","?","?","?","M","R","E","M","T","?","?","E","$","?","R","BOSS","M","M","?","?","?","E","?","M"],"items_purchased_type":["Relic","Card","Relic"],"build_version":"2020-12-22","purchased_purges":0,"victory":false,"max_hp_per_floor":[75,75,75,75,75,80,80,80,80,80,80,80,80,80,80,80,94,94,94,94,94,94,94,94,94,94,94,94,94,94,94,94,94,94,94,94,94,94,94,94,94,94,94],"card_choices":[{"not_picked":["GrandCross","AsteroidBelt"],"picked":"StarBarrage","floor":1.0},{"not_picked":["NonDirectionalLaser","Acceleration"],"picked":"PropBag","floor":4.0},{"not_picked":["SporeBomb","ShootingEcho"],"picked":"ManaRampage","floor":6.0},{"not_picked":["DoubleSpark","ShootingEcho"],"picked":"LuminesStrike","floor":8.0},{"not_picked":["GalacticHalo","DeepEcoloBomb"],"picked":"EarthLightRay","floor":10.0},{"not_picked":["NonDirectionalLaser","WitchLeyline"],"picked":"DoubleSpark","floor":11.0},{"not_picked":["6A","MagicAbsorber","GravityBeat"],"picked":"SKIP","floor":12.0},{"not_picked":["EscapeVelocity","BlazingStar"],"picked":"ManaRampage","floor":16.0},{"not_picked":["6A","ShootingEcho"],"picked":"BlazeAway+1","floor":18.0},{"not_picked":["Orbital","SporeBomb"],"picked":"MysteriousBeam+1","floor":20.0},{"not_picked":["MagicAbsorber","StarBarrage+1","Robbery+1"],"picked":"SKIP","floor":22.0},{"not_picked":["IllusionStar","BlazeAway+1"],"picked":"MysteriousBeam+1","floor":24.0},{"not_picked":["UnstableBomb","6A"],"picked":"AsteroidBelt+1","floor":25.0},{"not_picked":["SuperNova","MagicAbsorber","OortCloud"],"picked":"SKIP","floor":28.0},{"not_picked":["WitchLeyline+1","UltimateShortwave","IllusionStar"],"picked":"SKIP","floor":29.0},{"not_picked":["Orbital","OrrerysSun+1"],"picked":"GrandCross","floor":31.0},{"not_picked":["AsteroidBelt+1","Acceleration","LuminesStrike"],"picked":"SKIP","floor":35.0},{"not_picked":["UnstableBomb","EarthLightRay"],"picked":"PowerUp+1","floor":36.0},{"not_picked":["WitchLeyline","6A"],"picked":"NonDirectionalLaser+1","floor":39.0},{"not_picked":["MagicChant+1","Acceleration+1","DC+1"],"picked":"SKIP","floor":40.0},{"not_picked":["OortCloud","IllusionStar+1","SporeBomb"],"picked":"SKIP","floor":41}],"player_experience":62078,"relics_obtained":[{"floor":6.0,"key":"Durian"},{"floor":9.0,"key":"Peace Pipe"},{"floor":17.0,"key":"Pen Nib"},{"floor":17.0,"key":"ReplayTheSpireMod:Shallot"},{"floor":17.0,"key":"Mango"},{"floor":21.0,"key":"Enchiridion"},{"floor":24.0,"key":"PureWhite:ReiMu"},{"floor":26.0,"key":"Pantograph"},{"floor":29.0,"key":"Ancient Tea Set"},{"floor":38.0,"key":"StoneCalendar"},{"floor":39.0,"key":"Shovel"},{"floor":40.0,"key":"Darkstone Periapt"},{"floor":40.0,"key":"Happy Flower"}],"event_choices":[{"damage_healed":0.0,"max_hp_gain":0.0,"max_hp_loss":0.0,"gold_gain":0.0,"event_name":"The Cleric","player_choice":"Leave","floor":2.0,"gold_loss":0.0,"damage_taken":0.0},{"damage_healed":0.0,"max_hp_gain":0.0,"max_hp_loss":0.0,"gold_gain":0.0,"event_name":"yidonshenshe","player_choice":"»˚«Æ","floor":5.0,"gold_loss":40.0,"damage_taken":0.0,"relics_obtained":["PaintedHorse:ReiMu"]},{"damage_healed":0.0,"max_hp_gain":0.0,"max_hp_loss":0.0,"gold_gain":30.0,"event_name":"Dead Adventurer","player_choice":"Searched \u00272\u0027 times","floor":13.0,"gold_loss":0.0,"damage_taken":0.0,"relics_obtained":["Bag of Preparation"]},{"damage_healed":0.0,"max_hp_gain":0.0,"max_hp_loss":0.0,"gold_gain":0.0,"event_name":"Lab","player_choice":"Got Potions","floor":19.0,"gold_loss":0.0,"damage_taken":0.0},{"damage_healed":0.0,"max_hp_gain":0.0,"max_hp_loss":0.0,"gold_gain":0.0,"event_name":"Cursed Tome","player_choice":"Obtained Book","floor":21.0,"gold_loss":0.0,"damage_taken":16.0},{"damage_healed":0.0,"max_hp_gain":0.0,"max_hp_loss":0.0,"gold_gain":90.0,"event_name":"Knowing Skull","player_choice":"GOLD ","floor":27.0,"potions_obtained":[],"gold_loss":0.0,"damage_taken":12.0,"cards_obtained":[]},{"damage_healed":0.0,"max_hp_gain":0.0,"max_hp_loss":0.0,"gold_gain":0.0,"event_name":"Winding Halls","player_choice":"Embrace Madness","floor":37.0,"gold_loss":0.0,"damage_taken":12.0,"cards_obtained":["Madness","Madness"]},{"damage_healed":0.0,"max_hp_gain":0.0,"max_hp_loss":0.0,"gold_gain":0.0,"event_name":"Mysterious Sphere","player_choice":"Fight","floor":38.0,"gold_loss":0.0,"damage_taken":0.0},{"damage_healed":0.0,"max_hp_gain":0.0,"max_hp_loss":0.0,"gold_gain":0.0,"event_name":"MindBloom","player_choice":"Fight","floor":39.0,"gold_loss":0.0,"damage_taken":0.0}],"is_beta":false,"boss_relics":[{"not_picked":["Replay:Wanted Poster","Astrolabe"],"picked":"Calling Bell"},{"not_picked":["SacredBark","Replay:Bronze Core"],"picked":"Black Star"}],"items_purged_floors":[],"is_endless":false,"potions_floor_spawned":[4,6,8,20,24,28,31,36,39,41],"killed_by":"Transient","ascension_level":2}}