{"host":"v4tuy5ykrbdcm9o9","time":1610323607,"event":{"mods":["BaseMod","Duelist Mod","Minty Spire (QoL Compilation)","Replay The Spire","StSLib"],"gold_per_floor":[115,115,135,150,161,194,194,194,194],"floor_reached":8,"playtime":543,"items_purged":[],"score":73,"play_id":"d3e60f6f-ab45-4c49-89c5-64ee470080ee","local_time":"20210110190647","is_ascension_mode":true,"campfire_choices":[{"floor":7,"key":"REST"}],"circlet_count":0,"master_deck":["Strike_P","Strike_P","Strike_P","Defend_P","Defend_P","Defend_P","Defend_P","Eruption","Vigilance","SandsOfTime","Replay:BluntJabs","CutThroughFate","ThirdEye","CutThroughFate"],"relics":["PureWater","Replay:PocketPolymizer","Anchor"],"acts_visited":["Exordium"],"potions_floor_usage":[3,6],"damage_taken":[{"damage":7,"enemies":"Cultist","floor":1,"turns":3},{"damage":1,"enemies":"Jaw Worm","floor":3,"turns":4},{"damage":0,"enemies":"2 Louse","floor":4,"turns":2},{"damage":10,"enemies":"2 Fungi Beasts","floor":5,"turns":4},{"damage":15,"enemies":"Lagavulin","floor":6,"turns":6},{"damage":8,"enemies":"3 Sentries","floor":8,"turns":4}],"seed_played":"6285626899829994783","potions_obtained":[{"floor":1,"key":"ColorlessPotion"},{"floor":5,"key":"Swift Potion"}],"is_trial":false,"path_per_floor":["M","?","M","M","M","E","R","E"],"character_chosen":"WATCHER","items_purchased":[],"campfire_rested":1,"item_purchase_floors":[],"current_hp_per_floor":[58,58,57,57,47,32,51,43,43],"gold":194,"neow_bonus":"ONE_RARE_RELIC","is_daily":false,"chose_seed":false,"campfire_upgraded":0,"win_rate":0.0,"timestamp":1610323607,"path_taken":["M","?","M","M","?","E","R","E"],"items_purchased_type":[],"build_version":"2020-12-22","purchased_purges":0,"victory":false,"max_hp_per_floor":[65,65,65,65,65,65,65,65,65],"card_choices":[{"not_picked":["Conclude","JustLucky"],"picked":"SandsOfTime","floor":1},{"not_picked":["Evaluate","FlurryOfBlows"],"picked":"Replay:BluntJabs","floor":3},{"not_picked":["Tantrum","Worship"],"picked":"CutThroughFate","floor":4},{"not_picked":["Replay:AtTheReady","Protect"],"picked":"ThirdEye","floor":5},{"not_picked":["WaveOfTheHand","ThirdEye"],"picked":"CutThroughFate","floor":6}],"player_experience":585723,"relics_obtained":[{"floor":6,"key":"Anchor"}],"event_choices":[{"cards_removed":["Strike_P"],"damage_healed":0,"gold_gain":0,"player_choice":"Purged","damage_taken":0,"max_hp_gain":0,"max_hp_loss":0,"event_name":"Purifier","floor":2,"gold_loss":0}],"is_beta":false,"boss_relics":[],"items_purged_floors":[],"is_endless":false,"potions_floor_spawned":[1,5],"killed_by":"3 Sentries","ascension_level":5}}