{"host":"04aht2z7d1qbuefv","time":1610335242,"event":{"mods":["AchievementEnabler","BaseMod","Downfall","Minty Spire (QoL Compilation)","StSLib","The Cursed","The Necromancer"],"gold_per_floor":[99,114,18,18,18,28,79,109,34,34,34,69,69,69,79,178,178,28,47,47,47,59,59,133,160,173,190,216,57,77,109,122,220,220,220,230,70,70,83,103,103,88,99,111,111,138,148,183,199,199],"floor_reached":51,"playtime":3363,"items_purged":["Guardian:Strike_Guardian"],"score":757,"play_id":"e54e042a-6df3-4d52-af3f-c15e69fda842","local_time":"20210111002042","is_ascension_mode":false,"campfire_choices":[{"floor":1,"key":"RECALL"},{"floor":9,"key":"REST"},{"data":"Guardian:BronzeArmor","floor":11,"key":"SMITH"},{"floor":13,"key":"REST"},{"data":"Guardian:TimeSifter","floor":18,"key":"SMITH"},{"data":"Guardian:ShieldCharger","floor":23,"key":"SMITH"},{"data":"Guardian:AncientConstruct","floor":35,"key":"SMITH"}],"circlet_count":0,"master_deck":["Guardian:Strike_Guardian","Guardian:Strike_Guardian+1","Guardian:Defend_Guardian","Guardian:Defend_Guardian+1","Guardian:Defend_Guardian","Guardian:Defend_Guardian","Guardian:CurlUp+1","Guardian:TwinSlam","Guardian:Planning","Guardian:Incinerate+1","expansioncontent:Collect","Guardian:BronzeArmor+1","Guardian:Planning","Guardian:TimeSifter+1","Iron Wave","Guardian:Incinerate","Guardian:Emergency","Guardian:AncientConstruct+1","Guardian:TimeCapacitor+1","Guardian:EvasiveProtocol","Guardian:BronzeOrb+1","Guardian:FloatingOrbs+1"],"relics":["Guardian:ModeShifter","Nunchaku","downfall:HeartBlessingRed","Blood Vial","Black Star","downfall:HeartBlessingGreen","downfall:HeartBlessingBlue","Matryoshka","Bottled Tornado","Pocketwatch","Toy Ornithopter","Vajra","Bronze Scales","Calipers","Art of War","SlaversCollar","Oddly Smooth Stone","Bottled Flame","Happy Flower","Thread and Needle","TungstenRod","Akabeko","Juzu Bracelet"],"acts_visited":["Exordium","TheCity","TheBeyond"],"potions_floor_usage":[10,25,33,33,33,40,50],"damage_taken":[{"damage":0,"enemies":"Small Slimes","floor":2,"turns":3},{"damage":5,"enemies":"downfall:FleeingMerchant","floor":3,"turns":4},{"damage":0,"enemies":"Jaw Worm","floor":6,"turns":2},{"damage":23,"enemies":"Lagavulin","floor":8,"turns":7},{"damage":0,"enemies":"downfall:FleeingMerchant","floor":10,"turns":2},{"damage":19,"enemies":"3 Sentries","floor":12,"turns":10},{"damage":0,"enemies":"Cultist","floor":15,"turns":2},{"damage":14,"enemies":"downfall:Watcher","floor":16,"turns":7},{"damage":0,"enemies":"Shell Parasite","floor":19,"turns":4},{"damage":9,"enemies":"Snake Plant","floor":22,"turns":5},{"damage":23,"enemies":"Slavers","floor":25,"turns":6},{"damage":18,"enemies":"Shelled Parasite and Fungi","floor":26,"turns":6},{"damage":5,"enemies":"3 Cultists","floor":27,"turns":6},{"damage":0,"enemies":"downfall:FleeingMerchant","floor":29,"turns":4},{"damage":6,"enemies":"Centurion and Healer","floor":30,"turns":7},{"damage":0,"enemies":"Book of Stabbing","floor":31,"turns":5},{"damage":3,"enemies":"Chosen and Byrds","floor":32,"turns":5},{"damage":10,"enemies":"downfall:Silent","floor":33,"turns":7},{"damage":0,"enemies":"Orb Walker","floor":36,"turns":3},{"damage":0,"enemies":"downfall:FleeingMerchant","floor":37,"turns":4},{"damage":10,"enemies":"3 Darklings","floor":39,"turns":6},{"damage":3,"enemies":"Sphere and 2 Shapes","floor":40,"turns":7},{"damage":0,"enemies":"downfall:FleeingMerchant","floor":42,"turns":4},{"damage":5,"enemies":"4 Shapes","floor":43,"turns":5},{"damage":11,"enemies":"3 Darklings","floor":44,"turns":6},{"damage":7,"enemies":"Giant Head","floor":46,"turns":8},{"damage":0,"enemies":"Spire Growth","floor":47,"turns":5},{"damage":18,"enemies":"Reptomancer","floor":48,"turns":6},{"damage":6,"enemies":"4 Shapes","floor":49,"turns":6},{"damage":6,"enemies":"downfall:Ironclad","floor":50,"turns":11}],"seed_played":"6338629791056278118","potions_obtained":[{"floor":8,"key":"SmokeBomb"},{"floor":16,"key":"Dexterity Potion"},{"floor":19,"key":"Explosive Potion"},{"floor":27,"key":"PowerPotion"},{"floor":30,"key":"SneckoOil"},{"floor":31,"key":"Energy Potion"},{"floor":33,"key":"SpeedPotion"},{"floor":36,"key":"LiquidBronze"},{"floor":46,"key":"DuplicationPotion"},{"floor":48,"key":"SkillPotion"}],"is_trial":false,"path_per_floor":["R","M","$","?","?","M","T","E","R","$","R","E","R","?","M","B",null,"R","M","?","?","M","R","T","E","M","M","T","$","M","E","M","B",null,"R","M","$","?","M","M","T","$","M","M","T","E","M","E","M","B",null],"character_chosen":"GUARDIAN","items_purchased":["expansioncontent:Collect","Bronze Scales","Guardian:EvasiveProtocol"],"campfire_rested":2,"item_purchase_floors":[3,29,37],"current_hp_per_floor":[80,80,75,75,75,75,75,52,76,76,76,57,80,80,80,66,80,90,90,90,90,81,81,81,60,44,41,41,43,39,41,40,47,90,90,90,90,90,80,84,84,86,83,74,74,69,71,55,51,52],"gold":199,"neow_bonus":"UPGRADE_CARD","is_daily":false,"chose_seed":false,"campfire_upgraded":4,"win_rate":0.0,"timestamp":1610335242,"path_taken":["R","M","$","?","?","?","T","E","R","$","R","E","R","?","M","BOSS","R","M","?","?","?","R","T","E","M","M","?","$","M","E","M","BOSS","R","M","$","?","M","?","T","$","M","?","?","E","M","E","M","BOSS"],"items_purchased_type":["Card","Relic","Card"],"build_version":"2020-12-22","purchased_purges":1,"victory":true,"max_hp_per_floor":[80,80,80,80,80,80,80,80,80,80,80,80,80,80,80,80,80,90,90,90,90,90,90,90,90,90,90,90,90,90,90,90,90,90,90,90,90,90,90,90,90,90,90,90,90,90,90,90,90,90],"card_choices":[{"not_picked":["Guardian:Gem_Lightblue","Guardian:Recover"],"picked":"Guardian:Planning","floor":2},{"not_picked":["Guardian:GatlingBeam","Guardian:SpikerProtocol"],"picked":"Guardian:Incinerate","floor":3},{"not_picked":["Guardian:TimeBomb","Guardian:Gem_Lightblue"],"picked":"Guardian:BronzeArmor","floor":6},{"not_picked":["Guardian:Gem_Cyan","Guardian:Gem_Red"],"picked":"Guardian:Planning","floor":8},{"not_picked":["Guardian:Recover","Guardian:ShieldCharger","Guardian:PrimingBeam"],"picked":"SKIP","floor":12},{"not_picked":["Guardian:RollAttack","Guardian:Gem_Green"],"picked":"Guardian:TimeSifter","floor":15},{"not_picked":["Guardian:BaubleBeam","Guardian:AncientConstruct"],"picked":"Guardian:Gem_Orange","floor":16},{"not_picked":["Guardian:Gem_Lightblue","Guardian:CrystalBeam+1","Guardian:ShieldCharger"],"picked":"SKIP","floor":19},{"not_picked":["Guardian:Gem_Lightblue","Guardian:CrystalBeam+1"],"picked":"Guardian:ShieldCharger","floor":19},{"not_picked":["Guardian:Repulse","Guardian:Gem_Green","Guardian:SentryBeam"],"picked":"SKIP","floor":22},{"not_picked":["Guardian:BronzeOrb","Guardian:ChargeCore+1"],"picked":"Guardian:Incinerate","floor":25},{"not_picked":["Guardian:Gem_Cyan","Guardian:PrismaticBeam+1","Guardian:ConstructionForm"],"picked":"SKIP","floor":26},{"not_picked":["Guardian:ShieldCharger","Guardian:PrismaticBarrier","Guardian:PolyBeam"],"picked":"SKIP","floor":27},{"not_picked":["Guardian:TemporalShield","Guardian:PiercingHide","Guardian:MultiBeam"],"picked":"SKIP","floor":29},{"not_picked":["Guardian:Gem_Crimson","Guardian:ShieldCharger+1","Guardian:RollAttack"],"picked":"SKIP","floor":30},{"not_picked":["Guardian:CrystalBeam","Guardian:Preprogram","Guardian:Gem_Lightblue"],"picked":"SKIP","floor":31},{"not_picked":["Guardian:Gem_Red","Guardian:PolyBeam"],"picked":"Guardian:Emergency","floor":32},{"not_picked":["Guardian:StasisStrike","Guardian:BaubleBeam"],"picked":"Guardian:AncientConstruct","floor":33},{"not_picked":["Guardian:RollAttack+1","Guardian:TimeBomb","Guardian:PiercingHide"],"picked":"SKIP","floor":36},{"not_picked":["Guardian:MultiBeam","Guardian:Gem_Purple"],"picked":"Guardian:TimeCapacitor+1","floor":37},{"not_picked":["Guardian:Gem_Purple","Guardian:Planning+1","Guardian:PolyBeam+1"],"picked":"SKIP","floor":39},{"not_picked":["Guardian:Planning","Guardian:Harden+1"],"picked":"Guardian:BronzeOrb+1","floor":40},{"not_picked":["Guardian:TimeCapacitor","Guardian:Planning+1"],"picked":"Guardian:FloatingOrbs+1","floor":42},{"not_picked":["Guardian:SentryBeam","Guardian:SpikerProtocol+1","Guardian:Gem_Cyan"],"picked":"SKIP","floor":43},{"not_picked":["Guardian:WalkerClaw","Guardian:Planning","Guardian:StasisField"],"picked":"SKIP","floor":44},{"not_picked":["Guardian:CrystalBeam","Guardian:Gem_Fragmented","Guardian:Preprogram+1"],"picked":"SKIP","floor":46},{"not_picked":["Guardian:Planning+1","Guardian:PiercingHide+1","Guardian:CrystalBeam"],"picked":"SKIP","floor":47},{"not_picked":["Guardian:GatlingBeam","Guardian:PrimingBeam","Guardian:ShieldCharger"],"picked":"SKIP","floor":48},{"not_picked":["Guardian:CrystalBeam+1","Guardian:ChargeCore","Guardian:Clone+1"],"picked":"SKIP","floor":49}],"player_experience":166073,"relics_obtained":[{"floor":8,"key":"Nunchaku"},{"floor":12,"key":"Blood Vial"},{"floor":24,"key":"Matryoshka"},{"floor":25,"key":"Bottled Tornado"},{"floor":25,"key":"Pocketwatch"},{"floor":28,"key":"Toy Ornithopter"},{"floor":28,"key":"Vajra"},{"floor":31,"key":"Calipers"},{"floor":31,"key":"Art of War"},{"floor":41,"key":"Oddly Smooth Stone"},{"floor":41,"key":"Bottled Flame"},{"floor":45,"key":"Happy Flower"},{"floor":46,"key":"Thread and Needle"},{"floor":46,"key":"TungstenRod"},{"floor":48,"key":"Akabeko"},{"floor":48,"key":"Juzu Bracelet"}],"event_choices":[{"cards_removed":["Regret"],"damage_healed":0,"gold_gain":0,"player_choice":"Forget","damage_taken":0,"max_hp_gain":0,"max_hp_loss":0,"event_name":"Living Wall","floor":14,"gold_loss":0},{"cards_removed":["Guardian:Strike_Guardian"],"damage_healed":0,"gold_gain":0,"player_choice":"Took Card","damage_taken":0,"max_hp_gain":0,"max_hp_loss":0,"event_name":"NoteForYourself","floor":21,"gold_loss":0,"cards_obtained":["Iron Wave"]},{"cards_removed":["Guardian:ShieldCharger"],"damage_healed":5,"gold_gain":0,"player_choice":"Offered Common","damage_taken":0,"max_hp_gain":0,"max_hp_loss":0,"event_name":"Bonfire Elementals","floor":38,"gold_loss":0},{"cards_removed":["Guardian:ShieldCharger"],"damage_healed":5,"gold_gain":0,"player_choice":"Offered Special","damage_taken":0,"max_hp_gain":0,"max_hp_loss":0,"event_name":"Bonfire Elementals","floor":38,"gold_loss":0}],"is_beta":false,"boss_relics":[{"not_picked":["Fusion Hammer","downfall:Hecktoplasm"],"picked":"Black Star"},{"not_picked":["Guardian:StasisSlotReductionRelic","Velvet Choker"],"picked":"SlaversCollar"}],"items_purged_floors":[37],"is_endless":false,"potions_floor_spawned":[8,16,19,27,30,31,33,36,46,48,49],"ascension_level":0}}