{"host":"k7udt7atmcuzf6l0","time":1610393013,"event":{"mods":["AchievementEnabler","BaseMod","Colored Map","Colored Powertips","Highlight Path","Minty Spire (QoL Compilation)","Quick Restart","Rare Cards Sparkle","StSLib","UnlockEverythingMod"],"gold_per_floor":[114,129,204,219,69,69,99,99,149,164,14,14,29,59,59,59,59],"floor_reached":16,"playtime":519,"items_purged":[],"score":100,"play_id":"c2e4eaf5-e319-498d-aa06-05349a5729f7","local_time":"20210112032333","daily_mods":["Allstar","ControlledChaos","Lethality"],"is_ascension_mode":false,"campfire_choices":[{"data":"Mayhem","floor":6,"key":"SMITH"},{"data":"Apotheosis","floor":8,"key":"SMITH"},{"data":"Metamorphosis","floor":12,"key":"SMITH"},{"data":"Body Slam","floor":15,"key":"SMITH"}],"circlet_count":0,"master_deck":["Strike_R","Strike_R","Strike_R","Strike_R","Strike_R","Defend_R","Defend_R","Defend_R","Defend_R","Bash","Mayhem+1","Panacea","Apotheosis+1","Good Instincts","Metamorphosis+1","Warcry","Headbutt","Flex","Body Slam+1","Second Wind","Exhume"],"relics":["Burning Blood","Frozen Eye","Lantern","Magic Flower","Potion Belt","Bag of Preparation","Sundial"],"acts_visited":["Exordium"],"potions_floor_usage":[7,10,16],"damage_taken":[{"damage":10,"enemies":"Jaw Worm","floor":1,"turns":4},{"damage":13,"enemies":"2 Louse","floor":2,"turns":3},{"damage":7,"enemies":"Small Slimes","floor":4,"turns":4},{"damage":21,"enemies":"Gremlin Nob","floor":7,"turns":4},{"damage":5,"enemies":"Red Slaver","floor":10,"turns":3},{"damage":4,"enemies":"Looter","floor":13,"turns":2},{"damage":26,"enemies":"3 Sentries","floor":14,"turns":4},{"damage":52,"enemies":"Hexaghost","floor":16,"turns":3}],"seed_played":"2608465768335268498","potions_obtained":[{"floor":2,"key":"GamblersBrew"},{"floor":4,"key":"DuplicationPotion"},{"floor":7,"key":"Regen Potion"}],"is_trial":false,"path_per_floor":["M","M","?","M","$","R","E","R","T","M","$","R","M","?","R","B"],"character_chosen":"IRONCLAD","items_purchased":["Lantern","Bag of Preparation"],"campfire_rested":0,"item_purchase_floors":[5,11],"current_hp_per_floor":[76,69,58,57,57,57,42,42,42,60,60,60,65,48,48,0,0],"gold":59,"neow_bonus":"","is_daily":true,"chose_seed":false,"campfire_upgraded":4,"win_rate":0.0,"timestamp":1610393013,"path_taken":["M","M","?","M","$","R","E","R","T","M","$","R","M","?","R","BOSS"],"items_purchased_type":["Relic","Relic"],"build_version":"2020-12-22","purchased_purges":0,"victory":false,"max_hp_per_floor":[80,80,80,80,80,80,80,80,80,80,80,80,80,80,80,80,80],"card_choices":[{"not_picked":["Anger","Sword Boomerang"],"picked":"Warcry","floor":1},{"not_picked":["Metallicize","Warcry"],"picked":"Headbutt","floor":2},{"not_picked":["Cleave","Intimidate"],"picked":"Flex","floor":4},{"not_picked":["Evolve","Metallicize","Twin Strike"],"picked":"SKIP","floor":7},{"not_picked":["Iron Wave","Power Through"],"picked":"Body Slam","floor":10},{"not_picked":["Anger","True Grit"],"picked":"Second Wind","floor":13},{"not_picked":["Sever Soul","Heavy Blade"],"picked":"Exhume","floor":14}],"player_experience":60372,"relics_obtained":[{"floor":7,"key":"Magic Flower"},{"floor":9,"key":"Potion Belt"},{"floor":14,"key":"Sundial"}],"event_choices":[{"damage_healed":0,"gold_gain":75,"player_choice":"Gather Gold","damage_taken":11,"max_hp_gain":0,"max_hp_loss":0,"event_name":"World of Goop","floor":3,"gold_loss":0},{"damage_healed":0,"gold_gain":0,"player_choice":"Searched \u00272\u0027 times","damage_taken":0,"max_hp_gain":0,"max_hp_loss":0,"event_name":"Dead Adventurer","floor":14,"gold_loss":0}],"is_beta":false,"boss_relics":[],"items_purged_floors":[],"is_endless":false,"potions_floor_spawned":[2,4,7],"killed_by":"Hexaghost","ascension_level":0}}