{"host":"kev6uqotw4tlyx8l","time":1610365425,"event":{"mods":["Act Like it!","Aspiration","BaseMod","Colored Powertips","Dota2Spire","Downfall","Hallownest","Infinite Spire","Marisa????????","Minty Spire (QoL Compilation)","Quick Restart","Remilia??????","Replay The Spire","StSLib","The Cursed","The Jungle","The Marked","The Mystic","The Servant 0.9.4"],"gold_per_floor":[114,130,130,15,36,70,70,70,93,93,93,116,139,163,163,163,163],"floor_reached":16,"playtime":323,"items_purged":[],"score":102,"play_id":"04a31f35-7042-4f90-9640-a2e3b507c1e9","local_time":"20210111184345","is_ascension_mode":false,"campfire_choices":[{"data":"GravityBeat","floor":7,"key":"SMITH"},{"data":"infinitespire:NeuralNetwork","floor":11,"key":"SMITH"},{"floor":15,"key":"REST"}],"circlet_count":0,"master_deck":["Strike_MRS","Strike_MRS","Strike_MRS","Strike_MRS","Defend_MRS","Defend_MRS","Defend_MRS","Defend_MRS","MasterSpark","UpSweep+1","OrrerysSun","DC","SuperPerseids","LuminesStrike","LuminesStrike","UnstableBomb","GravityBeat+1","infinitespire:NeuralNetwork+1","GrandCross","GrandCross","WitchLeyline"],"relics":["MiniHakkero","Golden Idol","Replay:PocketPolymizer","Dota2Spire:MaskOfMadness"],"acts_visited":["Exordium"],"potions_floor_usage":[6,14],"damage_taken":[{"damage":0,"enemies":"2 Louse","floor":1,"turns":2},{"damage":1,"enemies":"Jaw Worm","floor":2,"turns":4},{"damage":0,"enemies":"Cultist","floor":5,"turns":2},{"damage":16,"enemies":"Gremlin Nob","floor":6,"turns":4},{"damage":13,"enemies":"Red Slaver","floor":12,"turns":2},{"damage":16,"enemies":"Large Slime","floor":13,"turns":4},{"damage":2,"enemies":"3 Louse","floor":14,"turns":2},{"damage":49,"enemies":"The Guardian","floor":16,"turns":4}],"seed_played":"1066998516030551636","potions_obtained":[{"floor":1,"key":"Explosive Potion"},{"floor":5,"key":"Swift Potion"},{"floor":14,"key":"Venom Potion"}],"is_trial":false,"path_per_floor":["M","M","?","$","M","E","R","?","T","?","R","M","M","M","R","B"],"character_chosen":"MARISA","items_purchased":["SuperPerseids","LuminesStrike"],"campfire_rested":1,"item_purchase_floors":[4,4],"current_hp_per_floor":[75,74,56,56,56,40,40,21,21,43,43,30,14,12,34,0,0],"gold":163,"neow_bonus":"UPGRADE_CARD","is_daily":false,"chose_seed":false,"campfire_upgraded":2,"win_rate":0.0,"timestamp":1610365425,"path_taken":["M","M","?","$","M","E","R","?","T","?","R","M","?","M","R","BOSS"],"items_purchased_type":["Card","Card"],"build_version":"2020-12-22","purchased_purges":0,"victory":false,"max_hp_per_floor":[75,75,75,75,75,75,75,75,75,75,75,75,75,75,75,75,75],"card_choices":[{"not_picked":["Orbital","Acceleration"],"picked":"OrrerysSun","floor":1},{"not_picked":["GalacticHalo","Acceleration"],"picked":"DC","floor":2},{"not_picked":["AsteroidBelt","DeepEcoloBomb"],"picked":"UnstableBomb","floor":5},{"not_picked":["IllusionStar","CollectingQuirk"],"picked":"GravityBeat","floor":6},{"not_picked":["infinitespire:Gouge","infinitespire:SealOfDarkness+"],"picked":"infinitespire:NeuralNetwork","floor":8},{"not_picked":["Acceleration","6A"],"picked":"GrandCross","floor":12},{"not_picked":["EarthLightRay","ManaConvection"],"picked":"GrandCross","floor":13},{"not_picked":["Acceleration","AlicesGift"],"picked":"WitchLeyline","floor":14}],"player_experience":104245,"relics_obtained":[{"floor":6,"key":"Replay:PocketPolymizer"},{"floor":9,"key":"Dota2Spire:MaskOfMadness"}],"event_choices":[{"damage_healed":0,"gold_gain":0,"player_choice":"Take Damage","damage_taken":18,"relics_obtained":["Golden Idol"],"max_hp_gain":0,"max_hp_loss":0,"event_name":"Golden Idol","floor":3,"gold_loss":0}],"is_beta":false,"boss_relics":[],"items_purged_floors":[],"is_endless":false,"potions_floor_spawned":[1,5,14],"killed_by":"The Guardian","ascension_level":0}}