{"host":"v711dtdb46xe9u7l","time":1610377944,"event":{"mods":["BaseMod","Minty Spire (QoL Compilation)","StSLib"],"gold_per_floor":[119,119,138,152,168,202,202,232,232,232,232,232],"floor_reached":11,"playtime":348,"items_purged":[],"score":108,"play_id":"ac2c407a-b24c-4322-ad25-9a3f9af5f13c","local_time":"20210111151224","is_ascension_mode":true,"campfire_choices":[{"data":"Stack","floor":7,"key":"SMITH"},{"data":"Tempest","floor":10,"key":"SMITH"}],"circlet_count":0,"master_deck":["Strike_B","Strike_B","Strike_B","Defend_B","Defend_B","Defend_B","Zap","Dualcast","Decay","Biased Cognition","Turbo","Tempest+1","Regret","Leap","Ball Lightning","Barrage","Stack+1","Seek"],"relics":["Cracked Core","Bronze Scales","WingedGreaves","Bottled Flame","Incense Burner"],"acts_visited":["Exordium"],"potions_floor_usage":[8],"damage_taken":[{"damage":4,"enemies":"Small Slimes","floor":1,"turns":2},{"damage":8,"enemies":"2 Louse","floor":3,"turns":2},{"damage":2,"enemies":"Cultist","floor":4,"turns":3},{"damage":13,"enemies":"Looter","floor":5,"turns":2},{"damage":18,"enemies":"Lagavulin","floor":6,"turns":4},{"damage":20,"enemies":"Gremlin Nob","floor":8,"turns":4},{"damage":20,"enemies":"Lagavulin","floor":11,"turns":2}],"seed_played":"2367640105344247698","potions_obtained":[{"floor":3,"key":"SteroidPotion"},{"floor":8,"key":"Explosive Potion"}],"is_trial":false,"path_per_floor":["M","?","M","M","M","E","R","E","T","R","E"],"character_chosen":"DEFECT","items_purchased":[],"campfire_rested":0,"item_purchase_floors":[],"current_hp_per_floor":[64,64,56,54,41,23,23,3,3,3,0,0],"gold":232,"neow_bonus":"TRANSFORM_TWO_CARDS","is_daily":false,"chose_seed":false,"campfire_upgraded":2,"win_rate":0.0,"timestamp":1610377944,"path_taken":["M","?","M","M","M","E","R","E","T","R","E"],"items_purchased_type":[],"build_version":"2020-12-22","purchased_purges":0,"victory":false,"max_hp_per_floor":[75,75,75,75,75,75,75,75,75,75,75,75],"card_choices":[{"not_picked":["Gash","Undo"],"picked":"Tempest","floor":1},{"not_picked":["Hello World","Hologram"],"picked":"Leap","floor":3},{"not_picked":["Gash","Rebound"],"picked":"Ball Lightning","floor":4},{"not_picked":["Heatsinks","Beam Cell"],"picked":"Barrage","floor":5},{"not_picked":["Beam Cell","Rip and Tear"],"picked":"Stack","floor":6},{"not_picked":["Stack","Barrage"],"picked":"Seek","floor":8}],"player_experience":317926,"relics_obtained":[{"floor":6,"key":"WingedGreaves"},{"floor":8,"key":"Bottled Flame"},{"floor":9,"key":"Incense Burner"}],"event_choices":[{"damage_healed":0,"gold_gain":0,"player_choice":"Box","damage_taken":0,"relics_obtained":["Bronze Scales"],"max_hp_gain":0,"max_hp_loss":0,"event_name":"Big Fish","floor":2,"gold_loss":0,"cards_obtained":["Regret"]}],"is_beta":false,"boss_relics":[],"items_purged_floors":[],"is_endless":false,"potions_floor_spawned":[3,8],"killed_by":"Lagavulin","ascension_level":6}}