{"host":"akjsb4vg7478j4ls","time":1610380084,"event":{"mods":["BaseMod","Colored Map","Colored Powertips","Minty Spire (QoL Compilation)","Rare Cards Sparkle"],"gold_per_floor":[112,30,105,118,130,157,157,127,127,142,162,162,178,197,197,197,197],"floor_reached":16,"playtime":967,"items_purged":[],"score":129,"play_id":"cd835f7b-5737-4241-94bf-4c5b8cb6f6eb","local_time":"20210111134804","is_ascension_mode":false,"campfire_choices":[{"floor":7,"key":"RECALL"},{"floor":15,"key":"REST"}],"circlet_count":0,"master_deck":["Strike_G","Strike_G","Strike_G","Strike_G","Strike_G","Defend_G","Defend_G","Defend_G","Defend_G","Defend_G","Survivor","Neutralize","Footwork","Terror","Dagger Spray","Slice","Slice","Deflect","Slice","Predator","Regret","Doppelganger","Backflip"],"relics":["SacredBark","White Beast Statue","InkBottle"],"acts_visited":["Exordium"],"potions_floor_usage":[6,16,16,16],"damage_taken":[{"damage":0,"enemies":"Jaw Worm","floor":1,"turns":4},{"damage":10,"enemies":"Small Slimes","floor":4,"turns":4},{"damage":0,"enemies":"Cultist","floor":5,"turns":3},{"damage":0,"enemies":"Gremlin Nob","floor":6,"turns":3},{"damage":11,"enemies":"3 Louse","floor":10,"turns":2},{"damage":3,"enemies":"Large Slime","floor":11,"turns":6},{"damage":3,"enemies":"Looter","floor":13,"turns":3},{"damage":9,"enemies":"Red Slaver","floor":14,"turns":3},{"damage":46,"enemies":"The Guardian","floor":16,"turns":12}],"seed_played":"224340927506302813","potions_obtained":[{"floor":1,"key":"EssenceOfSteel"},{"floor":5,"key":"SkillPotion"},{"floor":8,"key":"SpeedPotion"},{"floor":8,"key":"SneckoOil"},{"floor":10,"key":"Strength Potion"},{"floor":11,"key":"PowerPotion"}],"is_trial":false,"path_per_floor":["M","$","?","M","M","E","R","?","T","M","M","?","M","M","R","B"],"character_chosen":"THE_SILENT","items_purchased":["Terror","Dagger Spray"],"campfire_rested":1,"item_purchase_floors":[2,2],"current_hp_per_floor":[70,70,59,49,49,49,49,49,49,38,35,35,32,23,44,0,0],"gold":197,"neow_bonus":"BOSS_RELIC","is_daily":false,"chose_seed":false,"campfire_upgraded":0,"win_rate":0.0,"timestamp":1610380084,"path_taken":["M","$","?","M","M","E","R","?","T","?","M","?","M","M","R","BOSS"],"items_purchased_type":["Card","Card"],"build_version":"2020-12-22","purchased_purges":0,"victory":false,"max_hp_per_floor":[70,70,70,70,70,70,70,70,70,70,70,70,70,70,70,70,70],"card_choices":[{"not_picked":["Outmaneuver","Heel Hook"],"picked":"Footwork","floor":1},{"not_picked":["Dagger Throw","Dagger Spray"],"picked":"Slice","floor":4},{"not_picked":["Dodge and Roll","Malaise"],"picked":"Slice","floor":5},{"not_picked":["Dagger Spray","Sucker Punch"],"picked":"Deflect","floor":6},{"not_picked":["Quick Slash","Prepared"],"picked":"Slice","floor":10},{"not_picked":["Underhanded Strike","Riddle With Holes"],"picked":"Predator","floor":11},{"not_picked":["Noxious Fumes","Prepared"],"picked":"Doppelganger","floor":13},{"not_picked":["Catalyst","Quick Slash"],"picked":"Backflip","floor":14}],"player_experience":109501,"relics_obtained":[{"floor":6,"key":"White Beast Statue"}],"event_choices":[{"damage_healed":0,"gold_gain":75,"player_choice":"Gather Gold","damage_taken":11,"max_hp_gain":0,"max_hp_loss":0,"event_name":"World of Goop","floor":3,"gold_loss":0},{"damage_healed":0,"gold_gain":0,"player_choice":"Bought 2 Potions","damage_taken":0,"max_hp_gain":0,"max_hp_loss":0,"event_name":"The Woman in Blue","floor":8,"gold_loss":0},{"damage_healed":0,"gold_gain":0,"player_choice":"Box","damage_taken":0,"relics_obtained":["InkBottle"],"max_hp_gain":0,"max_hp_loss":0,"event_name":"Big Fish","floor":12,"gold_loss":0,"cards_obtained":["Regret"]}],"is_beta":false,"boss_relics":[],"items_purged_floors":[],"is_endless":false,"potions_floor_spawned":[1,5,10,11,13,14],"killed_by":"The Guardian","ascension_level":0}}