{"host":"Jackie","time":1610350499,"event":{"mods":["BaseMod","Highlight Path","Minty Spire (QoL Compilation)","Relic Stats","Slay the Relics Exporter","StSLib","Twitch Decklist"],"gold_per_floor":[117,131,141,10,27,27,58,58,58,90,90,102,136,151,151,230,230,246,266,266,53,64,64,94,94,144,160,180,180,208,228,228,305,305,318,318,318,318,373,373,398,398,469,469,469,494,507,535,535,535,535,535,535,204,234,234],"floor_reached":57,"playtime":6512,"items_purged":["Setup"],"score":2921,"play_id":"ade72f05-a072-452e-bf2f-932ef08f553f","local_time":"20210110233459","is_ascension_mode":true,"campfire_choices":[{"floor":6.0,"key":"REST"},{"floor":11.0,"key":"REST"},{"data":"Glass Knife","floor":15.0,"key":"SMITH"},{"data":"After Image","floor":23,"key":"SMITH"},{"floor":29,"key":"REST"},{"data":"Noxious Fumes","floor":32,"key":"SMITH"},{"floor":40,"key":"REST"},{"data":"Wraith Form v2","floor":42,"key":"SMITH"},{"floor":44,"key":"RECALL"},{"data":"Footwork","floor":49,"key":"SMITH"},{"data":"Well Laid Plans","floor":53,"key":"SMITH"}],"circlet_count":0,"master_deck":["AscendersBane","Survivor","Neutralize","Underhanded Strike","Blade Dance","Glass Knife+1","Well Laid Plans+1","Predator","Venomology","Noxious Fumes+1","Cloak And Dagger","Endless Agony","Cloak And Dagger","After Image+1","Leg Sweep","Terror","Footwork+1","Quick Slash","Sucker Punch","Corpse Explosion","Blade Dance","Cloak And Dagger","Acrobatics","PiercingWail","Finisher+1","Catalyst+1","Blur","Venomology","Deflect+1","Wraith Form v2+1","Backflip","Flash of Steel+1","Secret Technique","Dodge and Roll+1","Caltrops+1","Dodge and Roll+1","Acrobatics","Noxious Fumes+1","PiercingWail+1"],"relics":["Runic Dome","Mercury Hourglass","Paper Crane","Ornamental Fan","Blood Vial","Pandora\u0027s Box","ClockworkSouvenir","Molten Egg 2","PreservedInsect","Bottled Tornado","WristBlade","Centennial Puzzle","Prayer Wheel","Darkstone Periapt","Thread and Needle","Frozen Egg 2","Bag of Preparation","HornCleat"],"acts_visited":["Exordium","TheCity","TheBeyond","TheEnding"],"potions_floor_usage":[19,19,22,24,27,28,30,31,31,33,33,33,35,39,39,39,46,46,47,50,51,51,55,55,55,56,56],"damage_taken":[{"damage":3.0,"enemies":"Cultist","floor":1.0,"turns":5.0},{"damage":0.0,"enemies":"2 Louse","floor":2.0,"turns":3.0},{"damage":0.0,"enemies":"Jaw Worm","floor":3.0,"turns":3.0},{"damage":22.0,"enemies":"3 Louse","floor":5.0,"turns":4.0},{"damage":8.0,"enemies":"Gremlin Nob","floor":7.0,"turns":3.0},{"damage":15.0,"enemies":"3 Sentries","floor":10.0,"turns":6.0},{"damage":0.0,"enemies":"Large Slime","floor":12.0,"turns":5.0},{"damage":0.0,"enemies":"Gremlin Nob","floor":13.0,"turns":3.0},{"damage":1.0,"enemies":"2 Fungi Beasts","floor":14.0,"turns":2.0},{"damage":26.0,"enemies":"Slime Boss","floor":16.0,"turns":7.0},{"damage":9.0,"enemies":"Shell Parasite","floor":18.0,"turns":8.0},{"damage":0,"enemies":"Chosen","floor":19,"turns":4},{"damage":8,"enemies":"Snecko","floor":22,"turns":5},{"damage":6,"enemies":"Gremlin Leader","floor":24,"turns":6},{"damage":22,"enemies":"Centurion and Healer","floor":27,"turns":6},{"damage":6,"enemies":"Sentry and Sphere","floor":28,"turns":5},{"damage":4,"enemies":"Book of Stabbing","floor":30,"turns":3},{"damage":0,"enemies":"Snecko","floor":31,"turns":5},{"damage":17,"enemies":"Champ","floor":33,"turns":9},{"damage":18,"enemies":"3 Darklings","floor":35,"turns":2},{"damage":4,"enemies":"2 Orb Walkers","floor":39,"turns":2},{"damage":5,"enemies":"Giant Head","floor":41,"turns":3},{"damage":0,"enemies":"Reptomancer","floor":46,"turns":5},{"damage":0,"enemies":"Orb Walker","floor":47,"turns":4},{"damage":0,"enemies":"Nemesis","floor":48,"turns":7},{"damage":8,"enemies":"Donu and Deca","floor":50,"turns":10},{"damage":22,"enemies":"Awakened One","floor":51,"turns":32},{"damage":20,"enemies":"Shield and Spear","floor":55,"turns":6},{"damage":40,"enemies":"The Heart","floor":56,"turns":10}],"seed_played":"-126807093193552163","potions_obtained":[{"floor":3.0,"key":"SpeedPotion"},{"floor":8.0,"key":"EntropicBrew"},{"floor":8.0,"key":"SmokeBomb"},{"floor":10.0,"key":"SkillPotion"},{"floor":13.0,"key":"FearPotion"},{"floor":14.0,"key":"PowerPotion"},{"floor":24,"key":"Weak Potion"},{"floor":28,"key":"ColorlessPotion"},{"floor":30,"key":"Weak Potion"},{"floor":35,"key":"Swift Potion"},{"floor":48,"key":"Dexterity Potion"},{"floor":55,"key":"Regen Potion"}],"is_trial":false,"path_per_floor":["M","M","M","$","M","R","E","?","T","E","R","M","E","M","R","B",null,"M","M","?","$","M","R","E","?","T","M","M","R","E","M","R","B",null,"M","?","T","?","?","R","E","R","T","R","?","E","M","E","R","B","B",null,"R","$","E","B",null],"character_chosen":"THE_SILENT","items_purchased":["Well Laid Plans","SteroidPotion","Acrobatics","ClockworkSouvenir","Bag of Preparation","SpeedPotion","Noxious Fumes+1"],"campfire_rested":4,"item_purchase_floors":[4,4,21,21,54,54,54],"current_hp_per_floor":[56,56,56,56,34,53,45,45,45,30,49,49,49,50,50,26,56,64,66,66,66,58,58,54,54,54,34,30,49,47,49,49,34,58,42,32,32,32,30,49,46,46,46,46,46,48,50,52,52,46,26,56,56,56,38,15],"gold":234,"neow_bonus":"BOSS_RELIC","is_daily":false,"chose_seed":false,"campfire_upgraded":6,"win_rate":0.0,"timestamp":1610350499,"path_taken":["M","M","M","$","M","R","E","?","T","E","R","M","E","M","R","BOSS","M","M","?","$","M","R","E","?","T","M","M","R","E","M","R","BOSS","M","?","?","?","?","R","E","R","T","R","?","E","?","E","R","BOSS","BOSS","R","$","E","BOSS"],"items_purchased_type":["Card","Potion","Card","Relic","Relic","Potion","Card"],"build_version":"2020-12-18","purchased_purges":1,"victory":true,"max_hp_per_floor":[66,66,66,66,66,66,66,66,66,66,66,66,66,66,66,66,66,66,66,66,66,66,66,66,66,66,66,66,66,66,66,66,66,66,66,66,66,66,66,66,66,66,66,66,66,66,66,66,66,66,66,66,66,66,66,66],"relic_stats":{"Blood Vial":40,"Darkstone Periapt":0,"Centennial Puzzle":[19],"counters":[29,172],"Ornamental Fan":[284],"Pandora\u0027s Box":["Endless Agony","Cloak And Dagger","After Image","Leg Sweep","Terror","Footwork","Setup","Quick Slash","Sucker Punch","Corpse Explosion"],"Prayer Wheel":1,"PreservedInsect":361,"Bag of Preparation":[5],"obtain_stats":[{"Darkstone Periapt":41,"Thread and Needle":46,"PreservedInsect":26,"Bag of Preparation":54,"Paper Crane":9,"Bottled Tornado":30,"Frozen Egg 2":48,"Mercury Hourglass":7,"ClockworkSouvenir":21,"Blood Vial":13,"Runic Dome":0,"Centennial Puzzle":37,"HornCleat":55,"WristBlade":34,"Ornamental Fan":10,"Pandora\u0027s Box":17,"Molten Egg 2":24,"Prayer Wheel":39,"Ring of the Snake":0},{"Darkstone Periapt":22,"Thread and Needle":23,"PreservedInsect":14,"Bag of Preparation":27,"Paper Crane":5,"Bottled Tornado":17,"Frozen Egg 2":25,"Mercury Hourglass":5,"ClockworkSouvenir":12,"Blood Vial":8,"Runic Dome":0,"Centennial Puzzle":20,"HornCleat":28,"WristBlade":19,"Ornamental Fan":6,"Pandora\u0027s Box":10,"Molten Egg 2":14,"Prayer Wheel":21,"Ring of the Snake":0},{"Darkstone Periapt":98,"Thread and Needle":103,"PreservedInsect":63,"Bag of Preparation":156,"Paper Crane":18,"Bottled Tornado":77,"Frozen Egg 2":114,"Mercury Hourglass":18,"ClockworkSouvenir":52,"Blood Vial":31,"Runic Dome":0,"Centennial Puzzle":93,"HornCleat":162,"WristBlade":91,"Ornamental Fan":24,"Pandora\u0027s Box":40,"Molten Egg 2":63,"Prayer Wheel":95,"Ring of the Snake":0}],"Mercury Hourglass":[511]},"card_choices":[{"not_picked":["PiercingWail","Backflip"],"picked":"Underhanded Strike","floor":1.0},{"not_picked":["Quick Slash","Prepared"],"picked":"Blade Dance","floor":2.0},{"not_picked":["Finisher","Outmaneuver"],"picked":"Glass Knife","floor":3.0},{"not_picked":["Dagger Throw","Blade Dance"],"picked":"Predator","floor":5.0},{"not_picked":["Concentrate","All Out Attack"],"picked":"Venomology","floor":7.0},{"not_picked":["Underhanded Strike","Dodge and Roll"],"picked":"Noxious Fumes","floor":10.0},{"not_picked":["Terror","Well Laid Plans","Poisoned Stab"],"picked":"SKIP","floor":12.0},{"not_picked":["Underhanded Strike","Masterful Stab","Tactician"],"picked":"SKIP","floor":13.0},{"not_picked":["Underhanded Strike","Masterful Stab","Tactician"],"picked":"SKIP","floor":13.0},{"not_picked":["Expertise","Poisoned Stab","Cloak And Dagger"],"picked":"SKIP","floor":14.0},{"not_picked":["Expertise","Poisoned Stab"],"picked":"Cloak And Dagger","floor":14.0},{"not_picked":["Storm of Steel","Burst"],"picked":"A Thousand Cuts","floor":16.0},{"not_picked":["Underhanded Strike","Dagger Throw"],"picked":"Blade Dance","floor":18.0},{"not_picked":["Caltrops","Riddle With Holes"],"picked":"Cloak And Dagger","floor":19},{"not_picked":["All Out Attack+1","Dagger Throw"],"picked":"PiercingWail","floor":22},{"not_picked":["Poisoned Stab+1","Heel Hook+1"],"picked":"Finisher+1","floor":24},{"not_picked":["Heel Hook+1","PiercingWail"],"picked":"Catalyst+1","floor":27},{"not_picked":["Well Laid Plans","Outmaneuver"],"picked":"Blur","floor":28},{"not_picked":["Eviscerate+1","Outmaneuver"],"picked":"Venomology","floor":30},{"not_picked":["Acrobatics","Dagger Throw+1"],"picked":"Deflect+1","floor":31},{"not_picked":["Tools of the Trade","Envenom"],"picked":"Wraith Form v2","floor":33},{"not_picked":["Dagger Throw+1","Cloak And Dagger"],"picked":"Backflip","floor":35},{"not_picked":["Magnetism","Mind Blast+1"],"picked":"Flash of Steel+1","floor":36},{"not_picked":["Enlightenment","Mayhem"],"picked":"Secret Technique","floor":36},{"not_picked":["Quick Slash+1","Concentrate"],"picked":"Dodge and Roll+1","floor":39},{"not_picked":["Setup","Accuracy"],"picked":"Caltrops+1","floor":41},{"not_picked":["Deadly Poison+1","Endless Agony+1"],"picked":"Dodge and Roll+1","floor":46},{"not_picked":["Sucker Punch+1","Poisoned Stab+1","Deflect"],"picked":"SKIP","floor":47},{"not_picked":["Escape Plan","Sucker Punch+1","Dagger Throw+1"],"picked":"SKIP","floor":47},{"not_picked":["Deflect","Escape Plan"],"picked":"Acrobatics","floor":48},{"not_picked":["Deflect","Cloak And Dagger"],"picked":"PiercingWail+1","floor":55}],"player_experience":2158349,"relics_obtained":[{"floor":7.0,"key":"Mercury Hourglass"},{"floor":9.0,"key":"Paper Crane"},{"floor":10.0,"key":"Ornamental Fan"},{"floor":13.0,"key":"Blood Vial"},{"floor":24,"key":"Molten Egg 2"},{"floor":26,"key":"PreservedInsect"},{"floor":30,"key":"Bottled Tornado"},{"floor":37,"key":"Centennial Puzzle"},{"floor":39,"key":"Prayer Wheel"},{"floor":41,"key":"Darkstone Periapt"},{"floor":46,"key":"Thread and Needle"},{"floor":48,"key":"Frozen Egg 2"},{"floor":55,"key":"HornCleat"}],"event_choices":[{"damage_healed":0.0,"max_hp_gain":0.0,"max_hp_loss":0.0,"gold_gain":0.0,"event_name":"Lab","player_choice":"Got Potions","floor":8.0,"gold_loss":0.0,"damage_taken":0.0},{"damage_healed":0,"gold_gain":0,"player_choice":"Ignored","damage_taken":0,"max_hp_gain":0,"max_hp_loss":0,"event_name":"Vampires","floor":20,"gold_loss":0},{"damage_healed":0,"gold_gain":0,"player_choice":"Ignored","damage_taken":0,"max_hp_gain":0,"max_hp_loss":0,"event_name":"Ghosts","floor":25,"gold_loss":0},{"damage_healed":0,"gold_gain":0,"player_choice":"Memory 3","damage_taken":10,"max_hp_gain":0,"max_hp_loss":0,"event_name":"SensoryStone","floor":36,"gold_loss":0},{"cards_removed":["A Thousand Cuts"],"damage_healed":0,"gold_gain":0,"player_choice":"Removed Power","damage_taken":0,"max_hp_gain":0,"max_hp_loss":0,"event_name":"Falling","floor":38,"gold_loss":0},{"damage_healed":0,"gold_gain":0,"player_choice":"Fight","damage_taken":0,"max_hp_gain":0,"max_hp_loss":0,"event_name":"Mysterious Sphere","floor":39,"gold_loss":0},{"damage_healed":0,"gold_gain":0,"player_choice":"Ignored","damage_taken":0,"max_hp_gain":0,"max_hp_loss":0,"event_name":"Tomb of Lord Red Mask","floor":45,"gold_loss":0}],"is_beta":true,"boss_relics":[{"not_picked":["Empty Cage","Velvet Choker"],"picked":"Pandora\u0027s Box"},{"not_picked":["Calling Bell","Astrolabe"],"picked":"WristBlade"}],"items_purged_floors":[54],"is_endless":false,"potions_floor_spawned":[3,10,12,13,14,24,28,30,31,35,41,46,48,55],"ascension_level":20}}