{"host":"fx1msjnmzlhlr397","time":1610384919,"event":{"mods":["AchievementEnabler","Act Like it!","Astrologer","BaseMod","Better Third Choice","Colored Map","Colored Powertips","Downfall","Duelist Mod","Friendly Minions","Gensokyo","GifTheSpireLib","Googly Eyes","Hermit","Highlight Path","LagranYue(???·?)","Marisa????????","Minty Spire (QoL Compilation)","Permanent Neow","Prisma Mod","Quick Restart","Rare Cards Sparkle","Replay The Spire","SOS???????","Shop Mod","StSLib","SuperFastMode","Td1madao Mod","The Alterego","The Animator","The Hierophant","The Jungle","The Wild Card"],"gold_per_floor":[118,118,5,23,23,53,53,53,53,53,70,100,114,134,134,134,134],"floor_reached":16,"playtime":383,"items_purged":[],"score":110,"play_id":"52ac002f-08fb-483c-accd-1d2c189ad70d","local_time":"20210111120839","is_ascension_mode":false,"campfire_choices":[{"data":"theWildCard:TheArcanaUnleashed","floor":15,"key":"SMITH"}],"circlet_count":0,"master_deck":["theWildCard:BasicStrike+1","theWildCard:BasicStrike+1","theWildCard:BasicStrike","theWildCard:BasicStrike","theWildCard:BasicDefend","theWildCard:BasicDefend","theWildCard:BasicDefend","theWildCard:BasicDefend","theWildCard:CallToAdventure","theWildCard:Arsene","theWildCard:BladeOfGenerations","theWildCard:SeveringSlash","theWildCard:ArcanaArtistry","theWildCard:StingingStrike","theWildCard:TheArcanaUnleashed+1","theWildCard:Polydeuces","theWildCard:BladeOfGenerations","theWildCard:SeveringSlash","theWildCard:Attunement"],"relics":["theWildCard:VelvetContract","LagranYue:RandomDrawCardRelic","GremlinMask","Juzu Bracelet","Snack Pack","MealTicket"],"acts_visited":["Exordium"],"potions_floor_usage":[],"damage_taken":[{"damage":8,"enemies":"Small Slimes","floor":1,"turns":3},{"damage":0,"enemies":"Cultist","floor":4,"turns":3},{"damage":38,"enemies":"Lagavulin","floor":6,"turns":5},{"damage":11,"enemies":"2 Louse","floor":11,"turns":2},{"damage":35,"enemies":"Gremlin Nob","floor":12,"turns":4},{"damage":15,"enemies":"2 Fungi Beasts","floor":13,"turns":3},{"damage":19,"enemies":"Large Slime","floor":14,"turns":7},{"damage":27,"enemies":"Slime Boss","floor":16,"turns":3}],"seed_played":"8447396804478290977","potions_obtained":[{"floor":1,"key":"AttackPotion"},{"floor":6,"key":"Strength Potion"},{"floor":10,"key":"Fire Potion"},{"floor":10,"key":"EntropicBrew"},{"floor":10,"key":"FairyPotion"}],"is_trial":false,"path_per_floor":["M","?","$","M","$","E","?","?","T","?","M","E","M","M","R","B"],"character_chosen":"THE_WILD_CARD","items_purchased":["theWildCard:ArcanaArtistry","theWildCard:PowerOfTheArcana"],"campfire_rested":0,"item_purchase_floors":[3,3],"current_hp_per_floor":[52,52,52,52,52,14,60,48,48,48,37,8,20,5,5,0,0],"gold":134,"neow_bonus":"THREE_CARDS","is_daily":false,"chose_seed":false,"campfire_upgraded":1,"win_rate":0.0,"timestamp":1610384919,"path_taken":["M","?","$","M","$","E","?","?","T","?","M","E","M","M","R","BOSS"],"items_purchased_type":["Card","Card"],"build_version":"2020-12-22","purchased_purges":0,"victory":false,"max_hp_per_floor":[60,60,60,60,60,60,60,60,60,60,60,60,60,60,60,60,60],"card_choices":[{"not_picked":["theWildCard:Unburden","theWildCard:StalwartBlade"],"picked":"theWildCard:BladeOfGenerations","floor":0},{"not_picked":["theWildCard:PowerOfTheArcana","theWildCard:StingingStrike"],"picked":"theWildCard:SeveringSlash","floor":1},{"not_picked":["theWildCard:PowerOfTheArcana","theWildCard:ArcaneArts"],"picked":"theWildCard:StingingStrike","floor":4},{"not_picked":["theWildCard:Proficiency","theWildCard:ArchaicAssault"],"picked":"theWildCard:TheArcanaUnleashed","floor":6},{"not_picked":["theWildCard:MagicMettle","theWildCard:ArcanaArtistry"],"picked":"theWildCard:Polydeuces","floor":11},{"not_picked":["theWildCard:TheGreatSeal","theWildCard:ArcaneArts"],"picked":"theWildCard:BladeOfGenerations","floor":12},{"not_picked":["theWildCard:Proficiency","theWildCard:Safeguard"],"picked":"theWildCard:SeveringSlash","floor":13},{"not_picked":["theWildCard:Unburden","theWildCard:SeveringSlash"],"picked":"theWildCard:Attunement","floor":14}],"player_experience":12253,"relics_obtained":[{"floor":6,"key":"Juzu Bracelet"},{"floor":9,"key":"Snack Pack"},{"floor":12,"key":"MealTicket"}],"event_choices":[{"damage_healed":0,"gold_gain":0,"player_choice":"Trade","damage_taken":0,"relics_obtained":["GremlinMask"],"max_hp_gain":0,"max_hp_loss":0,"event_name":"FaceTrader","floor":2,"gold_loss":0},{"cards_removed":["theWildCard:PowerOfTheArcana"],"damage_healed":46,"gold_gain":0,"player_choice":"Offered Uncommon","damage_taken":0,"max_hp_gain":0,"max_hp_loss":0,"event_name":"Bonfire Elementals","floor":7,"gold_loss":0},{"damage_healed":60,"gold_gain":0,"player_choice":"Upgrade","damage_taken":12,"max_hp_gain":0,"max_hp_loss":60,"event_name":"betterThird:BetterShining","floor":8,"gold_loss":0,"cards_upgraded":["theWildCard:BasicStrike","theWildCard:BasicStrike"]},{"damage_healed":0,"gold_gain":0,"player_choice":"Got Potions","damage_taken":0,"max_hp_gain":0,"max_hp_loss":0,"event_name":"Lab","floor":10,"gold_loss":0}],"is_beta":false,"boss_relics":[],"items_purged_floors":[],"is_endless":false,"potions_floor_spawned":[1,6,12],"killed_by":"Slime Boss","ascension_level":0}}