{"host":"wwo1kwxjf4eyz37q","time":1610357202,"event":{"mods":["AchievementEnabler","BaseMod","Colored Map","Minty Spire (QoL Compilation)","Quick Restart","SuperFastMode"],"gold_per_floor":[117,117,128,138,156,156,156,156,156,81,81,6,6,34,34,113,113,125,25,38,48,59,59,78,78,78,78,112,112,162,45,45,45,45],"floor_reached":33,"playtime":1023,"items_purged":["Strike_R","Clumsy"],"score":487,"play_id":"f9efa9d3-138e-41b8-b42e-d6b78ea5aa32","local_time":"20210111182642","is_ascension_mode":true,"campfire_choices":[{"data":"Inflame","floor":6.0,"key":"SMITH"},{"data":"Bash","floor":8.0,"key":"SMITH"},{"data":"Twin Strike","floor":11.0,"key":"SMITH"},{"data":"Shrug It Off","floor":15.0,"key":"SMITH"},{"data":"Heavy Blade","floor":23.0,"key":"SMITH"},{"data":"Demon Form","floor":25.0,"key":"SMITH"},{"data":"Pommel Strike","floor":32.0,"key":"SMITH"}],"circlet_count":0,"master_deck":["AscendersBane","Strike_R","Strike_R","Strike_R","Defend_R","Defend_R","Defend_R","Defend_R","Bash+1","Shrug It Off+1","Inflame+1","Twin Strike+1","Demon Form+1","Uppercut+1","Heavy Blade+1","Twin Strike","Reaper","Shrug It Off","Flex+1","Cleave","Pommel Strike+1"],"relics":["Burning Blood","TungstenRod","FaceOfCleric","FossilizedHelix","Bird Faced Urn","Philosopher\u0027s Stone","Bottled Flame","Art of War"],"acts_visited":["Exordium","TheCity"],"potions_floor_usage":[],"damage_taken":[{"damage":12.0,"enemies":"Jaw Worm","floor":1.0,"turns":4.0},{"damage":10.0,"enemies":"Cultist","floor":3.0,"turns":4.0},{"damage":7.0,"enemies":"2 Louse","floor":4.0,"turns":3.0},{"damage":18.0,"enemies":"Blue Slaver","floor":5.0,"turns":4.0},{"damage":22.0,"enemies":"3 Sentries","floor":14.0,"turns":7.0},{"damage":31.0,"enemies":"The Guardian","floor":16.0,"turns":11.0},{"damage":27.0,"enemies":"Chosen","floor":18.0,"turns":4.0},{"damage":26.0,"enemies":"3 Byrds","floor":20.0,"turns":5.0},{"damage":3.0,"enemies":"Snecko","floor":21.0,"turns":5.0},{"damage":15.0,"enemies":"Shelled Parasite and Fungi","floor":22.0,"turns":4.0},{"damage":36.0,"enemies":"Sentry and Sphere","floor":24.0,"turns":6.0},{"damage":34.0,"enemies":"Book of Stabbing","floor":28.0,"turns":5.0},{"damage":68,"enemies":"Collector","floor":33,"turns":6}],"seed_played":"-8541746085904167724","potions_obtained":[{"floor":1.0,"key":"BloodPotion"},{"floor":21.0,"key":"LiquidBronze"},{"floor":24.0,"key":"BloodPotion"}],"is_trial":false,"path_per_floor":["M","?","M","M","M","R","?","R","T","?","R","$","?","E","R","B",null,"M","$","M","M","M","R","M","R","T","?","E","?","?","$","R","B"],"character_chosen":"IRONCLAD","items_purchased":["Cleave","Pommel Strike"],"campfire_rested":0,"item_purchase_floors":[31,31],"current_hp_per_floor":[62,62,59,59,48,48,48,48,48,48,48,48,74,59,59,37,69,69,69,54,62,58,58,56,56,56,56,52,52,52,52,52,0,0],"gold":45,"neow_bonus":"ONE_RARE_RELIC","is_daily":false,"chose_seed":false,"campfire_upgraded":7,"win_rate":0.0,"timestamp":1610357202,"path_taken":["M","?","M","?","M","R","?","R","T","?","R","$","?","E","R","BOSS","M","$","M","M","M","R","M","R","T","?","E","?","?","$","R","BOSS"],"items_purchased_type":["Card","Card"],"build_version":"2020-12-22","purchased_purges":2,"victory":false,"max_hp_per_floor":[75,75,76,77,78,78,78,78,78,78,78,78,78,79,79,80,80,81,81,82,83,84,84,85,85,85,85,86,86,86,86,86,86,86],"card_choices":[{"not_picked":["Hemokinesis","Clothesline","Heavy Blade"],"picked":"SKIP","floor":1.0},{"not_picked":["Body Slam","Sever Soul"],"picked":"Shrug It Off","floor":3.0},{"not_picked":["Shrug It Off","Armaments"],"picked":"Inflame","floor":4.0},{"not_picked":["Reckless Charge","Entrench"],"picked":"Twin Strike","floor":5.0},{"not_picked":["Barricade","Wild Strike","Infernal Blade"],"picked":"SKIP","floor":14.0},{"not_picked":["Fiend Fire","Offering"],"picked":"Demon Form","floor":16.0},{"not_picked":["Clash","Rampage"],"picked":"Uppercut+1","floor":18.0},{"not_picked":["Entrench+1","Perfected Strike"],"picked":"Heavy Blade","floor":20.0},{"not_picked":["Burning Pact","Iron Wave"],"picked":"Twin Strike","floor":21.0},{"not_picked":["Anger","Infernal Blade"],"picked":"Reaper","floor":22.0},{"not_picked":["Pommel Strike","Feel No Pain"],"picked":"Shrug It Off","floor":24.0},{"not_picked":["Clash","Fire Breathing"],"picked":"Flex+1","floor":28.0}],"player_experience":220334,"relics_obtained":[{"floor":9.0,"key":"FossilizedHelix"},{"floor":14.0,"key":"Bird Faced Urn"},{"floor":26.0,"key":"Bottled Flame"},{"floor":28.0,"key":"Art of War"}],"event_choices":[{"damage_healed":0.0,"max_hp_gain":0.0,"max_hp_loss":0.0,"gold_gain":0.0,"event_name":"FaceTrader","player_choice":"Trade","floor":2.0,"gold_loss":0.0,"damage_taken":0.0,"relics_obtained":["FaceOfCleric"]},{"damage_healed":0.0,"max_hp_gain":0.0,"max_hp_loss":0.0,"gold_gain":0.0,"event_name":"Shining Light","player_choice":"Ignored","floor":7.0,"gold_loss":0.0,"damage_taken":0.0},{"cards_removed":["Strike_R"],"damage_healed":0.0,"max_hp_gain":0.0,"max_hp_loss":0.0,"gold_gain":0.0,"event_name":"The Cleric","player_choice":"Card Removal","floor":10.0,"gold_loss":75.0,"damage_taken":0.0},{"damage_healed":26.0,"max_hp_gain":0.0,"max_hp_loss":0.0,"gold_gain":0.0,"event_name":"Big Fish","player_choice":"Banana","floor":13.0,"gold_loss":0.0,"damage_taken":0.0},{"damage_healed":0.0,"max_hp_gain":0.0,"max_hp_loss":0.0,"gold_gain":0.0,"event_name":"Vampires","player_choice":"Ignored","floor":27.0,"gold_loss":0.0,"damage_taken":0.0},{"damage_healed":0.0,"max_hp_gain":0.0,"max_hp_loss":0.0,"gold_gain":100.0,"event_name":"The Joust","player_choice":"Bet on Murderer","floor":30.0,"gold_loss":50.0,"damage_taken":0.0}],"is_beta":false,"boss_relics":[{"not_picked":["Empty Cage","Astrolabe"],"picked":"Philosopher\u0027s Stone"}],"items_purged_floors":[12,19],"is_endless":false,"potions_floor_spawned":[1,21,24],"killed_by":"Collector","ascension_level":17}}