{"host":"tex07afuu0haibi3","time":1610387816,"event":{"mods":["AchievementEnabler","BaseMod","Colored Powertips","Downfall","Hubris","Hunter ??","Infinite Spire","Marisa????????","Minty Spire (QoL Compilation)","Quick Restart","READ ME - Guardian Mod","Replay The Spire","StSLib","The Construct","The Cursed","The Disciple","The Elementalist","The Mystic","The Necromancer","The Runesmith","The Servant 0.9.4"],"gold_per_floor":[192,204,204,222,234,60,60,60,70,80,98,98,98,98,98,125,136,233,233,83,93,27,27,27,40,40,58,71,71,86,114,114,124,124,124,124],"floor_reached":34,"playtime":2949,"items_purged":[],"score":301,"play_id":"dbee22e4-1ff4-4731-9bd2-90c3ae9a59a2","local_time":"20210111175656","is_ascension_mode":false,"campfire_choices":[{"floor":8,"key":"RECALL"},{"data":"Guardian:SpikerProtocol","floor":20,"key":"SMITH"},{"floor":29,"key":"REST"}],"circlet_count":0,"master_deck":["Guardian:Defend_Guardian","Guardian:Defend_Guardian","Guardian:Defend_Guardian","Guardian:Defend_Guardian","Guardian:CurlUp","Guardian:TwinSlam","Guardian:ChargeCore","Guardian:TemporalStrike","Guardian:PiercingHide","Guardian:SpikerProtocol+1","Guardian:PolyBeam","Guardian:RollAttack","Guardian:PiercingHide","Guardian:VentSteam","Guardian:FierceBash","Guardian:StasisField","Guardian:WalkerClaw","Guardian:StasisField","CurseOfTheBell","Guardian:RefractedBeam+1","Guardian:RollAttack","Guardian:EvasiveProtocol","Bite","Bite","Bite","Bite","Bite","Guardian:PrismaticBarrier","Guardian:EvasiveProtocol","Guardian:BronzeArmor","Guardian:Gem_Lightblue","Guardian:Gem_Green"],"relics":["Guardian:ModeShifter","infinitespire:Lucky Rock","Calling Bell","Art of War","infinitespire:Bottled Soul","Replay:PocketPolymizer","downfall:HeartBlessingBlue","downfall:HeartBlessingRed","hubris:Reverence","infinitespire:Broken Mirror","Shuriken"],"acts_visited":["Exordium","TheCity"],"potions_floor_usage":[22],"damage_taken":[{"damage":4,"enemies":"Jaw Worm","floor":2,"turns":4},{"damage":3,"enemies":"Cultist","floor":4,"turns":4},{"damage":0,"enemies":"2 Louse","floor":5,"turns":2},{"damage":2,"enemies":"downfall:FleeingMerchant","floor":6,"turns":4},{"damage":3,"enemies":"Lots of Slimes","floor":9,"turns":4},{"damage":17,"enemies":"Exordium Wildlife","floor":10,"turns":3},{"damage":6,"enemies":"Large Slime","floor":11,"turns":5},{"damage":22,"enemies":"Lagavulin","floor":16,"turns":6},{"damage":6,"enemies":"3 Louse","floor":17,"turns":2},{"damage":18,"enemies":"downfall:Watcher","floor":18,"turns":10},{"damage":13,"enemies":"Spheric Guardian","floor":21,"turns":5},{"damage":11,"enemies":"downfall:FleeingMerchant","floor":22,"turns":4},{"damage":19,"enemies":"Cultist and Chosen","floor":25,"turns":6},{"damage":15,"enemies":"Snecko","floor":27,"turns":5},{"damage":18,"enemies":"Snake Plant","floor":28,"turns":4},{"damage":24,"enemies":"Shelled Parasite and Fungi","floor":30,"turns":8},{"damage":44,"enemies":"Nightmare","floor":31,"turns":15},{"damage":1,"enemies":"Sentry and Sphere","floor":33,"turns":3},{"damage":17,"enemies":"Snecko","floor":34,"turns":4}],"seed_played":"3294566024447742626","potions_obtained":[{"floor":4,"key":"DistilledChaos"},{"floor":11,"key":"champ:CounterPotion"},{"floor":16,"key":"champ:CounterPotion"},{"floor":21,"key":"Guardian:DefensiveModePotion"}],"is_trial":false,"path_per_floor":["R","M","?","M","M","$","T","R","M","M","M","?","PTL","PTL","?","E","M","B",null,"R","M","$","?","?","M","T","M","M","R","M","NM","AVR","M","M"],"character_chosen":"GUARDIAN","items_purchased":["Guardian:SpikerProtocol","Guardian:PolyBeam","Guardian:RollAttack"],"campfire_rested":1,"item_purchase_floors":[6,6,22],"current_hp_per_floor":[88,84,84,81,81,79,79,79,76,59,53,53,53,53,53,31,25,7,88,98,85,74,74,68,57,57,46,32,52,38,12,12,13,0,0,0],"gold":124,"neow_bonus":"TEN_PERCENT_HP_BONUS","is_daily":false,"chose_seed":false,"campfire_upgraded":1,"win_rate":0.0,"timestamp":1610387816,"path_taken":["R","M","?","M","?","$","T","R","M","M","M","?","PTL","PTL","?","E","M","BOSS","R","M","?","?","?","M","T","M","M","R","M","NM","AVR","M","M"],"items_purchased_type":["Card","Card","Card"],"build_version":"2020-12-22","purchased_purges":0,"victory":false,"max_hp_per_floor":[88,88,88,88,88,88,88,88,88,88,88,88,88,88,88,88,88,88,88,98,98,98,98,68,68,68,68,68,68,68,68,68,68,68,68,68],"card_choices":[{"not_picked":["Guardian:MultiBeam","Guardian:VentSteam"],"picked":"Guardian:ChargeCore","floor":2},{"not_picked":["Guardian:Repulse","Guardian:Reroute"],"picked":"Guardian:TemporalStrike","floor":4},{"not_picked":["Guardian:Planning","Guardian:TemporalShield"],"picked":"Guardian:Gem_Cyan","floor":5},{"not_picked":["Guardian:Gem_Lightblue","Guardian:Gem_Fragmented"],"picked":"Guardian:PiercingHide","floor":6},{"not_picked":["Guardian:Suspension","Guardian:StasisField"],"picked":"Guardian:RollAttack","floor":9},{"not_picked":["Guardian:VentSteam","Guardian:ChargeCore"],"picked":"Guardian:PiercingHide","floor":10},{"not_picked":["Guardian:Gem_Red","Guardian:Gem_Crimson"],"picked":"Guardian:VentSteam","floor":11},{"not_picked":["Guardian:PolyBeam","Guardian:SpikerProtocol"],"picked":"Guardian:StasisField","floor":16},{"not_picked":["Guardian:EvasiveProtocol","Guardian:Gem_Red"],"picked":"Guardian:WalkerClaw","floor":17},{"not_picked":["Guardian:BaubleBeam","Guardian:ConstructionForm"],"picked":"Guardian:StasisField","floor":18},{"not_picked":["Guardian:Gem_Crimson","Guardian:SentryBeam+1"],"picked":"Guardian:RefractedBeam+1","floor":21},{"not_picked":["Guardian:Incinerate+1","Guardian:PolyBeam"],"picked":"Guardian:Gem_Blue","floor":22},{"not_picked":["Guardian:VentSteam","Guardian:PrimingBeam"],"picked":"Guardian:Reroute","floor":25},{"not_picked":["Guardian:Recover","Guardian:Gem_Red"],"picked":"Guardian:Gem_White","floor":27},{"not_picked":["Guardian:VentSteam","Guardian:WalkerClaw"],"picked":"Guardian:PrismaticBarrier","floor":28},{"not_picked":["Guardian:GuardianWhirl","Guardian:RevengeProtocol"],"picked":"Guardian:BronzeArmor","floor":30},{"not_picked":["Guardian:VentSteam+1","Guardian:Suspension"],"picked":"Guardian:Gem_Lightblue","floor":31},{"not_picked":["Guardian:Reroute","Guardian:ChargeCore"],"picked":"Guardian:Gem_Green","floor":33}],"player_experience":73839,"relics_obtained":[{"floor":16,"key":"infinitespire:Lucky Rock"},{"floor":19,"key":"Art of War"},{"floor":19,"key":"infinitespire:Bottled Soul"},{"floor":19,"key":"Replay:PocketPolymizer"},{"floor":26,"key":"hubris:Reverence"},{"floor":31,"key":"infinitespire:Broken Mirror"}],"event_choices":[{"damage_healed":0,"gold_gain":0,"player_choice":"Became a vampire","damage_taken":0,"max_hp_gain":0,"max_hp_loss":30,"event_name":"Vampires","floor":24,"gold_loss":0,"cards_obtained":["Bite","Bite","Bite","Bite","Bite"]}],"is_beta":false,"boss_relics":[{"not_picked":["Replay:Drink Me","hubris:ScarierMask"],"picked":"Calling Bell"}],"items_purged_floors":[],"is_endless":true,"potions_floor_spawned":[4,11,16,17,18,21,25,28],"killed_by":"Snecko","ascension_level":0}}