{"host":"ayh4nqhr0ddw4ozv","time":1610347412,"event":{"mods":["BaseMod","Minty Spire (QoL Compilation)","Relic Stats","Replay The Spire","Robot Space Explorer","StSLib"],"gold_per_floor":[116,136,151,151,22,22,34,61,86,86,101,128,128,159,159,233,233,247,266,276,290,308,308,34,54,108,108,142,158,176,208,208,286,286,305,305,319,333,333,363,363,397,397,397,397,397,424,435,435,435,435,435,27,53,53],"floor_reached":56,"playtime":4685,"items_purged":["RobotSpaceExplorer:Defend","RobotSpaceExplorer:Strike"],"score":1958,"play_id":"a96a7862-0f63-4166-9715-e0f86b80da7b","local_time":"20210110224332","is_ascension_mode":true,"campfire_choices":[{"floor":6,"key":"REST"},{"floor":10,"key":"REST"},{"floor":15,"key":"REST"},{"floor":23,"key":"REST"},{"floor":32,"key":"REST"},{"floor":41,"key":"REST"},{"floor":44,"key":"REST"},{"floor":46,"key":"REST"},{"floor":49,"key":"RECALL"},{"floor":52,"key":"REST"}],"circlet_count":0,"master_deck":["AscendersBane","RobotSpaceExplorer:Defend+1","RobotSpaceExplorer:Scan+1","RobotSpaceExplorer:MiniLasers+1","RobotSpaceExplorer:StarLightning+1","RobotSpaceExplorer:PlasmaMissile","RobotSpaceExplorer:JunkDive+1","RobotSpaceExplorer:FreezingShield+1","RobotSpaceExplorer:Jetpack+1","RobotSpaceExplorer:GlueSpray+1","RobotSpaceExplorer:FranticSearch+1","RobotSpaceExplorer:IronShell","RobotSpaceExplorer:Fix+1","RobotSpaceExplorer:Comet","RobotSpaceExplorer:Multitool+1","RobotSpaceExplorer:Jetpack+1","Thinking Ahead","Replay:Sssssssssshield","RobotSpaceExplorer:StunGrenade+1","RobotSpaceExplorer:LuckyStrike+1","RobotSpaceExplorer:StarLightning+1","RobotSpaceExplorer:JunkDive","RobotSpaceExplorer:JunkDive"],"relics":["Fusion Hammer","Omamori","Ancient Tea Set","Pet Ghost","Gremlin Food","Replay:Grab Bag","Philosopher\u0027s Stone","Cursed Key","Empty Cage","Kunai","War Paint","Torii","Durian","Ring of Chaos","Bird Faced Urn","Replay:Bottled Eggs","ReplayFunnel","RobotSpaceExplorer:SlideRule","Art of War"],"acts_visited":["Exordium","TheCity","TheBeyond","TheEnding"],"potions_floor_usage":[8,11,21,33,37,42,50,50,54,55,55],"damage_taken":[{"damage":0,"enemies":"Jaw Worm","floor":1,"turns":4},{"damage":0,"enemies":"Cultist","floor":2,"turns":4},{"damage":0,"enemies":"2 Louse","floor":3,"turns":3},{"damage":3,"enemies":"Blue Slaver","floor":7,"turns":3},{"damage":24,"enemies":"Gremlin Nob","floor":8,"turns":4},{"damage":0,"enemies":"Exordium Thugs","floor":11,"turns":3},{"damage":17,"enemies":"Lagavulin","floor":12,"turns":8},{"damage":33,"enemies":"3 Sentries","floor":14,"turns":10},{"damage":2,"enemies":"The Guardian","floor":16,"turns":15},{"damage":5,"enemies":"Spheric Guardian","floor":18,"turns":4},{"damage":1,"enemies":"2 Thieves","floor":19,"turns":5},{"damage":0,"enemies":"Centurion and Healer","floor":20,"turns":8},{"damage":8,"enemies":"Snake Plant","floor":21,"turns":7},{"damage":12,"enemies":"3 Cultists","floor":22,"turns":6},{"damage":0,"enemies":"Shelled Parasite and Fungi","floor":25,"turns":6},{"damage":15,"enemies":"Gremlin Leader","floor":28,"turns":6},{"damage":0,"enemies":"Snecko","floor":29,"turns":4},{"damage":1,"enemies":"Chosen and Byrds","floor":30,"turns":5},{"damage":0,"enemies":"Replay:Snechameleon","floor":31,"turns":5},{"damage":0,"enemies":"Collector","floor":33,"turns":9},{"damage":10,"enemies":"Orb Walker","floor":35,"turns":4},{"damage":0,"enemies":"3 Darklings","floor":37,"turns":6},{"damage":0,"enemies":"Spire Growth","floor":38,"turns":7},{"damage":0,"enemies":"R_Hoarder","floor":40,"turns":12},{"damage":9,"enemies":"Reptomancer","floor":42,"turns":11},{"damage":0,"enemies":"R_Hoarder","floor":47,"turns":9},{"damage":0,"enemies":"Maw","floor":48,"turns":7},{"damage":1,"enemies":"Replay:Hell Engine","floor":50,"turns":17},{"damage":53,"enemies":"Shield and Spear","floor":54,"turns":11},{"damage":14,"enemies":"The Heart","floor":55,"turns":13}],"seed_played":"6947875367197943504","potions_obtained":[{"floor":3,"key":"Fire Potion"},{"floor":12,"key":"Block Potion"},{"floor":18,"key":"RobotSpaceExplorer:PlasmaFlask"},{"floor":28,"key":"Energy Potion"},{"floor":35,"key":"RobotSpaceExplorer:RecyclePotion"},{"floor":37,"key":"SneckoOil"},{"floor":42,"key":"Weak Potion"},{"floor":47,"key":"Swift Potion"},{"floor":54,"key":"Swift Potion"}],"is_trial":false,"path_per_floor":["M","M","M","?","$","R","M","E","T","R","M","E","?","E","R","B",null,"M","M","M","M","M","R","$","M","T","?","E","M","M","E","R","B",null,"M","?","M","M","?","E","R","E","T","R","?","R","E","M","R","B",null,"R","$","E","B",null],"character_chosen":"RobotSpaceExplorer","items_purchased":["Weak Potion","Kunai","RobotSpaceExplorer:RecyclePotion","LifebloodPotion","RobotSpaceExplorer:SlideRule"],"campfire_rested":9,"item_purchase_floors":[5,24,53,53,53],"current_hp_per_floor":[64,64,64,64,64,71,68,44,44,65,65,48,41,8,29,27,60,55,54,54,46,34,55,55,55,55,55,40,40,39,48,70,74,76,70,65,71,75,75,76,76,67,67,76,72,72,72,72,72,72,72,72,72,21,15],"gold":53,"neow_bonus":"BOSS_RELIC","is_daily":false,"chose_seed":false,"campfire_upgraded":0,"win_rate":0.0,"timestamp":1610347412,"path_taken":["M","M","M","?","$","R","M","E","T","R","?","E","?","E","R","BOSS","M","M","M","M","M","R","$","M","T","?","E","M","M","E","R","BOSS","M","?","M","M","?","E","R","E","T","R","?","R","E","M","R","BOSS","R","$","E","BOSS"],"items_purchased_type":["Potion","Relic","Potion","Potion","Relic"],"build_version":"2020-12-22","purchased_purges":2,"victory":true,"max_hp_per_floor":[71,71,71,71,71,71,71,71,71,71,71,71,71,71,71,71,71,71,71,71,71,71,71,71,71,71,71,71,71,71,76,76,76,76,76,76,76,76,76,76,76,76,76,76,72,72,72,72,72,72,72,72,72,72,72],"relic_stats":{"Torii":14,"counters":[30,216],"Bird Faced Urn":[5],"Art of War":[0],"Kunai":[70],"War Paint":["RobotSpaceExplorer:GlueSpray","RobotSpaceExplorer:Defend"],"Cursed Key":2,"obtain_stats":[{"Gremlin Food":14,"ReplayFunnel":47,"RobotSpaceExplorer:SlideRule":53,"Torii":28,"Replay:Grab Bag":17,"RobotSpaceExplorer:RoboCore":0,"Ring of Chaos":34,"Omamori":8,"War Paint":26,"Ancient Tea Set":9,"Cursed Key":17,"Empty Cage":17,"Pet Ghost":12,"Bird Faced Urn":40,"Philosopher\u0027s Stone":17,"Fusion Hammer":0,"Durian":31,"Art of War":54,"Kunai":24,"Replay:Bottled Eggs":42},{"Gremlin Food":8,"ReplayFunnel":26,"RobotSpaceExplorer:SlideRule":28,"Torii":16,"Replay:Grab Bag":9,"RobotSpaceExplorer:RoboCore":0,"Ring of Chaos":20,"Omamori":5,"War Paint":15,"Ancient Tea Set":5,"Cursed Key":9,"Empty Cage":9,"Pet Ghost":7,"Bird Faced Urn":24,"Philosopher\u0027s Stone":9,"Fusion Hammer":0,"Durian":19,"Art of War":29,"Kunai":14,"Replay:Bottled Eggs":25},{"Gremlin Food":39,"ReplayFunnel":168,"RobotSpaceExplorer:SlideRule":192,"Torii":96,"Replay:Grab Bag":54,"RobotSpaceExplorer:RoboCore":0,"Ring of Chaos":119,"Omamori":18,"War Paint":90,"Ancient Tea Set":18,"Cursed Key":54,"Empty Cage":54,"Pet Ghost":29,"Bird Faced Urn":148,"Philosopher\u0027s Stone":54,"Fusion Hammer":0,"Durian":110,"Art of War":203,"Kunai":84,"Replay:Bottled Eggs":159}]},"card_choices":[{"not_picked":["RobotSpaceExplorer:Pulsar","RobotSpaceExplorer:StunGrenade"],"picked":"RobotSpaceExplorer:StarLightning","floor":1},{"not_picked":["RobotSpaceExplorer:SurgingStrike","RobotSpaceExplorer:FranticSearch"],"picked":"RobotSpaceExplorer:PlasmaMissile","floor":2},{"not_picked":["RobotSpaceExplorer:Probe","RobotSpaceExplorer:Calculate"],"picked":"RobotSpaceExplorer:JunkDive","floor":3},{"not_picked":["RobotSpaceExplorer:Counterblock","RobotSpaceExplorer:GlueShot","RobotSpaceExplorer:MakeshiftVolley"],"picked":"SKIP","floor":7},{"not_picked":["RobotSpaceExplorer:PowerCollector","RobotSpaceExplorer:Wormhole"],"picked":"RobotSpaceExplorer:FreezingShield","floor":8},{"not_picked":["RobotSpaceExplorer:Counterblock","RobotSpaceExplorer:Ammunition","RobotSpaceExplorer:ImprovisedAttack"],"picked":"SKIP","floor":11},{"not_picked":["RobotSpaceExplorer:Discharger","RobotSpaceExplorer:DoubleFind","RobotSpaceExplorer:SurgingStrike"],"picked":"SKIP","floor":12},{"not_picked":["RobotSpaceExplorer:FranticSearch","RobotSpaceExplorer:StarDust"],"picked":"RobotSpaceExplorer:Jetpack","floor":14},{"not_picked":["RobotSpaceExplorer:Exploration","RobotSpaceExplorer:BlastShield"],"picked":"RobotSpaceExplorer:Wormhole","floor":16},{"not_picked":["RobotSpaceExplorer:LaserBurst","RobotSpaceExplorer:SurgingStrike"],"picked":"RobotSpaceExplorer:GlueSpray","floor":18},{"not_picked":["RobotSpaceExplorer:GlueShot+1","RobotSpaceExplorer:Probe"],"picked":"RobotSpaceExplorer:FranticSearch+1","floor":19},{"not_picked":["RobotSpaceExplorer:ShockKick","RobotSpaceExplorer:GlueShot"],"picked":"RobotSpaceExplorer:Reload","floor":20},{"not_picked":["RobotSpaceExplorer:StunGrenade","RobotSpaceExplorer:SelfCleaning"],"picked":"RobotSpaceExplorer:IronShell","floor":21},{"not_picked":["RobotSpaceExplorer:ShovelStrike","RobotSpaceExplorer:MiniDrones","RobotSpaceExplorer:SurgingStrike"],"picked":"SKIP","floor":22},{"not_picked":["RobotSpaceExplorer:Reload","RobotSpaceExplorer:PlasmaMissile","RobotSpaceExplorer:ShockKick"],"picked":"SKIP","floor":25},{"not_picked":["RobotSpaceExplorer:TurboDodge","RobotSpaceExplorer:StunGrenade","RobotSpaceExplorer:FreezingShield"],"picked":"SKIP","floor":28},{"not_picked":["RobotSpaceExplorer:Probe","RobotSpaceExplorer:Ammunition","RobotSpaceExplorer:MiniDrones+1"],"picked":"SKIP","floor":29},{"not_picked":["RobotSpaceExplorer:SurgingShield","RobotSpaceExplorer:SlimeMissile"],"picked":"RobotSpaceExplorer:Fix","floor":30},{"not_picked":["RobotSpaceExplorer:SwiftStep","RobotSpaceExplorer:SurgingShield"],"picked":"RobotSpaceExplorer:Comet","floor":31},{"not_picked":["RobotSpaceExplorer:ShockMissile","RobotSpaceExplorer:Exploration"],"picked":"RobotSpaceExplorer:Multitool","floor":33},{"not_picked":["RobotSpaceExplorer:FranticSearch+1","RobotSpaceExplorer:Electropulse"],"picked":"RobotSpaceExplorer:Jetpack","floor":35},{"not_picked":["PanicButton","Discovery"],"picked":"Thinking Ahead","floor":36},{"not_picked":["Swift Strike","ReplayTheSpireMod:Brewmster"],"picked":"Replay:Sssssssssshield","floor":36},{"not_picked":["RobotSpaceExplorer:DualCore","RobotSpaceExplorer:Discharger","RobotSpaceExplorer:Fix"],"picked":"SKIP","floor":37},{"not_picked":["RobotSpaceExplorer:Probe","RobotSpaceExplorer:ImprovisedAttack+1"],"picked":"RobotSpaceExplorer:StunGrenade+1","floor":38},{"not_picked":["RobotSpaceExplorer:ScrapShield","RobotSpaceExplorer:FrostMissile"],"picked":"RobotSpaceExplorer:LuckyStrike+1","floor":40},{"not_picked":["RobotSpaceExplorer:ScrapMissile","RobotSpaceExplorer:RigExplosive"],"picked":"RobotSpaceExplorer:StarLightning+1","floor":42},{"not_picked":["RobotSpaceExplorer:Pulsar","RobotSpaceExplorer:Jetpack"],"picked":"RobotSpaceExplorer:JunkDive","floor":47},{"not_picked":["RobotSpaceExplorer:SlimeMissile","RobotSpaceExplorer:GlueShot+1","RobotSpaceExplorer:Pulsar"],"picked":"SKIP","floor":48},{"not_picked":["RobotSpaceExplorer:Autoloader","RobotSpaceExplorer:TurboDodge"],"picked":"RobotSpaceExplorer:JunkDive","floor":54}],"player_experience":325431,"relics_obtained":[{"floor":8,"key":"Omamori"},{"floor":9,"key":"Ancient Tea Set"},{"floor":12,"key":"Pet Ghost"},{"floor":14,"key":"Gremlin Food"},{"floor":26,"key":"War Paint"},{"floor":28,"key":"Torii"},{"floor":31,"key":"Durian"},{"floor":40,"key":"Bird Faced Urn"},{"floor":42,"key":"Replay:Bottled Eggs"},{"floor":47,"key":"ReplayFunnel"},{"floor":54,"key":"Art of War"}],"event_choices":[{"cards_removed":["RobotSpaceExplorer:Strike"],"damage_healed":0,"gold_gain":0,"player_choice":"Purged","damage_taken":0,"max_hp_gain":0,"max_hp_loss":0,"event_name":"Purifier","floor":4,"gold_loss":0},{"cards_removed":["RobotSpaceExplorer:Strike"],"damage_healed":0,"gold_gain":0,"player_choice":"Card Removal","damage_taken":7,"max_hp_gain":0,"max_hp_loss":0,"event_name":"Golden Wing","floor":13,"gold_loss":0},{"damage_healed":0,"gold_gain":0,"player_choice":"Upgraded","damage_taken":0,"max_hp_gain":0,"max_hp_loss":0,"event_name":"Upgrade Shrine","floor":27,"gold_loss":0,"cards_upgraded":["RobotSpaceExplorer:StarLightning"]},{"damage_healed":0,"gold_gain":0,"player_choice":"Memory 2","damage_taken":5,"max_hp_gain":0,"max_hp_loss":0,"event_name":"SensoryStone","floor":36,"gold_loss":0},{"cards_removed":["RobotSpaceExplorer:Reload"],"damage_healed":0,"gold_gain":0,"player_choice":"Removed Skill","damage_taken":0,"max_hp_gain":0,"max_hp_loss":0,"event_name":"Falling","floor":39,"gold_loss":0},{"damage_healed":0,"gold_gain":0,"player_choice":"Max HP","damage_taken":0,"max_hp_gain":0,"max_hp_loss":4,"event_name":"Winding Halls","floor":45,"gold_loss":0}],"is_beta":false,"boss_relics":[{"not_picked":["Velvet Choker","Runic Dome"],"picked":"Replay:Grab Bag"},{"not_picked":["Replay:Bronze Core","Replay:Wanted Poster"],"picked":"Philosopher\u0027s Stone"},{"not_picked":["Ectoplasm","Sozu"],"picked":"Cursed Key"},{"not_picked":["Calling Bell","Snecko Heart"],"picked":"Empty Cage"},{"not_picked":["SacredBark","Snecko Eye"],"picked":"Ring of Chaos"}],"items_purged_floors":[5,53],"is_endless":false,"potions_floor_spawned":[3,7,12,18,19,20,28,31,35,37,42,47,54],"ascension_level":18}}