{"host":"avq773cl9g5msfol","time":1610357467,"event":{"mods":["100% Spire Juice","AchievementEnabler","Act Like it!","Ascension Unlocker","Aspiration","Astrologer","Bard","Bartender","BaseMod","Better Altar","Better Third Choice","BetterRewards","CapriCore","ChefMod","Colored Map","Colored Powertips","Conspire","Dio Mod","Downfall","Elementarium","Energized Spire","Gensokyo","GifTheSpireLib","GungeonMod","Hallownest","Hermit","Highlight Path","Hubris","Humility","Infinite Spire","Jorbs\u0027s Wanderer Trilogy","Koishi","Magitek Elite","Marisa????????","Marked Mod","Menagerie","Minty Spire (QoL Compilation)","Pale of the Ancients","Potionbrewer","Quarter Circle Forward PUNCH!","Rare Cards Sparkle","Reimu??????","Relic Stats","Remilia??????","Replay The Spire","SacredBarkPlus","Shade Mod","Somnambulant","Spicy Shops","StSLib","Synergy Search","The Administrix","The Blue Laboratory","The Bug Knight","The Construct","The Cursed","The Disciple","The Dragon Tamer","The Exalted","The Hayseed","The Hierophant","The Immortal","The Judge","The Marked","The Mystic","The Problem Sleuth","The Runesmith","The Senshi","The Vixen","The Wild Card","TheArtist","TheFirefly","Wandering Minibosses","vexMod"],"gold_per_floor":[115,40,40,40,56,84,84,111,190,215,215,231,231,246,246,322,322,335,335,352,352,352,381,381,381,432,458,468,502,525,536,536,611,611,623,623,623,648,648,680,680,692,692,702,702,702,702,734,734,734,734],"floor_reached":52,"playtime":4100,"items_purged":["Replay:Anticipation+1","LikeWater+1","BattleHymn+1"],"score":3285,"play_id":"62e30bcd-8a17-4de3-9af9-08b1410f5856","local_time":"20210111163107","is_ascension_mode":true,"campfire_choices":[{"data":"Eruption","floor":11.0,"key":"SMITH"},{"data":"Fasting2","floor":15.0,"key":"SMITH"},{"data":"CrushJoints","floor":25,"key":"SMITH"},{"data":"dioMod:Minions","floor":32,"key":"SMITH"},{"data":"dioMod:HeavyLifting","floor":41,"key":"SMITH"},{"data":"dioMod:MudaMudaMuda","floor":45,"key":"SMITH"},{"data":"MarkedMod:GracefulMovements","floor":47,"key":"SMITH"},{"floor":49,"key":"REST"}],"circlet_count":0,"master_deck":["AscendersBane","Eruption+1","Vigilance","Replay:Vibes+1","Wallop+1","Vault+1","Tantrum+1","MarkedMod:FirstStrike+1","MarkedMod:GentlePulse+1","MentalFortress+1","MarkedMod:PinPointDefense+1","Replay:ManipulateFuture+1","Consecrate+1","Establishment+1","MarkedMod:OneThousandNeedles+1","MarkedMod:Acupuncture+1","DeusExMachina+1","expansioncontent:Collect+1","Omniscience+1","Protect+1","Hallownest:skillGreenpathMap","PathToVictory","Fasting2+1","SpiritShield+1","CrushJoints+1","Replay:LoomingThreat+1","dioMod:Minions+1","MarkedMod:SlowDance+1","MarkedMod:NorthStar+1","dioMod:HeavyLifting+1","Gensokyo:GreaterSplit","Doubt","dioMod:KonoDioDa+1","dioMod:MudaMudaMuda+1","MarkedMod:GracefulMovements+1","infinitespire:SevenWalls","TalkToTheHand+1"],"relics":["PureWater","Golden Egg","Quantum Egg","Bromod:ArcaneTrickery","DemoMod:PinkGuonStone","DemoMod:OrangeGuonStone","Juzu Bracelet","conspire:GlowingRock","Replay:Towering Pillar of Hats","hubris:CrystalStatue","Anchor","OrangePellets","Yang","hubris:Towel","DemoMod:GlassGuonStoneRelic","Hallownest:DreamNailRelic","infinitespire:WardingShard","infinitespire:ShieldingShard","Bronze Scales","construct:ClawGrip","wanderingMiniBosses:Inkheart","Elementarium:FlickeringLantern","Ginger","Bromod:ArcaneTempo","Guardian:PocketSentry","hubris:DisguiseKit","Replay:Baseball","infinitespire:Satchel","Elementarium:ElementariumTrophy","Runesmith:UraniumAnvil","aspiration:TomeofQuesting","ReplayTheSpireMod:Lightbulb","infinitespire:EmpoweringShard","Calipers","hubris:KleinBottle","Bottled Lightning"],"acts_visited":["Hallownest:Greenpath","Elementarium:Elementarium","Gensokyo:Gensokyoest"],"potions_floor_usage":[23,40,40,51],"damage_taken":[{"damage":0.0,"enemies":"Hallownest:monsterHuskGuard","floor":1.0,"turns":3.0},{"damage":0.0,"enemies":"Hallownest:monsterHuskWarrior","floor":5.0,"turns":2.0},{"damage":0.0,"enemies":"Hallownest:eliteCrystalGuardian","floor":6.0,"turns":3.0},{"damage":0.0,"enemies":"Hallownest:eliteMossKnight","floor":8.0,"turns":5.0},{"damage":0.0,"enemies":"Hallownest:eliteVengeflyKing","floor":10.0,"turns":4.0},{"damage":0.0,"enemies":"Hallownest:2_MossCreeps","floor":12.0,"turns":4.0},{"damage":0.0,"enemies":"Hallownest:Guard_and_Warrior","floor":14.0,"turns":4.0},{"damage":0,"enemies":"Hallownest:BossBrokenVessel","floor":16,"turns":5},{"damage":0,"enemies":"Elementarium:VoidCorruption","floor":18,"turns":4},{"damage":0,"enemies":"Elementarium:2_ELEMENTALS","floor":20,"turns":5},{"damage":0,"enemies":"Elementarium:FIRE_NOBILITY","floor":23,"turns":3},{"damage":0,"enemies":"Elementarium:ElementalPortal","floor":27,"turns":4},{"damage":0,"enemies":"Elementarium:RubyGolem","floor":28,"turns":3},{"damage":0,"enemies":"Elementarium:FIRE_NOBILITY","floor":29,"turns":3},{"damage":0,"enemies":"Elementarium:3_ELEMENTALS","floor":31,"turns":3},{"damage":0,"enemies":"Elementarium:GolemEmperor","floor":33,"turns":3},{"damage":0,"enemies":"Gensokyo:3_Bats","floor":35,"turns":1},{"damage":0,"enemies":"conspire:MimicChest","floor":38,"turns":2},{"damage":8,"enemies":"Nightmare","floor":40,"turns":6},{"damage":0,"enemies":"Gensokyo:AncientGuardian","floor":42,"turns":1},{"damage":0,"enemies":"Gensokyo:Marisa","floor":48,"turns":3},{"damage":0,"enemies":"Gensokyo:Shinki","floor":50,"turns":5},{"damage":0,"enemies":"Gensokyo:Scarlet_Devils","floor":51,"turns":5}],"seed_played":"-4458420229411863136","potions_obtained":[{"floor":40,"key":"blueLaboratory:FaithlessPotion"},{"floor":42,"key":"Swift Potion"}],"is_trial":false,"path_per_floor":["M","?","?","$","M","E","?","E","T","E","R","M","?","M","R","B",null,"M","?","M","?","?","E","?","R","T","E","M","E","T","M","R","B",null,"M","?","?","?","?","NM","R","M","T","?","R","$","R","E","R","B","B",null],"character_chosen":"WATCHER","items_purchased":["Bromod:ArcaneTrickery","blueLaboratory:MidnightOil","DemoMod:PinkGuonStone","MentalFortress","DemoMod:OrangeGuonStone","Juzu Bracelet","conspire:GlowingRock","MarkedMod:PinPointDefense","Replay:ManipulateFuture","Consecrate","Establishment","Replay:Towering Pillar of Hats","BattleHymn","MarkedMod:OneThousandNeedles","MarkedMod:Acupuncture","hubris:CrystalStatue","Anchor","OrangePellets","blueLaboratory:BottledTrinity","DeusExMachina","Yang","expansioncontent:Collect","Omniscience","Protect","hubris:KleinBottle"],"campfire_rested":1,"item_purchase_floors":[0,0,0,0,0,0,0,0,0,0,0,0,0,0,0,0,0,0,0,0,0,0,0,0,46],"current_hp_per_floor":[68,68,68,68,68,68,68,68,68,68,68,68,72,72,72,72,74,74,74,74,74,74,74,56,56,56,56,56,56,56,56,56,56,70,70,70,70,70,70,62,62,62,62,38,38,19,19,19,41,41,41],"gold":734,"neow_bonus":"","is_daily":false,"chose_seed":false,"campfire_upgraded":7,"win_rate":0.0,"timestamp":1610357467,"path_taken":["M","?","?","$","M","E","?","E","T","E","R","M","?","M","R","BOSS","M","?","M","?","?","E","?","R","T","E","M","E","?","M","R","BOSS","M","?","?","?","?","NM","R","M","T","?","R","?","R","E","R","BOSS","BOSS"],"items_purchased_type":["Relic","Potion","Relic","Card","Relic","Relic","Relic","Card","Card","Card","Card","Relic","Card","Card","Card","Relic","Relic","Relic","Potion","Card","Relic","Card","Card","Card","Relic"],"build_version":"2020-12-22","purchased_purges":3,"victory":true,"max_hp_per_floor":[75,75,75,75,75,75,75,75,75,75,75,75,75,75,75,75,75,75,75,75,75,75,75,75,75,75,75,75,75,75,75,75,75,75,75,75,75,75,75,75,75,75,75,75,75,75,75,75,75,75,75],"relic_stats":{"OrangePellets":[47],"counters":[130,486],"Bronze Scales":[605],"Yang":[116],"Juzu Bracelet":5,"Ginger":[5],"obtain_stats":[{"Golden Egg":0,"infinitespire:BottledMercury":43,"vexMod:MemoryStick":43,"ScarletDevilRocket":34,"wanderingMiniBosses:OtherGremlinHorn":31,"Ginger":23,"vexMod:RockOfEvil":34,"Replay:Wanted Poster":34,"Replay:Ringing Soul":26,"conspire:GlowingRock":6,"infinitespire:ShieldingShard":0,"vexMod:EndlessSickness":17,"DemoMod:MeltedRock":14,"DemoMod:LamentConfigurum":20,"qcfpunch:Red_Cyclone_Teachings":26,"aspiration:DSix":44,"construct:RocketBooster":24,"Gensokyo:TheCrow":41,"DemoMod:OrangeGuonStone":0,"HollowMod:JonisBlessing":0,"Pen Nib":27,"Guardian:PocketSentry":11,"aspiration:FrozenJewel":0,"infinitespire:EvilPickle":37,"SlaversCollar":40,"Elementarium:ElementariumTrophy":33,"qcfpunch:Broken_Tusk":46,"Pandora\u0027s Box":0,"energizedSpire:MagnifyingGlass":28,"paleoftheancients:SoulOfTheShowman":53,"Lantern":0,"StoneCalendar":40,"AdministrixMod:CrackedTaijitu":0,"wanderingMiniBosses:AbyssPearl":37,"Mythril_Glove":38,"hubris:EmptyBottle":0,"White_Cape":0,"qcfpunch:Crimson_Sash":4,"Ring of Peace":27,"AntiCross":6,"hubris:CuriousFeather":0,"WingedGreaves":2,"DemoMod:GnawedKey":0,"qcfpunch:Cattail":44,"InkBottle":28,"AdministrixMod:DragonsEyeCharm":0,"Potion Belt":0,"Lee\u0027s Waffle":0,"Runesmith:Nanobots":6,"construct:ClawGrip":17,"hubris:64BitClover":9,"Guardian:GemstoneGun":0,"PreservedInsect":0,"The Courier":26,"DemoMod:PinkGuonStone":0,"Protect_Vest":49,"infinitespire:CheckeredPen":6,"infinitespire:Lucky Rock":6,"hubris:Towel":1,"MawBank":10,"PureWhite:ReiMu":26,"Bottled Lightning":48,"AdministrixMod:PrescriptionBottle":0,"ReplayTheSpireMod:Lightbulb":23,"wanderingMiniBosses:Inkheart":20,"Elementarium:FlickeringLantern":21,"DemoMod:GreenGuonStone":0,"DemoMod:BlueGuonStone":48,"hubris:CrystalStatue":0,"Calipers":0,"Menagerie:HuntersKnife":5,"Vajra":0,"DemoMod:GlassGuonStoneRelic":11,"AdministrixMod:ConductorRitualBaton":0,"DemoMod:RiddleOfLead":34,"vexMod:RetaliationKit":31,"Girya":9,"paleoftheancients:KeyRelic":51,"Choco_Feather":8,"Dead Branch":0,"Oddly Smooth Stone":28,"wanderingMiniBosses:MasterThiefsPresence":22,"conspire:Boomerang":25,"aspiration:SeaSaltIceCream":4,"War Paint":29,"paleoftheancients:Timepiece":51,"OrangePellets":42,"Bottled Flame":13,"Replay:Baseball":29,"ReplayTheSpireMod:Shallot":4,"Bronze Scales":46,"ReplayTheSpireMod:TigerMarble":9,"infinitespire:EmpoweringShard":43,"Mirror":40,"hermit:Momento":0,"ReplayTheSpireMod:Ring of Exchange":27,"SacredBark":34,"conspire:SpecialSausage":3,"aspiration:TomeofQuesting":43,"Yang":0,"Juzu Bracelet":0,"Hallownest:DreamNailRelic":3,"hubris:SlimyHat":0,"Replay:Mystery Machine":13,"DemoMod:WhiteGuonStone":0,"conspire:TopHat":26,"ClockworkSouvenir":0,"DemoMod:SevenLeafClover":0,"Frozen Eye":29,"energizedSpire:CursedPentagram":17,"Bromod:ArcaneTrickery":0,"Bromod:ArcaneTempo":24,"qcfpunch:Wrestler\u0027s_Cloak":0,"Cracked Core":0,"hubris:KleinBottle":46,"Hallownest:SalubrasBlessingRelic":10,"qcfpunch:Army_Boots":13,"hubris:DisguiseKit":27,"ReplayTheSpireMod:Ninjato":3,"Replay:Towering Pillar of Hats":0,"infinitespire:CursedDice":43,"aspiration:RunicSpoon":0,"Quantum Egg":2,"aspiration:HummingbirdHeart":55,"aspiration:SecretTechniqueScroll":17,"Anchor":0,"infinitespire:WardingShard":6,"vexMod:HeadHunter":0,"infinitespire:Satchel":30,"Runesmith:UraniumAnvil":34,"LetterFromLob":1,"qcfpunch:Red_Headband":24,"Membership Card":0,"PureWater":0,"DemoMod:Bottle":0,"DemoMod:VorpalBullet":24,"FossilizedHelix":0},{"Golden Egg":0,"infinitespire:BottledMercury":21,"vexMod:MemoryStick":72,"ScarletDevilRocket":92,"wanderingMiniBosses:OtherGremlinHorn":35,"Ginger":118,"vexMod:RockOfEvil":36,"Replay:Wanted Poster":17,"Replay:Ringing Soul":11,"conspire:GlowingRock":2,"infinitespire:ShieldingShard":78,"vexMod:EndlessSickness":60,"DemoMod:MeltedRock":29,"DemoMod:LamentConfigurum":61,"qcfpunch:Red_Cyclone_Teachings":32,"aspiration:DSix":98,"construct:RocketBooster":32,"Gensokyo:TheCrow":72,"DemoMod:OrangeGuonStone":107,"HollowMod:JonisBlessing":78,"Pen Nib":64,"Guardian:PocketSentry":27,"aspiration:FrozenJewel":43,"infinitespire:EvilPickle":71,"SlaversCollar":97,"Elementarium:ElementariumTrophy":36,"qcfpunch:Broken_Tusk":40,"Pandora\u0027s Box":24,"energizedSpire:MagnifyingGlass":64,"paleoftheancients:SoulOfTheShowman":105,"Lantern":43,"StoneCalendar":20,"AdministrixMod:CrackedTaijitu":78,"wanderingMiniBosses:AbyssPearl":95,"Mythril_Glove":19,"hubris:EmptyBottle":24,"White_Cape":43,"qcfpunch:Crimson_Sash":25,"Ring of Peace":89,"AntiCross":2,"hubris:CuriousFeather":24,"WingedGreaves":25,"DemoMod:GnawedKey":43,"qcfpunch:Cattail":72,"InkBottle":64,"AdministrixMod:DragonsEyeCharm":78,"Potion Belt":43,"Lee\u0027s Waffle":43,"Runesmith:Nanobots":81,"construct:ClawGrip":115,"hubris:64BitClover":53,"Guardian:GemstoneGun":43,"PreservedInsect":24,"The Courier":89,"DemoMod:PinkGuonStone":107,"Protect_Vest":41,"infinitespire:CheckeredPen":26,"infinitespire:Lucky Rock":52,"hubris:Towel":108,"MawBank":57,"PureWhite:ReiMu":11,"Bottled Lightning":128,"AdministrixMod:PrescriptionBottle":78,"ReplayTheSpireMod:Lightbulb":88,"wanderingMiniBosses:Inkheart":117,"Elementarium:FlickeringLantern":117,"DemoMod:GreenGuonStone":43,"DemoMod:BlueGuonStone":101,"hubris:CrystalStatue":43,"Calipers":78,"Menagerie:HuntersKnife":45,"Vajra":78,"DemoMod:GlassGuonStoneRelic":4,"AdministrixMod:ConductorRitualBaton":53,"DemoMod:RiddleOfLead":68,"vexMod:RetaliationKit":16,"Girya":3,"paleoftheancients:KeyRelic":103,"Choco_Feather":3,"Dead Branch":53,"Oddly Smooth Stone":33,"wanderingMiniBosses:MasterThiefsPresence":10,"conspire:Boomerang":89,"aspiration:SeaSaltIceCream":25,"War Paint":14,"paleoftheancients:Timepiece":103,"OrangePellets":39,"Bottled Flame":28,"Replay:Baseball":121,"ReplayTheSpireMod:Shallot":25,"Bronze Scales":100,"ReplayTheSpireMod:TigerMarble":26,"infinitespire:EmpoweringShard":127,"Mirror":39,"hermit:Momento":0,"ReplayTheSpireMod:Ring of Exchange":89,"SacredBark":92,"conspire:SpecialSausage":50,"aspiration:TomeofQuesting":98,"Yang":107,"Juzu Bracelet":0,"Hallownest:DreamNailRelic":1,"hubris:SlimyHat":78,"Replay:Mystery Machine":28,"DemoMod:WhiteGuonStone":53,"conspire:TopHat":63,"ClockworkSouvenir":24,"DemoMod:SevenLeafClover":0,"Frozen Eye":13,"energizedSpire:CursedPentagram":86,"Bromod:ArcaneTrickery":107,"Bromod:ArcaneTempo":118,"qcfpunch:Wrestler\u0027s_Cloak":78,"Cracked Core":43,"hubris:KleinBottle":127,"Hallownest:SalubrasBlessingRelic":3,"qcfpunch:Army_Boots":84,"hubris:DisguiseKit":119,"ReplayTheSpireMod:Ninjato":50,"Replay:Towering Pillar of Hats":107,"infinitespire:CursedDice":21,"aspiration:RunicSpoon":0,"Quantum Egg":1,"aspiration:HummingbirdHeart":105,"aspiration:SecretTechniqueScroll":6,"Anchor":107,"infinitespire:WardingShard":46,"vexMod:HeadHunter":0,"infinitespire:Satchel":121,"Runesmith:UraniumAnvil":123,"LetterFromLob":44,"qcfpunch:Red_Headband":62,"Membership Card":24,"PureWater":107,"DemoMod:Bottle":78,"DemoMod:VorpalBullet":11,"FossilizedHelix":78},{"Golden Egg":0,"infinitespire:BottledMercury":74,"vexMod:MemoryStick":236,"ScarletDevilRocket":319,"wanderingMiniBosses:OtherGremlinHorn":115,"Ginger":447,"vexMod:RockOfEvil":123,"Replay:Wanted Poster":52,"Replay:Ringing Soul":34,"conspire:GlowingRock":6,"infinitespire:ShieldingShard":264,"vexMod:EndlessSickness":194,"DemoMod:MeltedRock":94,"DemoMod:LamentConfigurum":198,"qcfpunch:Red_Cyclone_Teachings":104,"aspiration:DSix":352,"construct:RocketBooster":104,"Gensokyo:TheCrow":236,"DemoMod:OrangeGuonStone":405,"HollowMod:JonisBlessing":264,"Pen Nib":209,"Guardian:PocketSentry":89,"aspiration:FrozenJewel":147,"infinitespire:EvilPickle":234,"SlaversCollar":349,"Elementarium:ElementariumTrophy":123,"qcfpunch:Broken_Tusk":130,"Pandora\u0027s Box":83,"energizedSpire:MagnifyingGlass":209,"paleoftheancients:SoulOfTheShowman":389,"Lantern":147,"StoneCalendar":71,"AdministrixMod:CrackedTaijitu":264,"wanderingMiniBosses:AbyssPearl":341,"Mythril_Glove":60,"hubris:EmptyBottle":83,"White_Cape":147,"qcfpunch:Crimson_Sash":85,"Ring of Peace":305,"AntiCross":6,"hubris:CuriousFeather":83,"WingedGreaves":85,"DemoMod:GnawedKey":147,"qcfpunch:Cattail":236,"InkBottle":209,"AdministrixMod:DragonsEyeCharm":264,"Potion Belt":147,"Lee\u0027s Waffle":147,"Runesmith:Nanobots":273,"construct:ClawGrip":435,"hubris:64BitClover":171,"Guardian:GemstoneGun":147,"PreservedInsect":83,"The Courier":305,"DemoMod:PinkGuonStone":405,"Protect_Vest":131,"infinitespire:CheckeredPen":87,"infinitespire:Lucky Rock":169,"hubris:Towel":406,"MawBank":182,"PureWhite:ReiMu":34,"Bottled Lightning":476,"AdministrixMod:PrescriptionBottle":264,"ReplayTheSpireMod:Lightbulb":298,"wanderingMiniBosses:Inkheart":444,"Elementarium:FlickeringLantern":444,"DemoMod:GreenGuonStone":147,"DemoMod:BlueGuonStone":365,"hubris:CrystalStatue":147,"Calipers":264,"Menagerie:HuntersKnife":152,"Vajra":264,"DemoMod:GlassGuonStoneRelic":10,"AdministrixMod:ConductorRitualBaton":171,"DemoMod:RiddleOfLead":226,"vexMod:RetaliationKit":45,"Girya":9,"paleoftheancients:KeyRelic":377,"Choco_Feather":9,"Dead Branch":171,"Oddly Smooth Stone":107,"wanderingMiniBosses:MasterThiefsPresence":29,"conspire:Boomerang":305,"aspiration:SeaSaltIceCream":85,"War Paint":39,"paleoftheancients:Timepiece":377,"OrangePellets":127,"Bottled Flame":92,"Replay:Baseball":457,"ReplayTheSpireMod:Shallot":85,"Bronze Scales":360,"ReplayTheSpireMod:TigerMarble":87,"infinitespire:EmpoweringShard":473,"Mirror":127,"hermit:Momento":0,"ReplayTheSpireMod:Ring of Exchange":305,"SacredBark":319,"conspire:SpecialSausage":167,"aspiration:TomeofQuesting":352,"Yang":405,"Juzu Bracelet":0,"Hallownest:DreamNailRelic":1,"hubris:SlimyHat":264,"Replay:Mystery Machine":92,"DemoMod:WhiteGuonStone":171,"conspire:TopHat":204,"ClockworkSouvenir":83,"DemoMod:SevenLeafClover":0,"Frozen Eye":37,"energizedSpire:CursedPentagram":291,"Bromod:ArcaneTrickery":405,"Bromod:ArcaneTempo":447,"qcfpunch:Wrestler\u0027s_Cloak":264,"Cracked Core":147,"hubris:KleinBottle":473,"Hallownest:SalubrasBlessingRelic":9,"qcfpunch:Army_Boots":280,"hubris:DisguiseKit":451,"ReplayTheSpireMod:Ninjato":167,"Replay:Towering Pillar of Hats":405,"infinitespire:CursedDice":74,"aspiration:RunicSpoon":0,"Quantum Egg":1,"aspiration:HummingbirdHeart":389,"aspiration:SecretTechniqueScroll":16,"Anchor":405,"infinitespire:WardingShard":157,"vexMod:HeadHunter":0,"infinitespire:Satchel":457,"Runesmith:UraniumAnvil":463,"LetterFromLob":150,"qcfpunch:Red_Headband":202,"Membership Card":83,"PureWater":405,"DemoMod:Bottle":264,"DemoMod:VorpalBullet":34,"FossilizedHelix":264}]},"card_choices":[{"not_picked":["EmptyBody","EmptyFist","Nirvana"],"picked":"SKIP","floor":1.0},{"not_picked":["Replay:AtTheReady","Pray","MarkedMod:GentlePulse"],"picked":"SKIP","floor":5.0},{"not_picked":["FlurryOfBlows","MarkedMod:FirstStrike"],"picked":"PathToVictory","floor":6.0},{"not_picked":["WreathOfFlame","MarkedMod:FirstStrike","SashWhip"],"picked":"SKIP","floor":8.0},{"not_picked":["Alpha","Evaluate"],"picked":"Fasting2","floor":10.0},{"not_picked":["Scrawl","Protect","Evaluate"],"picked":"SKIP","floor":12.0},{"not_picked":["Halt","SashWhip","ReachHeaven"],"picked":"SKIP","floor":14.0},{"not_picked":["LessonLearned","Judgement"],"picked":"SpiritShield","floor":16},{"not_picked":["WaveOfTheHand","ThirdEye","SashWhip"],"picked":"SKIP","floor":18},{"not_picked":["Prostrate","WaveOfTheHand","CutThroughFate"],"picked":"SKIP","floor":20},{"not_picked":["Consecrate","EmptyFist+1"],"picked":"CrushJoints","floor":23},{"not_picked":["FlurryOfBlows","BowlingBash"],"picked":"Replay:LoomingThreat","floor":27},{"not_picked":["Swivel","MarkedMod:GentlePulse+1","CutThroughFate","dioMod:TripleThreat"],"picked":"SKIP","floor":28},{"not_picked":["EmptyMind","DeceiveReality","Fasting2+1"],"picked":"dioMod:Minions","floor":29},{"not_picked":["Halt","CutThroughFate","dioMod:HeavyLifting"],"picked":"MarkedMod:SlowDance","floor":31},{"not_picked":["Establishment","MasterReality","dioMod:Refresh"],"picked":"MarkedMod:NorthStar","floor":33},{"not_picked":["Worship+1","FlyingSleeves","Replay:ManipulateFuture+1"],"picked":"dioMod:HeavyLifting","floor":35},{"not_picked":["SashWhip","MarkedMod:GentlePulse+1","ClearTheMind+1"],"picked":"dioMod:KonoDioDa","floor":38},{"not_picked":["MarkedMod:NorthStar","ThirdEye","CutThroughFate","dioMod:DaggerToss"],"picked":"SKIP","floor":40},{"not_picked":["FlyingSleeves","MarkedMod:FirstStrike","Prostrate+1"],"picked":"dioMod:MudaMudaMuda","floor":42},{"not_picked":["Replay:BluntJabs+1","Replay:Anticipation","dioMod:Roundabout"],"picked":"MarkedMod:GracefulMovements","floor":44},{"not_picked":["infinitespire:DeathsTouch","infinitespire:FinalStrike"],"picked":"infinitespire:SevenWalls","floor":46},{"not_picked":["Replay:DivineShield","InnerPeace","dioMod:DominatingPresence"],"picked":"TalkToTheHand+1","floor":48}],"player_experience":1311901,"relics_obtained":[{"floor":6.0,"key":"infinitespire:WardingShard"},{"floor":8.0,"key":"infinitespire:ShieldingShard"},{"floor":10.0,"key":"Bronze Scales"},{"floor":20,"key":"wanderingMiniBosses:Inkheart"},{"floor":23,"key":"Ginger"},{"floor":26,"key":"Guardian:PocketSentry"},{"floor":27,"key":"hubris:DisguiseKit"},{"floor":29,"key":"Replay:Baseball"},{"floor":30,"key":"infinitespire:Satchel"},{"floor":38,"key":"aspiration:TomeofQuesting"},{"floor":40,"key":"ReplayTheSpireMod:Lightbulb"},{"floor":43,"key":"infinitespire:EmpoweringShard"},{"floor":44,"key":"Calipers"},{"floor":48,"key":"Bottled Lightning"}],"event_choices":[{"damage_healed":0,"gold_gain":0,"player_choice":"Take","damage_taken":0,"relics_obtained":["Elementarium:FlickeringLantern"],"max_hp_gain":0,"max_hp_loss":0,"event_name":"Elementarium:HeartOfTheVoid","floor":21,"gold_loss":0},{"damage_healed":0,"gold_gain":0,"player_choice":"Blood","damage_taken":18,"relics_obtained":["Bromod:ArcaneTempo"],"max_hp_gain":0,"max_hp_loss":0,"event_name":"Elementarium:ShatteredPortal","floor":24,"gold_loss":0}],"is_beta":false,"boss_relics":[{"not_picked":["energizedSpire:EnergizedDie","vexMod:CursedCompass"],"picked":"construct:ClawGrip"},{"not_picked":["energizedSpire:StickyHand","ReplayTheSpireMod:SealedPack"],"picked":"Runesmith:UraniumAnvil"}],"items_purged_floors":[0,0,0],"is_endless":false,"potions_floor_spawned":[1,10,23,27,28,31,35,40,42,48],"ascension_level":20}}