{"host":"6qlyo3f7299xjl3s","time":1610373193,"event":{"mods":["Act Like it!","BaseMod","Better Match","Better Vampires","BetterRewards","Card Forge","Colored Map","Colored Powertips","Custom Start","Downfall","Hermit","Highlight Path","Minty Spire (QoL Compilation)","Permanent Neow","Shop Mod","StSLib","The Jungle","Unceasing Turn Reminder","slay the spire mod where everything is the same but ironclad has a cowboy hat"],"gold_per_floor":[113,113,77,93,93,125,125,125,125,154,154,183,183,210,210,307,307,324,261,261,261,261,292,325,359,384,413,413,413],"floor_reached":28,"playtime":1934,"items_purged":[],"score":716,"play_id":"74ea4e57-16f4-44b2-893a-40144bd55b16","local_time":"20210111145313","daily_mods":["Flight","DeadlyEvents","Elite Swarm"],"is_ascension_mode":false,"campfire_choices":[{"floor":7,"key":"REST"},{"floor":11,"key":"REST"},{"floor":13,"key":"REST"},{"floor":15,"key":"REST"}],"circlet_count":0,"master_deck":["Blur+1","Catalyst+1","Envenom+1","Noxious Fumes+1","Poisoned Stab+1","Catalyst+1","Blur+1","Noxious Fumes+1","Poisoned Stab+1","Envenom+1","Bouncing Flask+1","Envenom+1","Noxious Fumes+1","Poisoned Stab+1","Blur+1","Poisoned Stab+1","Blur+1","Poisoned Stab+1","Blur+1","Noxious Fumes+1","Infinite Blades+1","After Image+1"],"relics":["Ring of the Snake","Hammer of Thor","Seething Fire","Anvil of the Gods","Bag of Preparation","Black Star","champ:BerserkersGuideToSlaughter","ClockworkSouvenir","Dream Catcher","Fusion Hammer","Ice Cream","Juzu Bracelet","Lantern","Membership Card","Matryoshka","Mango","Paper Frog","Paper Crane","Regal Pillow","Runic Pyramid","Snake Skull","The Specimen","Thread and Needle","StoneCalendar","StrikeDummy","MealTicket","The Courier","FossilizedHelix","Torii","Tingsha","Anchor","Centennial Puzzle","WristBlade","TwistedFunnel","Bottled Tornado","Art of War","Girya","Tough Bandages","Meat on the Bone","champ:DuelingGlove","sneckomod:BlankCard","CeramicFish","Pear","Eternal Feather"],"acts_visited":["Exordium","TheCity"],"potions_floor_usage":[],"damage_taken":[{"damage":3,"enemies":"Jaw Worm","floor":1,"turns":2},{"damage":0,"enemies":"Cultist","floor":4,"turns":3},{"damage":8,"enemies":"Gremlin Nob","floor":6,"turns":3},{"damage":0,"enemies":"Lagavulin","floor":10,"turns":4},{"damage":0,"enemies":"Gremlin Nob","floor":12,"turns":3},{"damage":0,"enemies":"Lagavulin","floor":14,"turns":3},{"damage":0,"enemies":"Slime Boss","floor":16,"turns":3},{"damage":0,"enemies":"Chosen","floor":18,"turns":3},{"damage":0,"enemies":"Gremlin Leader","floor":23,"turns":3},{"damage":0,"enemies":"Book of Stabbing","floor":24,"turns":3},{"damage":0,"enemies":"Slavers","floor":25,"turns":3},{"damage":0,"enemies":"Gremlin Leader","floor":27,"turns":3},{"damage":0,"enemies":"Slavers","floor":28,"turns":1}],"seed_played":"562139948351365834","potions_obtained":[{"floor":10,"key":"BlessingOfTheForge"},{"floor":12,"key":"PowerPotion"},{"floor":14,"key":"DistilledChaos"},{"floor":23,"key":"LiquidMemories"}],"is_trial":true,"path_per_floor":["M","?","$","M","?","E","R","?","T","E","R","E","R","E","R","B",null,"M","$","?","?","?","E","E","E","T","E","E"],"character_chosen":"THE_SILENT","items_purchased":["Noxious Fumes","TwistedFunnel"],"campfire_rested":4,"item_purchase_floors":[3,19],"current_hp_per_floor":[81,81,81,81,81,73,84,84,84,84,84,84,84,84,84,84,84,84,84,84,84,76,76,76,76,76,86,86,86],"gold":413,"neow_bonus":"","is_daily":false,"chose_seed":false,"campfire_upgraded":0,"win_rate":0.0,"timestamp":1610373193,"path_taken":["M","?","?","M","?","E","R","?","T","E","R","E","R","E","R","BOSS","M","$","?","?","?","E","E","E","T","E","E"],"items_purchased_type":["Card","Relic"],"build_version":"2020-12-22","purchased_purges":0,"victory":false,"max_hp_per_floor":[84,84,84,84,84,84,84,84,84,84,84,84,84,84,84,84,84,84,84,84,84,84,84,84,84,84,94,94,94],"card_choices":[{"not_picked":["Quick Slash","Backflip","Flying Knee"],"picked":"SKIP","floor":1},{"not_picked":["Acrobatics","Dash","All Out Attack"],"picked":"SKIP","floor":4},{"not_picked":["Envenom","Burst","Night Terror"],"picked":"SKIP","floor":6},{"not_picked":["Night Terror","Corpse Explosion","Tools of the Trade"],"picked":"SKIP","floor":10},{"not_picked":["A Thousand Cuts","Adrenaline"],"picked":"Grand Finale","floor":12},{"not_picked":["Glass Knife","Grand Finale","Envenom"],"picked":"SKIP","floor":14},{"not_picked":["Backflip","Poisoned Stab","Bane"],"picked":"SKIP","floor":18},{"not_picked":["Glass Knife","Night Terror","Storm of Steel"],"picked":"SKIP","floor":23},{"not_picked":["A Thousand Cuts","Bullet Time","Grand Finale"],"picked":"SKIP","floor":24},{"not_picked":["Phantasmal Killer","Storm of Steel"],"picked":"After Image","floor":25},{"not_picked":["Venomology","Adrenaline","Wraith Form v2"],"picked":"SKIP","floor":27}],"player_experience":97948,"relics_obtained":[{"floor":6,"key":"Thread and Needle"},{"floor":6,"key":"StoneCalendar"},{"floor":9,"key":"StrikeDummy"},{"floor":9,"key":"MealTicket"},{"floor":10,"key":"The Courier"},{"floor":10,"key":"FossilizedHelix"},{"floor":12,"key":"Torii"},{"floor":12,"key":"Tingsha"},{"floor":14,"key":"Anchor"},{"floor":14,"key":"Centennial Puzzle"},{"floor":23,"key":"Bottled Tornado"},{"floor":23,"key":"Art of War"},{"floor":24,"key":"Girya"},{"floor":24,"key":"Tough Bandages"},{"floor":25,"key":"Meat on the Bone"},{"floor":25,"key":"champ:DuelingGlove"},{"floor":26,"key":"sneckomod:BlankCard"},{"floor":26,"key":"CeramicFish"},{"floor":27,"key":"Pear"},{"floor":27,"key":"Eternal Feather"}],"event_choices":[{"damage_healed":0,"gold_gain":0,"player_choice":"Ignored","damage_taken":0,"max_hp_gain":0,"max_hp_loss":0,"event_name":"Accursed Blacksmith","floor":2,"gold_loss":0},{"cards_removed":["Caltrops"],"damage_healed":0,"gold_gain":0,"player_choice":"Forget","damage_taken":0,"max_hp_gain":0,"max_hp_loss":0,"event_name":"Living Wall","floor":5,"gold_loss":0},{"damage_healed":0,"gold_gain":0,"player_choice":"Bought 0 Potions","damage_taken":0,"max_hp_gain":0,"max_hp_loss":0,"event_name":"The Woman in Blue","floor":8,"gold_loss":0},{"damage_healed":0,"gold_gain":0,"player_choice":"Read","damage_taken":0,"max_hp_gain":0,"max_hp_loss":0,"event_name":"The Library","floor":20,"gold_loss":0,"cards_obtained":["Infinite Blades"]},{"damage_healed":0,"gold_gain":0,"player_choice":"Damaged","damage_taken":8,"max_hp_gain":0,"max_hp_loss":0,"event_name":"Wheel of Change","floor":22,"gold_loss":0}],"is_beta":false,"boss_relics":[{"not_picked":["Sozu","Coffee Dripper"],"picked":"WristBlade"}],"items_purged_floors":[],"is_endless":false,"potions_floor_spawned":[10,12,14,23,25],"killed_by":"Slavers","ascension_level":0}}