{"host":"alk2ftu785mujiir","time":1610378660,"event":{"mods":["BaseMod","Colored Map","Downfall","Minty Spire (QoL Compilation)","StSLib"],"gold_per_floor":[0,19,19,319,319,29,29,45,56,91,16,1,31,66,80,177,177,102,118,118,145,159,44,44,44,56,56,56,56],"floor_reached":27,"playtime":1074,"items_purged":["Slimebound:Icky","Slimebound:Icky"],"score":219,"play_id":"aad3b777-56b7-4424-900e-0af74b13fe8a","local_time":"20210111102420","is_ascension_mode":false,"campfire_choices":[{"floor":1,"key":"RECALL"},{"data":"hexamod:BurningTouch","floor":11,"key":"SMITH"},{"data":"hexamod:Toasty","floor":18,"key":"SMITH"}],"circlet_count":0,"master_deck":["hexamod:Defend","hexamod:Defend","hexamod:Defend","hexamod:Sear","hexamod:Float","hexamod:NightmareStrike","hexamod:Toasty+1","hexamod:ThermalTransfer","expansioncontent:DefensiveMode","hexamod:BurningTouch+1","hexamod:SpectersWail","hexamod:PhantomFireball","hexamod:FlamesFromBeyond","hexamod:ExtraCrispy","hexamod:CatchUp","hexamod:TimeOfNeed","hexamod:ExtraCrispy+1","hexamod:GhostLash+1","hexamod:ChargedBarrage+1","Slimebound:Tackle+1","Slimebound:Tackle+1","Slimebound:Tackle+1","hexamod:InspiringFlames+1","hexamod:EmpoweredFlame","hexamod:HexaLevel"],"relics":["hexamod:SpiritBrand","Matryoshka","Whetstone","Eternal Feather","Incense Burner","Shovel","downfall:HeartBlessingRed","Odd Mushroom","Juzu Bracelet","Astrolabe","downfall:HeartBlessingGreen","Pen Nib","Pantograph","Enchiridion"],"acts_visited":["Exordium","TheCity"],"potions_floor_usage":[13,13,16,22,23,27],"damage_taken":[{"damage":0,"enemies":"2 Louse","floor":2,"turns":2},{"damage":0,"enemies":"downfall:FleeingMerchant","floor":6,"turns":4},{"damage":0,"enemies":"Cultist","floor":8,"turns":3},{"damage":0,"enemies":"Small Slimes","floor":9,"turns":3},{"damage":17,"enemies":"3 Sentries","floor":10,"turns":6},{"damage":0,"enemies":"downfall:FleeingMerchant","floor":12,"turns":4},{"damage":0,"enemies":"The Mushroom Lair","floor":13,"turns":1},{"damage":7,"enemies":"Gremlin Nob","floor":14,"turns":3},{"damage":0,"enemies":"Exordium Wildlife","floor":15,"turns":4},{"damage":30,"enemies":"downfall:Ironclad","floor":16,"turns":6},{"damage":4,"enemies":"Chosen","floor":19,"turns":3},{"damage":24,"enemies":"3 Cultists","floor":22,"turns":4},{"damage":5,"enemies":"downfall:FleeingMerchant","floor":23,"turns":4},{"damage":20,"enemies":"Snecko","floor":26,"turns":5},{"damage":20,"enemies":"Centurion and Healer","floor":27,"turns":1}],"seed_played":"-1696017004697851814","potions_obtained":[{"floor":2,"key":"GamblersBrew"},{"floor":8,"key":"SteroidPotion"},{"floor":10,"key":"Explosive Potion"},{"floor":13,"key":"Slimebound:ThreeZeroPotion"},{"floor":15,"key":"Explosive Potion"},{"floor":16,"key":"sneckomod:MuddlingPotion"},{"floor":26,"key":"Regen Potion"}],"is_trial":false,"path_per_floor":["R","M","?","?","?","$","T","M","M","E","R","$","?","E","M","B",null,"R","M","?","T","M","$","T","?","M","M"],"character_chosen":"THE_SPIRIT","items_purchased":["Whetstone","hexamod:SpectersWail"],"campfire_rested":0,"item_purchase_floors":[6,6],"current_hp_per_floor":[84,84,72,72,72,72,72,72,72,55,64,64,64,57,57,27,84,84,80,80,80,56,51,51,35,15,0,0,0],"gold":56,"neow_bonus":"TWENTY_PERCENT_HP_BONUS","is_daily":false,"chose_seed":false,"campfire_upgraded":2,"win_rate":0.0,"timestamp":1610378660,"path_taken":["R","M","?","?","?","$","T","M","?","E","R","?","?","E","M","BOSS","R","M","?","?","M","$","T","?","M","M"],"items_purchased_type":["Relic","Card"],"build_version":"2020-12-22","purchased_purges":2,"victory":false,"max_hp_per_floor":[84,84,84,84,84,84,84,84,84,84,84,84,84,84,84,84,84,84,84,84,84,84,84,84,84,84,84,84,84],"card_choices":[{"not_picked":["hexamod:HeatShield","hexamod:InspiringFlames"],"picked":"hexamod:NightmareStrike","floor":2},{"not_picked":["hexamod:GhostOfSpirePast","hexamod:DynamicBlow"],"picked":"hexamod:BurningTouch","floor":6},{"not_picked":["hexamod:NightmareStrike","hexamod:BurningTouch"],"picked":"hexamod:PhantomFireball","floor":8},{"not_picked":["hexamod:Firestarter","hexamod:SwordOfDarkness","hexamod:BurningTouch"],"picked":"SKIP","floor":9},{"not_picked":["hexamod:HauntingEcho","hexamod:SpectralAdrenaline"],"picked":"hexamod:FlamesFromBeyond","floor":10},{"not_picked":["hexamod:Rewind","hexamod:GhostShield","hexamod:GhostLash"],"picked":"SKIP","floor":12},{"not_picked":["hexamod:BacktrackSmack","hexamod:GhostOfSpirePast"],"picked":"hexamod:ExtraCrispy","floor":13},{"not_picked":["hexamod:SpectralAdrenaline","hexamod:GhostShield","hexamod:NightmareGuise"],"picked":"SKIP","floor":14},{"not_picked":["hexamod:InspiringFlames","hexamod:BacktrackSmack"],"picked":"hexamod:CatchUp","floor":15},{"not_picked":["hexamod:ApocalypseNow","hexamod:TurnItUp"],"picked":"hexamod:TimeOfNeed","floor":16},{"not_picked":["hexamod:ThermalTransfer","hexamod:BacktrackSmack","hexamod:SpectersWail"],"picked":"SKIP","floor":19},{"not_picked":["hexamod:ExtraCrispy","hexamod:PhantomFireball+1"],"picked":"hexamod:InspiringFlames+1","floor":22},{"not_picked":["hexamod:CatchUp","hexamod:NightmareStrike"],"picked":"hexamod:EmpoweredFlame","floor":23},{"not_picked":["hexamod:InspiringFlames","hexamod:GhostShield"],"picked":"hexamod:HexaLevel","floor":26}],"player_experience":1745316,"relics_obtained":[{"floor":7,"key":"Eternal Feather"},{"floor":7,"key":"Incense Burner"},{"floor":10,"key":"Shovel"},{"floor":13,"key":"Odd Mushroom"},{"floor":14,"key":"Juzu Bracelet"},{"floor":21,"key":"Pen Nib"},{"floor":24,"key":"Pantograph"},{"floor":25,"key":"Enchiridion"}],"event_choices":[{"damage_healed":0,"gold_gain":0,"player_choice":"Success","damage_taken":12,"relics_obtained":["Matryoshka"],"max_hp_gain":0,"max_hp_loss":0,"event_name":"Scrap Ooze","floor":3,"gold_loss":0},{"damage_healed":0,"gold_gain":0,"player_choice":"Fought Mushrooms","damage_taken":0,"max_hp_gain":0,"max_hp_loss":0,"event_name":"Mushrooms","floor":13,"gold_loss":0}],"is_beta":false,"boss_relics":[{"not_picked":["Snecko Eye","Tiny House"],"picked":"Astrolabe"}],"items_purged_floors":[6,23],"is_endless":false,"potions_floor_spawned":[2,8,10,13,15,16,26],"killed_by":"Centurion and Healer","ascension_level":0}}