{"host":"y3h3n3f7seyagppx","time":1610343782,"event":{"mods":["AlwaysNeverKeys","BaseMod","Better Vampires","Colored Powertips","DeckTracker","Emptier Cage","Minty Spire (QoL Compilation)","Permanent Neow","Quick Restart","Rare Cards Sparkle","Relic Sorter","Relic Stats","StSLib","Transform Curses"],"gold_per_floor":[119,134,152,227,29,57,57,85,112,112,129,158,158,174,174,251,251,267,267,281,281,295,324,342,368,368,44,71,89,89,109,109,180,180,198,218,218,1217,1217,1246,1261,1261,1261,902,917,942,546,559,559,559,559,559,559,169,195,195],"floor_reached":57,"playtime":6118,"items_purged":["Defend_R","Normality","Normality","Defend_R"],"score":3409,"play_id":"ec116001-3e1d-4811-bcc0-c636e9a7f1c5","local_time":"20210111004302","is_ascension_mode":true,"campfire_choices":[{"data":"Clothesline","floor":7,"key":"SMITH"},{"data":"Bash","floor":10,"key":"SMITH"},{"data":"Armaments","floor":13,"key":"SMITH"},{"data":"Fire Breathing","floor":15,"key":"SMITH"},{"data":"Impervious","floor":32,"key":"SMITH"},{"data":"Juggernaut","floor":42,"key":"SMITH"},{"data":"Limit Break","floor":49,"key":"SMITH"},{"data":"Feel No Pain","floor":53,"key":"SMITH"}],"circlet_count":0,"master_deck":["AscendersBane","Strike_R+1","Strike_R+1","Defend_R","Defend_R","Clothesline+1","Second Wind","Shrug It Off","Fire Breathing+1","Exhume","Armaments+1","Power Through","Barricade","Flame Barrier+1","Impervious+1","Juggernaut+1","Feel No Pain+1","Fire Breathing+1","Master of Strategy","Limit Break+1","Spot Weakness","Barricade","Heavy Blade","Impervious+1","Offering"],"relics":["Empty Cage","Lee\u0027s Waffle","Bag of Preparation","Whetstone","Tiny Chest","Oddly Smooth Stone","Snecko Eye","White Beast Statue","Charon\u0027s Ashes","Smiling Mask","Boot","Membership Card","MealTicket","StrikeDummy","Coffee Dripper","Happy Flower","Incense Burner","Nunchaku","Ornamental Fan","Kunai","Shuriken","Bottled Lightning","DollysMirror","Pen Nib","Thread and Needle","Dead Branch"],"acts_visited":["Exordium","TheCity","TheBeyond","TheEnding"],"potions_floor_usage":[6,12,23,25,25,28,31,45,46,56,56],"damage_taken":[{"damage":11,"enemies":"Small Slimes","floor":1,"turns":5},{"damage":9,"enemies":"Jaw Worm","floor":2,"turns":4},{"damage":0,"enemies":"Cultist","floor":3,"turns":4},{"damage":10,"enemies":"Lagavulin","floor":6,"turns":7},{"damage":24,"enemies":"Gremlin Nob","floor":8,"turns":4},{"damage":12,"enemies":"Lots of Slimes","floor":11,"turns":7},{"damage":16,"enemies":"Lagavulin","floor":12,"turns":6},{"damage":0,"enemies":"2 Fungi Beasts","floor":14,"turns":4},{"damage":0,"enemies":"Slime Boss","floor":16,"turns":7},{"damage":0,"enemies":"Spheric Guardian","floor":18,"turns":6},{"damage":0,"enemies":"Chosen","floor":20,"turns":6},{"damage":11,"enemies":"Snake Plant","floor":22,"turns":6},{"damage":5,"enemies":"Slavers","floor":23,"turns":4},{"damage":0,"enemies":"Centurion and Healer","floor":24,"turns":5},{"damage":0,"enemies":"Gremlin Leader","floor":25,"turns":7},{"damage":0,"enemies":"Slavers","floor":28,"turns":3},{"damage":0,"enemies":"Chosen and Byrds","floor":29,"turns":6},{"damage":0,"enemies":"Cultist and Chosen","floor":31,"turns":6},{"damage":0,"enemies":"Automaton","floor":33,"turns":14},{"damage":0,"enemies":"3 Darklings","floor":35,"turns":6},{"damage":0,"enemies":"3 Shapes","floor":36,"turns":3},{"damage":4,"enemies":"Nemesis","floor":40,"turns":7},{"damage":0,"enemies":"Maw","floor":41,"turns":10},{"damage":4,"enemies":"3 Darklings","floor":45,"turns":4},{"damage":0,"enemies":"Giant Head","floor":46,"turns":8},{"damage":0,"enemies":"4 Shapes","floor":48,"turns":3},{"damage":0,"enemies":"Awakened One","floor":50,"turns":17},{"damage":14,"enemies":"Donu and Deca","floor":51,"turns":10},{"damage":0,"enemies":"Shield and Spear","floor":55,"turns":6},{"damage":67,"enemies":"The Heart","floor":56,"turns":9}],"seed_played":"2677768765199185986","potions_obtained":[{"floor":3,"key":"PowerPotion"},{"floor":11,"key":"LiquidMemories"},{"floor":16,"key":"DuplicationPotion"},{"floor":18,"key":"LiquidBronze"},{"floor":22,"key":"HeartOfIron"},{"floor":23,"key":"LiquidBronze"},{"floor":25,"key":"Swift Potion"},{"floor":28,"key":"GamblersBrew"},{"floor":29,"key":"Fruit Juice"},{"floor":31,"key":"FearPotion"},{"floor":33,"key":"Weak Potion"},{"floor":35,"key":"LiquidMemories"},{"floor":40,"key":"Regen Potion"},{"floor":45,"key":"FearPotion"},{"floor":46,"key":"Weak Potion"}],"is_trial":false,"path_per_floor":["M","M","M","?","$","E","R","E","T","R","M","E","R","M","R","B",null,"M","?","M","T","M","E","M","E","T","$","E","M","T","M","R","B",null,"M","M","?","?","?","E","M","R","T","$","M","E","$","M","R","B","B",null,"R","$","E","B",null],"character_chosen":"IRONCLAD","items_purchased":["Lee\u0027s Waffle","Fire Breathing","Membership Card","Impervious","PowerPotion","Nunchaku","Ornamental Fan","Master of Strategy","Barricade","Shuriken","Bottled Lightning","DollysMirror","Pen Nib","Thread and Needle"],"campfire_rested":0,"item_purchase_floors":[5,5,27,27,27,44,44,44,47,47,47,54,54,54],"current_hp_per_floor":[57,48,48,37,82,72,72,48,48,48,36,20,20,20,20,20,67,67,43,43,43,32,27,27,27,27,27,27,27,27,32,32,32,77,77,77,67,67,67,63,63,63,63,78,83,83,92,92,92,92,78,89,89,92,92,25],"gold":195,"neow_bonus":"BOSS_RELIC","is_daily":false,"chose_seed":false,"campfire_upgraded":8,"win_rate":0.0,"timestamp":1610343782,"path_taken":["M","M","M","?","$","E","R","E","T","R","M","E","R","M","R","BOSS","M","?","M","?","?","E","M","E","T","$","E","M","?","M","R","BOSS","M","M","?","?","?","E","M","R","T","$","M","E","$","M","R","BOSS","BOSS","R","$","E","BOSS"],"items_purchased_type":["Relic","Card","Relic","Card","Potion","Relic","Relic","Card","Card","Relic","Relic","Relic","Relic","Relic"],"build_version":"2020-12-22","purchased_purges":4,"victory":true,"max_hp_per_floor":[75,75,75,75,82,82,82,82,82,82,82,82,82,82,82,82,82,82,87,87,87,87,87,87,87,87,87,87,87,87,92,92,92,92,92,92,92,92,92,92,92,92,92,92,92,92,92,92,92,92,92,92,92,92,92,92],"relic_stats":{"Lee\u0027s Waffle":45,"Happy Flower":[22],"counters":[30,194],"Dead Branch":[16],"Charon\u0027s Ashes":[821],"Pen Nib":[1],"Bag of Preparation":[52],"Whetstone":["Strike_R","Strike_R"],"Smiling Mask":26,"Boot":[40],"Nunchaku":[4],"Ornamental Fan":[4],"Shuriken":[1],"Snecko Eye":[236,236,246,234],"Tiny Chest":1,"MealTicket":27,"Kunai":[1],"obtain_stats":[{"Bag of Preparation":6,"Incense Burner":43,"Whetstone":8,"Empty Cage":0,"Smiling Mask":25,"Boot":26,"Burning Blood":0,"Nunchaku":44,"DollysMirror":54,"Tiny Chest":9,"MealTicket":28,"Kunai":46,"Lee\u0027s Waffle":5,"Happy Flower":40,"Dead Branch":55,"Oddly Smooth Stone":12,"Thread and Needle":54,"Charon\u0027s Ashes":23,"Pen Nib":54,"White Beast Statue":21,"Ornamental Fan":44,"Shuriken":47,"Snecko Eye":17,"Coffee Dripper":34,"Membership Card":27,"Bottled Lightning":47,"StrikeDummy":30},{"Bag of Preparation":4,"Incense Burner":23,"Whetstone":5,"Empty Cage":0,"Smiling Mask":15,"Boot":15,"Burning Blood":0,"Nunchaku":23,"DollysMirror":28,"Tiny Chest":5,"MealTicket":16,"Kunai":25,"Lee\u0027s Waffle":3,"Happy Flower":22,"Dead Branch":29,"Oddly Smooth Stone":7,"Thread and Needle":28,"Charon\u0027s Ashes":13,"Pen Nib":28,"White Beast Statue":11,"Ornamental Fan":23,"Shuriken":25,"Snecko Eye":9,"Coffee Dripper":19,"Membership Card":15,"Bottled Lightning":25,"StrikeDummy":17},{"Bag of Preparation":20,"Incense Burner":137,"Whetstone":24,"Empty Cage":0,"Smiling Mask":82,"Boot":82,"Burning Blood":0,"Nunchaku":137,"DollysMirror":179,"Tiny Chest":24,"MealTicket":85,"Kunai":149,"Lee\u0027s Waffle":13,"Happy Flower":127,"Dead Branch":185,"Oddly Smooth Stone":37,"Thread and Needle":179,"Charon\u0027s Ashes":70,"Pen Nib":179,"White Beast Statue":60,"Ornamental Fan":137,"Shuriken":149,"Snecko Eye":48,"Coffee Dripper":111,"Membership Card":82,"Bottled Lightning":149,"StrikeDummy":91}]},"card_choices":[{"not_picked":["Flex","Cleave"],"picked":"Clothesline","floor":1},{"not_picked":["Second Wind","Heavy Blade","Clash"],"picked":"SKIP","floor":2},{"not_picked":["Heavy Blade","Clash"],"picked":"Second Wind","floor":2},{"not_picked":["Ghostly Armor","Infernal Blade"],"picked":"Shrug It Off","floor":3},{"not_picked":["Shockwave","Anger"],"picked":"Exhume","floor":6},{"not_picked":["Brutality","Headbutt","Havoc"],"picked":"SKIP","floor":8},{"not_picked":["Inflame","Body Slam"],"picked":"Armaments","floor":11},{"not_picked":["Warcry","Burning Pact","Rupture"],"picked":"SKIP","floor":12},{"not_picked":["Perfected Strike","Dual Wield"],"picked":"Power Through","floor":14},{"not_picked":["Reaper","Fiend Fire"],"picked":"Barricade","floor":16},{"not_picked":["Hemokinesis","Bloodletting","Sword Boomerang"],"picked":"SKIP","floor":18},{"not_picked":["Inflame+1","Cleave+1","Twin Strike"],"picked":"SKIP","floor":20},{"not_picked":["Cleave+1","Havoc","Thunderclap+1"],"picked":"SKIP","floor":22},{"not_picked":["Clothesline","Bloodletting","Twin Strike"],"picked":"SKIP","floor":23},{"not_picked":["Wild Strike","Pummel","Intimidate"],"picked":"SKIP","floor":24},{"not_picked":["Infernal Blade","Heavy Blade+1"],"picked":"Flame Barrier+1","floor":25},{"not_picked":["Headbutt","Iron Wave+1","Fire Breathing"],"picked":"SKIP","floor":28},{"not_picked":["Seeing Red","Heavy Blade","Perfected Strike"],"picked":"SKIP","floor":29},{"not_picked":["Clash","Cleave","Flex"],"picked":"SKIP","floor":31},{"not_picked":["Feed","Berserk"],"picked":"Juggernaut","floor":33},{"not_picked":["Twin Strike","Sword Boomerang"],"picked":"Feel No Pain","floor":35},{"not_picked":["Thunderclap","Sword Boomerang"],"picked":"Fire Breathing+1","floor":36},{"not_picked":["Iron Wave","Sword Boomerang+1","Brutality"],"picked":"SKIP","floor":40},{"not_picked":["Pommel Strike+1","Thunderclap+1","Warcry+1"],"picked":"SKIP","floor":41},{"not_picked":["Cleave","Sword Boomerang"],"picked":"Limit Break","floor":45},{"not_picked":["Dark Embrace","Bloodletting"],"picked":"Spot Weakness","floor":46},{"not_picked":["Perfected Strike","Flex"],"picked":"Heavy Blade","floor":48},{"not_picked":["Shrug It Off","Rampage"],"picked":"Offering","floor":55}],"player_experience":20667886,"relics_obtained":[{"floor":6,"key":"Bag of Preparation"},{"floor":8,"key":"Whetstone"},{"floor":9,"key":"Tiny Chest"},{"floor":12,"key":"Oddly Smooth Stone"},{"floor":21,"key":"White Beast Statue"},{"floor":23,"key":"Charon\u0027s Ashes"},{"floor":25,"key":"Smiling Mask"},{"floor":26,"key":"Boot"},{"floor":28,"key":"MealTicket"},{"floor":30,"key":"StrikeDummy"},{"floor":40,"key":"Happy Flower"},{"floor":43,"key":"Incense Burner"},{"floor":46,"key":"Kunai"},{"floor":55,"key":"Dead Branch"}],"event_choices":[{"damage_healed":0,"gold_gain":75,"player_choice":"Gather Gold","damage_taken":11,"max_hp_gain":0,"max_hp_loss":0,"event_name":"World of Goop","floor":4,"gold_loss":0},{"damage_healed":0,"gold_gain":0,"player_choice":"Shed Blood","damage_taken":29,"max_hp_gain":5,"max_hp_loss":0,"event_name":"Forgotten Altar","floor":19,"gold_loss":0},{"damage_healed":0,"gold_gain":0,"player_choice":"Memory 3","damage_taken":10,"max_hp_gain":0,"max_hp_loss":0,"event_name":"SensoryStone","floor":37,"gold_loss":0},{"damage_healed":0,"gold_gain":999,"player_choice":"Gold","damage_taken":0,"max_hp_gain":0,"max_hp_loss":0,"event_name":"MindBloom","floor":38,"gold_loss":0,"cards_obtained":["Normality","Normality"]},{"cards_removed":["Bash"],"damage_healed":0,"gold_gain":0,"player_choice":"Removed Attack","damage_taken":0,"max_hp_gain":0,"max_hp_loss":0,"event_name":"Falling","floor":39,"gold_loss":0}],"is_beta":false,"boss_relics":[{"not_picked":["Pandora\u0027s Box","Ectoplasm"],"picked":"Snecko Eye"},{"not_picked":["Tiny House","Busted Crown"],"picked":"Coffee Dripper"}],"items_purged_floors":[27,44,47,54],"is_endless":false,"potions_floor_spawned":[3,11,16,18,22,23,24,25,28,29,31,33,35,36,40,41,45,46,48,55],"ascension_level":20}}