{"host":"t7mx8yfj1no5p62f","time":1610345098,"event":{"mods":["BaseMod","Bestiary","Colored Map","Colored Powertips","Minty Spire (QoL Compilation)","Relic Stats","StSLib"],"gold_per_floor":[112,131,151,168,133,133,163,163,163,192,204,204,264,291,291,367,367,383,175,194,194,208,235,235,267,290,321,321,321,321,332,332,407,407,423,423,437,437,451,451,482,502,502,370,381,416,432,457,457,457,457,457,457,12,44,44],"floor_reached":57,"playtime":2037,"items_purged":["Strike_G","Strike_G"],"score":3015,"play_id":"154d93cc-8df8-4918-9a8f-6758854f945b","local_time":"20210111010458","is_ascension_mode":true,"campfire_choices":[{"data":"Bouncing Flask","floor":6.0,"key":"SMITH"},{"data":"Dash","floor":8.0,"key":"SMITH"},{"data":"Deadly Poison","floor":12.0,"key":"SMITH"},{"data":"Malaise","floor":15,"key":"SMITH"},{"data":"Catalyst","floor":24,"key":"SMITH"},{"data":"Corpse Explosion","floor":28,"key":"SMITH"},{"data":"Neutralize","floor":32,"key":"SMITH"},{"data":"Backflip","floor":40,"key":"SMITH"},{"floor":49,"key":"RECALL"},{"data":"Footwork","floor":53,"key":"SMITH"}],"circlet_count":0,"master_deck":["AscendersBane","Strike_G","Strike_G","Strike_G","Defend_G","Defend_G","Defend_G","Defend_G","Survivor","Neutralize+1","Dash+1","Poisoned Stab","Bouncing Flask+1","Dagger Throw+1","Dagger Spray+1","Deadly Poison+1","Malaise+1","Corpse Explosion+1","Catalyst+1","PiercingWail","Die Die Die+1","Backflip+1","PiercingWail","Catalyst+1","Noxious Fumes+1","Backflip+1","Footwork+1","Backflip","Leg Sweep","Backflip","Noxious Fumes"],"relics":["Ring of the Snake","Molten Egg 2","Meat on the Bone","Pen Nib","Calipers","Singing Bowl","Philosopher\u0027s Stone","PreservedInsect","Bag of Marbles","MealTicket","Blue Candle","Coffee Dripper","Orichalcum","Akabeko","Boot","Bronze Scales","TheAbacus","Snake Skull"],"acts_visited":["Exordium","TheCity","TheBeyond","TheEnding"],"potions_floor_usage":[14,23,27,55,56],"damage_taken":[{"damage":1.0,"enemies":"Small Slimes","floor":1.0,"turns":4.0},{"damage":7.0,"enemies":"Jaw Worm","floor":2.0,"turns":4.0},{"damage":0.0,"enemies":"2 Louse","floor":3.0,"turns":4.0},{"damage":1.0,"enemies":"2 Fungi Beasts","floor":4.0,"turns":4.0},{"damage":32.0,"enemies":"Gremlin Nob","floor":7.0,"turns":4.0},{"damage":3.0,"enemies":"Lagavulin","floor":10.0,"turns":6.0},{"damage":3.0,"enemies":"Lots of Slimes","floor":11.0,"turns":3.0},{"damage":11.0,"enemies":"Gremlin Nob","floor":13.0,"turns":3.0},{"damage":13,"enemies":"3 Sentries","floor":14,"turns":7},{"damage":21,"enemies":"Hexaghost","floor":16,"turns":9},{"damage":5,"enemies":"Chosen","floor":18,"turns":4},{"damage":2,"enemies":"3 Byrds","floor":20,"turns":3},{"damage":0,"enemies":"3 Cultists","floor":22,"turns":2},{"damage":8,"enemies":"Book of Stabbing","floor":23,"turns":5},{"damage":0,"enemies":"Slavers","floor":25,"turns":2},{"damage":4,"enemies":"Book of Stabbing","floor":27,"turns":4},{"damage":0,"enemies":"Snecko","floor":31,"turns":2},{"damage":35,"enemies":"Automaton","floor":33,"turns":7},{"damage":10,"enemies":"3 Darklings","floor":35,"turns":3},{"damage":5,"enemies":"Orb Walker","floor":37,"turns":3},{"damage":29,"enemies":"Writhing Mass","floor":39,"turns":6},{"damage":0,"enemies":"Giant Head","floor":41,"turns":4},{"damage":0,"enemies":"Sphere and 2 Shapes","floor":42,"turns":3},{"damage":0,"enemies":"Jaw Worm Horde","floor":45,"turns":3},{"damage":8,"enemies":"Nemesis","floor":46,"turns":3},{"damage":0,"enemies":"Writhing Mass","floor":47,"turns":4},{"damage":29,"enemies":"Giant Head","floor":48,"turns":8},{"damage":56,"enemies":"Donu and Deca","floor":50,"turns":8},{"damage":35,"enemies":"Awakened One","floor":51,"turns":16},{"damage":29,"enemies":"Shield and Spear","floor":55,"turns":3},{"damage":31,"enemies":"The Heart","floor":56,"turns":7}],"seed_played":"4500851212287851584","potions_obtained":[{"floor":1.0,"key":"Weak Potion"},{"floor":3.0,"key":"ColorlessPotion"},{"floor":7.0,"key":"Dexterity Potion"},{"floor":10.0,"key":"SteroidPotion"},{"floor":18,"key":"Block Potion"},{"floor":23,"key":"Block Potion"},{"floor":25,"key":"GhostInAJar"},{"floor":37,"key":"FairyPotion"}],"is_trial":false,"path_per_floor":["M","M","M","M","?","R","E","R","T","E","M","R","?","E","R","B",null,"M","$","M","?","M","E","R","E","T","E","R","?","?","M","R","B",null,"M","?","M","?","M","R","E","M","T","?","M","E","M","E","R","B","B",null,"R","$","E","B",null],"character_chosen":"THE_SILENT","items_purchased":["PiercingWail","Die Die Die+1","Swift Potion","TheAbacus","Backflip","Noxious Fumes"],"campfire_rested":0,"item_purchase_floors":[19,19,54,54,54,54],"current_hp_per_floor":[55,48,48,47,66,66,34,34,34,43,40,40,41,42,42,33,68,63,63,63,39,53,45,45,47,47,55,55,55,55,57,57,36,80,70,70,65,65,50,50,50,50,50,50,52,56,58,43,43,41,18,78,78,93,66,47],"gold":44,"neow_bonus":"TWENTY_PERCENT_HP_BONUS","is_daily":false,"chose_seed":false,"campfire_upgraded":9,"win_rate":0.0,"timestamp":1610345098,"path_taken":["M","M","M","M","?","R","E","R","T","E","M","R","?","E","R","BOSS","M","$","M","?","M","E","R","E","T","E","R","?","?","?","R","BOSS","M","?","M","?","M","R","E","M","T","?","?","E","M","E","R","BOSS","BOSS","R","$","E","BOSS"],"items_purchased_type":["Card","Card","Potion","Relic","Card","Card"],"build_version":"2020-12-22","purchased_purges":2,"victory":true,"max_hp_per_floor":[78,78,78,78,78,78,78,78,78,78,78,78,78,80,80,80,80,80,80,82,87,89,89,89,91,91,91,91,91,91,93,93,95,95,95,90,90,90,92,92,92,92,92,92,94,94,96,98,98,98,98,98,98,98,100,100],"relic_stats":{"Singing Bowl":22,"counters":[31,148],"Blue Candle":[0],"Pen Nib":[16],"PreservedInsect":471,"Snake Skull":[13],"Orichalcum":[42],"Boot":[15],"TheAbacus":[6],"Bronze Scales":[183],"MealTicket":15,"obtain_stats":[{"Calipers":13,"Singing Bowl":14,"Blue Candle":27,"Pen Nib":10,"PreservedInsect":23,"Snake Skull":55,"Orichalcum":41,"Boot":46,"Akabeko":44,"TheAbacus":54,"Bronze Scales":48,"Molten Egg 2":7,"Philosopher\u0027s Stone":17,"MealTicket":26,"Bag of Marbles":25,"Coffee Dripper":34,"Ring of the Snake":0,"Meat on the Bone":9},{"Calipers":8,"Singing Bowl":9,"Blue Candle":16,"Pen Nib":6,"PreservedInsect":14,"Snake Skull":30,"Orichalcum":22,"Boot":25,"Akabeko":23,"TheAbacus":29,"Bronze Scales":27,"Molten Egg 2":5,"Philosopher\u0027s Stone":10,"MealTicket":15,"Bag of Marbles":15,"Coffee Dripper":18,"Ring of the Snake":0,"Meat on the Bone":5},{"Calipers":32,"Singing Bowl":39,"Blue Candle":68,"Pen Nib":26,"PreservedInsect":62,"Snake Skull":141,"Orichalcum":93,"Boot":102,"Akabeko":96,"TheAbacus":138,"Bronze Scales":114,"Molten Egg 2":20,"Philosopher\u0027s Stone":48,"MealTicket":64,"Bag of Marbles":64,"Coffee Dripper":77,"Ring of the Snake":0,"Meat on the Bone":20}],"Ring of the Snake":[62],"Meat on the Bone":156},"card_choices":[{"not_picked":["Reflex","PiercingWail"],"picked":"Dash","floor":1.0},{"not_picked":["Accuracy","Blur"],"picked":"Poisoned Stab","floor":2.0},{"not_picked":["Slice","Deflect","Caltrops"],"picked":"SKIP","floor":3.0},{"not_picked":["Outmaneuver","Bane"],"picked":"Bouncing Flask","floor":4.0},{"not_picked":["Concentrate","Flying Knee+1"],"picked":"Dagger Throw+1","floor":7.0},{"not_picked":["Riddle With Holes+1","Outmaneuver"],"picked":"Dagger Spray+1","floor":10.0},{"not_picked":["Prepared","Dagger Spray+1"],"picked":"Deadly Poison","floor":11.0},{"not_picked":["Quick Slash+1","Crippling Poison"],"picked":"Malaise","floor":13.0},{"not_picked":["Backstab+1","All Out Attack+1","Reflex"],"picked":"Singing Bowl","floor":14},{"not_picked":["Doppelganger","Grand Finale+1"],"picked":"Corpse Explosion","floor":16},{"not_picked":["Heel Hook+1","Dodge and Roll+1"],"picked":"Catalyst","floor":18},{"not_picked":["Dagger Throw+1","Quick Slash+1","Cloak And Dagger"],"picked":"Singing Bowl","floor":20},{"not_picked":["Prepared","Finisher+1","Choke+1"],"picked":"Singing Bowl","floor":22},{"not_picked":["Envenom","Quick Slash+1"],"picked":"Backflip+1","floor":23},{"not_picked":["Dodge and Roll+1","Deadly Poison","Underhanded Strike+1"],"picked":"Singing Bowl","floor":25},{"not_picked":["Expertise","Outmaneuver"],"picked":"PiercingWail","floor":27},{"not_picked":["PiercingWail","Cloak And Dagger+1","Quick Slash+1"],"picked":"Singing Bowl","floor":31},{"not_picked":["Glass Knife+1","After Image","Corpse Explosion"],"picked":"Singing Bowl","floor":33},{"not_picked":["Cloak And Dagger","Prepared"],"picked":"Noxious Fumes+1","floor":35},{"not_picked":["Poisoned Stab+1","Dodge and Roll"],"picked":"Backflip","floor":37},{"not_picked":["Finisher+1","Flying Knee+1","Deadly Poison+1"],"picked":"Singing Bowl","floor":39},{"not_picked":["Storm of Steel","Underhanded Strike+1"],"picked":"Footwork","floor":41},{"not_picked":["Deadly Poison","Prepared"],"picked":"Backflip","floor":42},{"not_picked":["Terror","Infinite Blades","Concentrate+1"],"picked":"Singing Bowl","floor":45},{"not_picked":["Noxious Fumes+1","Escape Plan"],"picked":"Leg Sweep","floor":46},{"not_picked":["Deflect","Prepared","Tactician"],"picked":"Singing Bowl","floor":47},{"not_picked":["Skewer+1","Escape Plan","Blade Dance"],"picked":"Singing Bowl","floor":48},{"not_picked":["Caltrops","Accuracy+1","Infinite Blades"],"picked":"Singing Bowl","floor":55}],"player_experience":1725470,"relics_obtained":[{"floor":7.0,"key":"Molten Egg 2"},{"floor":9.0,"key":"Meat on the Bone"},{"floor":10.0,"key":"Pen Nib"},{"floor":13.0,"key":"Calipers"},{"floor":14,"key":"Singing Bowl"},{"floor":23,"key":"PreservedInsect"},{"floor":25,"key":"Bag of Marbles"},{"floor":26,"key":"MealTicket"},{"floor":27,"key":"Blue Candle"},{"floor":41,"key":"Orichalcum"},{"floor":46,"key":"Boot"},{"floor":48,"key":"Bronze Scales"},{"floor":55,"key":"Snake Skull"}],"event_choices":[{"damage_healed":19.0,"max_hp_gain":0.0,"max_hp_loss":0.0,"gold_gain":0.0,"event_name":"The Cleric","player_choice":"Healed","floor":5.0,"gold_loss":35.0,"damage_taken":0.0},{"damage_healed":0.0,"max_hp_gain":0.0,"max_hp_loss":0.0,"gold_gain":0.0,"event_name":"Dead Adventurer","player_choice":"Searched \u00272\u0027 times","floor":13.0,"gold_loss":0.0,"damage_taken":0.0},{"damage_healed":0,"gold_gain":0,"player_choice":"Shed Blood","damage_taken":29,"max_hp_gain":5,"max_hp_loss":0,"event_name":"Forgotten Altar","floor":21,"gold_loss":0},{"damage_healed":0,"gold_gain":0,"player_choice":"Ignored","damage_taken":0,"max_hp_gain":0,"max_hp_loss":0,"event_name":"The Mausoleum","floor":29,"gold_loss":0},{"damage_healed":0,"gold_gain":0,"player_choice":"Copied","damage_taken":0,"max_hp_gain":0,"max_hp_loss":0,"event_name":"Duplicator","floor":30,"gold_loss":0,"cards_obtained":["Catalyst"]},{"damage_healed":0,"gold_gain":0,"player_choice":"Max HP","damage_taken":0,"max_hp_gain":0,"max_hp_loss":5,"event_name":"Winding Halls","floor":36,"gold_loss":0},{"cards_removed":["Defend_G"],"damage_healed":0,"gold_gain":0,"player_choice":"Removed Skill","damage_taken":0,"max_hp_gain":0,"max_hp_loss":0,"event_name":"Falling","floor":38,"gold_loss":0},{"damage_healed":0,"gold_gain":0,"player_choice":"Paid Gold","damage_taken":0,"relics_obtained":["Akabeko"],"max_hp_gain":0,"max_hp_loss":0,"event_name":"WeMeetAgain","floor":44,"gold_loss":132}],"is_beta":false,"boss_relics":[{"not_picked":["Tiny House","SlaversCollar"],"picked":"Philosopher\u0027s Stone"},{"not_picked":["HoveringKite","Fusion Hammer"],"picked":"Coffee Dripper"}],"items_purged_floors":[19,54],"is_endless":false,"potions_floor_spawned":[1,3,7,10,18,22,23,25,37,41,42],"ascension_level":20}}