{"host":"sav7uxregyirlf69","time":1610352865,"event":{"mods":["AchievementEnabler","BaseMod","Colored Map","DeckTracker","Keyboard Shortcuts","Minty Spire (QoL Compilation)","READ ME - Guardian Mod","StSLib","SuperFastMode"],"gold_per_floor":[115,115,126,126,16,45,45,10,81,81,94,107,62,78,78,153,153,168,168,168,68,87,87,118,118,142,142,142],"floor_reached":27,"playtime":416,"items_purged":["Strike_G","Defend_G"],"score":401,"play_id":"e13bf560-5535-4681-9831-ef43cada3a68","local_time":"20210111171425","is_ascension_mode":true,"campfire_choices":[{"data":"Skewer","floor":7,"key":"SMITH"},{"data":"Bouncing Flask","floor":10,"key":"SMITH"},{"data":"Outmaneuver","floor":15,"key":"SMITH"},{"data":"Footwork","floor":23,"key":"SMITH"},{"floor":25,"key":"REST"}],"circlet_count":0,"master_deck":["AscendersBane","Defend_G","Defend_G","Defend_G","Defend_G","Survivor","Neutralize","Dagger Spray","Skewer+1","Bouncing Flask+1","Outmaneuver+1","Footwork+1"],"relics":["Ring of the Snake","Ice Cream","Happy Flower","Calipers","Sundial","Empty Cage","Anchor","Akabeko"],"acts_visited":["Exordium","TheCity"],"potions_floor_usage":[16,24],"damage_taken":[{"damage":3,"enemies":"Cultist","floor":1,"turns":6},{"damage":2,"enemies":"Jaw Worm","floor":3,"turns":5},{"damage":16,"enemies":"Lagavulin","floor":6,"turns":8},{"damage":6,"enemies":"2 Louse","floor":11,"turns":2},{"damage":6,"enemies":"Blue Slaver","floor":12,"turns":4},{"damage":0,"enemies":"Looter","floor":14,"turns":2},{"damage":13,"enemies":"The Guardian","floor":16,"turns":8},{"damage":5,"enemies":"Spheric Guardian","floor":18,"turns":5},{"damage":21,"enemies":"2 Thieves","floor":22,"turns":5},{"damage":49,"enemies":"Slavers","floor":24,"turns":9},{"damage":0,"enemies":"Snecko","floor":27,"turns":3}],"seed_played":"7392833527324755351","potions_obtained":[{"floor":11,"key":"FairyPotion"},{"floor":12,"key":"ColorlessPotion"},{"floor":22,"key":"Block Potion"},{"floor":24,"key":"Fire Potion"}],"is_trial":false,"path_per_floor":["M","?","M","T","$","E","R","?","T","R","M","M","$","M","R","B",null,"M","?","?","$","M","R","E","R","T","M"],"character_chosen":"THE_SILENT","items_purchased":["Skewer","Outmaneuver"],"campfire_rested":1,"item_purchase_floors":[5,13],"current_hp_per_floor":[41,34,32,32,32,16,16,32,32,32,26,20,20,20,20,7,51,46,46,76,76,55,55,6,28,28,28,28],"gold":142,"neow_bonus":"ONE_RARE_RELIC","is_daily":false,"chose_seed":false,"campfire_upgraded":4,"win_rate":0.0,"timestamp":1610352865,"path_taken":["M","?","M","?","$","E","R","?","T","R","M","M","?","M","R","BOSS","M","?","?","$","M","R","E","R","T","M"],"items_purchased_type":["Card","Card"],"build_version":"2020-12-22","purchased_purges":2,"victory":false,"max_hp_per_floor":[66,66,66,66,66,66,66,66,66,66,66,66,66,66,66,66,66,66,66,76,76,76,76,76,76,76,76,76],"card_choices":[{"not_picked":["Acrobatics","Expertise","Catalyst"],"picked":"SKIP","floor":1},{"not_picked":["Caltrops","Quick Slash"],"picked":"Dagger Spray","floor":3},{"not_picked":["Infinite Blades","Deflect"],"picked":"Bouncing Flask","floor":6},{"not_picked":["Flechettes","Dagger Spray","PiercingWail"],"picked":"SKIP","floor":11},{"not_picked":["Setup","Eviscerate","Dagger Throw"],"picked":"SKIP","floor":12},{"not_picked":["Outmaneuver","Finisher","Flying Knee"],"picked":"SKIP","floor":14},{"not_picked":["Venomology","Corpse Explosion"],"picked":"Malaise","floor":16},{"not_picked":["Dagger Spray","Finisher","Dagger Throw"],"picked":"SKIP","floor":18},{"not_picked":["Heel Hook+1","Blade Dance"],"picked":"Footwork","floor":22},{"not_picked":["Cloak And Dagger","Dagger Spray","Poisoned Stab"],"picked":"SKIP","floor":24}],"player_experience":1243226,"relics_obtained":[{"floor":4,"key":"Happy Flower"},{"floor":6,"key":"Calipers"},{"floor":9,"key":"Sundial"},{"floor":24,"key":"Anchor"},{"floor":26,"key":"Akabeko"}],"event_choices":[{"cards_removed":["Strike_G"],"damage_healed":0,"gold_gain":0,"player_choice":"Card Removal","damage_taken":7,"max_hp_gain":0,"max_hp_loss":0,"event_name":"Golden Wing","floor":2,"gold_loss":0},{"damage_healed":16,"gold_gain":0,"player_choice":"Healed","damage_taken":0,"max_hp_gain":0,"max_hp_loss":0,"event_name":"The Cleric","floor":8,"gold_loss":35},{"cards_removed":["Strike_G"],"damage_healed":0,"gold_gain":0,"player_choice":"Elegance","damage_taken":0,"max_hp_gain":0,"max_hp_loss":0,"event_name":"Back to Basics","floor":19,"gold_loss":0},{"cards_removed":["Malaise"],"damage_healed":20,"gold_gain":0,"player_choice":"Offered Rare","damage_taken":0,"max_hp_gain":10,"max_hp_loss":0,"event_name":"Bonfire Elementals","floor":20,"gold_loss":0}],"is_beta":false,"boss_relics":[{"not_picked":["SacredBark","Tiny House"],"picked":"Empty Cage"}],"items_purged_floors":[5,21],"is_endless":false,"potions_floor_spawned":[11,12,14,22,24],"killed_by":"Snecko","ascension_level":15}}