{"host":"xb2tau8pgi8aflss","time":1610367547,"event":{"mods":["AchievementEnabler","BaseMod","Hermit","Minty Spire (QoL Compilation)","StSLib","SuperFastMode"],"gold_per_floor":[129,204,204,223,223,261,261,536,586,605,230,230,249,268,268,393,393,412,431,431,431],"floor_reached":20,"playtime":658,"items_purged":[],"score":174,"play_id":"642ee44b-5027-4c67-a0e8-aca07ed784cd","local_time":"20210111211907","daily_mods":["Allstar","Flight","Lethality"],"is_ascension_mode":false,"campfire_choices":[{"data":"Apotheosis","floor":7,"key":"SMITH"},{"floor":12,"key":"REST"},{"floor":15,"key":"REST"}],"circlet_count":0,"master_deck":["hermit:Strike_Hermit","hermit:Strike_Hermit","hermit:Strike_Hermit","hermit:Strike_Hermit","hermit:Defend_Hermit","hermit:Defend_Hermit","hermit:Defend_Hermit","hermit:Defend_Hermit","hermit:Snapshot","hermit:Covet","Mayhem","Panacea","Apotheosis+1","Good Instincts","Metamorphosis","hermit:Snipe","Injury","hermit:Dive","hermit:Coalescence","Regret","hermit:GoldenBullet","hermit:Vantage","hermit:LuckOfTheDraw","hermit:FatalDesire","hermit:Determination+1"],"relics":["hermit:Momento","Golden Idol","CaptainsWheel","Sundial","Potion Belt","Lantern","Blood Vial","Fusion Hammer"],"acts_visited":["Exordium","TheCity"],"potions_floor_usage":[6,19,19],"damage_taken":[{"damage":3,"enemies":"Jaw Worm","floor":1,"turns":3},{"damage":4,"enemies":"2 Louse","floor":4,"turns":2},{"damage":32,"enemies":"Gremlin Nob","floor":6,"turns":6},{"damage":13,"enemies":"Small Slimes","floor":10,"turns":4},{"damage":12,"enemies":"Red Slaver","floor":13,"turns":4},{"damage":0,"enemies":"Looter","floor":14,"turns":4},{"damage":23,"enemies":"Hexaghost","floor":16,"turns":9},{"damage":45,"enemies":"Chosen","floor":18,"turns":7},{"damage":32,"enemies":"3 Byrds","floor":19,"turns":5},{"damage":21,"enemies":"Snake Plant","floor":20,"turns":2}],"seed_played":"2608465768335268498","potions_obtained":[{"floor":4,"key":"DistilledChaos"},{"floor":6,"key":"Regen Potion"},{"floor":14,"key":"Fire Potion"}],"is_trial":false,"path_per_floor":["M","?","?","M","?","E","R","?","T","M","$","R","M","M","R","B",null,"M","M","M"],"character_chosen":"HERMIT","items_purchased":["Lantern","Blood Vial","hermit:GoldenBullet"],"campfire_rested":2,"item_purchase_floors":[11,11,11],"current_hp_per_floor":[72,61,61,57,54,22,22,22,22,9,9,31,21,23,45,24,75,30,14,0,0],"gold":431,"neow_bonus":"","is_daily":true,"chose_seed":false,"campfire_upgraded":1,"win_rate":0.0,"timestamp":1610367547,"path_taken":["M","?","?","M","?","E","R","?","T","M","$","R","M","M","R","BOSS","M","M","M"],"items_purchased_type":["Relic","Relic","Card"],"build_version":"2020-12-22","purchased_purges":0,"victory":false,"max_hp_per_floor":[75,75,75,75,75,75,75,75,75,75,75,75,75,75,75,75,75,75,75,75,75],"card_choices":[{"not_picked":["hermit:Horror","hermit:Feint"],"picked":"hermit:Snipe","floor":1},{"not_picked":["hermit:FlashPowder","hermit:BodyArmor"],"picked":"hermit:Dive","floor":4},{"not_picked":["hermit:FlashPowder","hermit:WideOpen"],"picked":"hermit:Coalescence","floor":6},{"not_picked":["hermit:Snipe","hermit:HighCaliber","hermit:Adapt"],"picked":"SKIP","floor":10},{"not_picked":["hermit:CursedWeapon","hermit:Glare"],"picked":"hermit:Vantage","floor":13},{"not_picked":["hermit:Misfire","hermit:Glare"],"picked":"hermit:LuckOfTheDraw","floor":14},{"not_picked":["hermit:HeroicBravado","hermit:OverwhelmingPower"],"picked":"hermit:FatalDesire","floor":16},{"not_picked":["hermit:Feint","hermit:SprayPray"],"picked":"hermit:Determination+1","floor":18},{"not_picked":["hermit:WideOpen","hermit:Quickdraw","hermit:SprayPray"],"picked":"SKIP","floor":19}],"player_experience":777957,"relics_obtained":[{"floor":6,"key":"Sundial"},{"floor":9,"key":"Potion Belt"}],"event_choices":[{"damage_healed":0,"gold_gain":75,"player_choice":"Gather Gold","damage_taken":11,"max_hp_gain":0,"max_hp_loss":0,"event_name":"World of Goop","floor":2,"gold_loss":0},{"damage_healed":0,"gold_gain":0,"player_choice":"Take Wound","damage_taken":0,"relics_obtained":["Golden Idol"],"max_hp_gain":0,"max_hp_loss":0,"event_name":"Golden Idol","floor":3,"gold_loss":0,"cards_obtained":["Injury"]},{"damage_healed":0,"gold_gain":0,"player_choice":"Success","damage_taken":3,"relics_obtained":["CaptainsWheel"],"max_hp_gain":0,"max_hp_loss":0,"event_name":"Scrap Ooze","floor":5,"gold_loss":0},{"damage_healed":0,"gold_gain":275,"player_choice":"Desecrate","damage_taken":0,"max_hp_gain":0,"max_hp_loss":0,"event_name":"Golden Shrine","floor":8,"gold_loss":0,"cards_obtained":["Regret"]}],"is_beta":false,"boss_relics":[{"not_picked":["Runic Dome","Calling Bell"],"picked":"Fusion Hammer"}],"items_purged_floors":[],"is_endless":false,"potions_floor_spawned":[4,6,14],"killed_by":"Snake Plant","ascension_level":0}}