{"host":"khm4we1ijduz33xh","time":1610376908,"event":{"mods":["AchievementEnabler","BaseMod","Colored Map","Minty Spire (QoL Compilation)","Rare Cards Sparkle","StSLib","SuperFastMode"],"gold_per_floor":[11,11,11,11,29,29,47,47,95,133,133,148,148,168,168,293,293,306,326,326,326,326],"floor_reached":21,"playtime":649,"items_purged":[],"score":197,"play_id":"0ad54704-2d7d-4475-967b-27054614f24b","local_time":"20210111235508","is_ascension_mode":true,"campfire_choices":[{"data":"Seeing Red","floor":6,"key":"SMITH"},{"data":"Rampage","floor":8,"key":"SMITH"},{"floor":13,"key":"REST"},{"floor":15,"key":"REST"}],"circlet_count":0,"master_deck":["Strike_R","Strike_R+1","Strike_R","Strike_R","Defend_R","Defend_R","Defend_R","Defend_R","Bash+1","Seeing Red+1","Rampage+1","Berserk","Shockwave","True Grit","Offering","Rupture+1","Carnage+1"],"relics":["Burning Blood","Turnip","Golden Idol","Potion Belt","Mark of Pain","Bag of Marbles"],"acts_visited":["Exordium","TheCity"],"potions_floor_usage":[16,16,19],"damage_taken":[{"damage":16,"enemies":"Small Slimes","floor":1,"turns":4},{"damage":4,"enemies":"2 Louse","floor":5,"turns":2},{"damage":2,"enemies":"Jaw Worm","floor":7,"turns":2},{"damage":16,"enemies":"Gremlin Nob","floor":10,"turns":4},{"damage":18,"enemies":"Exordium Wildlife","floor":12,"turns":3},{"damage":15,"enemies":"Red Slaver","floor":14,"turns":3},{"damage":33,"enemies":"The Guardian","floor":16,"turns":10},{"damage":32,"enemies":"Chosen","floor":18,"turns":5},{"damage":24,"enemies":"3 Byrds","floor":19,"turns":7},{"damage":36,"enemies":"Shelled Parasite and Fungi","floor":21,"turns":3}],"seed_played":"6132256465265573192","potions_obtained":[{"floor":1,"key":"BlessingOfTheForge"},{"floor":7,"key":"SpeedPotion"},{"floor":10,"key":"Ancient Potion"},{"floor":14,"key":"PowerPotion"},{"floor":18,"key":"HeartOfIron"}],"is_trial":false,"path_per_floor":["M","?","?","$","M","R","M","R","T","E","?","M","R","M","R","B",null,"M","M","?","M"],"character_chosen":"IRONCLAD","items_purchased":[],"campfire_rested":2,"item_purchase_floors":[],"current_hp_per_floor":[70,50,34,34,36,36,40,40,40,30,23,11,35,26,50,23,80,54,36,36,0,0],"gold":326,"neow_bonus":"ONE_RARE_RELIC","is_daily":false,"chose_seed":false,"campfire_upgraded":2,"win_rate":0.0,"timestamp":1610376908,"path_taken":["M","?","?","$","M","R","M","R","T","E","?","M","R","M","R","BOSS","M","M","?","?"],"items_purchased_type":[],"build_version":"2020-12-22","purchased_purges":0,"victory":false,"max_hp_per_floor":[80,80,80,80,80,80,80,80,80,80,80,80,80,80,80,80,80,80,80,80,80,80],"card_choices":[{"not_picked":["Fire Breathing","Shockwave"],"picked":"Seeing Red","floor":1},{"not_picked":["Seeing Red","Ghostly Armor"],"picked":"Rampage","floor":5},{"not_picked":["Havoc","Battle Trance","Iron Wave"],"picked":"SKIP","floor":7},{"not_picked":["Corruption","Body Slam"],"picked":"Berserk","floor":10},{"not_picked":["Sword Boomerang","Pommel Strike"],"picked":"Shockwave","floor":12},{"not_picked":["Headbutt","Clash"],"picked":"True Grit","floor":14},{"not_picked":["Impervious","Brutality"],"picked":"Offering","floor":16},{"not_picked":["Anger","Intimidate+1"],"picked":"Rupture+1","floor":18},{"not_picked":["Warcry","Havoc"],"picked":"Carnage+1","floor":19}],"player_experience":196160,"relics_obtained":[{"floor":10,"key":"Potion Belt"},{"floor":20,"key":"Bag of Marbles"}],"event_choices":[{"damage_healed":0,"gold_gain":0,"player_choice":"Take Damage","damage_taken":20,"relics_obtained":["Golden Idol"],"max_hp_gain":0,"max_hp_loss":0,"event_name":"Golden Idol","floor":2,"gold_loss":0},{"damage_healed":0,"gold_gain":0,"player_choice":"Entered Light","damage_taken":16,"max_hp_gain":0,"max_hp_loss":0,"event_name":"Shining Light","floor":3,"gold_loss":0,"cards_upgraded":["Strike_R","Bash"]},{"cards_removed":["Strike_R"],"damage_healed":0,"gold_gain":0,"player_choice":"Card Removal","damage_taken":7,"max_hp_gain":0,"max_hp_loss":0,"event_name":"Golden Wing","floor":11,"gold_loss":0},{"damage_healed":0,"gold_gain":0,"player_choice":"Relic","damage_taken":0,"max_hp_gain":0,"max_hp_loss":0,"event_name":"Wheel of Change","floor":20,"gold_loss":0}],"is_beta":false,"boss_relics":[{"not_picked":["SacredBark","Coffee Dripper"],"picked":"Mark of Pain"}],"items_purged_floors":[],"is_endless":false,"potions_floor_spawned":[1,7,10,14,18],"killed_by":"Shelled Parasite and Fungi","ascension_level":2}}