{"host":"fjaupvxe7fzqrf4j","time":1610364291,"event":{"mods":["ATMod(°¢èªMod)","BaseMod","Minty Spire (QoL Compilation)","StSLib"],"gold_per_floor":[112,112,187,18,18,147,474,599,599,924,924,665,798,1130,1130,1306,1306,1316,1316,1231,1231,1231,1360,1492,1621,1701,1835,1395,1527,1653,1787,1787,1961,1961,1974,1644,1476,1529,1529,1661,1793,1924,1947,2076,1735,1865,1999,1999,1999,2099,2299,2299,2299,1719,1947,2047],"floor_reached":57,"playtime":1471,"items_purged":["AT_OneInchPunch+1","Consecrate+1"],"score":4642,"play_id":"9a685210-e77d-4edb-97f7-b4cdb06cf02f","local_time":"20210111192451","daily_mods":["SealedDeck","Heirloom","Time Dilation","Flight","Elite Swarm"],"is_ascension_mode":true,"campfire_choices":[{"data":"AT_ChampionStep","floor":11.0,"key":"SMITH"},{"data":"Indignation","floor":15.0,"key":"SMITH"},{"floor":32,"key":"DIG"},{"floor":49,"key":"RECALL"},{"floor":53,"key":"DIG"}],"circlet_count":0,"master_deck":["AscendersBane","Prostrate+1","WheelKick+1","Indignation+1","Wallop+1","ClearTheMind+1","Crescendo+1","AT_ChampionStep+1","TalkToTheHand+1","DeusExMachina+1","LessonLearned+1","TalkToTheHand+1","Vault+1","Brilliance+1","TalkToTheHand+1","MasterReality+1","FearNoEvil+1","Prostrate+1","Scrawl+1","DevaForm+1","Fasting2+1","Ragnarok+1","Scrawl+1","Tantrum+1","Purity+1","Master of Strategy+1"],"relics":["PureWater","AT_ATBox","AT_TheCollector","Anchor","TungstenRod","Toxic Egg 2","Art of War","Du-Vu Doll","AT_BladeRuinedKing","Membership Card","Potion Belt","Gremlin Horn","FossilizedHelix","Philosopher\u0027s Stone","Frozen Egg 2","Tiny Chest","GoldenEye","Eternal Feather","Unceasing Top","Lee\u0027s Waffle","Pantograph","Shovel","Mummified Hand","Turnip","StoneCalendar","Akabeko","AT_TrinityForce","AT_ChloranthyRing","Bird Faced Urn","Damaru","Happy Flower","AT_GoldPhoenixTree","Singing Bowl","Blood Vial","Oddly Smooth Stone","AT_ArchangelStaff","AT_EbonyIvory","Bottled Flame","Torii","Smiling Mask","Vajra","StrikeDummy","Bag of Marbles","Kunai","Sling"],"acts_visited":["Exordium","TheCity","TheBeyond","TheEnding"],"potions_floor_usage":[40,54,56,56,56],"damage_taken":[{"damage":0.0,"enemies":"2 Louse","floor":1.0,"turns":1.0},{"damage":0.0,"enemies":"Lagavulin","floor":6.0,"turns":2.0},{"damage":19.0,"enemies":"3 Sentries","floor":7.0,"turns":4.0},{"damage":0.0,"enemies":"Gremlin Nob","floor":8.0,"turns":2.0},{"damage":0.0,"enemies":"3 Sentries","floor":10.0,"turns":2.0},{"damage":0.0,"enemies":"Lagavulin","floor":13.0,"turns":2.0},{"damage":0.0,"enemies":"3 Sentries","floor":14.0,"turns":3.0},{"damage":0.0,"enemies":"The Guardian","floor":16.0,"turns":4.0},{"damage":0.0,"enemies":"Spheric Guardian","floor":18.0,"turns":4.0},{"damage":0.0,"enemies":"Book of Stabbing","floor":23.0,"turns":2.0},{"damage":0.0,"enemies":"Gremlin Leader","floor":24.0,"turns":4.0},{"damage":13.0,"enemies":"Slavers","floor":25.0,"turns":5.0},{"damage":0,"enemies":"Book of Stabbing","floor":27,"turns":2},{"damage":0,"enemies":"Gremlin Leader","floor":29,"turns":3},{"damage":0,"enemies":"Slavers","floor":30,"turns":2},{"damage":0,"enemies":"Gremlin Leader","floor":31,"turns":1},{"damage":0,"enemies":"Automaton","floor":33,"turns":3},{"damage":0,"enemies":"3 Shapes","floor":35,"turns":2},{"damage":0,"enemies":"2 Orb Walkers","floor":38,"turns":1},{"damage":0,"enemies":"Nemesis","floor":40,"turns":1},{"damage":0,"enemies":"Giant Head","floor":41,"turns":4},{"damage":0,"enemies":"Nemesis","floor":42,"turns":4},{"damage":0,"enemies":"Reptomancer","floor":44,"turns":1},{"damage":0,"enemies":"Nemesis","floor":46,"turns":4},{"damage":0,"enemies":"Reptomancer","floor":47,"turns":1},{"damage":0,"enemies":"Time Eater","floor":50,"turns":2},{"damage":0,"enemies":"Awakened One","floor":51,"turns":3},{"damage":0,"enemies":"Shield and Spear","floor":55,"turns":3},{"damage":0,"enemies":"The Heart","floor":56,"turns":4}],"seed_played":"8816731368759652801","potions_obtained":[{"floor":1.0,"key":"DuplicationPotion"},{"floor":10.0,"key":"BottledMiracle"},{"floor":14.0,"key":"Swift Potion"},{"floor":16.0,"key":"Explosive Potion"},{"floor":29,"key":"LiquidMemories"},{"floor":40,"key":"Fruit Juice"},{"floor":47,"key":"GamblersBrew"}],"is_trial":true,"path_per_floor":["M","?","?","$","?","E","E","E","T","E","R","$","E","E","R","B",null,"M","?","?","?","?","E","E","E","T","E","$","E","E","E","R","B",null,"M","$","$","?","?","E","E","E","T","E","$","E","E","?","R","B","B",null,"R","$","E","B",null],"character_chosen":"WATCHER","items_purchased":["Anchor","Membership Card","TalkToTheHand","Potion Belt","Lee\u0027s Waffle","Pantograph","FearNoEvil","Prostrate+1","Shovel","AT_ChloranthyRing","Fasting2+1","Bird Faced Urn","Damaru","Happy Flower","Bottled Flame","Torii","Tantrum","Bag of Marbles","Kunai","Sling","Fruit Juice","ColorlessPotion","Purity+1","Master of Strategy+1"],"campfire_rested":0,"item_purchase_floors":[4,12,12,12,28,28,28,28,28,36,36,36,37,37,45,45,54,54,54,54,54,54,54,54],"current_hp_per_floor":[61,61,50,50,50,50,31,31,31,31,31,31,31,31,31,31,59,59,59,59,59,59,59,59,46,46,46,75,75,75,75,75,75,75,75,75,75,75,75,82,84,84,84,86,86,88,88,88,88,88,88,88,88,93,95,95],"gold":2047,"neow_bonus":"","is_daily":false,"chose_seed":false,"campfire_upgraded":2,"win_rate":0.0,"timestamp":1610364291,"path_taken":["M","?","?","$","?","E","E","E","T","E","R","$","E","E","R","BOSS","M","?","?","?","?","E","E","E","T","E","$","E","E","E","R","BOSS","M","$","$","?","?","E","E","E","T","E","$","E","E","?","R","BOSS","BOSS","R","$","E","BOSS"],"items_purchased_type":["Relic","Relic","Card","Relic","Relic","Relic","Card","Card","Relic","Relic","Card","Relic","Relic","Relic","Relic","Relic","Card","Relic","Relic","Relic","Potion","Potion","Card","Card"],"build_version":"2020-12-22","purchased_purges":2,"victory":true,"max_hp_per_floor":[68,68,68,68,68,68,68,68,68,68,68,68,68,68,68,68,68,68,68,68,68,68,68,68,68,68,68,75,75,75,75,75,75,75,75,75,75,75,75,82,84,84,84,86,86,88,88,88,88,88,88,88,88,93,95,95],"card_choices":[{"not_picked":["InnerPeace","SashWhip"],"picked":"TalkToTheHand","floor":1.0},{"not_picked":["AT_IrregularMenstruation","Wish","Omniscience"],"picked":"SKIP","floor":6.0},{"not_picked":["Judgement+1","Wish+1"],"picked":"DeusExMachina+1","floor":7.0},{"not_picked":["Wish+1","DeusExMachina+1"],"picked":"LessonLearned","floor":8.0},{"not_picked":["AT_RealColorLess","MasterReality","AT_MachinaRedman+1"],"picked":"SKIP","floor":10.0},{"not_picked":["Judgement+1","Wish+1"],"picked":"Vault+1","floor":13.0},{"not_picked":["AT_IrregularMenstruation+1","Devotion","Alpha+1"],"picked":"SKIP","floor":14.0},{"not_picked":["AT_IrregularMenstruation+1","MasterReality"],"picked":"Brilliance","floor":16.0},{"not_picked":["Evaluate+1","Consecrate"],"picked":"TalkToTheHand+1","floor":18.0},{"not_picked":["Omniscience+1","Wish+1","ConjureBlade+1"],"picked":"SKIP","floor":23.0},{"not_picked":["Vault+1","Establishment+1","Devotion+1"],"picked":"SKIP","floor":24.0},{"not_picked":["Devotion+1","LessonLearned"],"picked":"MasterReality+1","floor":25.0},{"not_picked":["ConjureBlade+1","SpiritShield+1","Omniscience+1"],"picked":"SKIP","floor":27},{"not_picked":["MasterReality+1","AT_ChampionKick","ConjureBlade+1"],"picked":"SKIP","floor":29},{"not_picked":["AT_IrregularMenstruation+1","DeusExMachina+1"],"picked":"Scrawl+1","floor":30},{"not_picked":["Blasphemy+1","AT_MachinaRedman+1","Judgement+1"],"picked":"SKIP","floor":31},{"not_picked":["Wish+1","Judgement+1"],"picked":"DevaForm+1","floor":33},{"not_picked":["Vengeance+1","Conclude","WreathOfFlame+1"],"picked":"SKIP","floor":35},{"not_picked":["AT_ChampionKick","Judgement+1","AT_RealColorLess+1"],"picked":"Singing Bowl","floor":40},{"not_picked":["Alpha+1","AT_RealColorLess+1","Establishment+1"],"picked":"Singing Bowl","floor":41},{"not_picked":["Brilliance","Devotion+1"],"picked":"Ragnarok","floor":42},{"not_picked":["Vault+1","Judgement+1","Blasphemy+1"],"picked":"Singing Bowl","floor":44},{"not_picked":["AT_ChampionKick","Vault+1","AT_RealColorLess+1"],"picked":"Singing Bowl","floor":46},{"not_picked":["AT_MachinaRedman+1","Judgement+1"],"picked":"Scrawl+1","floor":47},{"not_picked":["ConjureBlade+1","Establishment+1","DevaForm+1"],"picked":"Singing Bowl","floor":55}],"player_experience":401370,"relics_obtained":[{"floor":6.0,"key":"TungstenRod"},{"floor":7.0,"key":"Toxic Egg 2"},{"floor":8.0,"key":"Art of War"},{"floor":9.0,"key":"Du-Vu Doll"},{"floor":10.0,"key":"AT_BladeRuinedKing"},{"floor":13.0,"key":"Gremlin Horn"},{"floor":14.0,"key":"FossilizedHelix"},{"floor":23.0,"key":"Tiny Chest"},{"floor":24.0,"key":"GoldenEye"},{"floor":25.0,"key":"Eternal Feather"},{"floor":27,"key":"Unceasing Top"},{"floor":29,"key":"Mummified Hand"},{"floor":30,"key":"Turnip"},{"floor":31,"key":"StoneCalendar"},{"floor":32,"key":"Akabeko"},{"floor":38,"key":"AT_GoldPhoenixTree"},{"floor":40,"key":"Singing Bowl"},{"floor":41,"key":"Blood Vial"},{"floor":42,"key":"Oddly Smooth Stone"},{"floor":43,"key":"AT_ArchangelStaff"},{"floor":44,"key":"AT_EbonyIvory"},{"floor":46,"key":"Smiling Mask"},{"floor":47,"key":"Vajra"},{"floor":53,"key":"StrikeDummy"}],"event_choices":[{"damage_healed":0.0,"max_hp_gain":0.0,"max_hp_loss":0.0,"gold_gain":0.0,"event_name":"Living Wall","player_choice":"Grow","floor":2.0,"gold_loss":0.0,"damage_taken":0.0,"cards_upgraded":["AT_OneInchPunch"]},{"damage_healed":0.0,"max_hp_gain":0.0,"max_hp_loss":0.0,"gold_gain":75.0,"event_name":"World of Goop","player_choice":"Gather Gold","floor":3.0,"gold_loss":0.0,"damage_taken":11.0},{"damage_healed":0.0,"max_hp_gain":0.0,"max_hp_loss":0.0,"gold_gain":0.0,"event_name":"Liars Game","player_choice":"Ignored","floor":5.0,"gold_loss":0.0,"damage_taken":0.0},{"damage_healed":0.0,"max_hp_gain":0.0,"max_hp_loss":0.0,"gold_gain":0.0,"event_name":"The Mausoleum","player_choice":"Ignored","floor":19.0,"gold_loss":0.0,"damage_taken":0.0},{"damage_healed":0.0,"max_hp_gain":0.0,"max_hp_loss":0.0,"gold_gain":0.0,"event_name":"Addict","player_choice":"Obtained Relic","floor":20.0,"gold_loss":85.0,"damage_taken":0.0,"relics_obtained":["Frozen Egg 2"]},{"damage_healed":0.0,"max_hp_gain":0.0,"max_hp_loss":0.0,"gold_gain":0.0,"event_name":"Ghosts","player_choice":"Ignored","floor":21.0,"gold_loss":0.0,"damage_taken":0.0},{"cards_removed":["FlurryOfBlows"],"damage_healed":0.0,"max_hp_gain":0.0,"max_hp_loss":0.0,"gold_gain":0.0,"event_name":"Back to Basics","player_choice":"Elegance","floor":22.0,"gold_loss":0.0,"damage_taken":0.0},{"damage_healed":0,"gold_gain":0,"player_choice":"Fight","damage_taken":0,"max_hp_gain":0,"max_hp_loss":0,"event_name":"Mysterious Sphere","floor":38,"gold_loss":0},{"damage_healed":0,"gold_gain":0,"player_choice":"Memory 1","damage_taken":0,"max_hp_gain":0,"max_hp_loss":0,"event_name":"SensoryStone","floor":39,"gold_loss":0},{"damage_healed":0,"gold_gain":0,"player_choice":"Ignored","damage_taken":0,"max_hp_gain":0,"max_hp_loss":0,"event_name":"Tomb of Lord Red Mask","floor":48,"gold_loss":0}],"is_beta":false,"boss_relics":[{"not_picked":["Sozu","Tiny House"],"picked":"Philosopher\u0027s Stone"},{"not_picked":["Black Star","VioletLotus"],"picked":"AT_TrinityForce"}],"items_purged_floors":[36,45],"is_endless":false,"potions_floor_spawned":[1,10,14,16,25,27,29,30,40,46,47],"ascension_level":20}}