{"host":"fx1msjnmzlhlr397","time":1610380317,"event":{"mods":["AchievementEnabler","Act Like it!","Astrologer","BaseMod","Better Third Choice","Colored Map","Colored Powertips","Downfall","Duelist Mod","Friendly Minions","Gensokyo","GifTheSpireLib","Googly Eyes","Hermit","Highlight Path","LagranYue(???·?)","Marisa????????","Minty Spire (QoL Compilation)","Permanent Neow","Prisma Mod","Quick Restart","Rare Cards Sparkle","Replay The Spire","SOS???????","Shop Mod","StSLib","SuperFastMode","Td1madao Mod","The Alterego","The Animator","The Hierophant","The Jungle","The Wild Card"],"gold_per_floor":[117,134,234,247,263,263,263,263,263,263,85,112,112,122,122,122,122],"floor_reached":16,"playtime":645,"items_purged":[],"score":92,"play_id":"882b3014-911c-48fc-8364-8c4ba8076d6d","local_time":"20210111105157","is_ascension_mode":false,"campfire_choices":[{"floor":6,"key":"REST"},{"floor":13,"key":"REST"},{"floor":15,"key":"REST"}],"circlet_count":0,"master_deck":["animator:Strike_Konosuba","animator:Defend_Konosuba","animator:Strike","animator:Strike","animator:Strike","animator:Defend","animator:Defend","animator:Defend","animator:Kazuma","animator:Aqua","animator:Scar","animator:Pride","animator:ShinjiMatou","animator:Sonic","animator:EmiyaShirou+1","animator:Illya","animator:Rider","animator:Caster","animator:Caster","animator:Scar","animator:Rider","animator:Entoma","animator:Aqua"],"relics":["animator:LivingPicture","animator:TheMissingPiece","LagranYue:RandomDrawCardRelic","Regal Pillow","Iron Hammer"],"acts_visited":["Exordium"],"potions_floor_usage":[],"damage_taken":[{"damage":5,"enemies":"Gensokyo:Python","floor":1,"turns":3},{"damage":4,"enemies":"Gensokyo:3_Fairies","floor":2,"turns":4},{"damage":7,"enemies":"Gensokyo:Gryphon","floor":4,"turns":4},{"damage":24,"enemies":"Gensokyo:Python_and_Kodama","floor":5,"turns":6},{"damage":35,"enemies":"Gensokyo:5_Fairies","floor":12,"turns":6},{"damage":27,"enemies":"Gensokyo:Gryphon_and_Rabbit","floor":14,"turns":4},{"damage":65,"enemies":"Gensokyo:Yukari","floor":16,"turns":8}],"seed_played":"-274671716019176584","potions_obtained":[{"floor":1,"key":"SneckoOil"},{"floor":14,"key":"Block Potion"}],"is_trial":false,"path_per_floor":["M","M","?","M","M","R","?","?","T","T","$","M","R","M","R_BF","B"],"character_chosen":"THE_ANIMATOR","items_purchased":["animator:Caster","animator:Scar","animator:Rider"],"campfire_rested":3,"item_purchase_floors":[11,11,11],"current_hp_per_floor":[61,59,59,54,32,51,51,51,51,51,51,18,52,28,62,0,0],"gold":122,"neow_bonus":"THREE_CARDS","is_daily":false,"chose_seed":false,"campfire_upgraded":0,"win_rate":0.0,"timestamp":1610380317,"path_taken":["M","M","?","?","?","R","?","?","T","?","?","M","R","M","R_BF","BOSS"],"items_purchased_type":["Card","Card","Card"],"build_version":"2020-12-22","purchased_purges":0,"victory":false,"max_hp_per_floor":[66,66,66,66,66,66,66,66,66,66,66,66,66,66,66,66,66],"card_choices":[{"not_picked":["animator:Sloth","animator:Add"],"picked":"animator:Scar","floor":0},{"not_picked":["animator:YunYun","animator:Raven"],"picked":"animator:Pride","floor":1},{"not_picked":["animator:MumenRider","animator:Elsword"],"picked":"animator:ShinjiMatou","floor":2},{"not_picked":["animator:LizardPriest","animator:MumenRider"],"picked":"animator:Sonic","floor":4},{"not_picked":["animator:RinTohsaka","animator:Berserker"],"picked":"animator:EmiyaShirou","floor":5},{"not_picked":["animator:Elsword","animator:Greed"],"picked":"animator:Illya","floor":7},{"not_picked":["animator:Lu","animator:Ara"],"picked":"animator:Rider","floor":7},{"not_picked":["animator:Kazuma","animator:Elsword"],"picked":"animator:Entoma","floor":12},{"not_picked":["animator:Lu","animator:Eve"],"picked":"animator:Aqua","floor":14}],"player_experience":7733,"relics_obtained":[{"floor":9,"key":"Regal Pillow"},{"floor":10,"key":"Iron Hammer"}],"event_choices":[],"is_beta":false,"boss_relics":[],"items_purged_floors":[],"is_endless":false,"potions_floor_spawned":[1,14],"killed_by":"Gensokyo:Yukari","ascension_level":0}}