{"host":"uy3vg6glkp8m6iit","time":1610377999,"event":{"mods":["AchievementEnabler","BaseMod","Colored Map","DeckTracker","Highlight Path","Keyboard Shortcuts","Minty Spire (QoL Compilation)","Quick Restart","Random Character Button","Rare Cards Sparkle","Relic Stats","StSLib","everything is the same but u backflip on backflip"],"gold_per_floor":[111,123,141,216,55,55,85,85,112,112,112,129,129,145,145,248,248,259,183,210,229,229,229,59,59,86,100,117,117,117],"floor_reached":29,"playtime":1078,"items_purged":["Injury","Bane"],"score":357,"play_id":"c7c9bfd2-406c-43c0-ba44-1d2878e15479","local_time":"20210112001319","is_ascension_mode":true,"campfire_choices":[{"data":"Predator","floor":6.0,"key":"SMITH"},{"floor":11,"key":"REST"},{"data":"Strike_G","floor":13,"key":"SMITH"},{"floor":15,"key":"RECALL"},{"data":"Calculated Gamble","floor":23,"key":"SMITH"},{"data":"Reflex","floor":25,"key":"SMITH"}],"circlet_count":0,"master_deck":["AscendersBane","Survivor","Neutralize+1","Expertise+1","Outmaneuver","Predator+1","PiercingWail+1","Backstab","Dagger Throw+1","Adrenaline","Escape Plan","Dagger Throw","Dodge and Roll","Reflex+1","Bane","Backflip","Calculated Gamble+1","Leg Sweep","Deadly Poison"],"relics":["Ring of the Snake","War Paint","Pandora\u0027s Box","Red Mask","Nloth\u0027s Gift","Regal Pillow"],"acts_visited":["Exordium","TheCity"],"potions_floor_usage":[16,18,20],"damage_taken":[{"damage":10.0,"enemies":"Cultist","floor":1.0,"turns":6.0},{"damage":0.0,"enemies":"2 Louse","floor":2.0,"turns":4.0},{"damage":0.0,"enemies":"Jaw Worm","floor":3.0,"turns":4.0},{"damage":27.0,"enemies":"Gremlin Nob","floor":7.0,"turns":4.0},{"damage":0,"enemies":"Looter","floor":12,"turns":3},{"damage":0,"enemies":"Large Slime","floor":14,"turns":3},{"damage":24,"enemies":"Hexaghost","floor":16,"turns":11},{"damage":0,"enemies":"3 Byrds","floor":18,"turns":4},{"damage":8,"enemies":"Masked Bandits","floor":20,"turns":5},{"damage":4,"enemies":"2 Thieves","floor":21,"turns":5},{"damage":10,"enemies":"Cultist and Chosen","floor":27,"turns":10},{"damage":16,"enemies":"3 Cultists","floor":28,"turns":7},{"damage":19,"enemies":"Chosen and Byrds","floor":29,"turns":4}],"seed_played":"-1428166530147260082","potions_obtained":[{"floor":3.0,"key":"Dexterity Potion"},{"floor":7,"key":"DuplicationPotion"},{"floor":14,"key":"CunningPotion"},{"floor":16,"key":"Weak Potion"},{"floor":18,"key":"Explosive Potion"},{"floor":20,"key":"Weak Potion"}],"is_trial":false,"path_per_floor":["M","M","M","?","$","R","E","?","T","?","R","M","R","M","R","B",null,"M","$","?","M","?","R","$","R","T","M","M","M"],"character_chosen":"THE_SILENT","items_purchased":["Backstab","Dagger Throw","Calculated Gamble","Leg Sweep"],"campfire_rested":1,"item_purchase_floors":[5,5,19,24],"current_hp_per_floor":[53,53,53,42,42,42,15,8,8,8,29,29,29,29,29,5,54,54,54,46,42,42,42,42,42,42,32,16,0,0],"gold":117,"neow_bonus":"TRANSFORM_TWO_CARDS","is_daily":false,"chose_seed":false,"campfire_upgraded":4,"win_rate":0.0,"timestamp":1610377999,"path_taken":["M","M","M","?","$","R","E","?","T","?","R","M","R","M","R","BOSS","M","$","?","M","?","R","$","R","T","M","M","?"],"items_purchased_type":["Card","Card","Card","Card"],"build_version":"2020-12-22","purchased_purges":2,"victory":false,"max_hp_per_floor":[70,70,70,70,70,70,70,70,70,70,70,70,70,70,70,70,70,70,70,70,70,70,70,70,70,70,70,70,70,70],"relic_stats":{"Regal Pillow":0,"counters":[13,70],"Pandora\u0027s Box":["Adrenaline","Bane","Escape Plan","Dagger Throw","Dodge and Roll","Reflex","Bane"],"Nloth\u0027s Gift":0,"War Paint":["PiercingWail","Expertise"],"obtain_stats":[{"Regal Pillow":26,"Pandora\u0027s Box":17,"Red Mask":20,"Nloth\u0027s Gift":22,"Whetstone":9,"War Paint":7,"Ring of the Snake":0},{"Regal Pillow":10,"Pandora\u0027s Box":7,"Red Mask":9,"Nloth\u0027s Gift":10,"Whetstone":4,"War Paint":4,"Ring of the Snake":0},{"Regal Pillow":49,"Pandora\u0027s Box":35,"Red Mask":44,"Nloth\u0027s Gift":49,"Whetstone":18,"War Paint":18,"Ring of the Snake":0}],"Ring of the Snake":[26]},"card_choices":[{"not_picked":["Deflect","Expertise"],"picked":"Predator","floor":1.0},{"not_picked":["Predator","Sucker Punch","Footwork"],"picked":"SKIP","floor":2.0},{"not_picked":["Sucker Punch","Skewer"],"picked":"PiercingWail","floor":3.0},{"not_picked":["Blade Dance","Backstab","Underhanded Strike"],"picked":"SKIP","floor":7},{"not_picked":["Riddle With Holes","Prepared","Poisoned Stab"],"picked":"SKIP","floor":12},{"not_picked":["Dash","Slice","Quick Slash"],"picked":"SKIP","floor":14},{"not_picked":["Dagger Spray","Bane"],"picked":"Backflip","floor":18},{"not_picked":["Slice+1","Eviscerate","Dodge and Roll"],"picked":"SKIP","floor":21},{"not_picked":["Dodge and Roll","Corpse Explosion"],"picked":"Deadly Poison","floor":27},{"not_picked":["Backflip","Sucker Punch","All Out Attack"],"picked":"SKIP","floor":28}],"player_experience":1469950,"relics_obtained":[{"floor":7,"key":"War Paint"},{"floor":9,"key":"Whetstone"},{"floor":20,"key":"Red Mask"},{"floor":26,"key":"Regal Pillow"}],"event_choices":[{"damage_healed":0.0,"max_hp_gain":0.0,"max_hp_loss":0.0,"gold_gain":75.0,"event_name":"World of Goop","player_choice":"Gather Gold","floor":4.0,"gold_loss":0.0,"damage_taken":11.0},{"cards_removed":["Strike_G"],"damage_healed":0,"gold_gain":0,"player_choice":"Card Removal","damage_taken":7,"max_hp_gain":0,"max_hp_loss":0,"event_name":"Golden Wing","floor":8,"gold_loss":0},{"damage_healed":0,"gold_gain":0,"player_choice":"Searched \u00270\u0027 times","damage_taken":0,"max_hp_gain":0,"max_hp_loss":0,"event_name":"Dead Adventurer","floor":10,"gold_loss":0},{"damage_healed":0,"gold_gain":0,"player_choice":"Fought Bandits","damage_taken":0,"max_hp_gain":0,"max_hp_loss":0,"event_name":"Masked Bandits","floor":20,"gold_loss":0},{"damage_healed":0,"gold_gain":0,"player_choice":"Traded Relic","damage_taken":0,"relics_obtained":["Nloth\u0027s Gift"],"max_hp_gain":0,"max_hp_loss":0,"event_name":"N\u0027loth","floor":22,"relics_lost":["Whetstone"],"gold_loss":0}],"is_beta":false,"boss_relics":[{"not_picked":["Runic Pyramid","Coffee Dripper"],"picked":"Pandora\u0027s Box"}],"items_purged_floors":[5,24],"is_endless":false,"potions_floor_spawned":[3,7,14,16,18,20,27],"killed_by":"Chosen and Byrds","ascension_level":12}}