{"host":"pgqkv8mh62pnrbci","time":1610378220,"event":{"mods":["2.2 Compatiblity","AchievementEnabler","BaseMod","Custom Start","DeckTracker","Minty Spire (QoL Compilation)","Railgun Mod","StSLib","SuperFastMode","¡¼?Úª?ø«¡½REMEMod"],"gold_per_floor":[114,125,143,154,173,505,505,524,524,292,306,327,327,354,354,458,458,473,486,162,177,202,236,250,250,250,284,300,315,315,343,343,447,447,459,477,477,489,505,530,530,555,604,654,687,698,730,744,744,744,744,744,76,102,102],"floor_reached":56,"playtime":3213,"items_purged":["TheRailgun:Defend","TheRailgun:Teleporter+1","TheRailgun:Defend"],"score":1982,"play_id":"1b368694-d7d4-4af3-b41e-8f0085c1fd1d","local_time":"20210112001700","is_ascension_mode":true,"campfire_choices":[{"floor":7,"key":"REST"},{"data":"TheRailgun:Supercharge","floor":13,"key":"SMITH"},{"data":"TheRailgun:Recharge","floor":15,"key":"SMITH"},{"data":"TheRailgun:Overload","floor":25,"key":"SMITH"},{"data":"TheRailgun:Mental_Out","floor":32,"key":"SMITH"},{"floor":49,"key":"RECALL"},{"data":"TheRailgun:Level_6","floor":52,"key":"SMITH"}],"circlet_count":0,"master_deck":["TheRailgun:Strike+1","TheRailgun:Strike+1","TheRailgun:Defend","TheRailgun:Discharge","TheRailgun:Static","TheRailgun:Zip","Thunder Strike","TheRailgun:Thunder","TheRailgun:Pull","TheRailgun:Mental_Out+1","TheRailgun:Recharge+1","TheRailgun:Gekotamania","TheRailgun:Sister_Network","TheRailgun:Electric_Fence","TheRailgun:Supercharge+1","TheRailgun:Sister_Noise","TheRailgun:Token_Collection","TheRailgun:Overload+1","TheRailgun:Token_Collection+1","TheRailgun:Level_6+1","TheRailgun:Positive_Field","TheRailgun:Gekotamania","TheRailgun:Iron_Dust_Vial+1","TheRailgun:Sister_Network+1","TheRailgun:Iron_Dust_Vial+1","TheRailgun:Level_6+1","Madness","Madness","TheRailgun:Heroinism","TheRailgun:Coin_Flip+1","Bandage Up","Discovery","Panache","TheRailgun:Taser+1","TheRailgun:Sister_Noise"],"relics":["TheRailgun:CoinRelic","REME_ComplimentaryCards","Old Coin","Letter Opener","Lee\u0027s Waffle","Odd Mushroom","Whetstone","Astrolabe","Strange Spoon","Red Mask","Question Card","Molten Egg 2","Bottled Tornado","Nilry\u0027s Codex","Lantern","Black Star","Potion Belt","MealTicket","REME_LimitBreaker","Boot","StoneCalendar","Eternal Feather","Nunchaku","Singing Bowl","Pear","Bottled Lightning","Bronze Scales","ClockworkSouvenir","REME_HandOfSuture","Art of War"],"acts_visited":["Exordium","TheCity","TheBeyond","TheEnding"],"potions_floor_usage":[5,6,12,14,14,22,23,31,31,33,39,42,47,48,50,55],"damage_taken":[{"damage":8.0,"enemies":"2 Louse","floor":1.0,"turns":3.0},{"damage":6.0,"enemies":"Jaw Worm","floor":2.0,"turns":3.0},{"damage":12,"enemies":"Small Slimes","floor":3,"turns":4},{"damage":11,"enemies":"Looter","floor":4,"turns":4},{"damage":7,"enemies":"Large Slime","floor":5,"turns":4},{"damage":8,"enemies":"3 Sentries","floor":6,"turns":4},{"damage":8,"enemies":"3 Louse","floor":8,"turns":3},{"damage":8,"enemies":"Blue Slaver","floor":11,"turns":3},{"damage":14,"enemies":"The Mushroom Lair","floor":12,"turns":3},{"damage":0,"enemies":"Gremlin Nob","floor":14,"turns":2},{"damage":23,"enemies":"Hexaghost","floor":16,"turns":5},{"damage":0,"enemies":"Spheric Guardian","floor":18,"turns":2},{"damage":0,"enemies":"Shell Parasite","floor":19,"turns":2},{"damage":20,"enemies":"Snecko","floor":21,"turns":3},{"damage":0,"enemies":"Masked Bandits","floor":22,"turns":1},{"damage":0,"enemies":"Gremlin Leader","floor":23,"turns":1},{"damage":24,"enemies":"Snake Plant","floor":24,"turns":3},{"damage":10,"enemies":"Book of Stabbing","floor":27,"turns":2},{"damage":0,"enemies":"Chosen and Byrds","floor":28,"turns":1},{"damage":2,"enemies":"3 Cultists","floor":29,"turns":2},{"damage":0,"enemies":"Gremlin Leader","floor":31,"turns":1},{"damage":2,"enemies":"Collector","floor":33,"turns":2},{"damage":2,"enemies":"Orb Walker","floor":35,"turns":2},{"damage":2,"enemies":"3 Darklings","floor":36,"turns":2},{"damage":0,"enemies":"Writhing Mass","floor":38,"turns":1},{"damage":9,"enemies":"Sphere and 2 Shapes","floor":39,"turns":2},{"damage":2,"enemies":"Nemesis","floor":40,"turns":2},{"damage":12,"enemies":"Giant Head","floor":42,"turns":4},{"damage":0,"enemies":"Mind Bloom Boss Battle","floor":44,"turns":1},{"damage":0,"enemies":"Reptomancer","floor":45,"turns":1},{"damage":0,"enemies":"Spire Growth","floor":46,"turns":1},{"damage":6,"enemies":"Giant Head","floor":47,"turns":4},{"damage":2,"enemies":"4 Shapes","floor":48,"turns":2},{"damage":2,"enemies":"Awakened One","floor":50,"turns":2},{"damage":23,"enemies":"Shield and Spear","floor":54,"turns":2},{"damage":14,"enemies":"The Heart","floor":55,"turns":3}],"seed_played":"3614664604683148597","potions_obtained":[{"floor":1.0,"key":"Weak Potion"},{"floor":5,"key":"Block Potion"},{"floor":8,"key":"FearPotion"},{"floor":11,"key":"FearPotion"},{"floor":12,"key":"Fire Potion"},{"floor":14,"key":"Regen Potion"},{"floor":16,"key":"Regen Potion"},{"floor":21,"key":"PowerPotion"},{"floor":23,"key":"SneckoOil"},{"floor":27,"key":"Regen Potion"},{"floor":31,"key":"SkillPotion"},{"floor":33,"key":"Energy Potion"},{"floor":36,"key":"Fire Potion"},{"floor":39,"key":"LiquidBronze"},{"floor":42,"key":"FearPotion"},{"floor":46,"key":"Block Potion"}],"is_trial":false,"path_per_floor":["M","M","M","M","M","E","R","M","T","$","M","?","R","E","R","B",null,"M","M","$","M","?","E","M","R","T","E","M","M","?","E","R","B",null,"M","M","?","M","M","E","?","E","T","?","E","M","E","M","R","B",null,"R","$","E","B",null],"character_chosen":"THE_DEFAULT","items_purchased":["Lee\u0027s Waffle","Strange Spoon","TheRailgun:Gekotamania","Bottled Lightning","Bronze Scales","ClockworkSouvenir"],"campfire_rested":1,"item_purchase_floors":[10,20,20,53,53,53],"current_hp_per_floor":[62,56,44,33,26,18,39,31,31,77,69,55,55,55,55,32,77,77,77,77,57,72,77,68,68,68,73,77,75,59,74,74,77,77,77,77,67,77,77,75,65,68,68,77,77,77,87,85,89,87,89,89,89,74,85],"gold":102,"neow_bonus":"ONE_RANDOM_RARE_CARD","is_daily":false,"chose_seed":false,"campfire_upgraded":5,"win_rate":0.0,"timestamp":1610378220,"path_taken":["M","M","M","M","M","E","R","M","T","$","M","?","R","E","R","BOSS","M","M","$","M","?","E","M","R","T","E","M","M","?","E","R","BOSS","M","M","?","M","M","E","?","E","T","?","E","M","E","M","R","BOSS","R","$","E","BOSS"],"items_purchased_type":["Relic","Relic","Card","Relic","Relic","Relic"],"build_version":"2020-12-22","purchased_purges":3,"victory":true,"max_hp_per_floor":[70,70,70,70,70,70,70,70,70,77,77,77,77,77,77,77,77,77,77,77,77,77,77,77,77,77,77,77,77,77,77,77,77,77,77,77,77,77,77,77,77,77,77,77,77,77,89,89,89,89,89,89,89,91,91],"card_choices":[{"not_picked":["TheRailgun:Oneesama","TheRailgun:Thunderbolt"],"picked":"TheRailgun:Pull","floor":1.0},{"not_picked":["TheRailgun:Iron_Dust_Shield","TheRailgun:Recharge"],"picked":"TheRailgun:Mental_Out","floor":2},{"not_picked":["TheRailgun:Zap","TheRailgun:Iron_Dust_Shield"],"picked":"TheRailgun:Recharge","floor":3},{"not_picked":["TheRailgun:Thundershock","TheRailgun:Recharge"],"picked":"TheRailgun:Gekotamania","floor":4},{"not_picked":["TheRailgun:Magnetic_Flight","TheRailgun:Circuit_Breaker"],"picked":"TheRailgun:Sister_Network","floor":5},{"not_picked":["TheRailgun:Recharge","TheRailgun:Hypercharge"],"picked":"TheRailgun:Electric_Fence","floor":6},{"not_picked":["TheRailgun:Taser","TheRailgun:Electrical_Fire"],"picked":"TheRailgun:Supercharge","floor":8},{"not_picked":["TheRailgun:Static","TheRailgun:Sister_Network"],"picked":"TheRailgun:Sister_Noise","floor":11},{"not_picked":["TheRailgun:Teleporter","TheRailgun:Thundershock"],"picked":"TheRailgun:Token_Collection","floor":12},{"not_picked":["TheRailgun:Spark","TheRailgun:Static","TheRailgun:Iron_Dust_Field"],"picked":"SKIP","floor":14},{"not_picked":["TheRailgun:Thunder","TheRailgun:Magnetic_Flight"],"picked":"TheRailgun:Overload","floor":16},{"not_picked":["TheRailgun:Thundershock+1","TheRailgun:Thunderbolt","TheRailgun:Electrical_Fire+1"],"picked":"SKIP","floor":18},{"not_picked":["TheRailgun:Iron_Dust_Shield","TheRailgun:Crackle"],"picked":"TheRailgun:Positive_Field","floor":19},{"not_picked":["TheRailgun:Thunderbolt","TheRailgun:Coin_Flip+1"],"picked":"TheRailgun:Iron_Dust_Vial+1","floor":21},{"not_picked":["TheRailgun:Oneesama","TheRailgun:Crackle+1","TheRailgun:Thunderjolt"],"picked":"SKIP","floor":23},{"not_picked":["TheRailgun:Thunderbolt","TheRailgun:Magnetic_Movement","TheRailgun:Rewiring","TheRailgun:Iron_Dust_Sword+1"],"picked":"SKIP","floor":24},{"not_picked":["TheRailgun:Electrical_Storm+1","TheRailgun:Discharge","TheRailgun:Spark+1"],"picked":"TheRailgun:Sister_Network+1","floor":27},{"not_picked":["TheRailgun:Crackle+1","TheRailgun:Pull","TheRailgun:Circuit_Breaker"],"picked":"TheRailgun:Iron_Dust_Vial+1","floor":28},{"not_picked":["TheRailgun:Crack+1","TheRailgun:Discharge+1","TheRailgun:Iron_Dust_Field+1","TheRailgun:Push"],"picked":"SKIP","floor":29},{"not_picked":["TheRailgun:Iron_Dust_Vial","TheRailgun:Oneesama","TheRailgun:Lightningbolt+1","TheRailgun:Push"],"picked":"SKIP","floor":31},{"not_picked":["TheRailgun:Magnetic_Flight","TheRailgun:Judgement_Officer","TheRailgun:Circuitous"],"picked":"TheRailgun:Level_6","floor":33},{"not_picked":["TheRailgun:Iron_Dust_Vial+1","TheRailgun:Thunderjolt+1","TheRailgun:Lightningbolt+1","TheRailgun:Discharge+1"],"picked":"SKIP","floor":35},{"not_picked":["TheRailgun:Spark+1","TheRailgun:Gekotamania","TheRailgun:Pull","TheRailgun:Iron_Dust_Vial+1"],"picked":"SKIP","floor":36},{"not_picked":["TheRailgun:Oneesama+1","TheRailgun:Zap+1","TheRailgun:Crackle+1","TheRailgun:Overload"],"picked":"SKIP","floor":38},{"not_picked":["TheRailgun:Negative_Field","TheRailgun:Token_Collection","TheRailgun:Scatter_Railgun+1"],"picked":"TheRailgun:Heroinism","floor":39},{"not_picked":["TheRailgun:Charge","TheRailgun:Mental_Out+1","TheRailgun:Stun_Shock+1"],"picked":"TheRailgun:Coin_Flip+1","floor":40},{"not_picked":["REME_MagicPocketWatch","Good Instincts","Mayhem"],"picked":"Bandage Up","floor":41},{"not_picked":["Bandage Up","Deep Breath","Impatience"],"picked":"Discovery","floor":41},{"not_picked":["Mind Blast+1","Enlightenment","REME_BattleFury"],"picked":"Panache","floor":41},{"not_picked":["TheRailgun:Electrical_Storm+1","TheRailgun:Charge+1","TheRailgun:Oneesama+1","TheRailgun:Scatter_Railgun+1"],"picked":"SKIP","floor":42},{"not_picked":["TheRailgun:Battery_Pack","TheRailgun:Recharge","TheRailgun:Iron_Dust_Vial+1"],"picked":"TheRailgun:Taser+1","floor":45},{"not_picked":["TheRailgun:Thundershock+1","TheRailgun:Circuit_Breaker","TheRailgun:Oneesama","TheRailgun:Gekota_Phone+1"],"picked":"SKIP","floor":46},{"not_picked":["TheRailgun:Gekotamania","TheRailgun:Iron_Dust_Shield","TheRailgun:Iron_Dust_Sword+1","TheRailgun:Mental_Out+1"],"picked":"Singing Bowl","floor":47},{"not_picked":["TheRailgun:Thunder+1","TheRailgun:Discharge","TheRailgun:Zip+1"],"picked":"TheRailgun:Sister_Noise","floor":48},{"not_picked":["TheRailgun:Circuitous","TheRailgun:Gekota_Phone+1","TheRailgun:Push+1","TheRailgun:Rewiring"],"picked":"Singing Bowl","floor":54}],"player_experience":640847,"relics_obtained":[{"floor":6,"key":"Old Coin"},{"floor":9,"key":"Letter Opener"},{"floor":12,"key":"Odd Mushroom"},{"floor":14,"key":"Whetstone"},{"floor":22,"key":"Red Mask"},{"floor":23,"key":"Question Card"},{"floor":26,"key":"Molten Egg 2"},{"floor":27,"key":"Bottled Tornado"},{"floor":30,"key":"Nilry\u0027s Codex"},{"floor":31,"key":"Lantern"},{"floor":40,"key":"Potion Belt"},{"floor":40,"key":"MealTicket"},{"floor":42,"key":"REME_LimitBreaker"},{"floor":42,"key":"Boot"},{"floor":44,"key":"StoneCalendar"},{"floor":45,"key":"Eternal Feather"},{"floor":45,"key":"Nunchaku"},{"floor":47,"key":"Singing Bowl"},{"floor":47,"key":"Pear"},{"floor":54,"key":"REME_HandOfSuture"},{"floor":54,"key":"Art of War"}],"event_choices":[{"damage_healed":0,"gold_gain":0,"player_choice":"Fought Mushrooms","damage_taken":0,"max_hp_gain":0,"max_hp_loss":0,"event_name":"Mushrooms","floor":12,"gold_loss":0},{"damage_healed":0,"gold_gain":0,"player_choice":"Fought Bandits","damage_taken":0,"max_hp_gain":0,"max_hp_loss":0,"event_name":"Masked Bandits","floor":22,"gold_loss":0},{"damage_healed":0,"gold_gain":0,"player_choice":"Obtained Book","damage_taken":16,"max_hp_gain":0,"max_hp_loss":0,"event_name":"Cursed Tome","floor":30,"gold_loss":0},{"damage_healed":0,"gold_gain":0,"player_choice":"Embrace Madness","damage_taken":10,"max_hp_gain":0,"max_hp_loss":0,"event_name":"Winding Halls","floor":37,"gold_loss":0,"cards_obtained":["Madness","Madness"]},{"damage_healed":0,"gold_gain":0,"player_choice":"Memory 3","damage_taken":10,"max_hp_gain":0,"max_hp_loss":0,"event_name":"SensoryStone","floor":41,"gold_loss":0},{"damage_healed":0,"gold_gain":0,"player_choice":"Fight","damage_taken":0,"max_hp_gain":0,"max_hp_loss":0,"event_name":"MindBloom","floor":44,"gold_loss":0}],"is_beta":false,"boss_relics":[{"not_picked":["Ectoplasm","Runic Pyramid"],"picked":"Astrolabe"},{"not_picked":["SlaversCollar","REME_ChargedStone"],"picked":"Black Star"}],"items_purged_floors":[10,20,53],"is_endless":false,"potions_floor_spawned":[1,5,8,11,12,14,16,21,23,27,31,33,36,39,42,46],"ascension_level":4}}