{"host":"lku4gktzilv18rfq","time":1610401577,"event":{"mods":["BaseMod","Downfall","Minty Spire (QoL Compilation)","Permanent Neow","StSLib"],"gold_per_floor":[99,110,127,146,56,71,71,71,101,36,51,81,81,81,95,95,95,95],"floor_reached":16,"playtime":4189,"items_purged":["Slimebound:Strike_Slimebound","Slimebound:Strike_Slimebound"],"score":151,"play_id":"cefe674a-5a01-4f6e-90a9-999aaba90a24","local_time":"20210111134617","is_ascension_mode":true,"campfire_choices":[{"data":"Slimebound:CorrosiveSpit","floor":1,"key":"SMITH"},{"data":"Slimebound:Split","floor":8,"key":"SMITH"}],"circlet_count":0,"master_deck":["Slimebound:Strike_Slimebound","Slimebound:Tackle","Slimebound:Defend_Slimebound","Slimebound:Defend_Slimebound","Slimebound:Defend_Slimebound","Slimebound:Defend_Slimebound","Slimebound:Split+1","Slimebound:CorrosiveSpit+1","Slimebound:ForwardTackle","Slimebound:GoopSpray","Slimebound:SplitLeeching","Slimebound:RollThrough","Slimebound:ViciousTackle","Slimebound:MassFeed","Slimebound:DuplicatedForm","Slimebound:SamplingLick","Slimebound:DouseInSlime","Slimebound:SamplingLick"],"relics":["Slimebound:AbsorbEndCombat","Vajra","Smiling Mask","HornCleat","WingedGreaves","Regal Pillow"],"acts_visited":["Exordium"],"potions_floor_usage":[15,16,16],"damage_taken":[{"damage":14,"enemies":"Small Slimes","floor":2,"turns":3},{"damage":6,"enemies":"Jaw Worm","floor":3,"turns":3},{"damage":6,"enemies":"2 Louse","floor":4,"turns":2},{"damage":10,"enemies":"downfall:FleeingMerchant","floor":5,"turns":4},{"damage":18,"enemies":"Lots of Slimes","floor":6,"turns":2},{"damage":20,"enemies":"3 Sentries","floor":9,"turns":4},{"damage":12,"enemies":"downfall:FleeingMerchant","floor":10,"turns":4},{"damage":29,"enemies":"Blue Slaver","floor":11,"turns":3},{"damage":40,"enemies":"Lagavulin","floor":12,"turns":4},{"damage":6,"enemies":"3 Louse","floor":15,"turns":2},{"damage":34,"enemies":"downfall:Silent","floor":16,"turns":2}],"seed_played":"-201786891715887938","potions_obtained":[{"floor":2,"key":"champ:CounterPotion"},{"floor":4,"key":"BlessingOfTheForge"},{"floor":11,"key":"Slimebound:SlimedPotion"}],"is_trial":false,"path_per_floor":["R","M","M","M","$","M","T","R","E","$","M","E","?","?","M","B"],"character_chosen":"SLIMEBOUND","items_purchased":[],"campfire_rested":0,"item_purchase_floors":[],"current_hp_per_floor":[54,48,48,48,52,40,40,40,36,42,42,33,21,21,25,0,0,0],"gold":95,"neow_bonus":"RANDOM_COMMON_RELIC","is_daily":false,"chose_seed":false,"campfire_upgraded":2,"win_rate":0.0,"timestamp":1610401577,"path_taken":["R","M","M","M","$","M","T","R","E","$","M","E","?","?","M","BOSS"],"items_purchased_type":[],"build_version":"2020-12-22","purchased_purges":2,"victory":false,"max_hp_per_floor":[60,60,60,60,60,60,60,60,60,60,60,60,60,60,68,68,68,68],"card_choices":[{"not_picked":["Slimebound:Repurpose","Slimebound:GrowthPunch"],"picked":"Slimebound:ForwardTackle","floor":2},{"not_picked":["Slimebound:GrowthPunch","Slimebound:SplitMire"],"picked":"Slimebound:GoopSpray","floor":3},{"not_picked":["Slimebound:SlimeSpikes","Slimebound:SplitAcid"],"picked":"Slimebound:SplitLeeching","floor":4},{"not_picked":["Slimebound:GrowthPunch","Slimebound:Gluttony"],"picked":"Slimebound:RollThrough","floor":5},{"not_picked":["Slimebound:ItLooksTasty","Slimebound:SlimeSpikes"],"picked":"Slimebound:ViciousTackle","floor":6},{"not_picked":["Slimebound:SlimeSpikes","Slimebound:Gluttony"],"picked":"Slimebound:MassFeed","floor":9},{"not_picked":["Slimebound:SamplingLick","Slimebound:FinishingTackle"],"picked":"Slimebound:DuplicatedForm","floor":10},{"not_picked":["Slimebound:PressTheAttack","Slimebound:FinishingTackle"],"picked":"Slimebound:SamplingLick","floor":11},{"not_picked":["Slimebound:ItLooksTasty","Slimebound:SlimeSpikes"],"picked":"Slimebound:DouseInSlime","floor":12},{"not_picked":["Slimebound:SplitAcid","Slimebound:FinishingTackle"],"picked":"Slimebound:SamplingLick","floor":15}],"player_experience":954116,"relics_obtained":[{"floor":7,"key":"Smiling Mask"},{"floor":9,"key":"HornCleat"},{"floor":12,"key":"WingedGreaves"}],"event_choices":[{"damage_healed":0,"gold_gain":0,"player_choice":"Success","damage_taken":12,"relics_obtained":["Regal Pillow"],"max_hp_gain":0,"max_hp_loss":0,"event_name":"Scrap Ooze","floor":13,"gold_loss":0}],"is_beta":false,"boss_relics":[],"items_purged_floors":[5,10],"is_endless":false,"potions_floor_spawned":[2,4,11],"killed_by":"downfall:Silent","ascension_level":7}}