{"host":"19tvufa8xx4wr4o1","time":1610393267,"event":{"mods":["AchievementEnabler","BaseMod","Better Sensory Stone","Better Third Choice","Highlight Path","Minty Spire (QoL Compilation)","Relic Stats","StSLib"],"gold_per_floor":[147,183,183,81,126,126,219,219,243,288,378,477,558,645,645,933,933,963,888,888,948,948,1041,1077,1077,1077,1077,1173,809,356,115,115,400,400,430,40,196,229,277,277,277,4,29,29,83,358,409,14,14,14],"floor_reached":51,"playtime":1743,"items_purged":["Strike_R","Strike_R","Strike_R"],"score":1279,"play_id":"ab00d81b-fdcf-4fde-a7e2-42f550ddd2f3","local_time":"20210111132747","daily_mods":["Heirloom","Time Dilation","Flight","Elite Swarm","Midas"],"is_ascension_mode":true,"campfire_choices":[{"floor":6.0,"key":"REST"},{"floor":8.0,"key":"REST"},{"floor":15,"key":"REST"},{"floor":25,"key":"REST"},{"floor":27,"key":"REST"},{"floor":32,"key":"REST"},{"floor":40,"key":"REST"},{"floor":41,"key":"REST"},{"floor":49,"key":"REST"}],"circlet_count":0,"master_deck":["AscendersBane","Defend_R","Defend_R","Defend_R","Defend_R","Bash","Immolate","Whirlwind","Evolve","Shockwave","Feed","Inflame","Reaper","Limit Break","Double Tap","Barricade","Berserk","Battle Trance+1","Immolate","Carnage","Bludgeon","True Grit","Exhume","Second Wind","Limit Break","Clothesline+1","Heavy Blade+1","Spot Weakness+1","Impervious","Shrug It Off","Impervious"],"relics":["Burning Blood","Unceasing Top","Vajra","Lantern","Omamori","Ice Cream","Strawberry","Lizard Tail","SlaversCollar","Magic Flower","Matryoshka","Bronze Scales","Darkstone Periapt","Oddly Smooth Stone","Mango","Gambling Chip","Orrery","SacredBark","Singing Bowl","MealTicket","Charon\u0027s Ashes","Bag of Preparation","Smiling Mask","Paper Frog","DollysMirror"],"acts_visited":["Exordium","TheCity","TheBeyond"],"potions_floor_usage":[37,38,50],"damage_taken":[{"damage":5.0,"enemies":"Small Slimes","floor":1.0,"turns":3.0},{"damage":5.0,"enemies":"Cultist","floor":2.0,"turns":5.0},{"damage":0.0,"enemies":"2 Louse","floor":5.0,"turns":1.0},{"damage":16.0,"enemies":"3 Sentries","floor":7.0,"turns":4.0},{"damage":9,"enemies":"2 Fungi Beasts","floor":10,"turns":2},{"damage":22,"enemies":"Lagavulin","floor":11,"turns":6},{"damage":26,"enemies":"3 Sentries","floor":12,"turns":6},{"damage":0,"enemies":"Lagavulin","floor":13,"turns":4},{"damage":27,"enemies":"3 Sentries","floor":14,"turns":5},{"damage":25,"enemies":"Slime Boss","floor":16,"turns":9},{"damage":2,"enemies":"3 Byrds","floor":18,"turns":7},{"damage":12,"enemies":"Chosen","floor":21,"turns":4},{"damage":63,"enemies":"Book of Stabbing","floor":23,"turns":5},{"damage":26,"enemies":"Snake Plant","floor":24,"turns":4},{"damage":16,"enemies":"Gremlin Leader","floor":28,"turns":4},{"damage":109,"enemies":"Champ","floor":33,"turns":9},{"damage":11,"enemies":"Orb Walker","floor":35,"turns":2},{"damage":60,"enemies":"2 Orb Walkers","floor":37,"turns":3},{"damage":68,"enemies":"3 Darklings","floor":38,"turns":3},{"damage":59,"enemies":"Spire Growth","floor":39,"turns":6},{"damage":21,"enemies":"Maw","floor":45,"turns":6},{"damage":69,"enemies":"Writhing Mass","floor":47,"turns":6},{"damage":21,"enemies":"Time Eater","floor":50,"turns":10}],"seed_played":"6839151603500778028","potions_obtained":[{"floor":1.0,"key":"SteroidPotion"},{"floor":2.0,"key":"SpeedPotion"},{"floor":7.0,"key":"GamblersBrew"},{"floor":12,"key":"Fire Potion"},{"floor":18,"key":"FairyPotion"},{"floor":37,"key":"HeartOfIron"},{"floor":38,"key":"BloodPotion"}],"is_trial":true,"path_per_floor":["M","M","?","$","M","R","E","R","T","M","E","E","E","E","R","B",null,"M","?","?","M","?","E","M","R","T","R","E","$","$","$","R","B",null,"M","$","?","M","M","R","R","$","T","?","M","?","M","$","R","B",null],"character_chosen":"IRONCLAD","items_purchased":["Whirlwind","Evolve","Mango","Gambling Chip","Orrery","Limit Break","Singing Bowl","MealTicket","Impervious","Paper Frog","DollysMirror"],"campfire_rested":9,"item_purchase_floors":[4,4,29,30,30,31,36,36,42,48,48],"current_hp_per_floor":[73,74,74,74,80,80,70,80,80,80,67,71,87,81,102,99,104,108,108,108,111,111,77,60,94,94,114,107,121,121,121,128,81,116,114,114,63,103,82,121,130,130,130,130,121,121,63,78,117,135],"gold":14,"neow_bonus":"","is_daily":false,"chose_seed":false,"campfire_upgraded":0,"win_rate":0.0,"timestamp":1610393267,"path_taken":["M","M","?","$","M","R","E","R","T","?","E","E","E","E","R","BOSS","M","?","?","?","?","E","M","R","T","R","E","?","$","$","R","BOSS","M","$","?","M","M","R","R","$","T","?","?","?","M","$","R","BOSS"],"items_purchased_type":["Card","Card","Relic","Relic","Relic","Card","Relic","Relic","Card","Relic","Relic"],"build_version":"2020-12-22","purchased_purges":3,"victory":true,"max_hp_per_floor":[80,80,80,80,80,80,80,80,80,83,86,89,99,102,102,105,105,108,108,108,111,111,114,114,114,114,114,114,128,128,128,128,128,128,128,128,128,130,130,130,130,130,130,130,130,130,132,132,132,135],"relic_stats":{"Darkstone Periapt":0,"Singing Bowl":4,"counters":[23,114],"Magic Flower":[79],"Charon\u0027s Ashes":[90],"Bag of Preparation":[6],"Smiling Mask":0,"Burning Blood":156,"Lizard Tail":0,"Bronze Scales":[150],"Gambling Chip":[31],"MealTicket":15,"obtain_stats":[{"Ice Cream":12,"Darkstone Periapt":26,"Lantern":9,"Singing Bowl":36,"SacredBark":34,"Vajra":7,"Magic Flower":22,"Mango":29,"Bag of Preparation":43,"Smiling Mask":43,"Burning Blood":0,"Lizard Tail":14,"Matryoshka":23,"DollysMirror":48,"Strawberry":13,"Gambling Chip":30,"MealTicket":36,"Paper Frog":48,"Oddly Smooth Stone":28,"Charon\u0027s Ashes":37,"Omamori":11,"SlaversCollar":17,"Bronze Scales":26,"Orrery":30,"Unceasing Top":0},{"Ice Cream":7,"Darkstone Periapt":14,"Lantern":4,"Singing Bowl":17,"SacredBark":16,"Vajra":4,"Magic Flower":12,"Mango":15,"Bag of Preparation":20,"Smiling Mask":20,"Burning Blood":0,"Lizard Tail":9,"Matryoshka":13,"DollysMirror":22,"Strawberry":8,"Gambling Chip":15,"MealTicket":17,"Paper Frog":22,"Oddly Smooth Stone":15,"Charon\u0027s Ashes":18,"Omamori":6,"SlaversCollar":10,"Bronze Scales":14,"Orrery":15,"Unceasing Top":0},{"Ice Cream":27,"Darkstone Periapt":65,"Lantern":13,"Singing Bowl":80,"SacredBark":78,"Vajra":13,"Magic Flower":56,"Mango":69,"Bag of Preparation":92,"Smiling Mask":92,"Burning Blood":0,"Lizard Tail":36,"Matryoshka":61,"DollysMirror":104,"Strawberry":31,"Gambling Chip":69,"MealTicket":80,"Paper Frog":104,"Oddly Smooth Stone":69,"Charon\u0027s Ashes":83,"Omamori":21,"SlaversCollar":45,"Bronze Scales":65,"Orrery":69,"Unceasing Top":0}],"Unceasing Top":[5]},"card_choices":[{"not_picked":["Armaments","Thunderclap","Headbutt"],"picked":"SKIP","floor":2.0},{"not_picked":["Bloodletting","Havoc"],"picked":"Shockwave","floor":5.0},{"not_picked":["Brutality","Limit Break"],"picked":"Feed","floor":7.0},{"not_picked":["Thunderclap","Heavy Blade"],"picked":"Inflame","floor":10},{"not_picked":["Limit Break","Corruption"],"picked":"Reaper","floor":11},{"not_picked":["Feed","Demon Form"],"picked":"Limit Break","floor":12},{"not_picked":["Immolate","Bludgeon"],"picked":"Double Tap","floor":13},{"not_picked":["Reaper","Double Tap"],"picked":"Barricade","floor":14},{"not_picked":["Corruption","Juggernaut"],"picked":"Berserk","floor":16},{"not_picked":["Perfected Strike","Anger"],"picked":"Battle Trance+1","floor":18},{"not_picked":["Clothesline","Sever Soul"],"picked":"Carnage","floor":21},{"not_picked":["Immolate","Corruption"],"picked":"Bludgeon","floor":23},{"not_picked":["Anger","Sword Boomerang+1"],"picked":"True Grit","floor":24},{"not_picked":["Berserk","Reaper"],"picked":"Exhume","floor":28},{"not_picked":["Headbutt","Heavy Blade"],"picked":"Second Wind","floor":30},{"not_picked":["Reckless Charge+1","Hemokinesis+1"],"picked":"Clothesline+1","floor":35},{"not_picked":["Entrench+1","Warcry"],"picked":"Heavy Blade+1","floor":37},{"not_picked":["Twin Strike+1","Clash","Searing Blow"],"picked":"Singing Bowl","floor":38},{"not_picked":["Thunderclap+1","Clothesline+1"],"picked":"Spot Weakness+1","floor":39},{"not_picked":["Flex+1","Anger"],"picked":"Shrug It Off","floor":45},{"not_picked":["Body Slam+1","Anger+1","Twin Strike"],"picked":"Singing Bowl","floor":47}],"player_experience":571135,"relics_obtained":[{"floor":7.0,"key":"Vajra"},{"floor":9.0,"key":"Lantern"},{"floor":11,"key":"Omamori"},{"floor":12,"key":"Ice Cream"},{"floor":13,"key":"Strawberry"},{"floor":14,"key":"Lizard Tail"},{"floor":23,"key":"Matryoshka"},{"floor":26,"key":"Bronze Scales"},{"floor":26,"key":"Darkstone Periapt"},{"floor":28,"key":"Oddly Smooth Stone"},{"floor":37,"key":"Charon\u0027s Ashes"},{"floor":43,"key":"Bag of Preparation"},{"floor":43,"key":"Smiling Mask"}],"event_choices":[{"damage_healed":0.0,"max_hp_gain":0.0,"max_hp_loss":0.0,"gold_gain":0.0,"cards_transformed":["Strike_R"],"event_name":"Transmorgrifier","player_choice":"Transformed","floor":3.0,"gold_loss":0.0,"damage_taken":0.0,"cards_obtained":["Immolate"]},{"cards_removed":["Strike_R"],"damage_healed":0,"gold_gain":0,"player_choice":"Gave Gold","damage_taken":0,"max_hp_gain":0,"max_hp_loss":0,"event_name":"Beggar","floor":19,"gold_loss":75},{"damage_healed":0,"gold_gain":0,"player_choice":"Copied","damage_taken":0,"max_hp_gain":0,"max_hp_loss":0,"event_name":"Duplicator","floor":20,"gold_loss":0,"cards_obtained":["Immolate"]},{"damage_healed":0,"gold_gain":0,"player_choice":"Opened","damage_taken":0,"relics_obtained":["Magic Flower"],"max_hp_gain":0,"max_hp_loss":0,"event_name":"The Mausoleum","floor":22,"gold_loss":0,"cards_obtained":["Writhe"]},{"damage_healed":0,"gold_gain":0,"player_choice":"Fight","damage_taken":0,"max_hp_gain":0,"max_hp_loss":0,"event_name":"Mysterious Sphere","floor":37,"gold_loss":0},{"damage_healed":0,"gold_gain":0,"player_choice":"Ignored","damage_taken":0,"max_hp_gain":0,"max_hp_loss":0,"event_name":"NoteForYourself","floor":44,"gold_loss":0},{"damage_healed":0,"gold_gain":275,"player_choice":"Desecrate","damage_taken":0,"max_hp_gain":0,"max_hp_loss":0,"event_name":"Golden Shrine","floor":46,"gold_loss":0,"cards_obtained":["Regret"]}],"is_beta":false,"boss_relics":[{"not_picked":["Astrolabe","Sozu"],"picked":"SlaversCollar"},{"not_picked":["Runic Pyramid","Black Blood"],"picked":"SacredBark"}],"items_purged_floors":[29,31,42],"is_endless":false,"potions_floor_spawned":[1,2,7,12,16,18,23,28,37,38],"ascension_level":10}}