{"host":"xz7n3qy1zq36rzpg","time":1610366542,"event":{"mods":["BaseMod","Colored Map","Colored Powertips","Highlight Path","Minty Spire (QoL Compilation)","Quick Restart","Shop Mod"],"gold_per_floor":[109,119,119,94,19,60,60,60,60],"floor_reached":8,"playtime":292,"items_purged":["Injury"],"score":57,"play_id":"7271dba9-05db-42f7-a135-a677401ca3df","local_time":"20210111130222","is_ascension_mode":true,"campfire_choices":[],"circlet_count":0,"master_deck":["Strike_P+1","Strike_P+1","Strike_P+1","Defend_P","Defend_P","Defend_P","Defend_P","Eruption","Vigilance","LessonLearned","CrushJoints","PathToVictory","ThirdEye"],"relics":["PureWater","Golden Idol","Dead Branch"],"acts_visited":["Exordium"],"potions_floor_usage":[8],"damage_taken":[{"damage":7,"enemies":"2 Louse","floor":1,"turns":4},{"damage":10,"enemies":"Small Slimes","floor":2,"turns":3},{"damage":43,"enemies":"3 Sentries","floor":6,"turns":11},{"damage":16,"enemies":"Gremlin Nob","floor":8,"turns":3}],"seed_played":"4372921484164129032","potions_obtained":[{"floor":2,"key":"Block Potion"}],"is_trial":false,"path_per_floor":["M","M","?","?","$","E","?","E"],"character_chosen":"WATCHER","items_purchased":[],"campfire_rested":0,"item_purchase_floors":[],"current_hp_per_floor":[58,48,48,48,48,5,5,0,0],"gold":60,"neow_bonus":"THREE_RARE_CARDS","is_daily":false,"chose_seed":false,"campfire_upgraded":0,"win_rate":0.0,"timestamp":1610366542,"path_taken":["M","M","?","?","$","E","?","E"],"items_purchased_type":[],"build_version":"2020-12-22","purchased_purges":1,"victory":false,"max_hp_per_floor":[65,65,65,65,65,65,65,65,65],"card_choices":[{"not_picked":["Establishment","Scrawl"],"picked":"LessonLearned","floor":0},{"not_picked":["SashWhip","Adaptation"],"picked":"CrushJoints","floor":1},{"not_picked":["CrushJoints","Halt"],"picked":"PathToVictory","floor":2},{"not_picked":["Evaluate","SashWhip"],"picked":"ThirdEye","floor":6}],"player_experience":312311,"relics_obtained":[{"floor":6,"key":"Dead Branch"}],"event_choices":[{"damage_healed":0,"gold_gain":0,"player_choice":"Take Wound","damage_taken":0,"relics_obtained":["Golden Idol"],"max_hp_gain":0,"max_hp_loss":0,"event_name":"Golden Idol","floor":3,"gold_loss":0,"cards_obtained":["Injury"]},{"damage_healed":0,"gold_gain":0,"player_choice":"Left Gold","damage_taken":0,"max_hp_gain":0,"max_hp_loss":0,"event_name":"World of Goop","floor":4,"gold_loss":25},{"cards_removed":["Strike_P"],"damage_healed":0,"gold_gain":0,"player_choice":"Card Removal","damage_taken":0,"max_hp_gain":0,"max_hp_loss":0,"event_name":"Wheel of Change","floor":7,"gold_loss":0}],"is_beta":false,"boss_relics":[],"items_purged_floors":[5],"is_endless":false,"potions_floor_spawned":[2],"killed_by":"Gremlin Nob","ascension_level":1}}