{"host":"u21q392b5xaj11fl","time":1610405840,"event":{"mods":["2.2 Compatiblity","Bard","BaseMod","Better Note","Colored Map","Colored Powertips","Conspire","Custom Start","Downfall","Faster Ascension Climbing","GifTheSpireLib","Gremlin Skip","Highlight Path","Hubris","Infinite Spire","Mad Scientist","Marisa????????","Mimic Mod","Minty Spire (QoL Compilation)","Permanent Neow","Potionbrewer","Quick Restart","READ ME - Guardian Mod","Relic Sorter","Replay The Spire","Shop Mod","Somnambulant","StSLib","Stuff the Spire","SuperFastMode","The Construct","The Disciple","The Mystic","The Servant 0.9.4","vexMod"],"gold_per_floor":[119,130,142,142,160,160,192,192,192,192,206,217,252,252,252,327,327,342,342,27,47,68,109,109,147,188,188,212,237,258,299,299,389,489,520,537,566,297,343,408,408,780,821,821,821,888,888,888,888,931,931,931,196,238,251],"floor_reached":56,"playtime":6669,"items_purged":["hexamod:Strike","hexamod:Strike+1","hexamod:Strike+1"],"score":2102,"play_id":"df9e6430-ca58-4018-80a3-32e6d838e704","local_time":"20210111165720","is_ascension_mode":true,"campfire_choices":[{"data":"hexamod:BurningTouch","floor":6.0,"key":"SMITH"},{"data":"hexamod:Incineration","floor":8.0,"key":"SMITH"},{"data":"hexamod:Float","floor":10.0,"key":"SMITH"},{"floor":15.0,"key":"REST"},{"data":"hexamod:GhostShield","floor":24.0,"key":"SMITH"},{"data":"hexamod:NightmareGuise","floor":27.0,"key":"SMITH"},{"floor":32.0,"key":"REST"},{"data":"hexamod:RainOfEmbers","floor":41.0,"key":"SMITH"},{"floor":45.0,"key":"RECALL"},{"floor":49.0,"key":"REST"},{"data":"hexamod:GhostflameBarrier","floor":52.0,"key":"SMITH"}],"circlet_count":0,"master_deck":["AscendersBane","hexamod:Defend","hexamod:Defend+1","hexamod:Defend+1","hexamod:Defend+1","hexamod:Sear+1","hexamod:Float+1","hexamod:BurningTouch+1","hexamod:SpectersWail+1","hexamod:Incineration+1","hexamod:NightmareStrike+1","hexamod:GhostShield+1","hexamod:ExtraCrispy+1","hexamod:TimeOfNeed+1","hexamod:VolcanoVisage+1","hexamod:NightmareGuise+1","StuffTheSpire:FreeRealEstate+1","hexamod:PowerFromBeyond+1","hexamod:GhostLash+1","hexamod:PhantomFireball","hexamod:EtherealExpedition","hexamod:StepThrough+1","hexamod:ShieldOfDarkness+1","hexamod:AdvancingGuard","hexamod:HeatShield","hexamod:NightmareGuise","HandOfGreed+1","hexamod:RainOfEmbers+1","hexamod:PowerFromBeyond","hexamod:GhostflameBarrier+1","hexamod:HeatMetal+1","hexamod:RainOfEmbers+1"],"relics":["hexamod:SpiritBrand","hubris:Icosahedron","Oddly Smooth Stone","hubris:SphereOfDissonance","StuffTheSpire:HeavyRock","Golden Egg","vexMod:TanglingVine","MerchantsRug","Replay:Rubber Ducky","infinitespire:Satchel","Lantern","StuffTheSpire:CocoNut","hexamod:TheBrokenSeal","infinitespire:Golems Mask","hubris:Spice","StuffTheSpire:GrapeVine","infinitespire:Beetle Shell","Turnip","Frozen Eye"],"acts_visited":["Exordium","TheCity","TheBeyond","TheEnding"],"potions_floor_usage":[55],"damage_taken":[{"damage":0.0,"enemies":"Jaw Worm","floor":1.0,"turns":3.0},{"damage":0.0,"enemies":"Cultist","floor":2.0,"turns":3.0},{"damage":0.0,"enemies":"2 Louse","floor":3.0,"turns":2.0},{"damage":5.0,"enemies":"Looter","floor":5.0,"turns":3.0},{"damage":16.0,"enemies":"Lagavulin","floor":7.0,"turns":6.0},{"damage":0.0,"enemies":"Red Slaver","floor":11.0,"turns":3.0},{"damage":7.0,"enemies":"Lots of Slimes","floor":12.0,"turns":3.0},{"damage":20.0,"enemies":"3 Sentries","floor":13.0,"turns":7.0},{"damage":11.0,"enemies":"Slime Boss","floor":16.0,"turns":5.0},{"damage":10.0,"enemies":"Chosen","floor":18.0,"turns":4.0},{"damage":0.0,"enemies":"Spheric Guardian","floor":21.0,"turns":6.0},{"damage":7.0,"enemies":"Cultist and Chosen","floor":22.0,"turns":6.0},{"damage":14.0,"enemies":"Gremlin Leader","floor":23.0,"turns":8.0},{"damage":12.0,"enemies":"Book of Stabbing","floor":25.0,"turns":4.0},{"damage":0.0,"enemies":"Chosen and Byrds","floor":26.0,"turns":4.0},{"damage":0.0,"enemies":"Chosen and Byrds","floor":28.0,"turns":4.0},{"damage":12.0,"enemies":"Sentry and Sphere","floor":29.0,"turns":5.0},{"damage":0.0,"enemies":"Snake Plant","floor":30.0,"turns":3.0},{"damage":0.0,"enemies":"Replay:Snechameleon","floor":31.0,"turns":3.0},{"damage":34.0,"enemies":"hubris:MusketHawk","floor":33.0,"turns":8.0},{"damage":10.0,"enemies":"3 Darklings","floor":35.0,"turns":5.0},{"damage":0.0,"enemies":"3 Shapes","floor":36.0,"turns":4.0},{"damage":9.0,"enemies":"Sphere and 2 Shapes","floor":37.0,"turns":6.0},{"damage":2.0,"enemies":"Jaw Worm Horde","floor":39.0,"turns":4.0},{"damage":0.0,"enemies":"Reptomancer","floor":40.0,"turns":6.0},{"damage":27.0,"enemies":"Giant Head","floor":42.0,"turns":7.0},{"damage":0.0,"enemies":"Spire Growth","floor":43.0,"turns":6.0},{"damage":16.0,"enemies":"infinitespire:MassOfShapes","floor":50.0,"turns":12.0},{"damage":27.0,"enemies":"Shield and Spear","floor":54.0,"turns":6.0},{"damage":57,"enemies":"The Heart","floor":55,"turns":9}],"seed_played":"-1691365870853565966","potions_obtained":[{"floor":1.0,"key":"Explosive Potion"},{"floor":3.0,"key":"SteroidPotion"},{"floor":13.0,"key":"Block Potion"},{"floor":16.0,"key":"SteroidPotion"},{"floor":18.0,"key":"sneckomod:MuddlingPotion"},{"floor":22.0,"key":"SkillPotion"},{"floor":23.0,"key":"potionbrewer:CleansingPotion"},{"floor":25.0,"key":"FearPotion"},{"floor":25.0,"key":"champ:CounterPotion"},{"floor":29.0,"key":"Flashbang"},{"floor":30.0,"key":"DistilledChaos"},{"floor":33.0,"key":"potionbrewer:EndurancePotion"},{"floor":33.0,"key":"Dexterity Potion"},{"floor":35.0,"key":"potionbrewer:DiscountPotion"},{"floor":36.0,"key":"SkillPotion"},{"floor":36.0,"key":"Energy Potion"},{"floor":42.0,"key":"Swift Potion"}],"is_trial":false,"path_per_floor":["M","M","M","?","M","R","E","R","T","R","M","M","E","?","R","B",null,"M","?","$","M","M","E","R","E","MIM","R","M","M","M","E","R","B",null,"M","M","M","$","M","E","R","E","MIM","?","R","?","?","?","R","B",null,"R","$","E","B",null],"character_chosen":"THE_SPIRIT","items_purchased":["MerchantsRug","Replay:Rubber Ducky","hexamod:PowerFromBeyond","BargainBundle","HandOfGreed","Strength Potion","infinitespire:Golems Mask","infinitespire:Beetle Shell","Turnip","Frozen Eye","hexamod:HeatMetal","hexamod:RainOfEmbers+1"],"campfire_rested":3,"item_purchase_floors":[20,20,20,38,38,38,38,53,53,53,53,53],"current_hp_per_floor":[63,63,63,63,58,58,42,42,42,42,42,35,22,27,49,45,68,65,65,65,72,65,58,58,53,67,67,74,62,69,76,82,55,75,65,72,92,92,90,90,90,63,71,71,71,46,71,71,100,84,96,96,96,77,20],"gold":251,"neow_bonus":"RANDOM_COMMON_RELIC","is_daily":false,"chose_seed":false,"campfire_upgraded":7,"win_rate":0.0,"timestamp":1610405840,"path_taken":["M","M","M","?","?","R","E","R","T","R","M","M","E","?","R","BOSS","M","?","$","M","M","E","R","E","MIM","R","?","M","M","E","R","BOSS","M","M","M","$","M","E","R","E","MIM","?","R","?","?","?","R","BOSS","R","$","E","BOSS"],"items_purchased_type":["Relic","Relic","Card","Relic","Card","Potion","Relic","Relic","Relic","Relic","Card","Card"],"build_version":"2020-12-22","purchased_purges":3,"victory":true,"max_hp_per_floor":[70,70,70,70,70,70,70,70,70,70,70,70,70,75,75,75,75,75,75,75,75,75,75,75,75,82,82,82,82,82,82,82,82,82,82,82,92,92,92,92,92,92,100,100,100,100,100,100,100,100,100,100,100,108,108],"card_choices":[{"not_picked":["hexamod:PowerFromBeyond","hexamod:ShieldOfDarkness"],"picked":"hexamod:BurningTouch","floor":1.0},{"not_picked":["hexamod:SoulSteal","hexamod:Firestarter"],"picked":"hexamod:SpectersWail","floor":2.0},{"not_picked":["hexamod:SkipABeat","hexamod:EmpoweredFlame"],"picked":"hexamod:Incineration","floor":3.0},{"not_picked":["hexamod:AdvancingGuard","hexamod:GhostShield"],"picked":"hexamod:NightmareStrike","floor":5.0},{"not_picked":["hexamod:HauntingEcho","hexamod:ChargedBarrage"],"picked":"hexamod:GhostShield","floor":7.0},{"not_picked":["hexamod:SecondSeal","hexamod:StepThrough"],"picked":"hexamod:FifthSeal","floor":11.0},{"not_picked":["hexamod:SixthSeal","hexamod:ThirdSeal"],"picked":"hexamod:FirstSeal","floor":12.0},{"not_picked":["hexamod:BacktrackSmack","hexamod:GhostOfSpireFuture"],"picked":"hexamod:ExtraCrispy","floor":12.0},{"not_picked":["hexamod:InspiringFlames","hexamod:FlamesFromBeyond"],"picked":"hexamod:TimeOfNeed","floor":13.0},{"not_picked":["hexamod:GiftsFromTheDead","hexamod:HexaLevel"],"picked":"hexamod:VolcanoVisage","floor":16.0},{"not_picked":["hexamod:ThirdSeal","hexamod:FirstSeal"],"picked":"hexamod:SixthSeal","floor":18.0},{"not_picked":["hexamod:RetreatToShadows","hexamod:PhantomCloak"],"picked":"hexamod:NightmareGuise","floor":18.0},{"not_picked":["hexamod:SixthSeal","hexamod:ThirdSeal"],"picked":"hexamod:FourthSeal","floor":21.0},{"not_picked":["hexamod:SwordOfDarkness","hexamod:BacktrackSmack"],"picked":"hexamod:GhostLash+1","floor":21.0},{"not_picked":["hexamod:AdvancingGuard","hexamod:TimeOfNeed"],"picked":"hexamod:PhantomFireball","floor":22.0},{"not_picked":["hexamod:Incineration","hexamod:BacktrackSmack","hexamod:InspiringFlames"],"picked":"SKIP","floor":23.0},{"not_picked":["hexamod:SpectersWail+1","hexamod:ThermalTransfer","hexamod:HauntingEcho"],"picked":"SKIP","floor":25.0},{"not_picked":["hexamod:NecessarySacrifice","hexamod:SwordOfDarkness+1"],"picked":"hexamod:EtherealExpedition","floor":28.0},{"not_picked":["hexamod:SpectersWail","hexamod:ThermalTransfer"],"picked":"hexamod:StepThrough+1","floor":29.0},{"not_picked":["hexamod:RecurringNightmare+1","hexamod:GhostflameInferno","hexamod:NightmareStrike"],"picked":"SKIP","floor":30.0},{"not_picked":["hexamod:GhostLash","hexamod:HauntingEcho"],"picked":"hexamod:ShieldOfDarkness","floor":31.0},{"not_picked":["hexamod:FirstSeal","hexamod:SixthSeal","hexamod:FourthSeal"],"picked":"SKIP","floor":31.0},{"not_picked":["hexamod:FourthSeal","hexamod:FirstSeal"],"picked":"hexamod:ThirdSeal","floor":35.0},{"not_picked":["hexamod:Rewind","hexamod:Incineration"],"picked":"hexamod:AdvancingGuard","floor":35.0},{"not_picked":["hexamod:ThirdSeal","hexamod:SpectersWail"],"picked":"hexamod:SecondSeal","floor":36.0},{"not_picked":["hexamod:ShieldOfDarkness+1","hexamod:NecessarySacrifice"],"picked":"hexamod:HeatShield","floor":36.0},{"not_picked":["hexamod:GhostOfSpirePresent","hexamod:FourthSeal"],"picked":"hexamod:NightmareGuise","floor":37.0},{"not_picked":["hexamod:RetreatToShadows","hexamod:GhostOfSpireFuture+1","hexamod:HauntingEcho+1"],"picked":"SKIP","floor":37.0},{"not_picked":["hexamod:InspiringFlames+1","hexamod:SpectersWail","hexamod:NightmareGuise"],"picked":"SKIP","floor":39.0},{"not_picked":["hexamod:EtherealExpedition","hexamod:UnleashSpirits"],"picked":"hexamod:RainOfEmbers","floor":40.0},{"not_picked":["hexamod:AdvancingGuard+1","hexamod:NightmareStrike+1"],"picked":"hexamod:PowerFromBeyond","floor":42.0},{"not_picked":["hexamod:BacktrackSmack+1","hexamod:GhostLash"],"picked":"hexamod:GhostflameBarrier","floor":46.0},{"not_picked":["hexamod:SecondSeal","hexamod:HeatCrush","hexamod:BacktrackSmack+1"],"picked":"SKIP","floor":54.0}],"player_experience":166903,"relics_obtained":[{"floor":7.0,"key":"hubris:SphereOfDissonance"},{"floor":9.0,"key":"StuffTheSpire:HeavyRock"},{"floor":13.0,"key":"Golden Egg"},{"floor":23.0,"key":"infinitespire:Satchel"},{"floor":25.0,"key":"Lantern"},{"floor":26.0,"key":"StuffTheSpire:CocoNut"},{"floor":31.0,"key":"potionbrewer:DrinkingBird"},{"floor":40.0,"key":"Omamori"},{"floor":42.0,"key":"Old Coin"},{"floor":43.0,"key":"hubris:Spice"},{"floor":46.0,"key":"StuffTheSpire:GrapeVine"},{"floor":54.0,"key":"hubris:Spice"}],"event_choices":[{"cards_removed":["hexamod:Strike"],"damage_healed":0.0,"max_hp_gain":0.0,"max_hp_loss":0.0,"gold_gain":0.0,"event_name":"Purifier","player_choice":"Purged","floor":4.0,"gold_loss":0.0,"damage_taken":0.0},{"damage_healed":0.0,"max_hp_gain":5.0,"max_hp_loss":0.0,"gold_gain":0.0,"event_name":"Big Fish","player_choice":"Donut","floor":14.0,"gold_loss":0.0,"damage_taken":0.0},{"cards_removed":["hexamod:SixthSeal"],"damage_healed":0.0,"max_hp_gain":0.0,"max_hp_loss":0.0,"gold_gain":0.0,"event_name":"betterNote:BetterNote","player_choice":"Take \u0026 Give","floor":19.0,"gold_loss":0.0,"damage_taken":0.0,"cards_obtained":["StuffTheSpire:FreeRealEstate"]},{"damage_healed":25.0,"max_hp_gain":0.0,"max_hp_loss":0.0,"gold_gain":0.0,"event_name":"Winding Halls","player_choice":"Writhe","floor":47.0,"gold_loss":0.0,"damage_taken":0.0,"cards_obtained":["Writhe"]},{"damage_healed":0.0,"max_hp_gain":0.0,"max_hp_loss":0.0,"gold_gain":0.0,"event_name":"Tomb of Lord Red Mask","player_choice":"Ignored","floor":48.0,"gold_loss":0.0,"damage_taken":0.0}],"is_beta":false,"boss_relics":[{"not_picked":["hubris:VirtuousBlindfold","Painkiller Herb"],"picked":"vexMod:MysteryBossChallenge"},{"not_picked":["Empty Cage","Pandora\u0027s Box"],"picked":"Replay:Wanted Poster"}],"items_purged_floors":[20,38,53],"is_endless":false,"potions_floor_spawned":[1,3,11,13,16,18,25,30,33,36,40,42],"ascension_level":13}}