{"host":"5qewjvycy34u7aeo","time":1610358262,"event":{"mods":["Act Like it!","Aspiration","BaseMod","Conspire","Downfall","GifTheSpireLib","Hubris","Infinite Spire","Minty Spire (QoL Compilation)","Permanent Neow","Replay The Spire","Shop Mod","StSLib","Stuff the Spire"],"gold_per_floor":[199,218,230,140,155,170,224,224,252,262,262,273,273,285,295,394,394,394,414,426,439,228,244,244,244,270,284,284,294,309,309,325,429,429,279,299,299,333,382,402,402,415,340,354,372,372,372,372,383,383],"floor_reached":51,"playtime":4566,"items_purged":["hexamod:Strike","hexamod:Defend","RitualDagger"],"score":754,"play_id":"6ea919d5-6ed3-4d6e-946a-301400489367","local_time":"20210111034422","is_ascension_mode":false,"campfire_choices":[{"floor":1.0,"key":"DIG"},{"data":"hexamod:ThermalTransfer","floor":8.0,"key":"SMITH"},{"floor":18,"key":"RECALL"},{"data":"hexamod:Float","floor":35,"key":"SMITH"},{"data":"hexamod:HexaLevel","floor":43,"key":"SMITH"},{"data":"hexamod:SpectralSpark","floor":46,"key":"SMITH"}],"circlet_count":0,"master_deck":["hexamod:Strike","hexamod:Strike","hexamod:Defend","hexamod:Sear","hexamod:Float+1","Pot Of Greed","hexamod:Hexaguard","Pot Of Greed","hexamod:SpectralSpark+1","hexamod:Again","hexamod:RadiantFlame","hexamod:ThermalTransfer+1","hexamod:HexaLevel+1","hexamod:VolcanoVisage","Good Instincts","hexamod:WildfireWeapon","hexamod:AdvancingGuard+1","hexamod:SoulSteal+1","hexamod:GhostflameBarrier+1","hexamod:ShieldOfDarkness+1","Pot Of Greed","hexamod:GhostflameBarrier+1","infinitespire:Gouge"],"relics":["hexamod:SpiritBrand","Grinning Jar","StuffTheSpire:Mouthbags","FossilizedHelix","aspiration:FutureDiary","infinitespire:CheckeredPen","aspiration:RitualStick","Replay:Rubber Ducky","Painkiller Herb","downfall:HeartBlessingRed","downfall:HeartBlessingGreen","MealTicket","hexamod:SoulConsumer","downfall:HeartBlessingBlue","hubris:Spice"],"acts_visited":["Exordium","TheCity","TheBeyond"],"potions_floor_usage":[21,21,29,32],"damage_taken":[{"damage":0.0,"enemies":"2 Louse","floor":2.0,"turns":2.0},{"damage":0.0,"enemies":"Cultist","floor":3.0,"turns":3.0},{"damage":0.0,"enemies":"downfall:FleeingMerchant","floor":4.0,"turns":4.0},{"damage":0.0,"enemies":"Jaw Worm","floor":5.0,"turns":4.0},{"damage":0.0,"enemies":"2 Fungi Beasts","floor":6.0,"turns":3.0},{"damage":3.0,"enemies":"3 Sentries","floor":9.0,"turns":5.0},{"damage":0.0,"enemies":"Exordium Wildlife","floor":10.0,"turns":3.0},{"damage":0.0,"enemies":"Gremlin Gang","floor":12.0,"turns":6.0},{"damage":0.0,"enemies":"2 Fungi Beasts","floor":14.0,"turns":3.0},{"damage":0,"enemies":"3 Louse","floor":15,"turns":3},{"damage":2,"enemies":"downfall:Ironclad","floor":16,"turns":7},{"damage":0,"enemies":"Chosen","floor":19,"turns":3},{"damage":0,"enemies":"3 Byrds","floor":20,"turns":6},{"damage":0,"enemies":"Sentry and Sphere","floor":21,"turns":7},{"damage":0,"enemies":"downfall:FleeingMerchant","floor":22,"turns":4},{"damage":0,"enemies":"Shelled Parasite and Fungi","floor":23,"turns":7},{"damage":0,"enemies":"conspire:Head Lice","floor":26,"turns":6},{"damage":0,"enemies":"Cultist and Chosen","floor":27,"turns":6},{"damage":0,"enemies":"Chosen and Byrds","floor":29,"turns":4},{"damage":0,"enemies":"Snake Plant","floor":30,"turns":3},{"damage":0,"enemies":"3 Cultists","floor":32,"turns":5},{"damage":42,"enemies":"downfall:Watcher","floor":33,"turns":10},{"damage":0,"enemies":"Orb Walker","floor":36,"turns":3},{"damage":4,"enemies":"infinitespire:Three Voidlings","floor":37,"turns":5},{"damage":6,"enemies":"conspire:MimicChest","floor":38,"turns":6},{"damage":1,"enemies":"2 Orb Walkers","floor":39,"turns":5},{"damage":0,"enemies":"3 Darklings","floor":40,"turns":4},{"damage":0,"enemies":"Spire Growth","floor":42,"turns":5},{"damage":0,"enemies":"Writhing Mass","floor":44,"turns":5},{"damage":0,"enemies":"3 Darklings","floor":45,"turns":4},{"damage":0,"enemies":"Sphere and 2 Shapes","floor":49,"turns":3},{"damage":0,"enemies":"downfall:Defect","floor":50,"turns":7}],"seed_played":"-4101079726296131779","potions_obtained":[{"floor":3.0,"key":"FearPotion"},{"floor":5.0,"key":"ColorlessPotion"},{"floor":12.0,"key":"ColorlessPotion"},{"floor":14.0,"key":"infinitespire:BlackPotion"},{"floor":21,"key":"Energy Potion"},{"floor":26,"key":"LiquidBronze"},{"floor":30,"key":"FairyPotion"},{"floor":32,"key":"Cursed Concoction"},{"floor":42,"key":"Adrenaline Potion"}],"is_trial":false,"path_per_floor":["R","M","M","$","M","M","T","R","E","M","?","M","?","M","M","B",null,"R","M","M","M","$","M","T","?","E","M","?","M","M","?","M","B",null,"T","?","?","?","?","?","T","?","T","?","?","T","?","AVR","?","B",null],"character_chosen":"THE_SPIRIT","items_purchased":["Good Instincts"],"campfire_rested":0,"item_purchase_floors":[22],"current_hp_per_floor":[70,70,70,70,70,70,70,70,67,67,67,67,67,67,67,65,70,70,70,70,70,70,70,70,56,56,56,56,56,56,50,50,8,70,70,70,70,64,63,63,63,63,73,73,73,73,73,81,81,81],"gold":383,"neow_bonus":"HUNDRED_GOLD","is_daily":false,"chose_seed":false,"campfire_upgraded":4,"win_rate":0.0,"timestamp":1610358262,"path_taken":["R","M","M","$","M","M","T","R","E","M","?","?","?","M","M","BOSS","R","M","M","M","$","M","T","?","E","M","?","M","?","?","M","BOSS","T","?","?","?","?","?","T","?","T","?","?","T","?","AVR","?","BOSS"],"items_purchased_type":["Card"],"build_version":"2020-12-22","purchased_purges":3,"victory":true,"max_hp_per_floor":[70,70,70,70,70,70,70,70,70,70,70,70,70,70,70,70,70,70,70,70,70,70,70,70,70,70,70,70,70,70,70,70,70,70,70,70,70,70,70,70,70,70,80,80,80,80,80,88,88,88],"card_choices":[{"not_picked":["hexamod:SpectralAdrenaline","hexamod:NightmareGuise"],"picked":"hexamod:ThermalTransfer","floor":2.0},{"not_picked":["hexamod:Firestarter","hexamod:InspiringFlames"],"picked":"hexamod:Hexaguard","floor":3.0},{"not_picked":["hexamod:CatchUp","hexamod:GhostLash","hexamod:SwordOfDarkness"],"picked":"SKIP","floor":4.0},{"not_picked":["hexamod:HeatCrush","hexamod:InspiringFlames"],"picked":"hexamod:SpectralSpark","floor":5.0},{"not_picked":["hexamod:RainOfEmbers","hexamod:TurnItUp","hexamod:InspiringFlames"],"picked":"SKIP","floor":6.0},{"not_picked":["hexamod:ThermalTransfer","hexamod:InspiringFlames","hexamod:HeatMetal"],"picked":"SKIP","floor":9.0},{"not_picked":["hexamod:SpectersWail","hexamod:EtherealExpedition","hexamod:NightmareGuise"],"picked":"SKIP","floor":10.0},{"not_picked":["hexamod:CrushingStance","hexamod:SpectersWail"],"picked":"hexamod:Again","floor":12.0},{"not_picked":["hexamod:GhostOfSpirePresent","hexamod:SwordOfDarkness"],"picked":"hexamod:RadiantFlame","floor":14.0},{"not_picked":["hexamod:BurningTouch","hexamod:GhostOfSpireFuture","hexamod:ThermalTransfer"],"picked":"SKIP","floor":15},{"not_picked":["hexamod:GhostflameInferno","hexamod:VolcanoVisage"],"picked":"hexamod:HexaLevel","floor":16},{"not_picked":["hexamod:AdvancingGuard","hexamod:GhostShield","hexamod:Firestarter"],"picked":"SKIP","floor":19},{"not_picked":["hexamod:GhostLash","hexamod:StepThrough+1","hexamod:Haunt"],"picked":"SKIP","floor":20},{"not_picked":["hexamod:GhostOfSpirePast","hexamod:RetreatToShadows","hexamod:SpectersWail"],"picked":"SKIP","floor":21},{"not_picked":["hexamod:GhostflameInferno","hexamod:Haunt"],"picked":"hexamod:VolcanoVisage","floor":22},{"not_picked":["hexamod:Firestarter","hexamod:SpectralAdrenaline","hexamod:BurningTouch"],"picked":"SKIP","floor":23},{"not_picked":["hexamod:NightmareGuise","hexamod:PhantomFireball"],"picked":"hexamod:WildfireWeapon","floor":26},{"not_picked":["hexamod:SwordOfDarkness","hexamod:RainOfEmbers+1"],"picked":"hexamod:AdvancingGuard+1","floor":27},{"not_picked":["hexamod:HauntingEcho+1","hexamod:FastForward"],"picked":"hexamod:SoulSteal+1","floor":29},{"not_picked":["hexamod:SpectersWail","hexamod:FastForward","hexamod:SecondSeal"],"picked":"SKIP","floor":30},{"not_picked":["hexamod:RadiantFlame+1","hexamod:GhostLash"],"picked":"hexamod:GhostflameBarrier+1","floor":32},{"not_picked":["hexamod:Hexaguard","hexamod:FlamesFromBeyond+1","hexamod:SwordOfDarkness"],"picked":"SKIP","floor":36},{"not_picked":["hexamod:RainOfEmbers","hexamod:GhostLash","hexamod:AdvancingGuard+1"],"picked":"SKIP","floor":40},{"not_picked":["hexamod:PowerFromBeyond","hexamod:GhostLash+1","hexamod:SpectersWail+1"],"picked":"SKIP","floor":42},{"not_picked":["hexamod:SwordOfDarkness+1","hexamod:PowerFromBeyond+1"],"picked":"hexamod:ShieldOfDarkness+1","floor":44},{"not_picked":["hexamod:SoulSteal+1","hexamod:HeatMetal"],"picked":"hexamod:GhostflameBarrier+1","floor":45},{"not_picked":["hexamod:SpectersWail","hexamod:NightmareGuise+1","hexamod:GhostOfSpirePast"],"picked":"SKIP","floor":49}],"player_experience":409817,"relics_obtained":[{"floor":1.0,"key":"Grinning Jar"},{"floor":7.0,"key":"StuffTheSpire:Mouthbags"},{"floor":9.0,"key":"FossilizedHelix"},{"floor":24,"key":"infinitespire:CheckeredPen"},{"floor":26,"key":"Replay:Rubber Ducky"},{"floor":38,"key":"MealTicket"},{"floor":39,"key":"hexamod:SoulConsumer"}],"event_choices":[{"cards_removed":["hexamod:Strike"],"damage_healed":0.0,"max_hp_gain":0.0,"max_hp_loss":0.0,"gold_gain":0.0,"event_name":"Purifier","player_choice":"Purged","floor":11.0,"gold_loss":0.0,"damage_taken":0.0},{"damage_healed":0.0,"max_hp_gain":0.0,"max_hp_loss":0.0,"gold_gain":0.0,"event_name":"conspire:Investor","player_choice":"Leave","floor":13.0,"gold_loss":0.0,"damage_taken":0.0},{"cards_removed":["hexamod:Defend"],"damage_healed":0,"gold_gain":0,"player_choice":"Purged","damage_taken":0,"max_hp_gain":0,"max_hp_loss":0,"event_name":"Purifier","floor":28,"gold_loss":0},{"damage_healed":0,"gold_gain":0,"player_choice":"Fight","damage_taken":0,"max_hp_gain":0,"max_hp_loss":0,"event_name":"Mysterious Sphere","floor":39,"gold_loss":0},{"cards_removed":["hexamod:Defend"],"damage_healed":0,"gold_gain":0,"player_choice":"Purged","damage_taken":0,"max_hp_gain":0,"max_hp_loss":0,"event_name":"Purifier","floor":47,"gold_loss":0}],"is_beta":false,"boss_relics":[{"not_picked":["StuffTheSpire:RunicHypercube","aspiration:RitualDagger"],"picked":"aspiration:FutureDiary"},{"not_picked":["hubris:HollowSoul","Replay:Bronze Core"],"picked":"Painkiller Herb"}],"items_purged_floors":[4,22,48],"is_endless":false,"potions_floor_spawned":[3,5,12,14,15,19,21,26,27,30,32,36,37,42],"ascension_level":0}}