{"host":"zjc1tzo4ovig5lll","time":1610378979,"event":{"mods":["AchievementEnabler","Aspiration","BaseMod","Beaked The Cultist","Better Altar","Better Match","Better Note","Better Sensory Stone","Colored Map","Colored Powertips","Conspire","Energized Spire","Friendly Minions","GifTheSpireLib","Halation","Hermit","Hubris","Minty Spire (QoL Compilation)","Rare Cards Sparkle","Replay The Spire","StSLib","The Blue Laboratory","The Bug Knight","The Construct","The Jungle","everything is the same but u backflip on backflip","vexMod"],"gold_per_floor":[118,118,133,133,145,145,175,175,201,201,201,1,1,13,13,13,13],"floor_reached":16,"playtime":349,"items_purged":["Strike_B"],"score":118,"play_id":"0a464f91-ba24-49db-8a4c-cadc3b5c6f53","local_time":"20210111172939","is_ascension_mode":true,"campfire_choices":[{"data":"Crystallizer","floor":6,"key":"SMITH"},{"floor":11,"key":"REST"},{"data":"Good Instincts","floor":13,"key":"SMITH"}],"circlet_count":0,"master_deck":["Strike_B","Strike_B","Strike_B","Defend_B","Defend_B","Defend_B","Defend_B","Zap","Dualcast","Crystallizer+1","Coolheaded","hubris:PowerSurge+1","Gash","Good Instincts+1"],"relics":["Cracked Core","NeowsBlessing","conspire:TopHat","CultistMask","hubris:PeanutButter","BargainBundle"],"acts_visited":["Exordium"],"potions_floor_usage":[],"damage_taken":[{"damage":0,"enemies":"Small Slimes","floor":1,"turns":1},{"damage":0,"enemies":"Cultist","floor":3,"turns":1},{"damage":0,"enemies":"Jaw Worm","floor":5,"turns":1},{"damage":59,"enemies":"Gremlin Nob","floor":7,"turns":5},{"damage":2,"enemies":"Gremlin Gang","floor":14,"turns":5},{"damage":64,"enemies":"Slime Boss","floor":16,"turns":8}],"seed_played":"-950000530756403574","potions_obtained":[],"is_trial":false,"path_per_floor":["M","?","M","?","M","R","E","?","T","?","R","$","R","M","R_BF","B"],"character_chosen":"DEFECT","items_purchased":["BargainBundle","hubris:PowerSurge","Gash","Good Instincts","SteroidPotion","SkillPotion","Strength Potion"],"campfire_rested":1,"item_purchase_floors":[12,12,12,12,12,12,12],"current_hp_per_floor":[75,75,75,75,75,75,16,16,16,16,38,38,38,36,58,0,0],"gold":13,"neow_bonus":"THREE_ENEMY_KILL","is_daily":false,"chose_seed":false,"campfire_upgraded":2,"win_rate":0.0,"timestamp":1610378979,"path_taken":["M","?","?","?","?","R","E","?","T","?","R","$","R","M","R_BF","BOSS"],"items_purchased_type":["Relic","Card","Card","Card","Potion","Potion","Potion"],"build_version":"2020-12-22","purchased_purges":1,"victory":false,"max_hp_per_floor":[75,75,75,75,75,75,75,75,75,75,75,75,75,75,75,75,75],"card_choices":[{"not_picked":["Double Energy","Gash"],"picked":"Lockon","floor":1},{"not_picked":["Cold Snap","ReplayGash"],"picked":"Crystallizer","floor":3},{"not_picked":["Streamline","White Noise"],"picked":"Coolheaded","floor":5},{"not_picked":["hubris:Prefetch","Panic Button","ReplayTheSpireMod:GoodbyeWorld"],"picked":"SKIP","floor":7},{"not_picked":["Rip and Tear","Redo","Stack"],"picked":"SKIP","floor":14}],"player_experience":653874,"relics_obtained":[{"floor":7,"key":"hubris:PeanutButter"}],"event_choices":[{"cards_removed":["Lockon"],"damage_healed":0,"gold_gain":0,"player_choice":"Gave Card","damage_taken":0,"relics_obtained":["conspire:TopHat"],"max_hp_gain":0,"max_hp_loss":0,"event_name":"WeMeetAgain","floor":2,"gold_loss":0},{"damage_healed":0,"gold_gain":0,"player_choice":"Trade","damage_taken":0,"relics_obtained":["CultistMask"],"max_hp_gain":0,"max_hp_loss":0,"event_name":"FaceTrader","floor":4,"gold_loss":0},{"damage_healed":0,"gold_gain":0,"player_choice":"Leave","damage_taken":0,"max_hp_gain":0,"max_hp_loss":0,"event_name":"conspire:Investor","floor":10,"gold_loss":0}],"is_beta":false,"boss_relics":[],"items_purged_floors":[12],"is_endless":false,"potions_floor_spawned":[1,14],"killed_by":"Slime Boss","ascension_level":4}}