{"host":"szp1d6dso4pv7ddl","time":1610344595,"event":{"mods":["AchievementEnabler","Alarm Clock","BaseMod","Bestiary","Block Reminder","Colored Map","Colored Powertips","Curses Come First","Displayed Cursed Tome","Highlight Path","Minty Spire (QoL Compilation)","Permanent Neow","Quick Restart","Relic Sorter","Relic Stats","StSLib","Synergy Search"],"gold_per_floor":[167,178,9,29,29,29,45,63,90,109,109,109,126,126,126,203,203,173,223,236,236,236],"floor_reached":21,"playtime":1186,"items_purged":[],"score":320,"play_id":"1c188583-b6f8-473b-b046-80558d8807c4","local_time":"20210110215635","is_ascension_mode":true,"campfire_choices":[{"data":"Cloak And Dagger","floor":6,"key":"SMITH"},{"floor":11,"key":"REST"},{"floor":15,"key":"REST"}],"circlet_count":0,"master_deck":["AscendersBane","Strike_G","Strike_G","Strike_G","Strike_G+1","Defend_G","Defend_G","Defend_G","Defend_G","Defend_G","Survivor","Neutralize","Heel Hook","Well Laid Plans","Calculated Gamble","Cloak And Dagger+1","Quick Slash","Predator","Quick Slash","Sucker Punch","Adrenaline","CurseOfTheBell","Backflip"],"relics":["Tiny House","Pen Nib","Nunchaku","Blood Vial","Calling Bell","Matryoshka","Torii"],"acts_visited":["Exordium","TheCity"],"potions_floor_usage":[1,7,10,16,16],"damage_taken":[{"damage":11,"enemies":"Cultist","floor":1,"turns":4},{"damage":1,"enemies":"2 Louse","floor":2,"turns":4},{"damage":2,"enemies":"Jaw Worm","floor":4,"turns":6},{"damage":1,"enemies":"Lots of Slimes","floor":7,"turns":2},{"damage":7,"enemies":"2 Fungi Beasts","floor":8,"turns":5},{"damage":36,"enemies":"Gremlin Gang","floor":10,"turns":5},{"damage":6,"enemies":"Exordium Thugs","floor":13,"turns":4},{"damage":21,"enemies":"Hexaghost","floor":16,"turns":11},{"damage":19,"enemies":"2 Thieves","floor":18,"turns":5},{"damage":13,"enemies":"Shell Parasite","floor":20,"turns":7},{"damage":42,"enemies":"Centurion and Healer","floor":21,"turns":5}],"seed_played":"367594850644263412","potions_obtained":[{"floor":0,"key":"EntropicBrew"},{"floor":7,"key":"Weak Potion"},{"floor":8,"key":"AttackPotion"},{"floor":10,"key":"AttackPotion"},{"floor":13,"key":"Strength Potion"},{"floor":20,"key":"SpeedPotion"}],"is_trial":false,"path_per_floor":["M","M","$","M","?","R","M","M","T","M","R","?","M","?","R","B",null,"M","?","M","M"],"character_chosen":"THE_SILENT","items_purchased":["Blood Vial"],"campfire_rested":2,"item_purchase_floors":[3],"current_hp_per_floor":[53,52,52,52,52,52,53,48,48,14,35,35,31,24,45,26,60,43,43,32,0,0],"gold":236,"neow_bonus":"BOSS_RELIC","is_daily":false,"chose_seed":false,"campfire_upgraded":1,"win_rate":0.0,"timestamp":1610344595,"path_taken":["M","M","$","?","?","R","M","M","T","M","R","?","?","?","R","BOSS","M","?","M","?"],"items_purchased_type":["Relic"],"build_version":"2020-12-22","purchased_purges":0,"victory":false,"max_hp_per_floor":[71,71,71,71,71,71,71,71,71,71,71,71,71,71,71,71,71,71,71,71,71,71],"relic_stats":{"Blood Vial":18,"Nunchaku":[4],"Torii":19,"counters":[11,58],"Pen Nib":[9],"obtain_stats":[{"Blood Vial":3,"Calling Bell":17,"Nunchaku":17,"Tiny House":0,"Matryoshka":17,"Torii":17,"Pen Nib":9,"Ring of the Snake":0},{"Blood Vial":2,"Calling Bell":8,"Nunchaku":8,"Tiny House":0,"Matryoshka":8,"Torii":8,"Pen Nib":5,"Ring of the Snake":0},{"Blood Vial":8,"Calling Bell":41,"Nunchaku":41,"Tiny House":0,"Matryoshka":41,"Torii":41,"Pen Nib":21,"Ring of the Snake":0}]},"card_choices":[{"not_picked":["Leg Sweep","Dodge and Roll"],"picked":"Heel Hook","floor":0},{"not_picked":["Skewer","Finisher"],"picked":"Well Laid Plans","floor":1},{"not_picked":["Noxious Fumes","Expertise"],"picked":"Calculated Gamble","floor":2},{"not_picked":["Finisher","Reflex"],"picked":"Cloak And Dagger","floor":4},{"not_picked":["Noxious Fumes","Outmaneuver"],"picked":"Quick Slash","floor":7},{"not_picked":["Deadly Poison","Outmaneuver"],"picked":"Predator","floor":8},{"not_picked":["Caltrops","Accuracy"],"picked":"Quick Slash","floor":10},{"not_picked":["Die Die Die","Skewer"],"picked":"Sucker Punch","floor":13},{"not_picked":["Doppelganger","Malaise"],"picked":"Adrenaline","floor":16},{"not_picked":["Outmaneuver","Quick Slash","Bane"],"picked":"SKIP","floor":18},{"not_picked":["Outmaneuver","Expertise"],"picked":"Backflip","floor":20}],"player_experience":1163199,"relics_obtained":[{"floor":9,"key":"Pen Nib"},{"floor":17,"key":"Nunchaku"},{"floor":17,"key":"Matryoshka"},{"floor":17,"key":"Torii"}],"event_choices":[{"damage_healed":0,"gold_gain":0,"player_choice":"Ignored","damage_taken":0,"max_hp_gain":0,"max_hp_loss":0,"event_name":"Liars Game","floor":5,"gold_loss":0},{"damage_healed":0,"gold_gain":0,"player_choice":"Got Potions","damage_taken":0,"max_hp_gain":0,"max_hp_loss":0,"event_name":"Lab","floor":12,"gold_loss":0},{"cards_removed":["Strike_G"],"damage_healed":0,"gold_gain":0,"player_choice":"Card Removal","damage_taken":7,"max_hp_gain":0,"max_hp_loss":0,"event_name":"Golden Wing","floor":14,"gold_loss":0},{"damage_healed":0,"gold_gain":50,"player_choice":"Pray","damage_taken":0,"max_hp_gain":0,"max_hp_loss":0,"event_name":"Golden Shrine","floor":19,"gold_loss":0}],"is_beta":false,"boss_relics":[{"not_picked":["Snecko Eye","Coffee Dripper"],"picked":"Calling Bell"}],"items_purged_floors":[],"is_endless":false,"potions_floor_spawned":[7,8,10,13,20],"killed_by":"Centurion and Healer","ascension_level":17}}