{"host":"kxs97zan5mba52e6","time":1610338914,"event":{"mods":["100% Spire Juice","BaseMod","Better Third Choice","BetterRewards","Colored Map","Downfall","Hermit","Magitek Elite","Marisa????????","Minty Spire (QoL Compilation)","Shade Mod","StSLib","The Alterego","The Bug Knight","The Cursed","The Death Knight","The Forsaken","The Senshi"],"gold_per_floor":[111,111,125,144,144,319,319,6,74,93,93,109,129,139,139,139,139],"floor_reached":16,"playtime":607,"items_purged":[],"score":94,"play_id":"b1d20905-7d2b-4fa8-8d5d-1a66d60caf8c","local_time":"20210110232154","is_ascension_mode":false,"campfire_choices":[{"data":"HollowMod:InfectedCysts","floor":7,"key":"SMITH"},{"data":"HollowMod:InfectedAttack","floor":11,"key":"SMITH"},{"floor":15,"key":"REST"}],"circlet_count":0,"master_deck":["HollowMod:NailStrikeStart","HollowMod:NailStrikeStart","HollowMod:NailStrikeStart","HollowMod:NailStrikeStart","HollowMod:QuickDashStart","HollowMod:QuickDashStart","HollowMod:QuickDashStart","HollowMod:QuickDashStart","HollowMod:FocusHealStart","HollowMod:PogoStrike","HollowMod:AbyssShriek","HollowMod:InfectedCysts+1","HollowMod:InfectionAssault","HollowMod:HuntersJournal","Apotheosis+1","Doubt","HollowMod:InfectedAttack+1","HollowMod:SoulEater","HollowMod:InfectionAssault","HollowMod:InfectedAttack"],"relics":["HollowMod:VesselMask","NeowsBlessing","StoneCalendar","Kunai"],"acts_visited":["Exordium"],"potions_floor_usage":[16,16,16],"damage_taken":[{"damage":0,"enemies":"Small Slimes","floor":1,"turns":1},{"damage":0,"enemies":"Cultist","floor":3,"turns":1},{"damage":0,"enemies":"2 Louse","floor":4,"turns":1},{"damage":11,"enemies":"Blue Slaver","floor":10,"turns":2},{"damage":12,"enemies":"Gremlin Gang","floor":12,"turns":2},{"damage":20,"enemies":"Red Slaver","floor":13,"turns":3},{"damage":21,"enemies":"Exordium Thugs","floor":14,"turns":3},{"damage":48,"enemies":"The Guardian","floor":16,"turns":4}],"seed_played":"1416130763633735077","potions_obtained":[{"floor":1,"key":"LiquidMemories"},{"floor":12,"key":"DeathKnight:RimePotion"},{"floor":13,"key":"Ancient Potion"}],"is_trial":false,"path_per_floor":["M","?","M","M","?","?","R","$","T","M","R","M","M","M","R","B"],"character_chosen":"THE_BUGKNIGHT","items_purchased":["StoneCalendar"],"campfire_rested":1,"item_purchase_floors":[8],"current_hp_per_floor":[75,75,75,75,75,75,75,75,75,64,64,52,38,17,39,0,0],"gold":139,"neow_bonus":"THREE_ENEMY_KILL","is_daily":false,"chose_seed":false,"campfire_upgraded":2,"win_rate":0.0,"timestamp":1610338914,"path_taken":["M","?","M","?","?","?","R","?","T","M","R","M","M","M","R","BOSS"],"items_purchased_type":["Relic"],"build_version":"2020-12-22","purchased_purges":0,"victory":false,"max_hp_per_floor":[75,75,75,75,75,75,75,75,75,75,75,75,75,75,75,75,75],"card_choices":[{"not_picked":["HollowMod:CrystalDash","HollowMod:SoulShaman"],"picked":"HollowMod:AbyssShriek","floor":1},{"not_picked":["HollowMod:SiblingsSouls","HollowMod:CornifersMapStart"],"picked":"HollowMod:InfectionAssault","floor":3},{"not_picked":["HollowMod:CloakDash","HollowMod:DescendingDark"],"picked":"HollowMod:HuntersJournal","floor":4},{"not_picked":["HollowMod:HeavyBlow","HollowMod:SharpenedNail"],"picked":"HollowMod:InfectedAttack","floor":10},{"not_picked":["HollowMod:GoodIntentions","HollowMod:WraithStrike"],"picked":"HollowMod:SoulEater","floor":12},{"not_picked":["HollowMod:CrystalDash","HollowMod:WraithStrike"],"picked":"HollowMod:InfectionAssault","floor":13},{"not_picked":["HollowMod:LifebloodCocoon","HollowMod:CoiledNail"],"picked":"HollowMod:InfectedAttack","floor":14}],"player_experience":19811,"relics_obtained":[{"floor":9,"key":"Kunai"}],"event_choices":[{"damage_healed":0,"gold_gain":0,"player_choice":"1 cards matched","damage_taken":0,"max_hp_gain":0,"max_hp_loss":0,"event_name":"Match and Keep!","floor":2,"gold_loss":0,"cards_obtained":["HollowMod:InfectedCysts"]},{"damage_healed":75,"gold_gain":0,"player_choice":"Embrace","damage_taken":0,"max_hp_gain":0,"max_hp_loss":75,"event_name":"betterThird:BetterShining","floor":5,"gold_loss":0},{"damage_healed":0,"gold_gain":175,"player_choice":"AGREE","damage_taken":144,"max_hp_gain":0,"max_hp_loss":0,"event_name":"betterThird:BetterSerpent","floor":6,"gold_loss":0}],"is_beta":false,"boss_relics":[],"items_purged_floors":[],"is_endless":false,"potions_floor_spawned":[1,12,13,14],"killed_by":"The Guardian","ascension_level":0}}