{"host":"kh6fvhxn285ncg0o","time":1610347154,"event":{"mods":["Act Like it!","BaseMod","Colored Map","Friendly Minions","Keyboard Shortcuts","Minty Spire (QoL Compilation)","Quick Restart","Relic Stats","StSLib","SuperFastMode"],"gold_per_floor":[112,37,52,52,52,77,127,138,163,195,212,227,256,274,274,346,346,361,391,441,177,187,187,222,222,249,265,290,290,317,160,160,234,234,246,246,246],"floor_reached":36,"playtime":1180,"items_purged":["Defend_P","Defend_P","Strike_P"],"score":1030,"play_id":"f382cc0d-550b-463f-b1f5-f7a6f80a99db","local_time":"20210111153914","is_ascension_mode":true,"campfire_choices":[{"data":"SandsOfTime","floor":15.0,"key":"SMITH"},{"data":"FearNoEvil","floor":23.0,"key":"SMITH"},{"floor":25.0,"key":"REST"},{"data":"MentalFortress","floor":32,"key":"SMITH"}],"circlet_count":0,"master_deck":["AscendersBane","Strike_P","Defend_P","Defend_P","Eruption+1","Vigilance","FlurryOfBlows+1","FearNoEvil+1","SandsOfTime+1","DeusExMachina","MentalFortress+1"],"relics":["PureWater","NeowsBlessing","Strawberry","Bag of Preparation","Centennial Puzzle","Empty Cage","Red Mask","Sling","Ginger","Bronze Scales","Sundial","MawBank","Sozu"],"acts_visited":["Exordium","TheCity","TheBeyond"],"potions_floor_usage":[30,33],"damage_taken":[{"damage":0.0,"enemies":"2 Louse","floor":1.0,"turns":1.0},{"damage":0.0,"enemies":"Jaw Worm","floor":3.0,"turns":1.0},{"damage":0.0,"enemies":"Lagavulin","floor":6.0,"turns":1.0},{"damage":0.0,"enemies":"Cultist","floor":8.0,"turns":3.0},{"damage":22.0,"enemies":"3 Sentries","floor":10.0,"turns":6.0},{"damage":0.0,"enemies":"Large Slime","floor":11.0,"turns":2.0},{"damage":0.0,"enemies":"Blue Slaver","floor":12.0,"turns":1.0},{"damage":0.0,"enemies":"Gremlin Nob","floor":13.0,"turns":2.0},{"damage":0.0,"enemies":"Exordium Wildlife","floor":14.0,"turns":2.0},{"damage":2.0,"enemies":"Hexaghost","floor":16.0,"turns":6.0},{"damage":1.0,"enemies":"3 Byrds","floor":18.0,"turns":3.0},{"damage":1.0,"enemies":"Masked Bandits","floor":19.0,"turns":3.0},{"damage":0.0,"enemies":"Chosen","floor":22.0,"turns":2.0},{"damage":24.0,"enemies":"Book of Stabbing","floor":24.0,"turns":4.0},{"damage":7,"enemies":"Shelled Parasite and Fungi","floor":27,"turns":3},{"damage":0,"enemies":"Gremlin Leader","floor":28,"turns":3},{"damage":8,"enemies":"Slavers","floor":30,"turns":3},{"damage":36,"enemies":"Champ","floor":33,"turns":10},{"damage":0,"enemies":"Orb Walker","floor":35,"turns":2},{"damage":63,"enemies":"2 Orb Walkers","floor":36,"turns":3}],"seed_played":"-1669671676059352303","potions_obtained":[{"floor":8.0,"key":"BottledMiracle"},{"floor":10.0,"key":"Dexterity Potion"},{"floor":11.0,"key":"Ambrosia"},{"floor":12.0,"key":"SkillPotion"},{"floor":18.0,"key":"DistilledChaos"},{"floor":24.0,"key":"Dexterity Potion"},{"floor":28,"key":"Strength Potion"},{"floor":30,"key":"LiquidBronze"}],"is_trial":false,"path_per_floor":["M","$","M","?","?","E","?","M","T","E","M","M","E","M","R","B",null,"M","?","?","$","M","R","E","R","T","M","E","?","E","$","R","B",null,"M","?"],"character_chosen":"WATCHER","items_purchased":["Sling","MentalFortress"],"campfire_rested":1,"item_purchase_floors":[21,31],"current_hp_per_floor":[61,61,61,61,41,48,41,41,41,19,19,19,19,19,19,17,61,60,59,59,59,59,59,35,57,57,50,50,50,42,42,42,6,58,58,0,0],"gold":246,"neow_bonus":"THREE_ENEMY_KILL","is_daily":false,"chose_seed":false,"campfire_upgraded":3,"win_rate":0.0,"timestamp":1610347154,"path_taken":["M","$","M","?","?","E","?","M","T","E","M","?","E","M","R","BOSS","M","?","?","$","M","R","E","R","T","M","E","?","E","$","R","BOSS","M","?"],"items_purchased_type":["Relic","Card"],"build_version":"2020-12-22","purchased_purges":3,"victory":false,"max_hp_per_floor":[68,68,68,68,68,75,75,75,75,75,75,75,75,75,75,75,75,75,75,75,75,75,75,75,75,75,75,75,75,75,75,75,75,75,75,75,75],"relic_stats":{"Sozu":0,"Centennial Puzzle":[25],"counters":[20,61],"Sundial":[8],"Bronze Scales":[45],"Bag of Preparation":[31],"Ginger":[6],"MawBank":12,"obtain_stats":[{"NeowsBlessing":0,"Bag of Preparation":10,"Ginger":24,"Empty Cage":17,"Sling":21,"MawBank":30,"Sozu":34,"Centennial Puzzle":13,"Sundial":28,"Strawberry":6,"Bronze Scales":26,"Red Mask":19,"PureWater":0},{"NeowsBlessing":0,"Bag of Preparation":5,"Ginger":14,"Empty Cage":10,"Sling":12,"MawBank":17,"Sozu":18,"Centennial Puzzle":8,"Sundial":16,"Strawberry":3,"Bronze Scales":14,"Red Mask":12,"PureWater":0},{"NeowsBlessing":0,"Bag of Preparation":12,"Ginger":37,"Empty Cage":25,"Sling":31,"MawBank":46,"Sozu":56,"Centennial Puzzle":17,"Sundial":43,"Strawberry":3,"Bronze Scales":37,"Red Mask":31,"PureWater":0}]},"card_choices":[{"not_picked":["CrushJoints","Halt"],"picked":"FlurryOfBlows","floor":1.0},{"not_picked":["ForeignInfluence","Crescendo"],"picked":"FearNoEvil","floor":3.0},{"not_picked":["Meditate","ReachHeaven","Protect"],"picked":"SKIP","floor":10.0},{"not_picked":["Meditate","Prostrate","Sanctity"],"picked":"SKIP","floor":11.0},{"not_picked":["Meditate","Prostrate","Sanctity"],"picked":"SKIP","floor":11.0},{"not_picked":["Halt","Swivel","WindmillStrike"],"picked":"SKIP","floor":12.0},{"not_picked":["WreathOfFlame","CutThroughFate","Consecrate"],"picked":"SKIP","floor":13.0},{"not_picked":["ForeignInfluence","ClearTheMind"],"picked":"SandsOfTime","floor":14.0},{"not_picked":["MasterReality","Judgement"],"picked":"DeusExMachina","floor":16.0},{"not_picked":["FlurryOfBlows","Worship","ClearTheMind"],"picked":"SKIP","floor":18.0},{"not_picked":["Nirvana","Protect","BattleHymn"],"picked":"SKIP","floor":22.0},{"not_picked":["Prostrate+1","JustLucky","FlurryOfBlows+1"],"picked":"SKIP","floor":24.0},{"not_picked":["EmptyFist","Halt","Evaluate"],"picked":"SKIP","floor":27},{"not_picked":["Brilliance","Study","Conclude"],"picked":"SKIP","floor":28},{"not_picked":["WaveOfTheHand+1","EmptyBody","CutThroughFate"],"picked":"SKIP","floor":30},{"not_picked":["WaveOfTheHand+1","EmptyBody","CutThroughFate"],"picked":"SKIP","floor":30},{"not_picked":["WaveOfTheHand+1","EmptyBody","CutThroughFate"],"picked":"SKIP","floor":30},{"not_picked":["WindmillStrike","PathToVictory","Prostrate"],"picked":"SKIP","floor":35}],"player_experience":3412092,"relics_obtained":[{"floor":6.0,"key":"Strawberry"},{"floor":10.0,"key":"Bag of Preparation"},{"floor":13.0,"key":"Centennial Puzzle"},{"floor":19.0,"key":"Red Mask"},{"floor":24.0,"key":"Ginger"},{"floor":26.0,"key":"Bronze Scales"},{"floor":28,"key":"Sundial"},{"floor":30,"key":"MawBank"}],"event_choices":[{"damage_healed":0.0,"max_hp_gain":0.0,"max_hp_loss":0.0,"gold_gain":0.0,"event_name":"The Cleric","player_choice":"Leave","floor":4.0,"gold_loss":0.0,"damage_taken":0.0},{"damage_healed":0.0,"max_hp_gain":0.0,"max_hp_loss":0.0,"gold_gain":0.0,"event_name":"Shining Light","player_choice":"Entered Light","floor":5.0,"gold_loss":0.0,"damage_taken":20.0,"cards_upgraded":["Eruption","FlurryOfBlows"]},{"damage_healed":0.0,"max_hp_gain":0.0,"max_hp_loss":0.0,"gold_gain":50.0,"event_name":"FaceTrader","player_choice":"Touch","floor":7.0,"gold_loss":0.0,"damage_taken":7.0},{"damage_healed":0.0,"max_hp_gain":0.0,"max_hp_loss":0.0,"gold_gain":0.0,"event_name":"Masked Bandits","player_choice":"Fought Bandits","floor":19.0,"gold_loss":0.0,"damage_taken":0.0},{"damage_healed":0.0,"max_hp_gain":0.0,"max_hp_loss":0.0,"gold_gain":50.0,"event_name":"Nest","player_choice":"Stole From Cult","floor":20.0,"gold_loss":0.0,"damage_taken":0.0},{"damage_healed":0,"gold_gain":0,"player_choice":"Ignored","damage_taken":0,"max_hp_gain":0,"max_hp_loss":0,"event_name":"Ghosts","floor":29,"gold_loss":0},{"damage_healed":0,"gold_gain":0,"player_choice":"Fight","damage_taken":0,"max_hp_gain":0,"max_hp_loss":0,"event_name":"Mysterious Sphere","floor":36,"gold_loss":0}],"is_beta":false,"boss_relics":[{"not_picked":["Calling Bell","VioletLotus"],"picked":"Empty Cage"},{"not_picked":["Snecko Eye","Pandora\u0027s Box"],"picked":"Sozu"}],"items_purged_floors":[2,21,31],"is_endless":false,"potions_floor_spawned":[8,10,11,12,14,18,24,28,30],"killed_by":"2 Orb Walkers","ascension_level":20}}