{"host":"1c17lcvl7acx821p","time":1610378167,"event":{"mods":["AchievementEnabler","BaseMod","Colored Map","Minty Spire (QoL Compilation)","StSLib"],"gold_per_floor":[11,24,36,36,49,81,81,92,92,126,126,159,178,190,190,286,286,302,314,331,74,74,74,99,109,134,144,144,163,179,203,203,308,308,318,332,79,91,91,91,91],"floor_reached":40,"playtime":2486,"items_purged":["Strike_R"],"score":701,"play_id":"377eac1f-afe9-4fb1-934a-c013208db3ff","local_time":"20210111171607","is_ascension_mode":true,"campfire_choices":[{"data":"Clothesline","floor":7.0,"key":"SMITH"},{"data":"Pummel","floor":11.0,"key":"SMITH"},{"data":"Flame Barrier","floor":15.0,"key":"SMITH"},{"data":"Feel No Pain","floor":23.0,"key":"SMITH"},{"floor":28.0,"key":"REST"},{"data":"Brutality","floor":32.0,"key":"SMITH"}],"circlet_count":0,"master_deck":["AscendersBane","Strike_R+1","Strike_R","Strike_R","Strike_R","Defend_R","Defend_R","Defend_R","Defend_R","Bash","Feed","Clothesline+1","Cleave+1","Pummel+1","Sentinel","Feel No Pain+1","Power Through","Wild Strike","Flame Barrier+1","Exhume","CurseOfTheBell","Havoc+1","Intimidate","Reckless Charge","Sever Soul","Brutality+1","Battle Trance","Barricade","Clash","Combust"],"relics":["Burning Blood","Whetstone","Lantern","Strawberry","Ornamental Fan","Calling Bell","Nunchaku","HornCleat","CaptainsWheel","Vajra","Nilry\u0027s Codex","Meat on the Bone","Oddly Smooth Stone","Juzu Bracelet","Mark of Pain","Matryoshka"],"acts_visited":["Exordium","TheCity","TheBeyond"],"potions_floor_usage":[],"damage_taken":[{"damage":11.0,"enemies":"Cultist","floor":1.0,"turns":4.0},{"damage":7.0,"enemies":"Jaw Worm","floor":2.0,"turns":4.0},{"damage":10.0,"enemies":"2 Louse","floor":3.0,"turns":4.0},{"damage":13.0,"enemies":"Red Slaver","floor":5.0,"turns":3.0},{"damage":18.0,"enemies":"Gremlin Nob","floor":6.0,"turns":4.0},{"damage":0.0,"enemies":"Large Slime","floor":8.0,"turns":5.0},{"damage":14.0,"enemies":"3 Sentries","floor":10.0,"turns":8.0},{"damage":15.0,"enemies":"Lagavulin","floor":12.0,"turns":7.0},{"damage":0.0,"enemies":"3 Louse","floor":13.0,"turns":6.0},{"damage":0.0,"enemies":"Exordium Wildlife","floor":14.0,"turns":3.0},{"damage":63.0,"enemies":"Hexaghost","floor":16.0,"turns":13.0},{"damage":21.0,"enemies":"Shell Parasite","floor":18.0,"turns":12.0},{"damage":1.0,"enemies":"Spheric Guardian","floor":19.0,"turns":4.0},{"damage":13.0,"enemies":"Snecko","floor":20.0,"turns":7.0},{"damage":30.0,"enemies":"Gremlin Leader","floor":24.0,"turns":6.0},{"damage":2.0,"enemies":"3 Cultists","floor":25.0,"turns":5.0},{"damage":31.0,"enemies":"Cultist and Chosen","floor":27.0,"turns":9.0},{"damage":5.0,"enemies":"Shelled Parasite and Fungi","floor":29.0,"turns":4.0},{"damage":15.0,"enemies":"Chosen and Byrds","floor":30.0,"turns":12.0},{"damage":54.0,"enemies":"Champ","floor":33.0,"turns":13.0},{"damage":28.0,"enemies":"3 Darklings","floor":35.0,"turns":10.0},{"damage":13.0,"enemies":"Orb Walker","floor":36.0,"turns":5.0},{"damage":15.0,"enemies":"Sphere and 2 Shapes","floor":38.0,"turns":9.0},{"damage":86,"enemies":"Giant Head","floor":40,"turns":8}],"seed_played":"4156710563350192099","potions_obtained":[{"floor":1.0,"key":"Block Potion"},{"floor":3.0,"key":"Strength Potion"},{"floor":6.0,"key":"SteroidPotion"},{"floor":13.0,"key":"FearPotion"},{"floor":14.0,"key":"SpeedPotion"},{"floor":18.0,"key":"PowerPotion"},{"floor":24.0,"key":"FearPotion"},{"floor":25.0,"key":"AttackPotion"},{"floor":29.0,"key":"Swift Potion"},{"floor":36.0,"key":"Regen Potion"},{"floor":38.0,"key":"ColorlessPotion"}],"is_trial":false,"path_per_floor":["M","M","M","$","M","E","R","M","T","E","R","E","M","M","R","B",null,"M","M","M","$","?","R","E","M","T","M","R","M","M","T","R","B",null,"M","M","$","M","?","E"],"character_chosen":"IRONCLAD","items_purchased":["Sever Soul","Vajra","Matryoshka"],"campfire_rested":1,"item_purchase_floors":[21,21,37],"current_hp_per_floor":[70,72,71,71,64,55,55,64,64,66,66,60,69,78,78,21,91,79,87,83,83,67,67,46,65,65,52,90,91,82,82,82,46,108,86,82,82,79,79,0,0],"gold":91,"neow_bonus":"THREE_RARE_CARDS","is_daily":false,"chose_seed":false,"campfire_upgraded":5,"win_rate":0.0,"timestamp":1610378167,"path_taken":["M","M","M","$","M","E","R","M","T","E","R","E","M","M","R","BOSS","M","M","M","$","?","R","E","M","T","M","R","M","M","?","R","BOSS","M","M","$","M","?","E"],"items_purchased_type":["Card","Relic","Relic"],"build_version":"2020-12-22","purchased_purges":1,"victory":false,"max_hp_per_floor":[83,86,89,89,89,92,92,95,95,105,105,108,111,114,114,114,114,117,120,123,123,123,123,126,129,129,129,129,129,129,129,129,129,129,129,132,132,138,138,138,138],"card_choices":[{"not_picked":["Demon Form","Immolate"],"picked":"Feed","floor":0.0},{"not_picked":["Infernal Blade","Sever Soul"],"picked":"Clothesline","floor":1.0},{"not_picked":["Disarm","Bloodletting"],"picked":"Cleave","floor":2.0},{"not_picked":["Pummel","Twin Strike","Body Slam"],"picked":"SKIP","floor":3.0},{"not_picked":["Twin Strike","Body Slam"],"picked":"Pummel","floor":3.0},{"not_picked":["Anger","Perfected Strike"],"picked":"Sentinel","floor":5.0},{"not_picked":["Rupture","Body Slam","Cleave"],"picked":"SKIP","floor":6.0},{"not_picked":["Fire Breathing","Intimidate"],"picked":"Feel No Pain","floor":8.0},{"not_picked":["Flex","Anger","Thunderclap"],"picked":"SKIP","floor":10.0},{"not_picked":["Thunderclap","Dark Embrace"],"picked":"Power Through","floor":12.0},{"not_picked":["Perfected Strike","Twin Strike"],"picked":"Wild Strike","floor":13.0},{"not_picked":["Havoc","Disarm"],"picked":"Flame Barrier","floor":14.0},{"not_picked":["Impervious","Brutality"],"picked":"Exhume","floor":16.0},{"not_picked":["Flex","Pommel Strike"],"picked":"Havoc+1","floor":18.0},{"not_picked":["Armaments+1","Body Slam"],"picked":"Intimidate","floor":19.0},{"not_picked":["Armaments","Wild Strike"],"picked":"Reckless Charge","floor":20.0},{"not_picked":["Thunderclap","Body Slam"],"picked":"Brutality","floor":24.0},{"not_picked":["Armaments","Shrug It Off","Pummel"],"picked":"SKIP","floor":25.0},{"not_picked":["Clothesline","Body Slam+1","Sword Boomerang"],"picked":"SKIP","floor":27.0},{"not_picked":["Body Slam","Infernal Blade"],"picked":"Battle Trance","floor":29.0},{"not_picked":["Wild Strike","Burning Pact","Armaments"],"picked":"SKIP","floor":30.0},{"not_picked":["Berserk","Immolate"],"picked":"Barricade","floor":33.0},{"not_picked":["Heavy Blade","Body Slam","Hemokinesis"],"picked":"SKIP","floor":35.0},{"not_picked":["Burning Pact","Pommel Strike","Flex+1"],"picked":"SKIP","floor":36.0},{"not_picked":["Shrug It Off","Body Slam+1","Twin Strike"],"picked":"SKIP","floor":38.0}],"player_experience":44126,"relics_obtained":[{"floor":6.0,"key":"Whetstone"},{"floor":9.0,"key":"Lantern"},{"floor":10.0,"key":"Strawberry"},{"floor":12.0,"key":"Ornamental Fan"},{"floor":17.0,"key":"Nunchaku"},{"floor":17.0,"key":"HornCleat"},{"floor":17.0,"key":"CaptainsWheel"},{"floor":22.0,"key":"Nilry\u0027s Codex"},{"floor":24.0,"key":"Meat on the Bone"},{"floor":26.0,"key":"Oddly Smooth Stone"},{"floor":31.0,"key":"Juzu Bracelet"}],"event_choices":[{"damage_healed":0.0,"max_hp_gain":0.0,"max_hp_loss":0.0,"gold_gain":0.0,"event_name":"Cursed Tome","player_choice":"Obtained Book","floor":22.0,"gold_loss":0.0,"damage_taken":16.0},{"damage_healed":0.0,"max_hp_gain":0.0,"max_hp_loss":0.0,"gold_gain":0.0,"event_name":"Match and Keep!","player_choice":"2 cards matched","floor":39.0,"gold_loss":0.0,"damage_taken":0.0,"cards_obtained":["Clash","Combust"]}],"is_beta":false,"boss_relics":[{"not_picked":["Runic Pyramid","Philosopher\u0027s Stone"],"picked":"Calling Bell"},{"not_picked":["Sozu","Tiny House"],"picked":"Mark of Pain"}],"items_purged_floors":[21],"is_endless":false,"potions_floor_spawned":[1,3,6,13,14,18,24,25,29,36,38],"killed_by":"Giant Head","ascension_level":10}}