{"host":"uzcks4yhskks9i02","time":1610401880,"event":{"mods":["BaseMod","Minty Spire (QoL Compilation)","Quick Restart"],"gold_per_floor":[112,37,55,70,70,102,102,145,145,110,110,185,185,206,206,289,289,309,309,309,64,85,85,85],"floor_reached":23,"playtime":604,"items_purged":[],"score":335,"play_id":"5bd26405-ada5-418a-a900-381917bc2e3d","local_time":"20210111145120","is_ascension_mode":true,"campfire_choices":[{"data":"Apotheosis","floor":7.0,"key":"SMITH"},{"data":"Rampage","floor":11.0,"key":"SMITH"},{"floor":15.0,"key":"REST"}],"circlet_count":0,"master_deck":["AscendersBane","Strike_R","Strike_R","Strike_R","Strike_R","Defend_R","Defend_R","Defend_R","Defend_R","Bash","Apotheosis+1","Second Wind","Sword Boomerang","Anger","Rampage+1","Spot Weakness","Metallicize","Rage","Inflame","Double Tap","Thunderclap","Wild Strike"],"relics":["Burning Blood","The Courier","CeramicFish","Bottled Flame","Akabeko","Black Star","Nilry\u0027s Codex","Tiny Chest","Omamori"],"acts_visited":["Exordium","TheCity"],"potions_floor_usage":[],"damage_taken":[{"damage":6.0,"enemies":"2 Louse","floor":1.0,"turns":3.0},{"damage":4.0,"enemies":"Jaw Worm","floor":3.0,"turns":4.0},{"damage":0.0,"enemies":"Small Slimes","floor":4.0,"turns":3.0},{"damage":27.0,"enemies":"Gremlin Nob","floor":6.0,"turns":4.0},{"damage":14.0,"enemies":"3 Sentries","floor":8.0,"turns":7.0},{"damage":7.0,"enemies":"Exordium Wildlife","floor":14.0,"turns":3.0},{"damage":24.0,"enemies":"The Guardian","floor":16.0,"turns":8.0},{"damage":28.0,"enemies":"2 Thieves","floor":18.0,"turns":4.0},{"damage":12.0,"enemies":"3 Byrds","floor":22.0,"turns":6.0},{"damage":23,"enemies":"Gremlin Leader","floor":23,"turns":2}],"seed_played":"18154605324443282","potions_obtained":[{"floor":1.0,"key":"Swift Potion"},{"floor":3.0,"key":"EssenceOfSteel"},{"floor":14.0,"key":"Energy Potion"}],"is_trial":false,"path_per_floor":["M","$","M","M","?","E","R","E","T","?","R","?","?","M","R","B",null,"M","?","?","$","M","E"],"character_chosen":"IRONCLAD","items_purchased":["Sword Boomerang","Anger","Tiny Chest","Omamori"],"campfire_rested":1,"item_purchase_floors":[2,2,21,21],"current_hp_per_floor":[50,50,52,58,58,37,37,29,29,47,47,36,24,23,45,27,63,41,41,25,25,19,0,0],"gold":85,"neow_bonus":"RANDOM_COLORLESS_2","is_daily":false,"chose_seed":false,"campfire_upgraded":2,"win_rate":0.0,"timestamp":1610401880,"path_taken":["M","$","M","M","?","E","R","E","T","?","R","?","?","M","R","BOSS","M","?","?","$","M","E"],"items_purchased_type":["Card","Card","Relic","Relic"],"build_version":"2020-12-22","purchased_purges":0,"victory":false,"max_hp_per_floor":[75,75,75,75,75,75,75,75,75,75,75,75,75,75,75,75,75,75,75,75,75,75,75,75],"card_choices":[{"not_picked":["Transmutation","HandOfGreed"],"picked":"Apotheosis","floor":0.0},{"not_picked":["Sword Boomerang","Body Slam"],"picked":"Second Wind","floor":1.0},{"not_picked":["Clash","Twin Strike"],"picked":"Rampage","floor":3.0},{"not_picked":["Sentinel","Sword Boomerang"],"picked":"Spot Weakness","floor":4.0},{"not_picked":["Burning Pact","Seeing Red"],"picked":"Metallicize","floor":6.0},{"not_picked":["Havoc","Clothesline"],"picked":"Rage","floor":8.0},{"not_picked":["Shrug It Off","Twin Strike"],"picked":"Inflame","floor":14.0},{"not_picked":["Impervious","Fiend Fire"],"picked":"Double Tap","floor":16.0},{"not_picked":["Sword Boomerang","Warcry"],"picked":"Thunderclap","floor":18.0},{"not_picked":["Havoc","True Grit"],"picked":"Wild Strike","floor":22.0}],"player_experience":499257,"relics_obtained":[{"floor":6.0,"key":"The Courier"},{"floor":8.0,"key":"CeramicFish"},{"floor":9.0,"key":"Bottled Flame"},{"floor":20.0,"key":"Nilry\u0027s Codex"}],"event_choices":[{"damage_healed":0.0,"max_hp_gain":0.0,"max_hp_loss":0.0,"gold_gain":0.0,"event_name":"Golden Wing","player_choice":"Ignored","floor":5.0,"gold_loss":0.0,"damage_taken":0.0},{"damage_healed":18.0,"max_hp_gain":0.0,"max_hp_loss":0.0,"gold_gain":0.0,"event_name":"The Cleric","player_choice":"Healed","floor":10.0,"gold_loss":35.0,"damage_taken":0.0},{"damage_healed":0.0,"max_hp_gain":0.0,"max_hp_loss":0.0,"gold_gain":75.0,"event_name":"World of Goop","player_choice":"Gather Gold","floor":12.0,"gold_loss":0.0,"damage_taken":11.0},{"damage_healed":0.0,"max_hp_gain":0.0,"max_hp_loss":0.0,"gold_gain":0.0,"event_name":"Scrap Ooze","player_choice":"Success","floor":13.0,"gold_loss":0.0,"damage_taken":12.0,"relics_obtained":["Akabeko"]},{"cards_removed":["Strike_R"],"damage_healed":0.0,"max_hp_gain":0.0,"max_hp_loss":0.0,"gold_gain":0.0,"event_name":"Back to Basics","player_choice":"Elegance","floor":19.0,"gold_loss":0.0,"damage_taken":0.0},{"damage_healed":0.0,"max_hp_gain":0.0,"max_hp_loss":0.0,"gold_gain":0.0,"event_name":"Cursed Tome","player_choice":"Obtained Book","floor":20.0,"gold_loss":0.0,"damage_taken":16.0}],"is_beta":false,"boss_relics":[{"not_picked":["Runic Cube","Runic Pyramid"],"picked":"Black Star"}],"items_purged_floors":[],"is_endless":false,"potions_floor_spawned":[1,3,14],"killed_by":"Gremlin Leader","ascension_level":14}}