{"host":"3twtdwjpiqhvvn5s","time":1610325044,"event":{"mods":["AchievementEnabler","Act Like it!","BaseMod","BetterRewards","Colored Map","Colored Powertips","Downfall","Duelist Mod","Friendly Minions","GifTheSpireLib","Hallownest","Hermit","Hubris","Infinite Spire","Jorbs\u0027s Wanderer Trilogy","Koishi","KomeijiMod","Marisa????????","Minty Spire (QoL Compilation)","Random Character Mod","Rare Cards Sparkle","Replay The Spire","Shop Mod","StSLib","Td1madao Mod","The Administrix","The Animator","The Bug Knight","The Caster","The Cursed","The Disciple","The Hierophant","The Necromancer","The Poker Player","The Runesmith","The Servant 0.9.4","TheFirefly"],"gold_per_floor":[111,22,36,36,1,1,12,46,72,89,99,129,144,167,167,272,272,294,249,266,42,42,42],"floor_reached":22,"playtime":106311,"items_purged":[],"score":223,"play_id":"a2b8634d-32c1-4113-8fe4-250d48b59fdb","local_time":"20210110183042","daily_mods":["Draft","Lethality"],"is_ascension_mode":false,"campfire_choices":[{"data":"stsjorbsmod:Mindworm","floor":6,"key":"SMITH"},{"floor":15,"key":"REST"}],"circlet_count":0,"master_deck":["stsjorbsmod:Will","stsjorbsmod:Inferno","stsjorbsmod:BookOfTongues","stsjorbsmod:LocateObject","stsjorbsmod:Will","stsjorbsmod:Will","stsjorbsmod:Hibernate+1","stsjorbsmod:MageArmor","stsjorbsmod:ChainLightning+1","stsjorbsmod:BookOfTongues","stsjorbsmod:MageArmor","stsjorbsmod:DisguiseSelf+1","stsjorbsmod:FracturedMind","stsjorbsmod:DoubleCheck","stsjorbsmod:Message","stsjorbsmod:Hibernate","stsjorbsmod:Mindworm+1","stsjorbsmod:ArcaneWeapon","stsjorbsmod:BookOfTongues","stsjorbsmod:MagicMirror","stsjorbsmod:Mindworm","stsjorbsmod:TrueStrike","stsjorbsmod:Patron+1","stsjorbsmod:Banish","stsjorbsmod:Index","stsjorbsmod:Materialize","stsjorbsmod:MageArmor","stsjorbsmod:Pyromancy","stsjorbsmod:MageArmor","stsjorbsmod:Hibernate","stsjorbsmod:Materialize","stsjorbsmod:FracturedMind"],"relics":["stsjorbsmod:GrimoireRelic","Hallownest:DreamNailRelic","StrikeDummy","Strawberry","War Paint","SlaversCollar","Whetstone"],"acts_visited":["Hallownest:Greenpath","Hallownest:CityofTears"],"potions_floor_usage":[8,11,18,18,20,22],"damage_taken":[{"damage":0,"enemies":"2_ Uuma","floor":1,"turns":7},{"damage":3,"enemies":"Hallownest:monsterHuskGuard","floor":3,"turns":4},{"damage":2,"enemies":"Hallownest:2_Baldur","floor":7,"turns":5},{"damage":8,"enemies":"Hallownest:eliteVengeflyKing","floor":8,"turns":5},{"damage":4,"enemies":"Hallownest:monsterMossCharger","floor":10,"turns":6},{"damage":1,"enemies":"Hallownest:MossCreep_and_Mosskin","floor":11,"turns":7},{"damage":8,"enemies":"Hallownest:eliteMossKnight","floor":12,"turns":6},{"damage":8,"enemies":"Hallownest:1_Baldur_1_Crawlid_1_Warrior","floor":13,"turns":7},{"damage":0,"enemies":"Hallownest:monsterAspidMother","floor":14,"turns":3},{"damage":1,"enemies":"Hallownest:BossFalseKnight","floor":16,"turns":10},{"damage":38,"enemies":"Hallownest:3_Youths","floor":18,"turns":6},{"damage":11,"enemies":"Hallownest:Guard_and_Sentry","floor":20,"turns":7},{"damage":27,"enemies":"Hallownest:3_Mistakes","floor":22,"turns":2}],"seed_played":"8194395260890799689","potions_obtained":[{"floor":7,"key":"stsjorbsmod:DimensionDoorPotion"},{"floor":10,"key":"Block Potion"},{"floor":11,"key":"SpeedPotion"},{"floor":14,"key":"SkillPotion"},{"floor":16,"key":"Cursed Concoction"},{"floor":20,"key":"AttackPotion"}],"is_trial":true,"path_per_floor":["M","$","M","?","$","R","M","E","T","M","M","E","M","M","R","B",null,"M","?","M","$","M"],"character_chosen":"WANDERER","items_purchased":["stsjorbsmod:Mindworm","stsjorbsmod:ArcaneWeapon","stsjorbsmod:MagicMirror","Whetstone","stsjorbsmod:Materialize","stsjorbsmod:FracturedMind"],"campfire_rested":1,"item_purchase_floors":[2,2,5,21,21,21],"current_hp_per_floor":[68,68,65,65,65,65,63,55,62,58,57,49,41,41,63,62,75,37,37,26,26,0,0],"gold":42,"neow_bonus":"","is_daily":false,"chose_seed":false,"campfire_upgraded":1,"win_rate":0.0,"timestamp":1610325042,"path_taken":["M","$","M","?","$","R","M","E","T","?","?","E","M","M","R","BOSS","M","?","M","$","M"],"items_purchased_type":["Card","Card","Card","Relic","Card","Card"],"build_version":"2020-12-22","purchased_purges":0,"victory":false,"max_hp_per_floor":[68,68,68,68,68,68,68,68,75,75,75,75,75,75,75,75,75,75,75,75,75,75,75],"card_choices":[{"not_picked":["stsjorbsmod:Message","stsjorbsmod:RayOfFrost"],"picked":"stsjorbsmod:Will","floor":0},{"not_picked":["stsjorbsmod:BookOfTongues","stsjorbsmod:Patron"],"picked":"stsjorbsmod:Inferno","floor":0},{"not_picked":["stsjorbsmod:Introspection","stsjorbsmod:Materialize"],"picked":"stsjorbsmod:BookOfTongues","floor":0},{"not_picked":["stsjorbsmod:DoubleCheck","stsjorbsmod:TollTheDead"],"picked":"stsjorbsmod:LocateObject","floor":0},{"not_picked":["stsjorbsmod:SmithingStrike","stsjorbsmod:ChainLightning"],"picked":"stsjorbsmod:Will","floor":0},{"not_picked":["stsjorbsmod:Hibernate","stsjorbsmod:WeightOfMemory"],"picked":"stsjorbsmod:Will","floor":0},{"not_picked":["stsjorbsmod:Aid","stsjorbsmod:BurningFlask"],"picked":"stsjorbsmod:Hibernate","floor":0},{"not_picked":["stsjorbsmod:DoubleCheck","stsjorbsmod:LocateObject"],"picked":"stsjorbsmod:MageArmor","floor":0},{"not_picked":["stsjorbsmod:TrueStrike","stsjorbsmod:ChatteringStrike"],"picked":"stsjorbsmod:ChainLightning","floor":0},{"not_picked":["stsjorbsmod:Hurt","stsjorbsmod:ArcaneWeapon"],"picked":"stsjorbsmod:BookOfTongues","floor":0},{"not_picked":["stsjorbsmod:Firebolt","stsjorbsmod:Stalwart"],"picked":"stsjorbsmod:MageArmor","floor":0},{"not_picked":["stsjorbsmod:Hurt","stsjorbsmod:ChainLightning"],"picked":"stsjorbsmod:DisguiseSelf","floor":0},{"not_picked":["stsjorbsmod:TrueStrike","stsjorbsmod:RefuseToForget"],"picked":"stsjorbsmod:FracturedMind","floor":0},{"not_picked":["stsjorbsmod:ChainLightning","stsjorbsmod:Message"],"picked":"stsjorbsmod:DoubleCheck","floor":0},{"not_picked":["stsjorbsmod:SchoolsOfMagic","stsjorbsmod:ParryingBlow"],"picked":"stsjorbsmod:Message","floor":0},{"not_picked":["stsjorbsmod:UnseenServant","stsjorbsmod:Message"],"picked":"stsjorbsmod:Hibernate","floor":1},{"not_picked":["stsjorbsmod:Prestidigitation","stsjorbsmod:AnimateObjects"],"picked":"stsjorbsmod:BookOfTongues","floor":3},{"not_picked":["stsjorbsmod:Will","stsjorbsmod:Rediscovery"],"picked":"stsjorbsmod:Mindworm","floor":7},{"not_picked":["stsjorbsmod:WeightOfMemory","stsjorbsmod:ChainLightning"],"picked":"stsjorbsmod:TrueStrike","floor":8},{"not_picked":["stsjorbsmod:ChainLightning","stsjorbsmod:BlackTentacles"],"picked":"stsjorbsmod:Patron","floor":10},{"not_picked":["stsjorbsmod:ChainLightning","stsjorbsmod:Inferno"],"picked":"stsjorbsmod:Banish","floor":11},{"not_picked":["stsjorbsmod:BlackTentacles","stsjorbsmod:Introspection"],"picked":"stsjorbsmod:Index","floor":12},{"not_picked":["stsjorbsmod:ParryingBlow","stsjorbsmod:Prepare"],"picked":"stsjorbsmod:Materialize","floor":13},{"not_picked":["stsjorbsmod:RayOfFrost","stsjorbsmod:Channel"],"picked":"stsjorbsmod:MageArmor","floor":14},{"not_picked":["stsjorbsmod:Feast","stsjorbsmod:CorrodingBarrier"],"picked":"stsjorbsmod:Pyromancy","floor":16},{"not_picked":["stsjorbsmod:DisguiseSelf","stsjorbsmod:SmithingStrike"],"picked":"stsjorbsmod:MageArmor","floor":18},{"not_picked":["stsjorbsmod:Prepare","stsjorbsmod:ParryingBlow"],"picked":"stsjorbsmod:Hibernate","floor":20}],"player_experience":1386391,"relics_obtained":[{"floor":8,"key":"StrikeDummy"},{"floor":9,"key":"Strawberry"},{"floor":12,"key":"War Paint"}],"event_choices":[],"is_beta":false,"boss_relics":[{"not_picked":["Replay:Ancient Bell","ReplayTheSpireMod:DimensionalGlitch"],"picked":"SlaversCollar"}],"items_purged_floors":[],"is_endless":false,"potions_floor_spawned":[7,10,11,14,16,20],"killed_by":"Hallownest:3_Mistakes","ascension_level":0}}