{"host":"r5cycnjhcbwgkpkf","time":1610405444,"event":{"mods":["2.2 Compatiblity","AchievementEnabler","BaseMod","Bestiary","Better Match","Better Note","Better Skull","Better Third Choice","BetterRewards","Colored Map","Colored Powertips","Downfall","Infinite Spire","Minty Spire (QoL Compilation)","Replay The Spire","Spicy Shops","StSLib"],"gold_per_floor":[124,124,151,151,188,188,226,226,252,252,252,304,30,88,88,221,221,244,244,244,273,313,313,346,387,410,410,435,463,463,463,463,610,610,655,655,687,612,646,646,697,746,828,865,865,900,900,958,958,974],"floor_reached":51,"playtime":3282,"items_purged":["Clumsy"],"score":1378,"play_id":"631093db-1219-4998-908b-409e25803280","local_time":"20210111145044","is_ascension_mode":true,"campfire_choices":[{"floor":6.0,"key":"REST"},{"floor":8.0,"key":"REST"},{"data":"SashWhip","floor":10.0,"key":"SMITH"},{"floor":23.0,"key":"REST"},{"data":"Tantrum","floor":27.0,"key":"SMITH"},{"data":"WreathOfFlame","floor":30.0,"key":"SMITH"},{"data":"BattleHymn","floor":32.0,"key":"SMITH"},{"floor":40.0,"key":"REST"},{"floor":49,"key":"REST"}],"circlet_count":0,"master_deck":["Strike_P","Strike_P","Strike_P","Strike_P","Defend_P","Defend_P","Defend_P","Defend_P","Eruption+1","Vigilance+1","SashWhip+1","Replay:Anticipation","FollowUp+1","Indignation","Self Repair+1","Tantrum+1","Alpha+1","WreathOfFlame+1","BattleHymn+1","MasterReality","FlurryOfBlows+1","CrushJoints+1"],"relics":["PureWater","Anchor","Strawberry","Replay:Bandana","Toolbox","Golden Idol","ReplayTheSpireMod:TigerMarble","Omamori","Lizard Tail","Melange","Akabeko","infinitespire:Lucky Rock","Replay:Ancient Bell","Toy Ornithopter","Pear","Thread and Needle","MutagenicStrength","GremlinMask","Ancient Tea Set","Fusion Hammer","Bag of Marbles","Busted Crown","War Paint","Mummified Hand","The Courier","infinitespire:Satchel"],"acts_visited":["Exordium","TheCity","TheBeyond"],"potions_floor_usage":[],"damage_taken":[{"damage":0.0,"enemies":"2 Louse","floor":1.0,"turns":2.0},{"damage":6.0,"enemies":"Jaw Worm","floor":3.0,"turns":5.0},{"damage":0.0,"enemies":"Cultist","floor":5.0,"turns":2.0},{"damage":39.0,"enemies":"3 Sentries","floor":12.0,"turns":7.0},{"damage":0.0,"enemies":"Replay:BlueRogue","floor":14.0,"turns":1.0},{"damage":44.0,"enemies":"Hexaghost","floor":16.0,"turns":6.0},{"damage":3.0,"enemies":"Chosen","floor":18.0,"turns":4.0},{"damage":18.0,"enemies":"Spheric Guardian","floor":21.0,"turns":4.0},{"damage":14.0,"enemies":"Centurion and Healer","floor":22.0,"turns":4.0},{"damage":8.0,"enemies":"Snake Plant","floor":24.0,"turns":3.0},{"damage":11.0,"enemies":"Chosen and Byrds","floor":25.0,"turns":5.0},{"damage":0.0,"enemies":"Cultist and Chosen","floor":28.0,"turns":4.0},{"damage":0.0,"enemies":"Centurion and Healer","floor":29.0,"turns":2.0},{"damage":61.0,"enemies":"Collector","floor":33.0,"turns":7.0},{"damage":0.0,"enemies":"3 Darklings","floor":35.0,"turns":3.0},{"damage":5.0,"enemies":"Orb Walker","floor":37.0,"turns":3.0},{"damage":20.0,"enemies":"3 Darklings","floor":39.0,"turns":5.0},{"damage":21.0,"enemies":"Maw","floor":41.0,"turns":5.0},{"damage":20.0,"enemies":"R_Hoarder","floor":42.0,"turns":4.0},{"damage":20,"enemies":"Jaw Worm Horde","floor":44,"turns":3},{"damage":0,"enemies":"Spire Growth","floor":46,"turns":3},{"damage":0,"enemies":"Nemesis","floor":48,"turns":3},{"damage":17,"enemies":"infinitespire:MassOfShapes","floor":50,"turns":9}],"seed_played":"5649309510570207490","potions_obtained":[{"floor":7.0,"key":"PowerPotion"},{"floor":7.0,"key":"GamblersBrew"},{"floor":7.0,"key":"Cursed Concoction"},{"floor":12.0,"key":"infinitespire:BlackPotion"},{"floor":14.0,"key":"Milkshake"},{"floor":16.0,"key":"PowerPotion"},{"floor":35.0,"key":"Milkshake"},{"floor":42.0,"key":"SkillPotion"}],"is_trial":false,"path_per_floor":["M","?","M","?","M","R","?","R","T","R","?","E","$","E","R_BF","B",null,"M","?","?","M","M","R","M","M","T","R","M","M","R","?","R","B",null,"M","AVR","M","?","M","R","M","E","T","M","?","M","?","E","R","B",null],"character_chosen":"WATCHER","items_purchased":["Anchor","Strawberry","Replay:Bandana","Toolbox","SashWhip","Melange","Tantrum","Akabeko"],"campfire_rested":5,"item_purchase_floors":[0,0,0,0,0,13,13,13],"current_hp_per_floor":[65,46,40,24,24,47,47,70,70,70,53,21,21,28,51,17,74,81,81,81,73,59,85,77,76,76,76,86,89,89,89,89,43,78,88,88,89,89,69,89,78,58,58,38,78,78,74,74,74,67],"gold":974,"neow_bonus":"","is_daily":false,"chose_seed":false,"campfire_upgraded":4,"win_rate":0.0,"timestamp":1610405444,"path_taken":["M","?","M","?","M","R","?","R","T","R","?","E","?","E","R_BF","BOSS","M","?","?","M","M","R","?","M","T","R","M","M","R","?","R","BOSS","M","AVR","M","?","M","R","?","E","T","M","?","M","?","E","R","BOSS"],"items_purchased_type":["Relic","Relic","Relic","Relic","Card","Relic","Card","Relic"],"build_version":"2020-12-22","purchased_purges":1,"victory":true,"max_hp_per_floor":[79,79,79,79,79,79,79,79,79,79,79,79,79,79,79,79,89,89,89,89,89,89,89,89,89,89,89,89,89,89,89,89,89,89,89,89,89,89,89,89,89,89,89,89,78,78,74,74,74,74],"card_choices":[{"not_picked":["FlyingSleeves","Swivel"],"picked":"Replay:Anticipation","floor":1.0},{"not_picked":["Replay:BluntJabs","CrushJoints"],"picked":"FollowUp","floor":3.0},{"not_picked":["Protect","MasterReality"],"picked":"Indignation","floor":5.0},{"not_picked":["SandsOfTime","Replay:Battleflow","EmptyBody"],"picked":"SKIP","floor":12.0},{"not_picked":["BowlingBash","InnerPeace","LikeWater"],"picked":"SKIP","floor":14.0},{"not_picked":["Scrawl","Wish"],"picked":"Alpha","floor":16.0},{"not_picked":["Injury","Parasite"],"picked":"Replay:UnknownCurse","floor":17.0},{"not_picked":["Injury","betterMatch:CurseCard"],"picked":"Doubt","floor":17.0},{"not_picked":["Parasite","Guardian:Aged"],"picked":"Clumsy","floor":17.0},{"not_picked":["PathToVictory","FollowUp","SashWhip"],"picked":"SKIP","floor":18.0},{"not_picked":["WaveOfTheHand","Collect"],"picked":"WreathOfFlame","floor":21.0},{"not_picked":["CutThroughFate+1","Prostrate","JustLucky"],"picked":"SKIP","floor":22.0},{"not_picked":["ThirdEye","ReachHeaven","Protect"],"picked":"SKIP","floor":24.0},{"not_picked":["ForeignInfluence+1","EmptyBody","Replay:BluntJabs"],"picked":"SKIP","floor":25.0},{"not_picked":["FollowUp","PathToVictory"],"picked":"BattleHymn","floor":28.0},{"not_picked":["Replay:Hum","Prostrate","WaveOfTheHand+1"],"picked":"SKIP","floor":29.0},{"not_picked":["Judgement","SpiritShield"],"picked":"MasterReality","floor":33.0},{"not_picked":["FlyingSleeves","Prostrate","EmptyFist+1"],"picked":"SKIP","floor":35.0},{"not_picked":[],"picked":"FlurryOfBlows+1","floor":37.0},{"not_picked":["Evaluate"],"picked":"SKIP","floor":39.0},{"not_picked":[],"picked":"CrushJoints+1","floor":41.0},{"not_picked":["ThirdEye"],"picked":"SKIP","floor":42.0},{"not_picked":["FlyingSleeves+1"],"picked":"SKIP","floor":44},{"not_picked":["DeceiveReality"],"picked":"SKIP","floor":46},{"not_picked":["Collect"],"picked":"SKIP","floor":48}],"player_experience":413157,"relics_obtained":[{"floor":9.0,"key":"ReplayTheSpireMod:TigerMarble"},{"floor":12.0,"key":"Lizard Tail"},{"floor":14.0,"key":"infinitespire:Lucky Rock"},{"floor":26.0,"key":"Ancient Tea Set"},{"floor":42.0,"key":"Mummified Hand"},{"floor":43.0,"key":"The Courier"},{"floor":48,"key":"infinitespire:Satchel"}],"event_choices":[{"damage_healed":0.0,"max_hp_gain":0.0,"max_hp_loss":0.0,"gold_gain":0.0,"event_name":"Golden Idol","player_choice":"Take Damage","floor":2.0,"gold_loss":0.0,"damage_taken":19.0,"relics_obtained":["Golden Idol"]},{"damage_healed":40.0,"max_hp_gain":0.0,"max_hp_loss":79.0,"gold_gain":0.0,"event_name":"betterThird:BetterShining","player_choice":"Upgrade","floor":4.0,"gold_loss":0.0,"damage_taken":16.0,"cards_upgraded":["Eruption","FollowUp"]},{"damage_healed":0.0,"max_hp_gain":0.0,"max_hp_loss":0.0,"gold_gain":0.0,"event_name":"Drug Dealer","player_choice":"Inject Mutagens","floor":19.0,"gold_loss":0.0,"damage_taken":0.0,"relics_obtained":["MutagenicStrength"]},{"damage_healed":0.0,"max_hp_gain":0.0,"max_hp_loss":0.0,"gold_gain":0.0,"event_name":"FaceTrader","player_choice":"Trade","floor":20.0,"gold_loss":0.0,"damage_taken":0.0,"relics_obtained":["GremlinMask"]},{"damage_healed":0.0,"max_hp_gain":0.0,"max_hp_loss":0.0,"gold_gain":0.0,"event_name":"Cursed Tome","player_choice":"Ignored","floor":31.0,"gold_loss":0.0,"damage_taken":0.0},{"damage_healed":0.0,"max_hp_gain":0.0,"max_hp_loss":0.0,"gold_gain":0.0,"event_name":"WeMeetAgain","player_choice":"Paid Gold","floor":38.0,"gold_loss":75.0,"damage_taken":0.0,"relics_obtained":["War Paint"]},{"damage_healed":78,"gold_gain":0,"player_choice":"Heal","damage_taken":0,"max_hp_gain":0,"max_hp_loss":11,"event_name":"The Moai Head","floor":45,"gold_loss":0},{"damage_healed":0,"gold_gain":0,"player_choice":"Max HP","damage_taken":0,"max_hp_gain":0,"max_hp_loss":4,"event_name":"Winding Halls","floor":47,"gold_loss":0}],"is_beta":false,"boss_relics":[{"not_picked":["infinitespire:Cupcake","Abe\u0027s Treasure"],"picked":"Replay:Ancient Bell"},{"not_picked":["PreservedInsect","ReplayTheSpireMod:Lightbulb"],"picked":"Toy Ornithopter"},{"not_picked":["Snack Pack","Matryoshka"],"picked":"Pear"},{"not_picked":["Replay:Arrowhead","Pondfish Scales"],"picked":"Thread and Needle"},{"not_picked":["Sozu","Kintsugi"],"picked":"Fusion Hammer"}],"items_purged_floors":[36],"is_endless":false,"potions_floor_spawned":[12,14,16,21,22,25,35,42,48],"ascension_level":5}}