{"host":"byizzf0lry06owoh","time":1610357817,"event":{"mods":["Act Like it!","Aspiration","BaseMod","BetterRewards","Card Forge","Conspire","Downfall","Friendly Minions","GifTheSpireLib","Hallownest","Hubris","Infinite Spire","Minty Spire (QoL Compilation)","Relic Sorter","Replay The Spire","StSLib","Wandering Minibosses"],"gold_per_floor":[115,115,130,130,145,145,161,161,185,196,196,225,5,32,32,127,127,137,0,0,0,0,13,13,33,33,33,52,52,77,93,93,195,195,214,224,236,236,236,236,252,252,252,252,323,355,355,374,374,374,374,374,47,82,82],"floor_reached":56,"playtime":4392,"items_purged":["ReplayTheSpireMod:Doomed","Normality"],"score":1478,"play_id":"d0290927-ed94-4c0c-aa33-60a56ba42f80","local_time":"20210111013657","is_ascension_mode":false,"campfire_choices":[{"data":"Flame Barrier","floor":6,"key":"SMITH"},{"data":"Thunderclap","floor":8,"key":"SMITH"},{"data":"Shrug It Off","floor":11,"key":"SMITH"},{"data":"True Grit","floor":15,"key":"SMITH"},{"data":"ReplayTheSpireMod:Strike From Hell","floor":24,"key":"SMITH"},{"data":"ReplayTheSpireMod:Muscle Training","floor":27,"key":"SMITH"},{"data":"Bash","floor":29,"key":"SMITH"},{"data":"ReplayReversal","floor":32,"key":"SMITH"},{"floor":40,"key":"RECALL"},{"data":"ReplayTheSpireMod:Book of Names","floor":42,"key":"SMITH"},{"data":"Inflame","floor":44,"key":"SMITH"},{"floor":49,"key":"REST"},{"data":"Headbutt","floor":52,"key":"SMITH"}],"circlet_count":0,"master_deck":["Bash+1","Flex+1","Shrug It Off+1","Flame Barrier+1","Thunderclap+1","Sword Boomerang","ReplayReversal+1","True Grit+1","hubris:ReadiedAction+1","ReplayTheSpireMod:Muscle Training+1","Sadistic Nature+1","ReplayTheSpireMod:Strike From Hell+1","Seeing Red+1","True Grit+1","Headbutt+1","Burning Pact+1","Inflame+1","ReplayTheSpireMod:Book of Names+1","Defy Death+1","Seeing Red+1","Flex+1"],"relics":["Burning Blood","Seething Fire","Hammer of Thor","Anvil of the Gods","aspiration:Nostalgia","Cracked Core","Blue Doll","ReplayFunnel","infinitespire:ShieldingShard","Runic Cube","Toxic Egg 2","Pear","Iron Hammer","Astrolabe","Black Blood","infinitespire:WardingShard","Durian","Quantum Egg","Regal Pillow","ReplayTheSpireMod:Ring of Addiction","Ring of Panic","hubris:EmptyBottle","SacredBark","hubris:BottledRain","Mirror"],"acts_visited":["Exordium","TheCity","TheBeyond","TheEnding"],"potions_floor_usage":[12,16,30,31,33,37,50,50,50,54,55,55],"damage_taken":[{"damage":5,"enemies":"Small Slimes","floor":1,"turns":4},{"damage":6,"enemies":"Jaw Worm","floor":3,"turns":3},{"damage":0,"enemies":"Cultist","floor":5,"turns":2},{"damage":0,"enemies":"3 Louse","floor":7,"turns":2},{"damage":8,"enemies":"Red Slaver","floor":10,"turns":3},{"damage":0,"enemies":"Gremlin Nob","floor":12,"turns":3},{"damage":20,"enemies":"3 Sentries","floor":14,"turns":9},{"damage":34,"enemies":"The Guardian","floor":16,"turns":8},{"damage":0,"enemies":"Shell Parasite","floor":18,"turns":5},{"damage":9,"enemies":"2 Thieves","floor":23,"turns":3},{"damage":0,"enemies":"Shelled Parasite and Fungi","floor":25,"turns":4},{"damage":3,"enemies":"3 Cultists","floor":28,"turns":5},{"damage":0,"enemies":"Replay:Snechameleon","floor":30,"turns":4},{"damage":2,"enemies":"Cultist and Chosen","floor":31,"turns":5},{"damage":19,"enemies":"Pondfish","floor":33,"turns":13},{"damage":0,"enemies":"Orb Walker","floor":35,"turns":3},{"damage":28,"enemies":"3 Shapes","floor":36,"turns":4},{"damage":0,"enemies":"Sphere and 2 Shapes","floor":37,"turns":3},{"damage":13,"enemies":"3 Darklings","floor":41,"turns":5},{"damage":33,"enemies":"Reptomancer","floor":46,"turns":7},{"damage":2,"enemies":"hubris:GrandSnecko","floor":50,"turns":15},{"damage":25,"enemies":"Shield and Spear","floor":54,"turns":7},{"damage":46,"enemies":"The Heart","floor":55,"turns":9}],"seed_played":"8765367637959665274","potions_obtained":[{"floor":1,"key":"SkillPotion"},{"floor":3,"key":"BlessingOfTheForge"},{"floor":7,"key":"BlessingOfTheForge"},{"floor":18,"key":"hexamod:EctoCoolerPotion"},{"floor":25,"key":"Block Potion"},{"floor":30,"key":"DuplicationPotion"},{"floor":31,"key":"Energy Potion"},{"floor":35,"key":"Weak Potion"},{"floor":41,"key":"Cursed Concoction"},{"floor":46,"key":"Ancient Potion"},{"floor":47,"key":"Regen Potion"},{"floor":54,"key":"ColorlessPotion"}],"is_trial":false,"path_per_floor":["M","?","M","?","M","R","M","R","T","M","R","E","$","E","R","B",null,"M","$","?","?","?","M","R","M","T","R","M","R","E","M","R","B",null,"M","M","M","AVR","?","R","M","R","T","R","T","E","?","?","R","B",null,"R","$","E","B",null],"character_chosen":"IRONCLAD","items_purchased":["ReplayReversal","ReplayFunnel","ReplayTheSpireMod:Muscle Training","Sadistic Nature+1","hubris:BottledRain"],"campfire_rested":1,"item_purchase_floors":[13,13,19,19,53],"current_hp_per_floor":[80,80,80,80,80,80,80,80,80,78,78,80,80,66,66,38,80,80,80,80,80,80,77,77,80,90,90,90,90,90,90,90,77,90,90,68,74,74,74,74,79,79,84,84,84,69,69,46,89,95,95,95,95,93,80],"gold":82,"neow_bonus":"NOSTALGIA","is_daily":false,"chose_seed":false,"campfire_upgraded":11,"win_rate":0.0,"timestamp":1610357817,"path_taken":["M","?","M","?","M","R","M","R","T","M","R","E","$","E","R","BOSS","M","$","?","?","?","M","R","M","T","R","M","R","E","M","R","BOSS","M","M","M","AVR","?","R","M","R","T","R","?","E","?","?","R","BOSS","R","$","E","BOSS"],"items_purchased_type":["Card","Relic","Card","Card","Relic"],"build_version":"2020-12-22","purchased_purges":2,"victory":true,"max_hp_per_floor":[80,80,80,80,80,80,80,80,80,80,80,80,80,80,80,80,80,80,80,80,80,80,80,80,80,90,90,90,90,90,90,90,90,90,90,90,90,90,90,90,90,90,95,95,95,95,95,95,95,95,95,95,95,93,93],"card_choices":[{"not_picked":["Warcry","Anger"],"picked":"Flex","floor":1},{"not_picked":["Dark Embrace","Shockwave"],"picked":"Shrug It Off","floor":3},{"not_picked":["Armaments","Headbutt"],"picked":"Flame Barrier","floor":5},{"not_picked":["True Grit","Dark Embrace"],"picked":"Thunderclap","floor":7},{"not_picked":["Heavy Blade","True Grit"],"picked":"Sword Boomerang","floor":10},{"not_picked":["Fire Breathing","Thunderclap","Uppercut"],"picked":"SKIP","floor":12},{"not_picked":["Life Link","Carnage"],"picked":"True Grit","floor":14},{"not_picked":["Bludgeon","Eclipse"],"picked":"conspire:HitWhereItHurts","floor":16},{"not_picked":["ReplayTheSpireMod:LeadingStrike","conspire:Charge"],"picked":"hubris:ReadiedAction+1","floor":18},{"not_picked":["Armaments+1","True Grit+1"],"picked":"ReplayTheSpireMod:Strike From Hell","floor":23},{"not_picked":["Armaments+1","Abandon+1"],"picked":"Seeing Red+1","floor":25},{"not_picked":["ReplayTheSpireMod:Stacked+1","Clash"],"picked":"True Grit+1","floor":28},{"not_picked":["Armaments+1","Replay:Undeath\u0027s Touch"],"picked":"Headbutt","floor":30},{"not_picked":["Twin Strike+1","Flex+1"],"picked":"Warcry+1","floor":31},{"not_picked":["Replay:Many Hands+1","Hemogenesis"],"picked":"Brutality","floor":33},{"not_picked":["Combust","Heavy Blade+1"],"picked":"Life Link+1","floor":35},{"not_picked":["Seeing Red+1","hubris:CleavingFinish"],"picked":"Inflame","floor":36},{"not_picked":["Fire Breathing","Shockwave+1","Flex+1"],"picked":"SKIP","floor":37},{"not_picked":["Replay:Undeath\u0027s Touch","Ghostly Armor+1"],"picked":"Defy Death+1","floor":41},{"not_picked":["Twin Strike+1","Impervious+1"],"picked":"Seeing Red+1","floor":46},{"not_picked":["Burning Pact+1","Clothesline"],"picked":"Flex+1","floor":48},{"not_picked":["Clothesline","Flex+1","Cleave+1"],"picked":"SKIP","floor":54}],"player_experience":65870,"relics_obtained":[{"floor":12,"key":"Blue Doll"},{"floor":14,"key":"infinitespire:ShieldingShard"},{"floor":26,"key":"Pear"},{"floor":30,"key":"Iron Hammer"},{"floor":43,"key":"Durian"},{"floor":45,"key":"Quantum Egg"},{"floor":46,"key":"Regal Pillow"},{"floor":47,"key":"ReplayTheSpireMod:Ring of Addiction"},{"floor":47,"key":"Ring of Panic"},{"floor":47,"key":"hubris:EmptyBottle"},{"floor":47,"key":"SacredBark"},{"floor":54,"key":"Mirror"}],"event_choices":[{"damage_healed":0,"gold_gain":0,"player_choice":"Grow","damage_taken":0,"max_hp_gain":0,"max_hp_loss":0,"event_name":"Living Wall","floor":2,"gold_loss":0,"cards_upgraded":["Flex"]},{"damage_healed":0,"gold_gain":0,"player_choice":"Ignored","damage_taken":0,"max_hp_gain":0,"max_hp_loss":0,"event_name":"Golden Wing","floor":4,"gold_loss":0},{"damage_healed":0,"gold_gain":0,"player_choice":"Simplicity","damage_taken":0,"max_hp_gain":0,"max_hp_loss":0,"event_name":"Back to Basics","floor":20,"gold_loss":0,"cards_upgraded":["Strike_R","Strike_R","Strike_R","Defend_R"]},{"damage_healed":0,"gold_gain":0,"player_choice":"Ignored","damage_taken":0,"max_hp_gain":0,"max_hp_loss":0,"event_name":"Ghosts","floor":21,"gold_loss":0},{"damage_healed":0,"gold_gain":0,"player_choice":"Stole Relic","damage_taken":0,"relics_obtained":["Toxic Egg 2"],"max_hp_gain":0,"max_hp_loss":0,"event_name":"Addict","floor":22,"gold_loss":0,"cards_obtained":["Shame"]}],"is_beta":false,"boss_relics":[{"not_picked":["Snecko Eye","aspiration:BursterCore"],"picked":"Runic Cube"},{"not_picked":["hubris:CrackedHourglass","Replay:Wanted Poster"],"picked":"Astrolabe"}],"items_purged_floors":[38,53],"is_endless":false,"potions_floor_spawned":[1,3,7,18,25,30,31,35,41,46,54],"ascension_level":0}}