{"host":"k7udt7atmcuzf6l0","time":1610394765,"event":{"mods":["AchievementEnabler","BaseMod","Colored Map","Colored Powertips","Highlight Path","Minty Spire (QoL Compilation)","Quick Restart","Rare Cards Sparkle","StSLib","UnlockEverythingMod"],"gold_per_floor":[111,111,111,121,121,150,150,167,167,167,195,195,225,239,239,340,340,357,375,409,1,13,46,46,46,46,60,87,114,126,144,144,243,243,261,272,272,272,286,286,11,11,59,91,91,30,42,71,71,71],"floor_reached":51,"playtime":1666,"items_purged":[],"score":863,"play_id":"941c76a9-7776-4eaa-a26a-da09a1a6f968","local_time":"20210112035245","is_ascension_mode":false,"campfire_choices":[{"data":"Inflame","floor":7.0,"key":"SMITH"},{"data":"Dual Wield","floor":10.0,"key":"SMITH"},{"data":"Pommel Strike","floor":15.0,"key":"SMITH"},{"data":"Exhume","floor":24.0,"key":"SMITH"},{"data":"Flex","floor":32,"key":"SMITH"},{"data":"Shockwave","floor":40,"key":"SMITH"},{"data":"Thinking Ahead","floor":42,"key":"SMITH"},{"data":"Berserk","floor":49,"key":"SMITH"}],"circlet_count":0,"master_deck":["Strike_R","Strike_R","Strike_R","Strike_R","Strike_R","Defend_R","Defend_R","Defend_R","Bash","Pommel Strike+1","Dual Wield+1","Inflame+1","Clash","Heavy Blade+1","Headbutt+1","Pummel+1","Exhume+1","Sword Boomerang+1","Body Slam+1","Burning Pact+1","Body Slam+1","Clash+1","Clash+1","Flex+1","Spot Weakness","Reaper+1","Armaments+1","Thunderclap+1","Thinking Ahead+1","Shockwave+1","Spot Weakness","Havoc+1","Thunderclap+1","Reaper+1","Dual Wield+1","Parasite","Dropkick+1","Berserk+1"],"relics":["Burning Blood","NeowsBlessing","Blue Candle","Lantern","Molten Egg 2","Ice Cream","The Courier","Runic Cube","Red Mask","Membership Card","StoneCalendar","Ornamental Fan","Blood Vial","Happy Flower","TungstenRod","Centennial Puzzle","Question Card","Nunchaku","Runic Pyramid","Bag of Marbles","Gremlin Horn","Orrery","PreservedInsect","MealTicket","Dead Branch","Turnip","Ancient Tea Set","Art of War"],"acts_visited":["Exordium","TheCity","TheBeyond"],"potions_floor_usage":[27,33,36,36,50,50,50,50],"damage_taken":[{"damage":0.0,"enemies":"Jaw Worm","floor":1.0,"turns":1.0},{"damage":0.0,"enemies":"Small Slimes","floor":4.0,"turns":1.0},{"damage":0.0,"enemies":"3 Sentries","floor":6.0,"turns":1.0},{"damage":7.0,"enemies":"2 Louse","floor":8.0,"turns":2.0},{"damage":8.0,"enemies":"Lagavulin","floor":11.0,"turns":5.0},{"damage":18.0,"enemies":"3 Sentries","floor":13.0,"turns":4.0},{"damage":0.0,"enemies":"Looter","floor":14.0,"turns":1.0},{"damage":50.0,"enemies":"Hexaghost","floor":16.0,"turns":6.0},{"damage":10.0,"enemies":"Chosen","floor":18.0,"turns":4.0},{"damage":25.0,"enemies":"2 Thieves","floor":19.0,"turns":3.0},{"damage":9.0,"enemies":"Masked Bandits","floor":20.0,"turns":3.0},{"damage":27.0,"enemies":"Snake Plant","floor":22.0,"turns":4.0},{"damage":5.0,"enemies":"Slavers","floor":23.0,"turns":3.0},{"damage":26,"enemies":"Centurion and Healer","floor":27,"turns":4},{"damage":3,"enemies":"Book of Stabbing","floor":28,"turns":2},{"damage":0,"enemies":"3 Cultists","floor":30,"turns":3},{"damage":0,"enemies":"Cultist and Chosen","floor":31,"turns":4},{"damage":21,"enemies":"Automaton","floor":33,"turns":6},{"damage":37,"enemies":"3 Shapes","floor":35,"turns":3},{"damage":32,"enemies":"3 Darklings","floor":36,"turns":5},{"damage":23,"enemies":"Jaw Worm Horde","floor":39,"turns":3},{"damage":10,"enemies":"Reptomancer","floor":44,"turns":3},{"damage":18,"enemies":"Writhing Mass","floor":47,"turns":5},{"damage":49,"enemies":"Giant Head","floor":48,"turns":6},{"damage":63,"enemies":"Time Eater","floor":50,"turns":7}],"seed_played":"-3831414609483454619","potions_obtained":[{"floor":4.0,"key":"DistilledChaos"},{"floor":11.0,"key":"Regen Potion"},{"floor":13.0,"key":"DuplicationPotion"},{"floor":16.0,"key":"Regen Potion"},{"floor":19.0,"key":"ColorlessPotion"},{"floor":20.0,"key":"Regen Potion"},{"floor":22.0,"key":"DistilledChaos"},{"floor":23.0,"key":"LiquidBronze"},{"floor":28,"key":"Fire Potion"},{"floor":33,"key":"Regen Potion"},{"floor":35,"key":"Dexterity Potion"},{"floor":48,"key":"EntropicBrew"}],"is_trial":false,"path_per_floor":["M","?","?","M","?","E","R","M","T","R","E","?","E","M","R","B",null,"M","M","?","$","M","E","R","?","T","M","E","T","M","M","R","B",null,"M","M","?","?","M","R","$","R","T","E","T","$","M","E","R","B",null],"character_chosen":"IRONCLAD","items_purchased":["Membership Card","StoneCalendar","Ornamental Fan","Blood Vial","Bag of Marbles","Gremlin Horn","Orrery","PreservedInsect","Ancient Tea Set"],"campfire_rested":0,"item_purchase_floors":[21,21,21,21,41,41,41,41,46],"current_hp_per_floor":[80,80,77,80,73,79,79,78,78,78,76,81,78,84,84,40,85,85,66,63,63,56,59,59,59,59,41,46,46,54,62,62,49,85,54,74,74,74,85,85,85,85,85,81,81,85,73,65,65,55],"gold":71,"neow_bonus":"THREE_ENEMY_KILL","is_daily":false,"chose_seed":false,"campfire_upgraded":8,"win_rate":0.0,"timestamp":1610394765,"path_taken":["M","?","?","M","?","E","R","M","T","R","E","?","E","M","R","BOSS","M","M","?","$","M","E","R","?","T","M","E","?","?","M","R","BOSS","M","M","?","?","M","R","$","R","T","E","?","$","M","E","R","BOSS"],"items_purchased_type":["Relic","Relic","Relic","Relic","Relic","Relic","Relic","Relic","Relic"],"build_version":"2020-12-22","purchased_purges":0,"victory":true,"max_hp_per_floor":[80,80,80,80,80,80,80,80,80,80,80,85,85,85,85,85,85,85,85,85,85,85,85,85,85,85,85,85,85,85,85,85,85,85,85,85,85,85,85,85,85,85,85,85,85,85,85,85,85,85],"card_choices":[{"not_picked":["Perfected Strike","Clothesline"],"picked":"Pommel Strike","floor":1.0},{"not_picked":["Perfected Strike","Carnage"],"picked":"Dual Wield","floor":4.0},{"not_picked":["Warcry","Anger"],"picked":"Inflame","floor":6.0},{"not_picked":["Pommel Strike","Cleave"],"picked":"Clash","floor":8.0},{"not_picked":["Disarm","Juggernaut"],"picked":"Heavy Blade+1","floor":11.0},{"not_picked":["Reckless Charge+1","Entrench"],"picked":"Headbutt+1","floor":13.0},{"not_picked":["Second Wind","Shrug It Off"],"picked":"Pummel+1","floor":14.0},{"not_picked":["Barricade","Immolate+1"],"picked":"Exhume","floor":16.0},{"not_picked":["Feel No Pain","Perfected Strike+1"],"picked":"Sword Boomerang+1","floor":18.0},{"not_picked":["Clash+1","Combust"],"picked":"Body Slam+1","floor":19.0},{"not_picked":["Exhume","Body Slam+1"],"picked":"Burning Pact+1","floor":20.0},{"not_picked":["Hemokinesis+1","Disarm"],"picked":"Body Slam+1","floor":22.0},{"not_picked":["True Grit+1","Evolve+1"],"picked":"Clash+1","floor":23.0},{"not_picked":["Sword Boomerang+1","Rupture"],"picked":"Clash+1","floor":27},{"not_picked":["Barricade","Metallicize"],"picked":"Flex","floor":28},{"not_picked":["Feel No Pain","Power Through","Ghostly Armor"],"picked":"Anger+1","floor":30},{"not_picked":["Sword Boomerang+1","Body Slam+1","Anger+1"],"picked":"Spot Weakness","floor":31},{"not_picked":["Fiend Fire+1","Berserk","Limit Break"],"picked":"Reaper+1","floor":33},{"not_picked":["Intimidate+1","Combust+1","Shockwave"],"picked":"Armaments+1","floor":35},{"not_picked":["Uppercut+1","Shrug It Off+1","Dropkick+1"],"picked":"Thunderclap+1","floor":36},{"not_picked":["Good Instincts","Deep Breath","Enlightenment"],"picked":"Thinking Ahead","floor":37},{"not_picked":["Perfected Strike+1","Armaments","Seeing Red"],"picked":"Shockwave","floor":39},{"not_picked":["Dropkick+1","Combust+1","Anger+1"],"picked":"Spot Weakness","floor":41},{"not_picked":["Feel No Pain","Inflame","Heavy Blade+1"],"picked":"Havoc+1","floor":41},{"not_picked":["Spot Weakness","Shockwave+1","Clothesline+1"],"picked":"Thunderclap+1","floor":41},{"not_picked":["Cleave+1","Anger+1","Searing Blow+1"],"picked":"Reaper+1","floor":41},{"not_picked":["Shrug It Off","Warcry","Dark Embrace+1"],"picked":"Dual Wield+1","floor":44},{"not_picked":["Clash+1","True Grit+1","Body Slam+1"],"picked":"Dropkick+1","floor":47},{"not_picked":["Dropkick+1","Armaments+1","Headbutt+1"],"picked":"Berserk","floor":48}],"player_experience":60891,"relics_obtained":[{"floor":6.0,"key":"Lantern"},{"floor":9.0,"key":"Molten Egg 2"},{"floor":11.0,"key":"Ice Cream"},{"floor":13.0,"key":"The Courier"},{"floor":20.0,"key":"Red Mask"},{"floor":23.0,"key":"Happy Flower"},{"floor":26.0,"key":"Centennial Puzzle"},{"floor":28,"key":"Question Card"},{"floor":29,"key":"Nunchaku"},{"floor":43,"key":"MealTicket"},{"floor":44,"key":"Dead Branch"},{"floor":45,"key":"Turnip"},{"floor":48,"key":"Art of War"}],"event_choices":[{"damage_healed":0.0,"max_hp_gain":0.0,"max_hp_loss":0.0,"gold_gain":0.0,"event_name":"The Cleric","player_choice":"Leave","floor":2.0,"gold_loss":0.0,"damage_taken":0.0},{"damage_healed":0.0,"max_hp_gain":0.0,"max_hp_loss":0.0,"gold_gain":0.0,"event_name":"Scrap Ooze","player_choice":"Success","floor":3.0,"gold_loss":0.0,"damage_taken":3.0,"relics_obtained":["Blue Candle"]},{"cards_removed":["Defend_R"],"damage_healed":0.0,"max_hp_gain":0.0,"max_hp_loss":0.0,"gold_gain":0.0,"event_name":"Golden Wing","player_choice":"Card Removal","floor":5.0,"gold_loss":0.0,"damage_taken":7.0},{"damage_healed":0.0,"max_hp_gain":5.0,"max_hp_loss":0.0,"gold_gain":0.0,"event_name":"Big Fish","player_choice":"Donut","floor":12.0,"gold_loss":0.0,"damage_taken":0.0},{"damage_healed":0.0,"max_hp_gain":0.0,"max_hp_loss":0.0,"gold_gain":0.0,"event_name":"Masked Bandits","player_choice":"Fought Bandits","floor":20.0,"gold_loss":0.0,"damage_taken":0.0},{"damage_healed":0.0,"max_hp_gain":0.0,"max_hp_loss":0.0,"gold_gain":0.0,"event_name":"The Mausoleum","player_choice":"Opened","floor":25.0,"gold_loss":0.0,"damage_taken":0.0,"relics_obtained":["TungstenRod"]},{"damage_healed":0,"gold_gain":0,"player_choice":"Memory 1","damage_taken":0,"max_hp_gain":0,"max_hp_loss":0,"event_name":"SensoryStone","floor":37,"gold_loss":0},{"cards_removed":["Anger"],"damage_healed":0,"gold_gain":0,"player_choice":"Removed Attack","damage_taken":0,"max_hp_gain":0,"max_hp_loss":0,"event_name":"Falling","floor":38,"gold_loss":0}],"is_beta":false,"boss_relics":[{"not_picked":["Calling Bell","Busted Crown"],"picked":"Runic Cube"},{"not_picked":["Snecko Eye","Cursed Key"],"picked":"Runic Pyramid"}],"items_purged_floors":[],"is_endless":false,"potions_floor_spawned":[4,11,13,16,19,20,22,23,28,33,35,48],"ascension_level":0}}