{"host":"u5p72gjg7qm9i6r4","time":1610328459,"event":{"mods":["AchievementEnabler","BaseMod","Minty Spire (QoL Compilation)","Rare Cards Sparkle"],"gold_per_floor":[111,126,126,139,160,196,196,230,285,315,366,397,429,460,472,484,484],"floor_reached":16,"playtime":896,"items_purged":[],"score":151,"play_id":"9a318745-a2a9-4eb4-9188-0310e9e4e663","local_time":"20210110192739","is_ascension_mode":false,"campfire_choices":[{"floor":7,"key":"REST"},{"floor":15,"key":"REST"}],"circlet_count":0,"master_deck":["Strike_P","Strike_P","Strike_P","Strike_P","Defend_P","Defend_P","Defend_P","Defend_P","Eruption","Vigilance","EmptyBody","EmptyFist","Crescendo","SashWhip","Brilliance","WindmillStrike","Collect","WindmillStrike","ClearTheMind","Collect","Pray"],"relics":["PureWater","Golden Idol","Pear","InkBottle","MawBank","Vajra"],"acts_visited":["Exordium"],"potions_floor_usage":[10,10],"damage_taken":[{"damage":1.0,"enemies":"2 Louse","floor":1.0,"turns":2.0},{"damage":0.0,"enemies":"Jaw Worm","floor":2.0,"turns":3.0},{"damage":0.0,"enemies":"Cultist","floor":4.0,"turns":4.0},{"damage":5,"enemies":"Lots of Slimes","floor":5,"turns":5},{"damage":37,"enemies":"Gremlin Nob","floor":6,"turns":6},{"damage":15,"enemies":"3 Sentries","floor":8,"turns":8},{"damage":0,"enemies":"Looter","floor":10,"turns":1},{"damage":6,"enemies":"Lagavulin","floor":11,"turns":7},{"damage":18,"enemies":"3 Louse","floor":12,"turns":4},{"damage":2,"enemies":"2 Fungi Beasts","floor":13,"turns":3},{"damage":0,"enemies":"Large Slime","floor":14,"turns":3},{"damage":38,"enemies":"Hexaghost","floor":16,"turns":7}],"seed_played":"8408490731086791249","potions_obtained":[{"floor":5,"key":"SkillPotion"},{"floor":8,"key":"Explosive Potion"},{"floor":12,"key":"Block Potion"},{"floor":13,"key":"Fruit Juice"},{"floor":14,"key":"LiquidBronze"}],"is_trial":false,"path_per_floor":["M","M","?","M","M","E","R","E","T","M","E","M","M","M","R","B"],"character_chosen":"WATCHER","items_purchased":[],"campfire_rested":2,"item_purchase_floors":[],"current_hp_per_floor":[78,78,59,59,54,27,53,38,38,38,32,14,12,12,38,0,0],"gold":484,"neow_bonus":"TEN_PERCENT_HP_BONUS","is_daily":false,"chose_seed":false,"campfire_upgraded":0,"win_rate":0.0,"timestamp":1610328459,"path_taken":["M","M","?","M","M","E","R","E","T","M","E","M","M","M","R","BOSS"],"items_purchased_type":[],"build_version":"2020-12-22","purchased_purges":0,"victory":false,"max_hp_per_floor":[79,79,79,79,79,89,89,89,89,89,89,89,89,89,89,89,89],"card_choices":[{"not_picked":["PathToVictory","CutThroughFate"],"picked":"EmptyBody","floor":1.0},{"not_picked":["ClearTheMind","SashWhip"],"picked":"EmptyFist","floor":2.0},{"not_picked":["ThirdEye","Protect"],"picked":"Crescendo","floor":4.0},{"not_picked":["BowlingBash","Omniscience"],"picked":"SashWhip","floor":5},{"not_picked":["Conclude","Sanctity"],"picked":"Brilliance","floor":6},{"not_picked":["FollowUp","Consecrate"],"picked":"WindmillStrike","floor":8},{"not_picked":["Evaluate","Sanctity"],"picked":"Collect","floor":10},{"not_picked":["CarveReality","BowlingBash"],"picked":"WindmillStrike","floor":11},{"not_picked":["SignatureMove","Nirvana"],"picked":"ClearTheMind","floor":12},{"not_picked":["JustLucky","Protect"],"picked":"Collect","floor":13},{"not_picked":["FlurryOfBlows","PathToVictory"],"picked":"Pray","floor":14}],"player_experience":103010,"relics_obtained":[{"floor":6,"key":"Pear"},{"floor":8,"key":"InkBottle"},{"floor":9,"key":"MawBank"},{"floor":11,"key":"Vajra"}],"event_choices":[{"damage_healed":0.0,"max_hp_gain":0.0,"max_hp_loss":0.0,"gold_gain":0.0,"event_name":"Golden Idol","player_choice":"Take Damage","floor":3.0,"gold_loss":0.0,"damage_taken":19.0,"relics_obtained":["Golden Idol"]}],"is_beta":false,"boss_relics":[],"items_purged_floors":[],"is_endless":false,"potions_floor_spawned":[5,8,12,13,14],"killed_by":"Hexaghost","ascension_level":0}}