{"host":"ELF","time":1610347718,"event":{"mods":["BaseMod","Minty Spire (QoL Compilation)"],"gold_per_floor":[162,172,192,164,164,164,164,164,188,188,188,200,218,57,57,134,134,134,134],"floor_reached":18,"playtime":787,"items_purged":[],"score":296,"play_id":"430a4c35-6386-42e8-aba0-5d6dfdfce6a2","local_time":"20210111004838","is_ascension_mode":true,"campfire_choices":[{"floor":6.0,"key":"REST"},{"floor":8,"key":"REST"},{"data":"Darkness","floor":10,"key":"SMITH"},{"data":"Buffer","floor":15,"key":"SMITH"}],"circlet_count":0,"master_deck":["AscendersBane","Strike_B","Strike_B","Strike_B+1","Defend_B","Defend_B","Defend_B","Defend_B","Zap","Dualcast","Coolheaded","Darkness+1","Gash","Turbo","Redo","Cold Snap","Buffer+1","Creative AI"],"relics":["Tiny House","Matryoshka","Blood Vial","Pen Nib","Medical Kit","Inserter"],"acts_visited":["Exordium","TheCity"],"potions_floor_usage":[12,16],"damage_taken":[{"damage":19.0,"enemies":"Cultist","floor":1.0,"turns":6.0},{"damage":10.0,"enemies":"2 Louse","floor":2.0,"turns":3.0},{"damage":5.0,"enemies":"Small Slimes","floor":3.0,"turns":3.0},{"damage":20.0,"enemies":"Exordium Thugs","floor":4.0,"turns":4.0},{"damage":10,"enemies":"2 Fungi Beasts","floor":12,"turns":4},{"damage":3,"enemies":"Large Slime","floor":13,"turns":4},{"damage":36,"enemies":"The Guardian","floor":16,"turns":14},{"damage":65,"enemies":"Chosen","floor":18,"turns":11}],"seed_played":"4618532772112014983","potions_obtained":[{"floor":0.0,"key":"Weak Potion"},{"floor":2.0,"key":"GamblersBrew"},{"floor":4.0,"key":"Block Potion"}],"is_trial":false,"path_per_floor":["M","M","M","M","T","R","?","R","T","R","?","M","M","$","R","B",null,"M"],"character_chosen":"DEFECT","items_purchased":["Medical Kit"],"campfire_rested":2,"item_purchase_floors":[14],"current_hp_per_floor":[50,40,35,15,15,37,37,59,59,59,59,51,50,50,50,16,61,0,0],"gold":134,"neow_bonus":"BOSS_RELIC","is_daily":false,"chose_seed":false,"campfire_upgraded":2,"win_rate":0.0,"timestamp":1610347718,"path_taken":["M","M","M","M","?","R","?","R","T","R","?","?","M","$","R","BOSS","M"],"items_purchased_type":["Relic"],"build_version":"2020-12-18","purchased_purges":0,"victory":false,"max_hp_per_floor":[76,76,76,76,76,76,76,76,76,76,76,76,76,76,76,76,76,76,76],"card_choices":[{"not_picked":["Sweeping Beam","Steam"],"picked":"Coolheaded","floor":0.0},{"not_picked":["Skim","Beam Cell"],"picked":"Darkness","floor":1.0},{"not_picked":["Compile Driver","Rebound"],"picked":"Gash","floor":2.0},{"not_picked":["Compile Driver","Beam Cell"],"picked":"Turbo","floor":3.0},{"not_picked":["Go for the Eyes","Scrape"],"picked":"Redo","floor":4.0},{"not_picked":["Sweeping Beam","Genetic Algorithm"],"picked":"Cold Snap","floor":12},{"not_picked":["Sweeping Beam","Cold Snap"],"picked":"Buffer","floor":13},{"not_picked":["Fission","Meteor Strike"],"picked":"Creative AI","floor":16}],"player_experience":3171078,"relics_obtained":[{"floor":5.0,"key":"Matryoshka"},{"floor":9,"key":"Blood Vial"},{"floor":9,"key":"Pen Nib"}],"event_choices":[{"damage_healed":0,"gold_gain":0,"player_choice":"Searched \u00270\u0027 times","damage_taken":0,"max_hp_gain":0,"max_hp_loss":0,"event_name":"Dead Adventurer","floor":7,"gold_loss":0},{"cards_removed":["Strike_B"],"damage_healed":0,"gold_gain":0,"player_choice":"Offered Basic","damage_taken":0,"max_hp_gain":0,"max_hp_loss":0,"event_name":"Bonfire Elementals","floor":11,"gold_loss":0}],"is_beta":true,"boss_relics":[{"not_picked":["SlaversCollar","SacredBark"],"picked":"Inserter"}],"items_purged_floors":[],"is_endless":false,"potions_floor_spawned":[2,4],"killed_by":"Chosen","ascension_level":19}}