{"host":"6749gst1gzuv21qf","time":1610331874,"event":{"mods":["Aspiration","BaseMod","Better Altar","Better Match","Better Note","Better Sensory Stone","Better Skull","Better Third Choice","BetterRewards","Colored Map","Colored Powertips","Downfall","Highlight Path","Minty Spire (QoL Compilation)","Permanent Neow","Replay The Spire","Shop Mod","Spicy Shops","StSLib","The Cursed"],"gold_per_floor":[99,99,116,128,184,46,73,73,93,104,124,144,174,190,204,204,204,204],"floor_reached":16,"playtime":1563,"items_purged":["Regret"],"score":106,"play_id":"cdf7f83e-4747-474a-9187-a33879db25aa","local_time":"20210110212434","is_ascension_mode":false,"campfire_choices":[{"floor":1,"key":"DIG"},{"data":"champ:VampiricStrike","floor":8,"key":"SMITH"}],"circlet_count":0,"master_deck":["champ:Strike+1","champ:Strike","champ:Strike+1","champ:Strike","champ:Defend","champ:Defend","champ:Defend","champ:Defend","champ:Execute+1","champ:Taunt","champ:VampiricStrike+1","champ:BringItOn","champ:AdrenalArmor","champ:BladeFlurry","champ:SteelEdge","champ:TornadoPunch","champ:DeathBlow","champ:ShieldSigil","champ:EnragedBash","champ:IronFortress","champ:ViciousMockery","champ:VampiricStrike"],"relics":["champ:ChampionCrown","Chameleon Ring","Blue Doll","Happy Flower"],"acts_visited":["Exordium"],"potions_floor_usage":[],"damage_taken":[{"damage":8,"enemies":"Jaw Worm","floor":3,"turns":4},{"damage":14,"enemies":"Cultist","floor":4,"turns":3},{"damage":32,"enemies":"3 Sentries","floor":5,"turns":9},{"damage":14,"enemies":"downfall:FleeingMerchant","floor":6,"turns":4},{"damage":12,"enemies":"Small Slimes","floor":9,"turns":5},{"damage":5,"enemies":"2 Fungi Beasts","floor":10,"turns":4},{"damage":27,"enemies":"Blue Slaver","floor":11,"turns":5},{"damage":22,"enemies":"Large Slime","floor":12,"turns":5},{"damage":53,"enemies":"Lagavulin","floor":13,"turns":9},{"damage":24,"enemies":"2 Fungi Beasts","floor":14,"turns":4},{"damage":10,"enemies":"Red Slaver","floor":15,"turns":4},{"damage":71,"enemies":"downfall:Watcher","floor":16,"turns":8}],"seed_played":"3688634543424139986","potions_obtained":[{"floor":5,"key":"Elixir"},{"floor":10,"key":"sneckomod:MuddlingPotion"},{"floor":13,"key":"hexamod:EctoCoolerPotion"}],"is_trial":false,"path_per_floor":["R_BF","?","M","M","?","$","T","R","M","M","M","M","E","M","M","B"],"character_chosen":"THE_CHAMP","items_purchased":["champ:TornadoPunch"],"campfire_rested":0,"item_purchase_floors":[6],"current_hp_per_floor":[90,90,87,85,79,84,84,84,81,85,71,81,58,61,63,0,0,0],"gold":204,"neow_bonus":"ONE_RANDOM_RARE_CARD","is_daily":false,"chose_seed":false,"campfire_upgraded":1,"win_rate":0.0,"timestamp":1610331874,"path_taken":["R_BF","?","M","M","?","$","T","R","M","?","M","M","E","M","M","BOSS"],"items_purchased_type":["Card"],"build_version":"2020-12-22","purchased_purges":1,"victory":false,"max_hp_per_floor":[90,90,90,90,90,90,90,90,90,90,90,90,90,90,90,90,90,90],"card_choices":[{"not_picked":["champ:Riposte","champ:GutPunch"],"picked":"champ:BringItOn","floor":3},{"not_picked":["champ:BerserkersShout","champ:Balance"],"picked":"champ:AdrenalArmor","floor":4},{"not_picked":["champ:Riposte","champ:PerfectedStrike"],"picked":"champ:BladeFlurry","floor":5},{"not_picked":["champ:GladiatorsShout","champ:ShieldSigil"],"picked":"champ:SteelEdge","floor":6},{"not_picked":["champ:FightOn","champ:GutPunch"],"picked":"champ:DeathBlow","floor":9},{"not_picked":["champ:DeathBlow","champ:Circumvent"],"picked":"champ:ShieldSigil","floor":10},{"not_picked":["champ:RapidStrikes","champ:ShieldSigil"],"picked":"champ:EnragedBash","floor":11},{"not_picked":["champ:CrookedStrike","champ:BerserkersShout"],"picked":"champ:IronFortress","floor":12},{"not_picked":["champ:RapidStrikes","champ:DeathBlow","champ:Circumvent"],"picked":"SKIP","floor":13},{"not_picked":["champ:BringItOn","champ:BerserkerStyle"],"picked":"champ:ViciousMockery","floor":14},{"not_picked":["champ:GutPunch","champ:PerfectedStrike"],"picked":"champ:VampiricStrike","floor":15}],"player_experience":657130,"relics_obtained":[{"floor":1,"key":"Chameleon Ring"},{"floor":5,"key":"Blue Doll"},{"floor":13,"key":"Happy Flower"}],"event_choices":[],"is_beta":false,"boss_relics":[],"items_purged_floors":[6],"is_endless":false,"potions_floor_spawned":[5,10,13],"killed_by":"downfall:Watcher","ascension_level":0}}