{"host":"op7lvjy5lsqtpdgx","time":1610406736,"event":{"mods":["BaseMod","Minty Spire (QoL Compilation)","StSLib"],"gold_per_floor":[113,113,113,130,205,231,38,38,38,38,38],"floor_reached":10,"playtime":384,"items_purged":[],"score":86,"play_id":"fafeb05d-ea72-48bf-9406-fc1e60abafe0","local_time":"20210112121216","is_ascension_mode":true,"campfire_choices":[{"data":"True Grit","floor":8,"key":"SMITH"}],"circlet_count":0,"master_deck":["Strike_R","Strike_R","Strike_R","Strike_R","Defend_R","Defend_R","Defend_R","Defend_R","Bash+1","Body Slam","True Grit+1"],"relics":["Burning Blood","Dream Catcher","Brimstone","Matryoshka"],"acts_visited":["Exordium"],"potions_floor_usage":[6,10],"damage_taken":[{"damage":5,"enemies":"2 Louse","floor":1,"turns":4},{"damage":2,"enemies":"Jaw Worm","floor":4,"turns":3},{"damage":52,"enemies":"3 Sentries","floor":6,"turns":11},{"damage":38,"enemies":"Lagavulin","floor":10,"turns":5}],"seed_played":"-2777752238773908298","potions_obtained":[{"floor":4,"key":"EssenceOfSteel"},{"floor":6,"key":"Dexterity Potion"}],"is_trial":false,"path_per_floor":["M","?","?","M","?","E","$","R","T","E"],"character_chosen":"IRONCLAD","items_purchased":["Brimstone","True Grit"],"campfire_rested":0,"item_purchase_floors":[7,7],"current_hp_per_floor":[73,66,71,75,64,18,18,18,18,0,0],"gold":38,"neow_bonus":"UPGRADE_CARD","is_daily":false,"chose_seed":false,"campfire_upgraded":1,"win_rate":0.0,"timestamp":1610406736,"path_taken":["M","?","?","M","?","E","?","R","T","E"],"items_purchased_type":["Relic","Card"],"build_version":"2020-12-22","purchased_purges":0,"victory":false,"max_hp_per_floor":[80,80,85,85,85,85,85,85,85,85,85],"card_choices":[{"not_picked":["Flex","Iron Wave","Warcry"],"picked":"SKIP","floor":1},{"not_picked":["Rupture","Iron Wave"],"picked":"Body Slam","floor":4},{"not_picked":["Sword Boomerang","Power Through","Havoc"],"picked":"SKIP","floor":6}],"player_experience":162956,"relics_obtained":[{"floor":6,"key":"Dream Catcher"},{"floor":9,"key":"Matryoshka"}],"event_choices":[{"cards_removed":["Strike_R"],"damage_healed":0,"gold_gain":0,"player_choice":"Card Removal","damage_taken":7,"max_hp_gain":0,"max_hp_loss":0,"event_name":"Golden Wing","floor":2,"gold_loss":0},{"damage_healed":0,"gold_gain":0,"player_choice":"Donut","damage_taken":0,"max_hp_gain":5,"max_hp_loss":0,"event_name":"Big Fish","floor":3,"gold_loss":0},{"damage_healed":0,"gold_gain":75,"player_choice":"Gather Gold","damage_taken":11,"max_hp_gain":0,"max_hp_loss":0,"event_name":"World of Goop","floor":5,"gold_loss":0}],"is_beta":false,"boss_relics":[],"items_purged_floors":[],"is_endless":false,"potions_floor_spawned":[4,6],"killed_by":"Lagavulin","ascension_level":7}}