{"host":"msa0wxqjs3jv1k3j","time":1610339330,"event":{"mods":["AchievementEnabler","BaseMod","BetterRewards","Colored Map","Highlight Path","KOR Keyword Fix","Keyboard Shortcuts","Minty Spire (QoL Compilation)","Quick Restart","SuperFastMode","everything is the same but u backflip on backflip"],"gold_per_floor":[109,184,196,212,131,166,182,182,182],"floor_reached":8,"playtime":453,"items_purged":[],"score":58,"play_id":"60982a0e-d360-4e98-a35e-9383148008c4","local_time":"20210111132850","is_ascension_mode":false,"campfire_choices":[],"circlet_count":0,"master_deck":["Strike_P","Strike_P","Strike_P","Strike_P","Defend_P","Defend_P","Defend_P","Defend_P","Eruption","Vigilance","JustLucky","MasterReality+1","Study+1","PathToVictory","WindmillStrike","Adaptation+1","EmptyBody","CutThroughFate"],"relics":["PureWater","GoldenEye","Melange","Frozen Egg 2","Ancient Tea Set","Dream Catcher"],"acts_visited":["Exordium"],"potions_floor_usage":[7,8],"damage_taken":[{"damage":0,"enemies":"Small Slimes","floor":1,"turns":4},{"damage":0,"enemies":"Cultist","floor":3,"turns":2},{"damage":1,"enemies":"Jaw Worm","floor":4,"turns":3},{"damage":47,"enemies":"3 Sentries","floor":6,"turns":6},{"damage":13,"enemies":"Looter","floor":7,"turns":3},{"damage":5,"enemies":"Lagavulin","floor":8,"turns":2}],"seed_played":"6908303752938404157","potions_obtained":[{"floor":3,"key":"Strength Potion"},{"floor":6,"key":"StancePotion"}],"is_trial":false,"path_per_floor":["M","?","M","M","$","E","M","E"],"character_chosen":"WATCHER","items_purchased":["Melange","Frozen Egg 2","Ancient Tea Set","JustLucky","MasterReality+1","Adaptation+1"],"campfire_rested":0,"item_purchase_floors":[0,0,0,0,0,5],"current_hp_per_floor":[72,65,65,64,64,17,4,0,0],"gold":182,"neow_bonus":"","is_daily":false,"chose_seed":false,"campfire_upgraded":0,"win_rate":0.0,"timestamp":1610339330,"path_taken":["M","?","?","M","$","E","M","E"],"items_purchased_type":["Relic","Relic","Relic","Card","Card","Card"],"build_version":"2020-12-22","purchased_purges":0,"victory":false,"max_hp_per_floor":[72,72,72,72,72,72,72,72,72],"card_choices":[{"not_picked":["Pray","JustLucky"],"picked":"Study+1","floor":1},{"not_picked":["FollowUp","ClearTheMind"],"picked":"PathToVictory","floor":3},{"not_picked":["ClearTheMind","InnerPeace"],"picked":"WindmillStrike","floor":4},{"not_picked":["FlyingSleeves","PathToVictory"],"picked":"EmptyBody","floor":6},{"not_picked":["JustLucky","Scrawl"],"picked":"CutThroughFate","floor":7}],"player_experience":74195,"relics_obtained":[{"floor":6,"key":"Dream Catcher"}],"event_choices":[{"damage_healed":0,"gold_gain":75,"player_choice":"Touch","damage_taken":7,"max_hp_gain":0,"max_hp_loss":0,"event_name":"FaceTrader","floor":2,"gold_loss":0}],"is_beta":false,"boss_relics":[],"items_purged_floors":[],"is_endless":false,"potions_floor_spawned":[3,6],"killed_by":"Lagavulin","ascension_level":0}}