{"host":"d9m9v0h6vo0edadb","time":1610374132,"event":{"mods":["BaseMod","Hermit","Keyboard Shortcuts","Minty Spire (QoL Compilation)","StSLib","SuperFastMode","The Cursed"],"gold_per_floor":[111,121,131,149,167,167,195,195,195,205,70,70,70,89,89,193,193,178,178,196,215,140,140,169,181,181,198,218,218,1,20,20,121,121,131,141,141,16,28,53,70,100,100,100,112,162,162,176,176,176],"floor_reached":51,"playtime":1675,"items_purged":["TheCursedMod:Strike_TheCursed","TheCursedMod:Strike_TheCursed","TheCursedMod:Strike_TheCursed"],"score":1317,"play_id":"de7dc0fc-ca49-4097-aa64-9c2a6fb41f38","local_time":"20210111230852","is_ascension_mode":true,"campfire_choices":[{"data":"TheCursedMod:CleanUpWorkshop","floor":6.0,"key":"SMITH"},{"data":"TheCursedMod:SpitefulPlan","floor":8.0,"key":"SMITH"},{"floor":13.0,"key":"REST"},{"data":"TheCursedMod:CollectTribute","floor":15.0,"key":"SMITH"},{"data":"TheCursedMod:SpitefulPray","floor":23.0,"key":"SMITH"},{"floor":29,"key":"REST"},{"data":"TheCursedMod:LuckyCharm","floor":32,"key":"SMITH"},{"floor":44,"key":"REST"},{"data":"TheCursedMod:CursedSpellbook","floor":47,"key":"SMITH"},{"data":"TheCursedMod:VoidForm","floor":49,"key":"SMITH"}],"circlet_count":0,"master_deck":["AscendersBane","TheCursedMod:Defend_TheCursed","TheCursedMod:Defend_TheCursed","TheCursedMod:Defend_TheCursed","TheCursedMod:CursedWand","TheCursedMod:CleanUpWorkshop+1","TheCursedMod:Dregs","TheCursedMod:HellfireBreathing+1","TheCursedMod:FleshFromBone","TheCursedMod:CursedShiv","TheCursedMod:SpitefulPlan+1","TheCursedMod:RapidMovement","TheCursedMod:CursedAmulet","TheCursedMod:CollectTribute+1","TheCursedMod:SurpriseAttack","TheCursedMod:AntiAging","Decay","TheCursedMod:SpitefulPray+1","TheCursedMod:CursedSpellbook+1","TheCursedMod:Wield","TheCursedMod:HellfireBreathing+1","TheCursedMod:LuckyCharm+1","TheCursedMod:ReleasedStrength","TheCursedMod:VoidForm+1","TheCursedMod:DemonSword","TheCursedMod:CursedBoomerang+1"],"relics":["TheCursedMod:BlackMagic101","InkBottle","FossilizedHelix","Sundial","TheCursedMod:FourLeafCloverCharm","Bird Faced Urn","TungstenRod","Empty Cage","Matryoshka","Dead Branch","Anchor","Meat on the Bone","Turnip"],"acts_visited":["Exordium","TheCity","TheBeyond"],"potions_floor_usage":[24,33],"damage_taken":[{"damage":0.0,"enemies":"Cultist","floor":1.0,"turns":5.0},{"damage":2.0,"enemies":"Jaw Worm","floor":2.0,"turns":4.0},{"damage":0.0,"enemies":"2 Louse","floor":3.0,"turns":4.0},{"damage":20.0,"enemies":"Gremlin Gang","floor":4.0,"turns":3.0},{"damage":24.0,"enemies":"Large Slime","floor":5.0,"turns":8.0},{"damage":31.0,"enemies":"Gremlin Nob","floor":7.0,"turns":5.0},{"damage":0.0,"enemies":"Blue Slaver","floor":10.0,"turns":6.0},{"damage":0.0,"enemies":"Exordium Wildlife","floor":14.0,"turns":4.0},{"damage":0.0,"enemies":"Hexaghost","floor":16.0,"turns":12.0},{"damage":21.0,"enemies":"2 Thieves","floor":18.0,"turns":4.0},{"damage":0.0,"enemies":"Shell Parasite","floor":20.0,"turns":9.0},{"damage":9.0,"enemies":"Snake Plant","floor":21.0,"turns":8.0},{"damage":23,"enemies":"Slavers","floor":24,"turns":8},{"damage":0,"enemies":"Centurion and Healer","floor":25,"turns":6},{"damage":5,"enemies":"Cultist and Chosen","floor":27,"turns":6},{"damage":20,"enemies":"Snake Plant","floor":28,"turns":6},{"damage":13,"enemies":"Chosen and Byrds","floor":31,"turns":5},{"damage":0,"enemies":"Champ","floor":33,"turns":6},{"damage":22,"enemies":"3 Shapes","floor":35,"turns":4},{"damage":29,"enemies":"3 Darklings","floor":36,"turns":3},{"damage":34,"enemies":"Writhing Mass","floor":39,"turns":5},{"damage":16,"enemies":"Reptomancer","floor":40,"turns":4},{"damage":0,"enemies":"Sphere and 2 Shapes","floor":41,"turns":4},{"damage":32,"enemies":"Nemesis","floor":42,"turns":13},{"damage":0,"enemies":"Transient","floor":45,"turns":5},{"damage":0,"enemies":"Mind Bloom Boss Battle","floor":46,"turns":8},{"damage":0,"enemies":"3 Darklings","floor":48,"turns":4},{"damage":41,"enemies":"Donu and Deca","floor":50,"turns":7}],"seed_played":"-5884954289693120867","potions_obtained":[{"floor":1.0,"key":"ColorlessPotion"},{"floor":5.0,"key":"Fruit Juice"},{"floor":16.0,"key":"FairyPotion"},{"floor":21.0,"key":"DuplicationPotion"},{"floor":24,"key":"AttackPotion"},{"floor":36,"key":"SteroidPotion"}],"is_trial":false,"path_per_floor":["M","M","M","M","M","R","E","R","T","M","$","T","R","M","R","B",null,"M","?","M","M","$","R","E","M","T","M","M","R","$","M","R","B",null,"M","M","?","$","M","E","M","E","T","R","M","?","R","M","R","B",null],"character_chosen":"THE_CURSED","items_purchased":["TheCursedMod:CollectTribute","TheCursedMod:LuckyCharm","TheCursedMod:ReleasedStrength"],"campfire_rested":3,"item_purchase_floors":[11,30,30],"current_hp_per_floor":[75,73,73,53,29,29,3,3,3,3,3,3,29,29,29,29,73,54,54,56,49,49,49,28,36,36,39,27,57,57,56,56,70,96,83,68,68,68,46,44,58,40,40,73,87,103,103,117,117,86],"gold":176,"neow_bonus":"TEN_PERCENT_HP_BONUS","is_daily":false,"chose_seed":false,"campfire_upgraded":7,"win_rate":0.0,"timestamp":1610374132,"path_taken":["M","M","M","M","M","R","E","R","T","?","$","?","R","M","R","BOSS","M","?","M","M","$","R","E","M","T","M","M","R","$","M","R","BOSS","M","M","?","$","M","E","?","E","T","R","M","?","R","M","R","BOSS"],"items_purchased_type":["Card","Card","Card"],"build_version":"2020-12-22","purchased_purges":3,"victory":true,"max_hp_per_floor":[82,82,82,82,82,82,87,87,87,87,87,87,87,87,87,87,87,89,89,91,93,93,93,95,97,97,99,101,101,101,103,103,105,105,105,107,107,107,107,109,111,113,113,113,113,115,115,117,117,119],"card_choices":[{"not_picked":["TheCursedMod:SpreadPlague","TheCursedMod:WearCloak"],"picked":"TheCursedMod:HellfireBreathing","floor":1.0},{"not_picked":["TheCursedMod:FuryStrike","TheCursedMod:WearCloak","TheCursedMod:Torture"],"picked":"SKIP","floor":2.0},{"not_picked":["TheCursedMod:CircleOfCorruption","TheCursedMod:CircleOfFlame"],"picked":"TheCursedMod:FleshFromBone","floor":3.0},{"not_picked":["TheCursedMod:CircleOfFlame","TheCursedMod:PrepareRite"],"picked":"TheCursedMod:CursedShiv","floor":4.0},{"not_picked":["TheCursedMod:DarkBarrier","TheCursedMod:CircleOfWindfury"],"picked":"TheCursedMod:SpitefulPlan","floor":5.0},{"not_picked":["TheCursedMod:SpitefulStrike","TheCursedMod:StunningStrike"],"picked":"TheCursedMod:RapidMovement","floor":7.0},{"not_picked":["TheCursedMod:CursedShiv","TheCursedMod:Wield"],"picked":"TheCursedMod:CursedAmulet","floor":10.0},{"not_picked":["TheCursedMod:SpreadPlague","TheCursedMod:SaltUponWound"],"picked":"TheCursedMod:SurpriseAttack","floor":14.0},{"not_picked":["TheCursedMod:CircleOfAbyss","TheCursedMod:UltimatePain"],"picked":"TheCursedMod:AntiAging","floor":16.0},{"not_picked":["TheCursedMod:CursedMace","TheCursedMod:Mangle","TheCursedMod:StingEye+1"],"picked":"SKIP","floor":18.0},{"not_picked":["TheCursedMod:CircleOfCorruption+1","TheCursedMod:CircleOfFlame"],"picked":"TheCursedMod:SpitefulPray","floor":20.0},{"not_picked":["TheCursedMod:AshesToAshes","TheCursedMod:Stigma"],"picked":"TheCursedMod:CursedSpellbook","floor":21.0},{"not_picked":["TheCursedMod:SpitefulStrike","TheCursedMod:CursedBlade","TheCursedMod:Torture"],"picked":"SKIP","floor":24},{"not_picked":["TheCursedMod:CircleOfFlame","TheCursedMod:ReleasedKnowledge","TheCursedMod:RavingStaff"],"picked":"SKIP","floor":25},{"not_picked":["TheCursedMod:CursedArmor","TheCursedMod:RapidMovement","TheCursedMod:Wield"],"picked":"SKIP","floor":27},{"not_picked":["TheCursedMod:CursedArmor","TheCursedMod:RapidMovement"],"picked":"TheCursedMod:Wield","floor":27},{"not_picked":["TheCursedMod:TroublousMinions","TheCursedMod:VitalStrike"],"picked":"TheCursedMod:HellfireBreathing+1","floor":28},{"not_picked":["TheCursedMod:Wield","TheCursedMod:CircleOfCorruption"],"picked":"TheCursedMod:VoidForm","floor":31},{"not_picked":["TheCursedMod:StunningStrike","TheCursedMod:DarkBarrier"],"picked":"TheCursedMod:DemonSword","floor":33},{"not_picked":["TheCursedMod:AshesToAshes","TheCursedMod:Stretching+1","TheCursedMod:CircleOfFlame"],"picked":"SKIP","floor":35},{"not_picked":["TheCursedMod:RapidMovement+1","TheCursedMod:SaltUponWound+1","TheCursedMod:SpreadPlague+1"],"picked":"SKIP","floor":36},{"not_picked":["TheCursedMod:SmokeScreen","TheCursedMod:ReleasedKnowledge","TheCursedMod:CursedMace"],"picked":"SKIP","floor":39},{"not_picked":["TheCursedMod:AbyssShockwave+1","TheCursedMod:CursedAmulet","TheCursedMod:CursedShiv+1"],"picked":"SKIP","floor":40},{"not_picked":["TheCursedMod:CursedBlade+1","TheCursedMod:CursedAmulet+1","TheCursedMod:VitalStrike"],"picked":"SKIP","floor":41},{"not_picked":["TheCursedMod:PrepareRite+1","TheCursedMod:BloodBarrier","TheCursedMod:SpreadPlague+1"],"picked":"SKIP","floor":42},{"not_picked":["TheCursedMod:SmokeScreen","TheCursedMod:CircleOfFlame"],"picked":"TheCursedMod:CursedBoomerang+1","floor":45},{"not_picked":["TheCursedMod:CircleOfCorruption+1","TheCursedMod:CursedAmulet","TheCursedMod:Stigma"],"picked":"SKIP","floor":48}],"player_experience":962482,"relics_obtained":[{"floor":7.0,"key":"InkBottle"},{"floor":9.0,"key":"FossilizedHelix"},{"floor":12.0,"key":"Sundial"},{"floor":24,"key":"Bird Faced Urn"},{"floor":26,"key":"TungstenRod"},{"floor":40,"key":"Matryoshka"},{"floor":42,"key":"Dead Branch"},{"floor":43,"key":"Anchor"},{"floor":43,"key":"Meat on the Bone"},{"floor":46,"key":"Turnip"}],"event_choices":[{"damage_healed":0.0,"max_hp_gain":0.0,"max_hp_loss":0.0,"gold_gain":0.0,"event_name":"Forgotten Altar","player_choice":"Smashed Altar","floor":19.0,"gold_loss":0.0,"damage_taken":0.0,"cards_obtained":["Decay"]},{"damage_healed":0,"gold_gain":0,"player_choice":"Upgraded","damage_taken":0,"max_hp_gain":0,"max_hp_loss":0,"event_name":"Upgrade Shrine","floor":37,"gold_loss":0,"cards_upgraded":["TheCursedMod:HellfireBreathing"]},{"damage_healed":0,"gold_gain":0,"player_choice":"Fight","damage_taken":0,"max_hp_gain":0,"max_hp_loss":0,"event_name":"MindBloom","floor":46,"gold_loss":0}],"is_beta":false,"boss_relics":[{"not_picked":["Cursed Key","Fusion Hammer"],"picked":"TheCursedMod:FourLeafCloverCharm"},{"not_picked":["Coffee Dripper","Philosopher\u0027s Stone"],"picked":"Empty Cage"}],"items_purged_floors":[22,30,38],"is_endless":false,"potions_floor_spawned":[1,5,16,21,24,28,36,40,46,48],"ascension_level":11}}