{"host":"7sni158j623xchr2","time":1610344365,"event":{"mods":["BaseMod","Colored Map","Highlight Path","Minty Spire (QoL Compilation)","Permanent Neow","Potion Indicator Mod","Rare Cards Sparkle","Relic Sorter","Relic Stats","StSLib","everything is the same but u backflip on backflip"],"gold_per_floor":[12,12,31,54,129,129,165,165,165,165,115,115,178,6,6,136,136,149,170,190,203,203,235,235,251,275,300,310,40,40,70,70,166,166,185,195,195,195,26,26,45,96,96,109,109,128,179,229,229,229,229,229,33,65,65,65],"floor_reached":55,"playtime":1463,"items_purged":["Strike_R","Strike_R"],"score":707,"play_id":"77394d2e-d3df-4cd4-aad6-b27ba766bbf6","local_time":"20210110235245","is_ascension_mode":true,"campfire_choices":[{"data":"Carnage","floor":6.0,"key":"SMITH"},{"data":"Bash","floor":8.0,"key":"SMITH"},{"data":"Reaper","floor":12.0,"key":"SMITH"},{"data":"Headbutt","floor":15.0,"key":"SMITH"},{"data":"Immolate","floor":24.0,"key":"SMITH"},{"data":"Shrug It Off","floor":30.0,"key":"SMITH"},{"data":"Double Tap","floor":32.0,"key":"SMITH"},{"floor":40.0,"key":"RECALL"},{"floor":45.0,"key":"REST"},{"floor":49.0,"key":"REST"},{"floor":52,"key":"REST"}],"circlet_count":0,"master_deck":["Strike_R","Defend_R","Defend_R","Defend_R","Defend_R","Bash+1","Reaper+1","Headbutt+1","Carnage+1","Offering","Immolate+1","Metallicize+1","Battle Trance+1","Double Tap+1","Sword Boomerang+1","Shrug It Off+1","Reaper","Dropkick+1","Panacea","Chrysalis","Pummel","Offering"],"relics":["Burning Blood","Bloody Idol","Mercury Hourglass","Bag of Marbles","Velvet Choker","Strawberry","Lizard Tail","Toolbox","Blue Candle","Fusion Hammer","Bag of Preparation","Singing Bowl","Magic Flower","Incense Burner","Membership Card","Turnip"],"acts_visited":["Exordium","TheCity","TheBeyond","TheEnding"],"potions_floor_usage":[50,50,50,55,55,55],"damage_taken":[{"damage":8.0,"enemies":"Small Slimes","floor":1.0,"turns":3.0},{"damage":12.0,"enemies":"Jaw Worm","floor":3.0,"turns":6.0},{"damage":4.0,"enemies":"2 Louse","floor":4.0,"turns":3.0},{"damage":25.0,"enemies":"Lagavulin","floor":7.0,"turns":5.0},{"damage":47.0,"enemies":"Hexaghost","floor":16.0,"turns":8.0},{"damage":6.0,"enemies":"2 Thieves","floor":18.0,"turns":1.0},{"damage":1.0,"enemies":"Spheric Guardian","floor":19.0,"turns":3.0},{"damage":16.0,"enemies":"Cultist and Chosen","floor":20.0,"turns":3.0},{"damage":6.0,"enemies":"Snecko","floor":21.0,"turns":2.0},{"damage":8.0,"enemies":"Gremlin Leader","floor":23.0,"turns":4.0},{"damage":8.0,"enemies":"Centurion and Healer","floor":25.0,"turns":3.0},{"damage":53.0,"enemies":"Book of Stabbing","floor":27.0,"turns":5.0},{"damage":6.0,"enemies":"Sentry and Sphere","floor":28.0,"turns":2.0},{"damage":22.0,"enemies":"Gremlin Leader","floor":31.0,"turns":6.0},{"damage":91.0,"enemies":"Champ","floor":33.0,"turns":8.0},{"damage":0.0,"enemies":"3 Darklings","floor":35.0,"turns":1.0},{"damage":5.0,"enemies":"Orb Walker","floor":36.0,"turns":2.0},{"damage":15.0,"enemies":"4 Shapes","floor":41.0,"turns":3.0},{"damage":18.0,"enemies":"Transient","floor":44.0,"turns":5.0},{"damage":13.0,"enemies":"Spire Growth","floor":46.0,"turns":4.0},{"damage":5.0,"enemies":"2 Orb Walkers","floor":47.0,"turns":2.0},{"damage":6.0,"enemies":"Mind Bloom Boss Battle","floor":48.0,"turns":3.0},{"damage":82,"enemies":"Donu and Deca","floor":50,"turns":7},{"damage":98,"enemies":"Shield and Spear","floor":54,"turns":6},{"damage":47,"enemies":"The Heart","floor":55,"turns":3}],"seed_played":"4403614687665307477","potions_obtained":[{"floor":4.0,"key":"PowerPotion"},{"floor":7.0,"key":"SmokeBomb"},{"floor":16.0,"key":"EntropicBrew"},{"floor":20.0,"key":"Dexterity Potion"},{"floor":21.0,"key":"GamblersBrew"},{"floor":31.0,"key":"SmokeBomb"},{"floor":33.0,"key":"Strength Potion"},{"floor":48.0,"key":"EntropicBrew"}],"is_trial":false,"path_per_floor":["M","?","M","M","?","R","E","R","T","?","?","R","?","$","R","B",null,"M","M","M","M","?","E","R","M","T","E","M","$","R","E","R","B",null,"M","M","?","?","$","R","M","T","T","M","R","M","?","?","R","B",null,"R","$","E","B"],"character_chosen":"IRONCLAD","items_purchased":["PowerPotion","PowerPotion","Shrug It Off","Toolbox","CultistPotion","Pummel","Membership Card","HeartOfIron"],"campfire_rested":3,"item_purchase_floors":[14,14,29,29,39,39,53,53],"current_hp_per_floor":[80,60,58,69,58,58,43,43,43,43,43,43,43,43,43,9,80,80,80,76,77,77,87,87,87,87,55,60,60,60,73,73,54,87,87,87,77,77,77,77,83,83,83,84,85,87,89,91,91,91,91,91,91,40,0,0],"gold":65,"neow_bonus":"THREE_RARE_CARDS","is_daily":false,"chose_seed":false,"campfire_upgraded":7,"win_rate":0.0,"timestamp":1610344365,"path_taken":["M","?","M","M","?","R","E","R","T","?","?","R","?","$","R","BOSS","M","M","M","M","?","E","R","M","T","E","M","$","R","E","R","BOSS","M","M","?","?","$","R","M","?","T","M","R","?","?","?","R","BOSS","R","$","E","BOSS"],"items_purchased_type":["Potion","Potion","Card","Relic","Potion","Card","Relic","Potion"],"build_version":"2020-12-22","purchased_purges":2,"victory":false,"max_hp_per_floor":[80,80,80,80,80,80,80,80,80,80,80,80,80,80,80,80,80,80,80,80,80,80,87,87,87,87,87,87,87,87,87,87,87,87,87,87,87,83,83,83,83,83,83,85,85,87,89,91,91,91,91,91,91,91,91,91],"relic_stats":{"Lizard Tail":43,"Singing Bowl":8,"counters":[25,97],"Bloody Idol":34,"Blue Candle":[0],"Magic Flower":[41],"Turnip":[2],"Bag of Preparation":[14],"obtain_stats":[{"Singing Bowl":43,"Golden Idol":2,"Blue Candle":31,"Velvet Choker":17,"Magic Flower":47,"Bag of Preparation":42,"Incense Burner":48,"Burning Blood":0,"Mercury Hourglass":7,"Lizard Tail":27,"Bloody Idol":22,"Strawberry":23,"Toolbox":29,"Fusion Hammer":34,"Turnip":54,"Bag of Marbles":9,"Membership Card":53},{"Singing Bowl":18,"Golden Idol":1,"Blue Candle":14,"Velvet Choker":5,"Magic Flower":21,"Bag of Preparation":18,"Incense Burner":22,"Burning Blood":0,"Mercury Hourglass":4,"Lizard Tail":12,"Bloody Idol":9,"Strawberry":10,"Toolbox":13,"Fusion Hammer":15,"Turnip":24,"Bag of Marbles":4,"Membership Card":23},{"Singing Bowl":67,"Golden Idol":3,"Blue Candle":53,"Velvet Choker":25,"Magic Flower":78,"Bag of Preparation":67,"Incense Burner":81,"Burning Blood":0,"Mercury Hourglass":17,"Lizard Tail":46,"Bloody Idol":34,"Strawberry":38,"Toolbox":48,"Fusion Hammer":61,"Turnip":94,"Bag of Marbles":17,"Membership Card":88}],"Burning Blood":113,"Mercury Hourglass":[308]},"card_choices":[{"not_picked":["Exhume","Berserk"],"picked":"Reaper","floor":0.0},{"not_picked":["Heavy Blade","Second Wind","Armaments"],"picked":"SKIP","floor":1.0},{"not_picked":["Pummel","Dual Wield"],"picked":"Headbutt","floor":3.0},{"not_picked":["True Grit","Searing Blow"],"picked":"Carnage","floor":4.0},{"not_picked":["True Grit","Clash"],"picked":"Offering","floor":7.0},{"not_picked":["Barricade","Corruption"],"picked":"Immolate","floor":16.0},{"not_picked":["Havoc","Burning Pact"],"picked":"Metallicize+1","floor":18.0},{"not_picked":["Armaments+1","Twin Strike","Sentinel"],"picked":"SKIP","floor":19.0},{"not_picked":["Clash","Clothesline"],"picked":"Battle Trance+1","floor":20.0},{"not_picked":["Anger","Heavy Blade+1","Twin Strike+1"],"picked":"SKIP","floor":21.0},{"not_picked":["Dark Embrace+1","Thunderclap+1","Clash+1"],"picked":"SKIP","floor":23.0},{"not_picked":["Sever Soul","Combust"],"picked":"Double Tap","floor":25.0},{"not_picked":["Clash","Fire Breathing"],"picked":"Sword Boomerang+1","floor":27.0},{"not_picked":["Perfected Strike","Feel No Pain","Headbutt"],"picked":"SKIP","floor":28.0},{"not_picked":["Fire Breathing","Sever Soul+1","Burning Pact"],"picked":"SKIP","floor":31.0},{"not_picked":["Immolate","Impervious"],"picked":"Reaper","floor":33.0},{"not_picked":["Thunderclap+1","Feel No Pain"],"picked":"Dropkick+1","floor":35.0},{"not_picked":["Fire Breathing+1","Perfected Strike+1","Warcry+1"],"picked":"SKIP","floor":36.0},{"not_picked":["Purity","Good Instincts"],"picked":"Panacea","floor":37.0},{"not_picked":["Dramatic Entrance","Enlightenment"],"picked":"Chrysalis","floor":37.0},{"not_picked":["Perfected Strike+1","Feel No Pain+1","Twin Strike"],"picked":"SKIP","floor":41.0},{"not_picked":["Headbutt","Iron Wave","Searing Blow"],"picked":"Singing Bowl","floor":44.0},{"not_picked":["Reckless Charge","Intimidate+1","Wild Strike+1"],"picked":"Singing Bowl","floor":46.0},{"not_picked":["Twin Strike","Wild Strike+1","Fire Breathing"],"picked":"Singing Bowl","floor":47.0},{"not_picked":["Pommel Strike","Sentinel","Anger+1"],"picked":"Singing Bowl","floor":48.0},{"not_picked":["Reckless Charge","Second Wind+1"],"picked":"Offering","floor":54}],"player_experience":1610327,"relics_obtained":[{"floor":7.0,"key":"Mercury Hourglass"},{"floor":9.0,"key":"Bag of Marbles"},{"floor":23.0,"key":"Strawberry"},{"floor":27.0,"key":"Lizard Tail"},{"floor":31.0,"key":"Blue Candle"},{"floor":42.0,"key":"Bag of Preparation"},{"floor":43.0,"key":"Singing Bowl"},{"floor":47.0,"key":"Magic Flower"},{"floor":48.0,"key":"Incense Burner"},{"floor":54,"key":"Turnip"}],"event_choices":[{"damage_healed":0.0,"max_hp_gain":0.0,"max_hp_loss":0.0,"gold_gain":0.0,"event_name":"Golden Idol","player_choice":"Take Damage","floor":2.0,"gold_loss":0.0,"damage_taken":20.0,"relics_obtained":["Golden Idol"]},{"damage_healed":0.0,"max_hp_gain":0.0,"max_hp_loss":0.0,"gold_gain":75.0,"event_name":"World of Goop","player_choice":"Gather Gold","floor":5.0,"gold_loss":0.0,"damage_taken":11.0},{"cards_removed":["Strike_R"],"damage_healed":0.0,"max_hp_gain":0.0,"max_hp_loss":0.0,"gold_gain":0.0,"event_name":"Living Wall","player_choice":"Forget","floor":10.0,"gold_loss":0.0,"damage_taken":0.0},{"cards_removed":["Strike_R"],"damage_healed":0.0,"max_hp_gain":0.0,"max_hp_loss":0.0,"gold_gain":0.0,"event_name":"The Cleric","player_choice":"Card Removal","floor":11.0,"gold_loss":50.0,"damage_taken":0.0},{"damage_healed":0.0,"max_hp_gain":0.0,"max_hp_loss":0.0,"gold_gain":63.0,"event_name":"Golden Wing","player_choice":"Gained Gold","floor":13.0,"gold_loss":0.0,"damage_taken":0.0},{"damage_healed":0.0,"max_hp_gain":0.0,"max_hp_loss":0.0,"gold_gain":0.0,"event_name":"Forgotten Altar","player_choice":"Gave Idol","floor":22.0,"relics_lost":["Golden Idol"],"gold_loss":0.0,"damage_taken":0.0,"relics_obtained":["Bloody Idol"]},{"damage_healed":0.0,"max_hp_gain":0.0,"max_hp_loss":0.0,"gold_gain":0.0,"event_name":"SensoryStone","player_choice":"Memory 3","floor":37.0,"gold_loss":0.0,"damage_taken":10.0},{"damage_healed":0.0,"max_hp_gain":0.0,"max_hp_loss":4.0,"gold_gain":0.0,"event_name":"Winding Halls","player_choice":"Max HP","floor":38.0,"gold_loss":0.0,"damage_taken":0.0},{"damage_healed":0.0,"max_hp_gain":0.0,"max_hp_loss":0.0,"gold_gain":0.0,"event_name":"Mysterious Sphere","player_choice":"Fight","floor":47.0,"gold_loss":0.0,"damage_taken":0.0},{"damage_healed":0.0,"max_hp_gain":0.0,"max_hp_loss":0.0,"gold_gain":0.0,"event_name":"MindBloom","player_choice":"Fight","floor":48.0,"gold_loss":0.0,"damage_taken":0.0}],"is_beta":false,"boss_relics":[{"not_picked":["Empty Cage","Busted Crown"],"picked":"Velvet Choker"},{"not_picked":["Snecko Eye","Philosopher\u0027s Stone"],"picked":"Fusion Hammer"}],"items_purged_floors":[14,29],"is_endless":false,"potions_floor_spawned":[4,7,16,20,21,31,33,44,48],"killed_by":"The Heart","ascension_level":1}}