{"host":"gcawvv3k5o8rxu3x","time":1610385739,"event":{"mods":["100% Spire Juice","Act Like it!","Aspiration","Bard","BaseMod","Beaked The Cultist","Better Third Choice","BetterRewards","Colored Map","Colored Powertips","Conspire","Dark Map","Energized Spire","Friendly Minions","Gensokyo","GifTheSpireLib","Halation","Hallownest","Hermit","Highlight Path","Hubris","Infinite Spire","Jedi Mod","Marisa????????","Melee Mod","Minty Spire (QoL Compilation)","Rare Cards Sparkle","Relic Sorter","Replay The Spire","Robot Space Explorer","Shop Mod","Spicy Shops","Spikes Relics","StSLib","Stuff the Spire","The Blue Laboratory","The Bug Knight","The Construct","The Cursed","The Disciple","The Factory","The Gatherer","The Hierophant","The Jungle","The Marked","The Mystic","The Necromancer","The Poker Player","The Runesmith","The Servant 0.9.4","vexMod"],"gold_per_floor":[119,119,19,30,40,70,70,80,132,132,57,57,57,57,57,57,57],"floor_reached":16,"playtime":724,"items_purged":["Strike_B","Strike_B"],"score":148,"play_id":"be362a96-f1e1-48fd-b3b5-3c557d96af15","local_time":"20210111122219","is_ascension_mode":false,"campfire_choices":[{"data":"Sunder","floor":7,"key":"SMITH"},{"floor":10,"key":"REST"},{"data":"StuffTheSpire:ShieldGenerator","floor":13,"key":"SMITH"},{"data":"StuffTheSpire:ShieldGenerator+1","floor":15,"key":"SMITH"}],"circlet_count":0,"master_deck":["Strike_B","Strike_B","Defend_B","Defend_B","Defend_B","Defend_B","Zap","Dualcast","StuffTheSpire:ShieldGenerator+2","Sunder+1","ReplayTheSpireMod:Repulse","Hallownest:skillGreenpathMap","ReplayTheSpireMod:Haul"],"relics":["Cracked Core","Lantern","hubris:TenFootPole","hubris:Towel","jedi:crownofsimplicity","Replay:Rubber Ducky"],"acts_visited":["Exordium"],"potions_floor_usage":[5,16,16],"damage_taken":[{"damage":0,"enemies":"Hallownest:2_Baldur","floor":1,"turns":4},{"damage":0,"enemies":"Hallownest:2_MossCreeps","floor":4,"turns":5},{"damage":0,"enemies":"Hallownest:monsterHuskGuard","floor":5,"turns":2},{"damage":31,"enemies":"Hallownest:eliteMossKnight","floor":6,"turns":9},{"damage":3,"enemies":"Hallownest:1_Baldur_1_Crawlid_1_Warrior","floor":8,"turns":3},{"damage":49,"enemies":"Hallownest:BossFalseKnight","floor":16,"turns":6}],"seed_played":"6509549529511455422","potions_obtained":[{"floor":1,"key":"FearPotion"},{"floor":6,"key":"blueLaboratory:RelayPotion"},{"floor":8,"key":"blueLaboratory:PlasmaFuel"}],"is_trial":false,"path_per_floor":["M","?","$","M","M","E","R","M","T","R","?","$","R","?","R","B"],"character_chosen":"DEFECT","items_purchased":["Lantern","StuffTheSpire:ShieldGenerator"],"campfire_rested":1,"item_purchase_floors":[0,0],"current_hp_per_floor":[61,61,61,61,61,30,30,27,27,49,49,49,49,41,41,0,0],"gold":57,"neow_bonus":"","is_daily":false,"chose_seed":false,"campfire_upgraded":3,"win_rate":0.0,"timestamp":1610385739,"path_taken":["M","?","?","M","?","E","R","M","T","R","?","$","R","?","R","BOSS"],"items_purchased_type":["Relic","Card"],"build_version":"2020-12-22","purchased_purges":2,"victory":false,"max_hp_per_floor":[75,75,75,75,75,75,75,75,75,75,75,75,75,75,75,75,75],"card_choices":[{"not_picked":["Streamline","jedi:reiji","Hologram"],"picked":"SKIP","floor":1},{"not_picked":["StuffTheSpire:Plugnplay","Storm"],"picked":"Sunder","floor":4},{"not_picked":["Barrage","Beam Cell","Darkness"],"picked":"SKIP","floor":5},{"not_picked":["Capacitor","jedi:blockon","jedi:BurstFrost"],"picked":"SKIP","floor":6},{"not_picked":["StuffTheSpire:NuclearReactor","jedi:BurstFrost"],"picked":"ReplayTheSpireMod:Repulse","floor":8},{"not_picked":["hubris:Rewind","infinitespire:Starlight"],"picked":"ReplayTheSpireMod:Haul","floor":14}],"player_experience":140513,"relics_obtained":[{"floor":6,"key":"jedi:crownofsimplicity"},{"floor":9,"key":"Replay:Rubber Ducky"}],"event_choices":[],"is_beta":false,"boss_relics":[],"items_purged_floors":[0,3],"is_endless":false,"potions_floor_spawned":[1,6,8],"killed_by":"Hallownest:BossFalseKnight","ascension_level":0}}