{"host":"1a3cjta80tad0aqj","time":1610348573,"event":{"mods":["2.2 Compatiblity","AchievementEnabler","BaseMod","Colored Map","DeckTracker","KOR Keyword Fix","Keyboard Shortcuts","Minty Spire (QoL Compilation)","Permanent Neow","Quick Restart","Random Character Button","StSLib","SuperFastMode","everything is the same but u backflip on backflip"],"gold_per_floor":[110,35,45,120,132,146,175,175,198,2,12,28,54,67,67,166,166,179,179],"floor_reached":18,"playtime":1252,"items_purged":["Defend_G"],"score":185,"play_id":"d8c35733-c0ba-4395-aa9a-3a2f163b37c0","local_time":"20210111160253","is_ascension_mode":true,"campfire_choices":[{"floor":8.0,"key":"REST"},{"data":"Burst","floor":15.0,"key":"SMITH"}],"circlet_count":0,"master_deck":["Strike_G","Strike_G","Strike_G","Defend_G","Defend_G","Defend_G","Defend_G","Survivor","Neutralize","Blade Dance","PiercingWail","Slice","Noxious Fumes","Footwork","Burst+1","Poisoned Stab","Calculated Gamble","Adrenaline","Dodge and Roll","After Image"],"relics":["Ring of the Snake","Vajra","Anchor","Potion Belt","Empty Cage"],"acts_visited":["Exordium","TheCity"],"potions_floor_usage":[],"damage_taken":[{"damage":0.0,"enemies":"Cultist","floor":1.0,"turns":4.0},{"damage":0.0,"enemies":"Jaw Worm","floor":3.0,"turns":3.0},{"damage":0.0,"enemies":"2 Louse","floor":5.0,"turns":3.0},{"damage":5.0,"enemies":"Looter","floor":6.0,"turns":4.0},{"damage":28.0,"enemies":"Lagavulin","floor":7.0,"turns":6.0},{"damage":1.0,"enemies":"Large Slime","floor":11.0,"turns":6.0},{"damage":0.0,"enemies":"Gremlin Gang","floor":12.0,"turns":4.0},{"damage":20.0,"enemies":"Gremlin Nob","floor":13.0,"turns":5.0},{"damage":0.0,"enemies":"Red Slaver","floor":14.0,"turns":4.0},{"damage":34.0,"enemies":"The Guardian","floor":16.0,"turns":12.0},{"damage":16,"enemies":"Chosen","floor":18,"turns":6}],"seed_played":"6366887214047564029","potions_obtained":[{"floor":5.0,"key":"DistilledChaos"},{"floor":7.0,"key":"SkillPotion"},{"floor":12.0,"key":"Strength Potion"},{"floor":14.0,"key":"Weak Potion"},{"floor":16.0,"key":"Explosive Potion"}],"is_trial":false,"path_per_floor":["M","$","M","?","M","M","E","R","T","$","M","M","E","M","R","B",null,"M"],"character_chosen":"THE_SILENT","items_purchased":["Burst","Fire Potion"],"campfire_rested":1,"item_purchase_floors":[10,10],"current_hp_per_floor":[77,77,77,66,66,61,33,56,56,56,55,55,35,35,35,1,77,61,61],"gold":179,"neow_bonus":"TEN_PERCENT_HP_BONUS","is_daily":false,"chose_seed":true,"campfire_upgraded":1,"win_rate":0.0,"timestamp":1610348573,"path_taken":["M","$","M","?","M","M","E","R","T","$","M","M","E","M","R","BOSS","M"],"items_purchased_type":["Card","Potion"],"build_version":"2020-12-22","purchased_purges":1,"victory":false,"max_hp_per_floor":[77,77,77,77,77,77,77,77,77,77,77,77,77,77,77,77,77,77,77],"card_choices":[{"not_picked":["Deflect","Dash"],"picked":"Blade Dance","floor":1.0},{"not_picked":["Flying Knee","Setup"],"picked":"PiercingWail","floor":3.0},{"not_picked":["Caltrops","Underhanded Strike"],"picked":"Slice","floor":5.0},{"not_picked":["Tactician","Slice"],"picked":"Noxious Fumes","floor":6.0},{"not_picked":["Heel Hook","Slice"],"picked":"Footwork","floor":7.0},{"not_picked":["PiercingWail","Flying Knee"],"picked":"Poisoned Stab","floor":11.0},{"not_picked":["Predator","Dash"],"picked":"Calculated Gamble","floor":12.0},{"not_picked":["Poisoned Stab","Flying Knee"],"picked":"Adrenaline","floor":13.0},{"not_picked":["Quick Slash","Flying Knee"],"picked":"Dodge and Roll","floor":14.0},{"not_picked":["Adrenaline","Wraith Form v2"],"picked":"After Image","floor":16.0}],"player_experience":289324,"relics_obtained":[{"floor":7.0,"key":"Vajra"},{"floor":9.0,"key":"Anchor"},{"floor":13.0,"key":"Potion Belt"}],"event_choices":[{"damage_healed":0.0,"max_hp_gain":0.0,"max_hp_loss":0.0,"gold_gain":75.0,"event_name":"World of Goop","player_choice":"Gather Gold","floor":4.0,"gold_loss":0.0,"damage_taken":11.0}],"is_beta":false,"boss_relics":[{"not_picked":["Ring of the Serpent","Ectoplasm"],"picked":"Empty Cage"}],"items_purged_floors":[2],"is_endless":false,"potions_floor_spawned":[5,7,12,14,16],"killed_by":"Chosen","ascension_level":1}}