{"host":"jx3f6ezc0g3s9edc","time":1610329173,"event":{"mods":["AchievementEnabler","BaseMod","Bestiary","Colored Map","Highlight Path","Minty Spire (QoL Compilation)","StSLib"],"gold_per_floor":[114,114,16,16,35,35,69,80,80,80,80,155,155,176,176,304,304,328,341,341,357,357,357],"floor_reached":22,"playtime":1350,"items_purged":[],"score":239,"play_id":"88f26996-f951-4f44-a6f4-afc59ed951cc","local_time":"20210110203933","is_ascension_mode":true,"campfire_choices":[{"data":"Creative AI","floor":6,"key":"SMITH"},{"floor":11,"key":"REST"},{"data":"Defragment","floor":13,"key":"SMITH"},{"floor":15,"key":"REST"}],"circlet_count":0,"master_deck":["Zap","Dualcast","Sweeping Beam","Creative AI+1","Gash","Rebound","Conserve Battery","Defragment+1","Ball Lightning","BootSequence","Thunder Strike","Steam Power","Defragment","Aggregate","Heatsinks","Compile Driver","Cold Snap","Darkness","Self Repair","Beam Cell"],"relics":["Nuclear Battery","Gremlin Horn","Question Card","Bloody Idol","Pandora\u0027s Box"],"acts_visited":["Exordium","TheCity"],"potions_floor_usage":[7,16,21],"damage_taken":[{"damage":0,"enemies":"2 Louse","floor":1,"turns":3},{"damage":10,"enemies":"Cultist","floor":5,"turns":5},{"damage":24,"enemies":"Gremlin Nob","floor":7,"turns":4},{"damage":3,"enemies":"Small Slimes","floor":8,"turns":3},{"damage":3,"enemies":"2 Fungi Beasts","floor":14,"turns":3},{"damage":35,"enemies":"Hexaghost","floor":16,"turns":8},{"damage":10,"enemies":"Spheric Guardian","floor":18,"turns":4},{"damage":2,"enemies":"Chosen","floor":19,"turns":4},{"damage":29,"enemies":"Centurion and Healer","floor":21,"turns":6},{"damage":34,"enemies":"Shelled Parasite and Fungi","floor":22,"turns":3}],"seed_played":"1197512885877966269","potions_obtained":[{"floor":1,"key":"FearPotion"},{"floor":7,"key":"Swift Potion"},{"floor":14,"key":"EssenceOfSteel"},{"floor":16,"key":"DuplicationPotion"},{"floor":18,"key":"Fire Potion"}],"is_trial":false,"path_per_floor":["M","?","$","?","M","R","E","M","T","?","R","?","R","M","R","B",null,"M","M","?","M","M"],"character_chosen":"DEFECT","items_purchased":["Gash","Rebound"],"campfire_rested":2,"item_purchase_floors":[3,3],"current_hp_per_floor":[68,68,68,68,58,58,34,31,31,31,51,40,40,37,57,22,57,47,45,45,28,0,0],"gold":357,"neow_bonus":"BOSS_RELIC","is_daily":false,"chose_seed":false,"campfire_upgraded":2,"win_rate":0.0,"timestamp":1610329173,"path_taken":["M","?","?","?","M","R","E","M","T","?","R","?","R","M","R","BOSS","M","M","?","M","M"],"items_purchased_type":["Card","Card"],"build_version":"2020-12-22","purchased_purges":0,"victory":false,"max_hp_per_floor":[75,75,75,75,75,75,75,75,75,69,69,69,69,69,69,69,69,69,69,69,69,69,69],"card_choices":[{"not_picked":["Blizzard","Lockon"],"picked":"Sweeping Beam","floor":1},{"not_picked":["Tempest","Darkness"],"picked":"Conserve Battery","floor":5},{"not_picked":["Steam","Fusion"],"picked":"Defragment","floor":7},{"not_picked":["Compile Driver","Scrape"],"picked":"Ball Lightning","floor":8},{"not_picked":["Go for the Eyes","Undo","Recycle"],"picked":"BootSequence","floor":14},{"not_picked":["All For One","Amplify","Machine Learning"],"picked":"Thunder Strike","floor":16},{"not_picked":["Rebound","Rip and Tear","Capacitor"],"picked":"Darkness","floor":18},{"not_picked":["Turbo","Melter","Reinforced Body"],"picked":"Self Repair","floor":19},{"not_picked":["Rebound","Conserve Battery","Sweeping Beam"],"picked":"Beam Cell","floor":21}],"player_experience":747856,"relics_obtained":[{"floor":7,"key":"Gremlin Horn"},{"floor":9,"key":"Question Card"}],"event_choices":[{"damage_healed":0,"gold_gain":0,"cards_transformed":["Strike_B"],"player_choice":"Transformed","damage_taken":0,"max_hp_gain":0,"max_hp_loss":0,"event_name":"Transmorgrifier","floor":2,"gold_loss":0,"cards_obtained":["Creative AI"]},{"cards_removed":["Strike_B"],"damage_healed":0,"gold_gain":0,"player_choice":"Forget","damage_taken":0,"max_hp_gain":0,"max_hp_loss":0,"event_name":"Living Wall","floor":4,"gold_loss":0},{"damage_healed":0,"gold_gain":0,"player_choice":"Lose Max HP","damage_taken":0,"relics_obtained":["Golden Idol"],"max_hp_gain":0,"max_hp_loss":6,"event_name":"Golden Idol","floor":10,"gold_loss":0},{"damage_healed":0,"gold_gain":75,"player_choice":"Gather Gold","damage_taken":11,"max_hp_gain":0,"max_hp_loss":0,"event_name":"World of Goop","floor":12,"gold_loss":0},{"damage_healed":0,"gold_gain":0,"player_choice":"Gave Idol","damage_taken":0,"relics_obtained":["Bloody Idol"],"max_hp_gain":0,"max_hp_loss":0,"event_name":"Forgotten Altar","floor":20,"relics_lost":["Golden Idol"],"gold_loss":0}],"is_beta":false,"boss_relics":[{"not_picked":["Sozu","SacredBark"],"picked":"Pandora\u0027s Box"}],"items_purged_floors":[],"is_endless":false,"potions_floor_spawned":[1,7,14,16,18,19],"killed_by":"Shelled Parasite and Fungi","ascension_level":6}}