{"host":"i3z0gcxurea6197v","time":1610363121,"event":{"mods":["Aspiration","BaseMod","Conspire","Energized Spire","Hubris","Minty Spire (QoL Compilation)","Permanent Neow","Relic Stats","Replay The Spire","Shop Mod","StSLib","SuperFastMode","TheWitcher","Virulent Crown","vexMod"],"gold_per_floor":[111,91,101,129,129,159,159,173,173,205,205,225,238,268,268,368,368,388,388,414,430,107,107,139,139,139,139,157,175,175,204,204,309,309,322,322,322,333,43,75,62,62,62,62,62,72,90,106,106,106],"floor_reached":51,"playtime":3409,"items_purged":["Pot Of Greed"],"score":802,"play_id":"4e067dff-b8e6-4750-a652-d1f95183d37f","local_time":"20210111160521","is_ascension_mode":true,"campfire_choices":[{"data":"SnafuTest:SpellIncendiaryShower","floor":7.0,"key":"SMITH"},{"floor":15.0,"key":"REST"},{"data":"SnafuTest:PowerLadyOfLake","floor":23.0,"key":"SMITH"},{"floor":25.0,"key":"REST"},{"floor":30.0,"key":"REST"},{"floor":42,"key":"REST"},{"data":"SnafuTest:MelitelesCare","floor":45,"key":"SMITH"},{"floor":49,"key":"REST"}],"circlet_count":0,"master_deck":["SnafuTest:DefaultCommonAttack+1","SnafuTest:BountyHunt","SnafuTest:DefaultCommonSkill+1","SnafuTest:DefaultCommonSkill+1","SnafuTest:SpellChainLightning+1","SnafuTest:ShieldUp","Sucker Punch","Sneak Up","Dagger Throw","SnafuTest:SpellIncendiaryShower+1","SnafuTest:SwordDance","Pot Of Greed+1","SnafuTest:PowerEleganceEmbodiment","SnafuTest:PowerLadyOfLake+1","SnafuTest:MelitelesCare+1","Writhe","vexMod:UltimateCard","SnafuTest:MelitelesCare","SnafuTest:Amputation","SnafuTest:SpellLifeDrain","conspire:Blindness","hubris:Insight","Pot Of Greed","SnafuTest:SpellGloemGuard+1","Parasite"],"relics":["SnafuTest:UnstableMutagenRelic","NeowsBlessing","Shuriken","Replay:Bottled Snecko","Grinning Jar","Eternal Feather","Cursed Key","hubris:Metronome","Shovel","Blue Candle","hubris:SphereOfDissonance","Pen Nib","SlaversCollar","hubris:CuriousFeather","SnafuTest:GriffinRelic","Replay:Accelerometer"],"acts_visited":["Exordium","TheCity","TheBeyond"],"potions_floor_usage":[33,35,40,48,50],"damage_taken":[{"damage":0.0,"enemies":"Jaw Worm","floor":1.0,"turns":1.0},{"damage":0.0,"enemies":"Cultist","floor":3.0,"turns":1.0},{"damage":0.0,"enemies":"Small Slimes","floor":4.0,"turns":1.0},{"damage":33.0,"enemies":"Lagavulin","floor":6.0,"turns":7.0},{"damage":6.0,"enemies":"Blue Slaver","floor":8.0,"turns":3.0},{"damage":0.0,"enemies":"Gremlin Nob","floor":10.0,"turns":3.0},{"damage":6.0,"enemies":"2 Fungi Beasts","floor":12.0,"turns":3.0},{"damage":22.0,"enemies":"Red Slaver","floor":13.0,"turns":5.0},{"damage":5.0,"enemies":"Exordium Wildlife","floor":14.0,"turns":3.0},{"damage":12.0,"enemies":"Hexaghost","floor":16.0,"turns":7.0},{"damage":14.0,"enemies":"Spheric Guardian","floor":18.0,"turns":5.0},{"damage":6.0,"enemies":"Shell Parasite","floor":20.0,"turns":5.0},{"damage":6.0,"enemies":"Centurion and Healer","floor":21.0,"turns":5.0},{"damage":36.0,"enemies":"Slavers","floor":24.0,"turns":4.0},{"damage":1.0,"enemies":"Snake Plant","floor":28.0,"turns":3.0},{"damage":17.0,"enemies":"Snecko","floor":29.0,"turns":5.0},{"damage":13.0,"enemies":"Book of Stabbing","floor":31.0,"turns":4.0},{"damage":41,"enemies":"Champ","floor":33,"turns":9},{"damage":1,"enemies":"Orb Walker","floor":35,"turns":2},{"damage":3,"enemies":"3 Shapes","floor":38,"turns":5},{"damage":25,"enemies":"Reptomancer","floor":40,"turns":4},{"damage":45,"enemies":"Sphere and 2 Shapes","floor":41,"turns":10},{"damage":2,"enemies":"Transient","floor":46,"turns":5},{"damage":40,"enemies":"Writhing Mass","floor":47,"turns":6},{"damage":9,"enemies":"3 Darklings","floor":48,"turns":3},{"damage":83,"enemies":"Time Eater","floor":50,"turns":11}],"seed_played":"-4186346989667612313","potions_obtained":[{"floor":2.0,"key":"PowerPotion"},{"floor":4.0,"key":"Block Potion"},{"floor":6.0,"key":"SteroidPotion"},{"floor":12.0,"key":"LiquidMemories"},{"floor":18.0,"key":"Weak Potion"},{"floor":24.0,"key":"LifebloodPotion"},{"floor":31.0,"key":"AttackPotion"},{"floor":33,"key":"Fire Potion"},{"floor":35,"key":"PowerPotion"},{"floor":40,"key":"Elixir"},{"floor":41,"key":"AttackPotion"},{"floor":47,"key":"PowerPotion"}],"is_trial":false,"path_per_floor":["M","?","M","M","?","E","R","M","T","E","T","M","M","M","R","B",null,"M","?","M","M","$","R","E","R","T","?","M","M","R","E","R","B",null,"M","?","?","M","$","E","M","R","T","?","R","M","M","M","R","B",null],"character_chosen":"THE_WITCHER","items_purchased":["hubris:Metronome","hubris:CuriousFeather"],"campfire_rested":5,"item_purchase_floors":[22,39],"current_hp_per_floor":[75,75,75,75,75,42,42,36,36,36,36,30,8,3,34,22,75,61,61,55,49,49,58,22,53,53,53,52,35,66,53,75,41,75,74,74,74,71,71,46,24,58,58,58,70,68,49,40,75,5],"gold":106,"neow_bonus":"THREE_ENEMY_KILL","is_daily":false,"chose_seed":false,"campfire_upgraded":3,"win_rate":0.0,"timestamp":1610363121,"path_taken":["M","?","?","M","?","E","R","M","T","E","?","M","?","M","R","BOSS","M","?","M","M","$","R","E","R","T","?","M","M","R","E","R","BOSS","M","?","?","?","$","E","M","R","T","?","R","M","M","M","R","BOSS"],"items_purchased_type":["Relic","Relic"],"build_version":"2020-12-22","purchased_purges":1,"victory":true,"max_hp_per_floor":[75,75,75,75,75,75,75,75,75,75,75,75,75,75,75,75,75,75,75,75,75,75,75,75,75,75,75,75,75,75,75,75,75,75,75,75,75,75,75,75,75,75,75,75,75,75,75,75,75,75],"relic_stats":{"Shovel":0,"counters":[26,116],"Shuriken":[24],"Blue Candle":[24],"Eternal Feather":84,"Pen Nib":[9],"Cursed Key":2,"obtain_stats":[{"Replay:Accelerometer":43,"hubris:Metronome":22,"SnafuTest:UnstableMutagenRelic":0,"NeowsBlessing":0,"Blue Candle":26,"hubris:SphereOfDissonance":27,"Eternal Feather":11,"Pen Nib":31,"Cursed Key":17,"SnafuTest:GriffinRelic":40,"SlaversCollar":34,"Shovel":24,"Shuriken":6,"hubris:CuriousFeather":39,"Replay:Bottled Snecko":9,"Grinning Jar":10},{"Replay:Accelerometer":22,"hubris:Metronome":13,"SnafuTest:UnstableMutagenRelic":0,"NeowsBlessing":0,"Blue Candle":14,"hubris:SphereOfDissonance":14,"Eternal Feather":6,"Pen Nib":17,"Cursed Key":10,"SnafuTest:GriffinRelic":21,"SlaversCollar":18,"Shovel":14,"Shuriken":4,"hubris:CuriousFeather":20,"Replay:Bottled Snecko":5,"Grinning Jar":6},{"Replay:Accelerometer":92,"hubris:Metronome":48,"SnafuTest:UnstableMutagenRelic":0,"NeowsBlessing":0,"Blue Candle":51,"hubris:SphereOfDissonance":51,"Eternal Feather":16,"Pen Nib":63,"Cursed Key":33,"SnafuTest:GriffinRelic":82,"SlaversCollar":72,"Shovel":51,"Shuriken":10,"hubris:CuriousFeather":79,"Replay:Bottled Snecko":13,"Grinning Jar":16}]},"card_choices":[{"not_picked":["SnafuTest:UndefeatedNarcissism","SnafuTest:BombNorthernWind"],"picked":"SnafuTest:SpellChainLightning","floor":1.0},{"not_picked":["SnafuTest:FirstAid","SnafuTest:Kick","SnafuTest:BlueWhale"],"picked":"SKIP","floor":3.0},{"not_picked":["SnafuTest:ShieldUp","SnafuTest:TrackingSense","SnafuTest:SneakKill"],"picked":"SKIP","floor":4.0},{"not_picked":["SnafuTest:TrackingSense","SnafuTest:SneakKill"],"picked":"SnafuTest:ShieldUp","floor":4.0},{"not_picked":["SnafuTest:SpellBitingFrost","SnafuTest:Offering"],"picked":"SnafuTest:SpellIncendiaryShower","floor":6.0},{"not_picked":["SnafuTest:PayHappyHour","SnafuTest:PowerProbingFeint"],"picked":"SnafuTest:SwordDance","floor":8.0},{"not_picked":["SnafuTest:PayBank","SnafuTest:PowerVainGlory","SnafuTest:SignQuen"],"picked":"SKIP","floor":10.0},{"not_picked":["SnafuTest:PowerCounterAttack","SnafuTest:SwiftAssault"],"picked":"SnafuTest:PowerEleganceEmbodiment","floor":12.0},{"not_picked":["SnafuTest:PowerAlwaysOnRoads","SnafuTest:SignAxii","SnafuTest:SpellDispellingPush"],"picked":"SKIP","floor":13.0},{"not_picked":["SnafuTest:BlueWhale","SnafuTest:ExcessiveLevies","SnafuTest:ShieldUp"],"picked":"SKIP","floor":14.0},{"not_picked":["SnafuTest:WhiteWolfRise","SnafuTest:Celebration"],"picked":"SnafuTest:PowerLadyOfLake","floor":16.0},{"not_picked":["SnafuTest:Siege","SnafuTest:NoPass"],"picked":"SnafuTest:GetPaid","floor":18.0},{"not_picked":["SnafuTest:SwiftAssault","SnafuTest:ScholarsIntrigue","SnafuTest:SpellBlindFury"],"picked":"SKIP","floor":20.0},{"not_picked":["SnafuTest:AncestralRitual+1","SnafuTest:SwordDance"],"picked":"SnafuTest:MelitelesCare","floor":21.0},{"not_picked":["SnafuTest:Oriole","SnafuTest:SmashingSlash","SnafuTest:TrackingSense"],"picked":"SKIP","floor":24.0},{"not_picked":["SnafuTest:SpellButterflyIllusion","SnafuTest:Meditation","SnafuTest:Offering"],"picked":"SKIP","floor":28.0},{"not_picked":["SnafuTest:Kick","SnafuTest:PayArmorSmith","SnafuTest:SpellIncendiaryShower+1"],"picked":"SKIP","floor":29.0},{"not_picked":["SnafuTest:SpellIncendiaryShower+1","SnafuTest:SignAxii","SnafuTest:SpellBlindFury+1"],"picked":"SKIP","floor":31.0},{"not_picked":["SnafuTest:SpellIthlinneProphecy","SnafuTest:FreyaBlessing"],"picked":"SnafuTest:MelitelesCare","floor":33},{"not_picked":["SnafuTest:WitchHunt+1","SnafuTest:Oriole+1","SnafuTest:SignAxii+1"],"picked":"SKIP","floor":35},{"not_picked":["SnafuTest:MCSuccubusSeduction+1","SnafuTest:CareTaker+1"],"picked":"SnafuTest:PaySmithWorkshop","floor":38},{"not_picked":["SnafuTest:SignAard+1","SnafuTest:MagePersecution"],"picked":"SnafuTest:SpellLifeDrain","floor":40},{"not_picked":["SnafuTest:WeddingDance+1","SnafuTest:PayHappyHour+1","SnafuTest:RecklessBlow"],"picked":"SKIP","floor":41},{"not_picked":["vexMod:EmailVexCard","Magnetism"],"picked":"hubris:Insight","floor":44},{"not_picked":["SnafuTest:Portal+1","SnafuTest:MCFeignDeath+1"],"picked":"SnafuTest:SpellGloemGuard+1","floor":46},{"not_picked":["SnafuTest:BombNorthernWind","SnafuTest:WitchHunt","SnafuTest:SpellButterflyIllusion"],"picked":"SKIP","floor":47},{"not_picked":["SnafuTest:Oriole+1","SnafuTest:ShieldUp","SnafuTest:SpellTortoise"],"picked":"SKIP","floor":48}],"player_experience":919742,"relics_obtained":[{"floor":6.0,"key":"Shuriken"},{"floor":9.0,"key":"Replay:Bottled Snecko"},{"floor":10.0,"key":"Grinning Jar"},{"floor":11.0,"key":"Eternal Feather"},{"floor":24.0,"key":"Shovel"},{"floor":26.0,"key":"Blue Candle"},{"floor":31.0,"key":"Pen Nib"},{"floor":40,"key":"SnafuTest:GriffinRelic"},{"floor":43,"key":"Replay:Accelerometer"}],"event_choices":[{"damage_healed":0.0,"max_hp_gain":0.0,"max_hp_loss":0.0,"gold_gain":0.0,"event_name":"The Woman in Blue","player_choice":"Bought 1 Potion","floor":2.0,"gold_loss":0.0,"damage_taken":0.0},{"damage_healed":0.0,"max_hp_gain":0.0,"max_hp_loss":0.0,"gold_gain":0.0,"event_name":"Back to Basics","player_choice":"Simplicity","floor":19.0,"gold_loss":0.0,"damage_taken":0.0,"cards_upgraded":["SnafuTest:DefaultCommonAttack","SnafuTest:DefaultCommonSkill","SnafuTest:DefaultCommonSkill"]},{"damage_healed":0,"gold_gain":0,"player_choice":"Leave","damage_taken":0,"max_hp_gain":0,"max_hp_loss":0,"event_name":"conspire:Investor","floor":36,"gold_loss":0},{"damage_healed":0,"gold_gain":0,"cards_transformed":["SnafuTest:SignAxii"],"player_choice":"Transformed","damage_taken":0,"max_hp_gain":0,"max_hp_loss":0,"event_name":"Transmorgrifier","floor":37,"gold_loss":0,"cards_obtained":["SnafuTest:Amputation"]},{"damage_healed":0,"gold_gain":0,"player_choice":"Memory 1","damage_taken":0,"max_hp_gain":0,"max_hp_loss":0,"event_name":"SensoryStone","floor":44,"gold_loss":0}],"is_beta":false,"boss_relics":[{"not_picked":["conspire:SpecialSausage","vexMod:FluxCapacitor"],"picked":"Cursed Key"},{"not_picked":["Abe\u0027s Treasure","hubris:BlackHole"],"picked":"SlaversCollar"}],"items_purged_floors":[22],"is_endless":false,"potions_floor_spawned":[4,6,12,14,18,24,31,33,35,40,41,47],"ascension_level":2}}