{"host":"w36evy4uyf1bcavi","time":1610353164,"event":{"mods":["Act Like it!","Aspiration","BaseMod","Conspire","Jedi Mod","Minty Spire (QoL Compilation)","Replay The Spire","Robot Space Explorer","Spicy Shops","StSLib","The Cursed","The Hierophant"],"gold_per_floor":[110,121,121,121,188,211,249,280,280,303,342,29,72,72,72,72,72],"floor_reached":16,"playtime":844,"items_purged":[],"score":118,"play_id":"375d6fda-3f11-462a-8677-815fe603a590","local_time":"20210111161924","is_ascension_mode":false,"campfire_choices":[],"circlet_count":0,"master_deck":["RobotSpaceExplorer:Strike","RobotSpaceExplorer:Strike","RobotSpaceExplorer:Strike","RobotSpaceExplorer:Strike","RobotSpaceExplorer:Defend","RobotSpaceExplorer:Defend","RobotSpaceExplorer:Defend","RobotSpaceExplorer:Defend","RobotSpaceExplorer:Scan","RobotSpaceExplorer:MiniLasers+1","RobotSpaceExplorer:FrostMissile","RobotSpaceExplorer:Probe+1","RobotSpaceExplorer:StunGrenade","RobotSpaceExplorer:FrostMissile","RobotSpaceExplorer:Ammunition","RobotSpaceExplorer:SurgingShield"],"relics":["Busted Crown","Golden Idol","Replay:Mystery Machine","Odd Mushroom","Letter Opener","Matryoshka","Counterbalance","Simple Rune"],"acts_visited":["Exordium"],"potions_floor_usage":[7,11],"damage_taken":[{"damage":0,"enemies":"2 Louse","floor":1,"turns":2},{"damage":0,"enemies":"Small Slimes","floor":2,"turns":3},{"damage":0,"enemies":"Jaw Worm","floor":6,"turns":3},{"damage":11,"enemies":"Gremlin Nob","floor":7,"turns":4},{"damage":4,"enemies":"The Mushroom Lair","floor":8,"turns":4},{"damage":4,"enemies":"Blue Slaver","floor":10,"turns":4},{"damage":3,"enemies":"Lagavulin","floor":11,"turns":8},{"damage":14,"enemies":"Gremlin Nob","floor":13,"turns":5},{"damage":36,"enemies":"Slime Boss","floor":16,"turns":10}],"seed_played":"8270808634398306434","potions_obtained":[{"floor":6,"key":"PowerPotion"},{"floor":8,"key":"FearPotion"}],"is_trial":false,"path_per_floor":["M","M","?","?","?","M","E","?","T","M","E","$","E","?","R","B"],"character_chosen":"RobotSpaceExplorer","items_purchased":["Matryoshka","Counterbalance"],"campfire_rested":0,"item_purchase_floors":[12,12],"current_hp_per_floor":[75,75,57,65,65,65,54,50,50,46,43,43,29,14,36,0,0],"gold":72,"neow_bonus":"BOSS_RELIC","is_daily":false,"chose_seed":false,"campfire_upgraded":0,"win_rate":0.0,"timestamp":1610353164,"path_taken":["M","M","?","?","?","M","E","?","T","M","E","$","E","?","R","BOSS"],"items_purchased_type":["Relic","Relic"],"build_version":"2020-12-22","purchased_purges":0,"victory":false,"max_hp_per_floor":[75,75,75,75,75,75,75,75,75,75,75,75,75,75,75,75,75],"card_choices":[{"not_picked":[],"picked":"RobotSpaceExplorer:FrostMissile","floor":1},{"not_picked":[],"picked":"RobotSpaceExplorer:Probe","floor":2},{"not_picked":[],"picked":"RobotSpaceExplorer:StunGrenade","floor":6},{"not_picked":[],"picked":"RobotSpaceExplorer:FrostMissile","floor":7},{"not_picked":[],"picked":"RobotSpaceExplorer:Ammunition","floor":8},{"not_picked":[],"picked":"RobotSpaceExplorer:SurgingShield","floor":10},{"not_picked":["RobotSpaceExplorer:LaserBurst"],"picked":"SKIP","floor":11},{"not_picked":["RobotSpaceExplorer:Discharger"],"picked":"SKIP","floor":13}],"player_experience":401425,"relics_obtained":[{"floor":7,"key":"Replay:Mystery Machine"},{"floor":8,"key":"Odd Mushroom"},{"floor":11,"key":"Letter Opener"},{"floor":13,"key":"Simple Rune"}],"event_choices":[{"damage_healed":0,"gold_gain":0,"player_choice":"Take Damage","damage_taken":18,"relics_obtained":["Golden Idol"],"max_hp_gain":0,"max_hp_loss":0,"event_name":"Golden Idol","floor":3,"gold_loss":0},{"damage_healed":0,"gold_gain":67,"player_choice":"Gained Gold","damage_taken":0,"max_hp_gain":0,"max_hp_loss":0,"event_name":"Golden Wing","floor":5,"gold_loss":0},{"damage_healed":0,"gold_gain":0,"player_choice":"Fought Mushrooms","damage_taken":0,"max_hp_gain":0,"max_hp_loss":0,"event_name":"Mushrooms","floor":8,"gold_loss":0},{"damage_healed":0,"gold_gain":0,"player_choice":"Entered Light","damage_taken":15,"max_hp_gain":0,"max_hp_loss":0,"event_name":"Shining Light","floor":14,"gold_loss":0,"cards_upgraded":["RobotSpaceExplorer:Defend","RobotSpaceExplorer:MiniLasers"]}],"is_beta":false,"boss_relics":[],"items_purged_floors":[],"is_endless":false,"potions_floor_spawned":[6,8],"killed_by":"Slime Boss","ascension_level":0}}