{"host":"bmdbvcjofwd14mow","time":1610345287,"event":{"mods":["BaseMod","BetterRewards","GifTheSpireLib","Hermit","Minty Spire (QoL Compilation)","StSLib","The Blackbeard","The Saiyan","The Wild Card"],"gold_per_floor":[110,161,177,6,6,6,33,48,48,48,1,11,22,42,42,141,141,155,37,37,37,106,106,183,198,198,198,218,237,237,257,257,257,257],"floor_reached":33,"playtime":2259,"items_purged":[],"score":274,"play_id":"0b170060-ef8a-43ee-a0d1-fa493c68956b","local_time":"20210111000807","is_ascension_mode":false,"campfire_choices":[{"data":"theWildCard:Metatron","floor":6,"key":"SMITH"},{"floor":10,"key":"REST"},{"floor":15,"key":"REST"},{"data":"theWildCard:Alice","floor":23,"key":"SMITH"},{"data":"theWildCard:SeveringSlash","floor":27,"key":"SMITH"},{"floor":30,"key":"REST"},{"floor":32,"key":"REST"}],"circlet_count":0,"master_deck":["theWildCard:BasicStrike+1","theWildCard:BasicStrike+1","theWildCard:BasicStrike+1","theWildCard:BasicStrike+1","theWildCard:BasicDefend+1","theWildCard:BasicDefend+1","theWildCard:BasicDefend+1","theWildCard:BasicDefend+1","theWildCard:CallToAdventure","theWildCard:Arsene","theWildCard:Overwhelm","theWildCard:Metatron+1","theWildCard:ArcaneArts","Deep Breath","theWildCard:SeveringSlash","theWildCard:Odin","theWildCard:Sakuya","theWildCard:SeveringSlash","theWildCard:Michael","theWildCard:MaskChange","theWildCard:ManOfManyFaces","theWildCard:AllOutAttack","theWildCard:SeveringSlash+1","theWildCard:Alice+1","theWildCard:StingingStrike","theWildCard:ArchaicAssault+1","theWildCard:MagicalMight","theWildCard:SeveringSlash+1","theWildCard:Odin+1","theWildCard:SeveringSlash","theWildCard:Patience+1"],"relics":["theWildCard:VelvetContract","Ice Cream","White Beast Statue","Pocketwatch","Sozu","SsserpentHead","Red Mask","Bottled Lightning"],"acts_visited":["Exordium","TheCity"],"potions_floor_usage":[8],"damage_taken":[{"damage":0,"enemies":"Small Slimes","floor":1,"turns":3},{"damage":7,"enemies":"2 Louse","floor":3,"turns":2},{"damage":22,"enemies":"Gremlin Nob","floor":7,"turns":4},{"damage":0,"enemies":"Cultist","floor":8,"turns":4},{"damage":0,"enemies":"Lots of Slimes","floor":12,"turns":1},{"damage":7,"enemies":"Looter","floor":13,"turns":3},{"damage":12,"enemies":"3 Louse","floor":14,"turns":3},{"damage":57,"enemies":"Slime Boss","floor":16,"turns":15},{"damage":0,"enemies":"Spheric Guardian","floor":18,"turns":4},{"damage":0,"enemies":"Chosen","floor":22,"turns":4},{"damage":0,"enemies":"Masked Bandits","floor":24,"turns":3},{"damage":8,"enemies":"Snecko","floor":25,"turns":3},{"damage":21,"enemies":"Sentry and Sphere","floor":28,"turns":4},{"damage":15,"enemies":"Snake Plant","floor":29,"turns":2},{"damage":15,"enemies":"Snecko","floor":31,"turns":3},{"damage":50,"enemies":"Collector","floor":33,"turns":4}],"seed_played":"-4649654152025329329","potions_obtained":[{"floor":8,"key":"Fruit Juice"},{"floor":12,"key":"BlessingOfTheForge"},{"floor":13,"key":"Explosive Potion"},{"floor":14,"key":"Swift Potion"}],"is_trial":false,"path_per_floor":["M","?","M","$","?","R","E","M","T","R","$","M","M","M","R","B",null,"M","$","?","?","M","R","?","M","T","R","M","M","R","M","R","B"],"character_chosen":"THE_WILD_CARD","items_purchased":["theWildCard:ArcaneArts","Deep Breath","theWildCard:SeveringSlash","theWildCard:SeveringSlash","theWildCard:Alice","theWildCard:StingingStrike"],"campfire_rested":4,"item_purchase_floors":[4,4,4,11,19,19],"current_hp_per_floor":[60,60,53,53,53,53,31,36,36,55,55,55,51,39,58,1,65,65,65,65,65,65,65,65,57,57,57,36,21,40,25,44,0,0],"gold":257,"neow_bonus":"ONE_RANDOM_RARE_CARD","is_daily":false,"chose_seed":false,"campfire_upgraded":3,"win_rate":0.0,"timestamp":1610345287,"path_taken":["M","?","M","$","?","R","E","M","T","R","$","M","?","?","R","BOSS","M","$","?","?","?","R","?","M","T","R","M","M","R","M","R","BOSS"],"items_purchased_type":["Card","Card","Card","Card","Card","Card"],"build_version":"2020-12-22","purchased_purges":0,"victory":false,"max_hp_per_floor":[60,60,60,60,60,60,60,65,65,65,65,65,65,65,65,65,65,65,65,65,65,65,65,65,65,65,65,65,65,65,65,65,65,65],"card_choices":[{"not_picked":["theWildCard:SacrificialStroke","theWildCard:StalwartBlade"],"picked":"theWildCard:ArcanaArtistry","floor":1},{"not_picked":["theWildCard:SeveringSlash","theWildCard:StingingStrike"],"picked":"theWildCard:Metatron","floor":3},{"not_picked":["theWildCard:EnergizedStroke","theWildCard:Sakuya"],"picked":"theWildCard:Odin","floor":7},{"not_picked":["theWildCard:ShieldOfMany","theWildCard:SeveringSlash"],"picked":"theWildCard:Sakuya","floor":8},{"not_picked":["theWildCard:Patience","theWildCard:ArchaicAssault"],"picked":"theWildCard:Michael","floor":12},{"not_picked":["theWildCard:ArcanaArtistry","theWildCard:EnergizedStroke"],"picked":"theWildCard:MaskChange","floor":13},{"not_picked":["theWildCard:SeveringSlash","theWildCard:Proficiency"],"picked":"theWildCard:ManOfManyFaces","floor":14},{"not_picked":["theWildCard:Caesar","theWildCard:Lucifer"],"picked":"theWildCard:AllOutAttack","floor":16},{"not_picked":["theWildCard:Impatience","theWildCard:ArcaneArts"],"picked":"theWildCard:SeveringSlash","floor":18},{"not_picked":["theWildCard:PowerOfTheArcana","theWildCard:StingingStrike"],"picked":"theWildCard:ArchaicAssault+1","floor":22},{"not_picked":["theWildCard:Salvation","theWildCard:Safeguard"],"picked":"theWildCard:MagicalMight","floor":24},{"not_picked":["theWildCard:PowerOfTheArcana","theWildCard:MaskChange"],"picked":"theWildCard:SeveringSlash+1","floor":25},{"not_picked":["theWildCard:Attunement","theWildCard:Impatience"],"picked":"theWildCard:Odin+1","floor":28},{"not_picked":["theWildCard:Michael","theWildCard:UnendingRitual"],"picked":"theWildCard:SeveringSlash","floor":29},{"not_picked":["theWildCard:ArcaneArts","theWildCard:Metatron+1"],"picked":"theWildCard:Patience+1","floor":31}],"player_experience":17191,"relics_obtained":[{"floor":7,"key":"White Beast Statue"},{"floor":9,"key":"Pocketwatch"},{"floor":24,"key":"Red Mask"},{"floor":26,"key":"Bottled Lightning"}],"event_choices":[{"damage_healed":0,"gold_gain":51,"player_choice":"Gained Gold","damage_taken":0,"max_hp_gain":0,"max_hp_loss":0,"event_name":"Golden Wing","floor":2,"gold_loss":0},{"cards_removed":["theWildCard:ArcanaArtistry"],"damage_healed":0,"gold_gain":0,"player_choice":"Gave Card","damage_taken":0,"relics_obtained":["Ice Cream"],"max_hp_gain":0,"max_hp_loss":0,"event_name":"WeMeetAgain","floor":5,"gold_loss":0},{"damage_healed":0,"gold_gain":0,"player_choice":"Simplicity","damage_taken":0,"max_hp_gain":0,"max_hp_loss":0,"event_name":"Back to Basics","floor":20,"gold_loss":0,"cards_upgraded":["theWildCard:BasicStrike","theWildCard:BasicStrike","theWildCard:BasicStrike","theWildCard:BasicStrike","theWildCard:BasicDefend","theWildCard:BasicDefend","theWildCard:BasicDefend","theWildCard:BasicDefend"]},{"damage_healed":0,"gold_gain":0,"player_choice":"Trade","damage_taken":0,"relics_obtained":["SsserpentHead"],"max_hp_gain":0,"max_hp_loss":0,"event_name":"FaceTrader","floor":21,"gold_loss":0},{"damage_healed":0,"gold_gain":0,"player_choice":"Fought Bandits","damage_taken":0,"max_hp_gain":0,"max_hp_loss":0,"event_name":"Masked Bandits","floor":24,"gold_loss":0}],"is_beta":false,"boss_relics":[{"not_picked":["SlaversCollar","Calling Bell"],"picked":"Sozu"}],"items_purged_floors":[],"is_endless":false,"potions_floor_spawned":[8,12,13,14,16,18,22,24,25,28,29,31],"killed_by":"Collector","ascension_level":0}}