{"host":"7l2t4psy44vpcd9q","time":1610371513,"event":{"mods":["AchievementEnabler","BaseMod","DeckTracker","Minty Spire (QoL Compilation)","SuperFastMode"],"gold_per_floor":[115,61,75,95,108,142,142,170,217,247,279,124,140,171,171,249,249,224,13,28,1,1,1],"floor_reached":22,"playtime":1634,"items_purged":["Strike_P"],"score":416,"play_id":"196d8f0a-1c68-4b39-836e-cd6647954e6b","local_time":"20210111222513","is_ascension_mode":true,"campfire_choices":[{"floor":7,"key":"REST"},{"data":"Nirvana","floor":15,"key":"SMITH"}],"circlet_count":0,"master_deck":["AscendersBane","Strike_P","Strike_P","Strike_P","Defend_P","Defend_P","Defend_P","Defend_P","Eruption","Vigilance","JustLucky","EmptyFist","CarveReality","LikeWater","Perseverance","JustLucky","Nirvana+1","CutThroughFate","Wallop","Establishment","Evaluate"],"relics":["PureWater","Blood Vial","InkBottle","MawBank","Lee\u0027s Waffle","Akabeko","SacredBark","Membership Card"],"acts_visited":["Exordium","TheCity"],"potions_floor_usage":[6,8,10,16,20,22,22],"damage_taken":[{"damage":2,"enemies":"Cultist","floor":1,"turns":3},{"damage":14,"enemies":"Jaw Worm","floor":3,"turns":6},{"damage":0,"enemies":"2 Louse","floor":4,"turns":1},{"damage":0,"enemies":"Large Slime","floor":5,"turns":4},{"damage":33,"enemies":"3 Sentries","floor":6,"turns":8},{"damage":18,"enemies":"Lagavulin","floor":8,"turns":5},{"damage":4,"enemies":"Exordium Thugs","floor":10,"turns":6},{"damage":12,"enemies":"2 Fungi Beasts","floor":11,"turns":3},{"damage":3,"enemies":"Looter","floor":13,"turns":5},{"damage":13,"enemies":"3 Sentries","floor":14,"turns":8},{"damage":23,"enemies":"The Guardian","floor":16,"turns":11},{"damage":19,"enemies":"2 Thieves","floor":18,"turns":4},{"damage":55,"enemies":"3 Byrds","floor":20,"turns":10},{"damage":0,"enemies":"Sentry and Sphere","floor":22,"turns":2}],"seed_played":"5553965388573872702","potions_obtained":[{"floor":5,"key":"StancePotion"},{"floor":6,"key":"LiquidMemories"},{"floor":8,"key":"Ancient Potion"},{"floor":11,"key":"DuplicationPotion"},{"floor":16,"key":"StancePotion"}],"is_trial":false,"path_per_floor":["M","$","M","M","M","E","R","E","T","M","M","$","M","E","R","B",null,"M","$","M","$","M"],"character_chosen":"WATCHER","items_purchased":["PowerPotion","Lee\u0027s Waffle","Membership Card","PowerPotion"],"campfire_rested":1,"item_purchase_floors":[2,12,19,21],"current_hp_per_floor":[65,65,51,51,51,18,40,24,24,22,12,81,78,67,67,46,72,55,55,2,2,4,4],"gold":1,"neow_bonus":"TEN_PERCENT_HP_BONUS","is_daily":false,"chose_seed":false,"campfire_upgraded":1,"win_rate":0.0,"timestamp":1610371513,"path_taken":["M","?","M","M","M","E","R","E","T","M","M","$","M","E","R","BOSS","M","$","?","$","M"],"items_purchased_type":["Potion","Relic","Relic","Potion"],"build_version":"2020-12-22","purchased_purges":1,"victory":false,"max_hp_per_floor":[74,74,74,74,74,74,74,74,74,74,74,81,81,81,81,81,81,81,81,81,81,81,81],"card_choices":[{"not_picked":["Protect","EmptyBody"],"picked":"JustLucky","floor":1},{"not_picked":["Collect","FlyingSleeves"],"picked":"EmptyFist","floor":3},{"not_picked":["Evaluate","CutThroughFate"],"picked":"CarveReality","floor":4},{"not_picked":["Conclude","Consecrate","PathToVictory"],"picked":"SKIP","floor":5},{"not_picked":["WindmillStrike","Brilliance"],"picked":"LikeWater","floor":6},{"not_picked":["SashWhip","JustLucky"],"picked":"Perseverance","floor":8},{"not_picked":["FearNoEvil","CrushJoints"],"picked":"JustLucky","floor":10},{"not_picked":["DeceiveReality","WindmillStrike"],"picked":"Nirvana","floor":11},{"not_picked":["CrushJoints","Conclude"],"picked":"CutThroughFate","floor":13},{"not_picked":["EmptyFist","ConjureBlade"],"picked":"Wallop","floor":14},{"not_picked":["DevaForm","Alpha"],"picked":"Establishment","floor":16},{"not_picked":["ReachHeaven","SandsOfTime"],"picked":"Evaluate","floor":18},{"not_picked":["Evaluate","FlurryOfBlows","FollowUp"],"picked":"SKIP","floor":20}],"player_experience":1189517,"relics_obtained":[{"floor":6,"key":"Blood Vial"},{"floor":8,"key":"InkBottle"},{"floor":9,"key":"MawBank"},{"floor":14,"key":"Akabeko"}],"event_choices":[],"is_beta":false,"boss_relics":[{"not_picked":["VioletLotus","Tiny House"],"picked":"SacredBark"}],"items_purged_floors":[19],"is_endless":false,"potions_floor_spawned":[5,6,8,11,16],"killed_by":"Sentry and Sphere","ascension_level":20}}