{"host":"5ty8fyb0ngp9gspj","time":1610360216,"event":{"mods":["2.2 Compatiblity","AchievementEnabler","Act Like it!","BaseMod","Colored Map","Downfall","Minty Spire (QoL Compilation)","Rare Cards Sparkle","StSLib"],"gold_per_floor":[110,110,129,129,129,129,157,167,167,167,179,208,208,233,233,233,233],"floor_reached":16,"playtime":575,"items_purged":[],"score":157,"play_id":"01938e34-f69e-4d67-a4d4-5d509ab6e23d","local_time":"20210111211656","is_ascension_mode":true,"campfire_choices":[{"data":"Survivor","floor":6,"key":"SMITH"},{"floor":10,"key":"DIG"},{"floor":13,"key":"REST"},{"data":"Envenom","floor":15,"key":"SMITH"}],"circlet_count":0,"master_deck":["Strike_G","Strike_G","Strike_G","Strike_G","Defend_G","Defend_G","Defend_G","Defend_G","Defend_G","Survivor+1","Neutralize","All Out Attack","Setup","Tactician","Terror","Envenom+1","Acrobatics"],"relics":["Ring of the Snake","NeowsBlessing","Dream Catcher","Omamori","Du-Vu Doll","Shovel","Lizard Tail","Peace Pipe","Centennial Puzzle"],"acts_visited":["Exordium"],"potions_floor_usage":[12,16],"damage_taken":[{"damage":0,"enemies":"Cultist","floor":1,"turns":1},{"damage":0,"enemies":"Small Slimes","floor":3,"turns":1},{"damage":0,"enemies":"Gremlin Nob","floor":7,"turns":1},{"damage":1,"enemies":"2 Louse","floor":8,"turns":3},{"damage":0,"enemies":"Blue Slaver","floor":11,"turns":8},{"damage":36,"enemies":"3 Sentries","floor":12,"turns":10},{"damage":23,"enemies":"Lagavulin","floor":14,"turns":10},{"damage":71,"enemies":"Slime Boss","floor":16,"turns":7}],"seed_played":"-3590283490112180256","potions_obtained":[{"floor":1,"key":"ColorlessPotion"},{"floor":7,"key":"SpeedPotion"},{"floor":12,"key":"SteroidPotion"}],"is_trial":false,"path_per_floor":["M","T","M","?","?","R","E","M","T","R","M","E","R","E","R","B"],"character_chosen":"THE_SILENT","items_purchased":[],"campfire_rested":1,"item_purchase_floors":[],"current_hp_per_floor":[70,70,70,63,56,56,56,55,55,55,55,19,40,17,17,0,0],"gold":233,"neow_bonus":"THREE_ENEMY_KILL","is_daily":false,"chose_seed":false,"campfire_upgraded":2,"win_rate":0.0,"timestamp":1610360216,"path_taken":["M","?","M","?","?","R","E","M","T","R","M","E","R","E","R","BOSS"],"items_purchased_type":[],"build_version":"2020-12-22","purchased_purges":0,"victory":false,"max_hp_per_floor":[70,70,70,70,70,70,70,70,70,70,70,70,70,70,70,70,70],"card_choices":[{"not_picked":["Heel Hook","Underhanded Strike"],"picked":"All Out Attack","floor":1},{"not_picked":["Bane","Leg Sweep"],"picked":"Setup","floor":3},{"not_picked":["Cloak And Dagger","Bane","Catalyst"],"picked":"SKIP","floor":7},{"not_picked":["Dodge and Roll","Cloak And Dagger","Slice"],"picked":"SKIP","floor":8},{"not_picked":["Predator","Outmaneuver"],"picked":"Tactician","floor":11},{"not_picked":["Masterful Stab","Outmaneuver"],"picked":"Terror","floor":12},{"not_picked":["Dagger Spray","Poisoned Stab"],"picked":"Envenom","floor":13},{"not_picked":["Dash","Catalyst"],"picked":"Acrobatics","floor":14}],"player_experience":348690,"relics_obtained":[{"floor":2,"key":"Dream Catcher"},{"floor":7,"key":"Du-Vu Doll"},{"floor":9,"key":"Shovel"},{"floor":10,"key":"Lizard Tail"},{"floor":12,"key":"Peace Pipe"},{"floor":14,"key":"Centennial Puzzle"}],"event_choices":[{"cards_removed":["Strike_G"],"damage_healed":0,"gold_gain":0,"player_choice":"Card Removal","damage_taken":7,"max_hp_gain":0,"max_hp_loss":0,"event_name":"Golden Wing","floor":4,"gold_loss":0},{"damage_healed":0,"gold_gain":0,"player_choice":"Success","damage_taken":7,"relics_obtained":["Omamori"],"max_hp_gain":0,"max_hp_loss":0,"event_name":"Scrap Ooze","floor":5,"gold_loss":0}],"is_beta":false,"boss_relics":[],"items_purged_floors":[],"is_endless":false,"potions_floor_spawned":[1,7,12],"killed_by":"Slime Boss","ascension_level":2}}