{"host":"uflv0e3ja7hvnij7","time":1610365684,"event":{"mods":["BaseMod","Better Altar","Better Match","Better Note","Better Sensory Stone","Better Skull","Better Third Choice","Marisa????????","Minty Spire (QoL Compilation)","Permanent Neow","Replay The Spire","StSLib"],"gold_per_floor":[364,133,151,151,171,197,197,197,197,245,292,292,192,245,245,459,459,519,519,589,676,302,302,5,118,118,118,181,181,181,0,0,198,198,238,238],"floor_reached":35,"playtime":1963,"items_purged":["Writhe","Strike_G","Replay:Sluggish","Writhe"],"score":610,"play_id":"c2a5cca4-ec73-498e-83fd-1e802d176c88","local_time":"20210111064804","is_ascension_mode":true,"campfire_choices":[{"data":"Bane","floor":8,"key":"SMITH"},{"data":"Defend_G","floor":15,"key":"PURGE"},{"floor":23,"key":"REST"},{"data":"Poison Darts","floor":27,"key":"SMITH"},{"data":"Bane","floor":30,"key":"SMITH"}],"circlet_count":0,"master_deck":["Defend_G+1","Defend_G+1","Survivor","Neutralize","Bane+1","Dodge and Roll+1","Acrobatics","Poisoned Stab","Footwork","Unload","Bane+1","Footwork","Finesse+1","Poison Darts+1","Sadistic Nature","Corpse Explosion"],"relics":["Ring of the Snake","TwistedFunnel","Mirror","Replay:Bandana","Kintsugi","Akabeko","ClockworkSouvenir","Lee\u0027s Waffle","Replay:Wax Seal","Simple Rune","FossilizedHelix","Replay:Grab Bag","ReplayTheSpireMod:Onyx Gauntlets","SacredBark"],"acts_visited":["Exordium","TheCity","TheBeyond"],"potions_floor_usage":[6,16,16,18,25,33],"damage_taken":[{"damage":0,"enemies":"Jaw Worm","floor":1,"turns":5},{"damage":0,"enemies":"2 Louse","floor":3,"turns":2},{"damage":0,"enemies":"Cultist","floor":5,"turns":3},{"damage":5,"enemies":"Gremlin Nob","floor":6,"turns":4},{"damage":2,"enemies":"Red Slaver","floor":10,"turns":3},{"damage":6,"enemies":"Blue Slaver","floor":11,"turns":3},{"damage":2,"enemies":"Lots of Slimes","floor":14,"turns":4},{"damage":23,"enemies":"The Guardian","floor":16,"turns":10},{"damage":21,"enemies":"2 Thieves","floor":18,"turns":4},{"damage":0,"enemies":"Chosen","floor":20,"turns":3},{"damage":11,"enemies":"Centurion and Healer","floor":21,"turns":5},{"damage":26,"enemies":"Gremlin Leader","floor":25,"turns":5},{"damage":0,"enemies":"Replay:Snechameleon","floor":28,"turns":5},{"damage":52,"enemies":"Champ","floor":33,"turns":9},{"damage":7,"enemies":"3 Darklings","floor":35,"turns":4}],"seed_played":"2078494389618062977","potions_obtained":[{"floor":3,"key":"SpeedPotion"},{"floor":5,"key":"SteroidPotion"},{"floor":10,"key":"Venom Potion"},{"floor":14,"key":"ColorlessPotion"},{"floor":21,"key":"Energy Potion"},{"floor":28,"key":"Energy Potion"},{"floor":33,"key":"CunningPotion"}],"is_trial":false,"path_per_floor":["M","$","M","?","M","E","?","R","T","M","M","?","$","M","R","B",null,"M","T","M","M","$","R","$","E","T","R","E","?","R","$","R","B",null,"M"],"character_chosen":"THE_SILENT","items_purchased":["TwistedFunnel","ClockworkSouvenir","Finesse","Lee\u0027s Waffle","Sadistic Nature"],"campfire_rested":1,"item_purchase_floors":[2,22,22,24,31],"current_hp_per_floor":[63,63,63,63,63,58,70,70,70,68,62,62,62,60,60,37,62,41,41,41,30,30,51,77,51,51,51,51,51,51,51,74,22,63,56,56],"gold":238,"neow_bonus":"TWO_FIFTY_GOLD","is_daily":false,"chose_seed":false,"campfire_upgraded":3,"win_rate":0.0,"timestamp":1610365684,"path_taken":["M","$","M","?","M","E","?","R","T","M","M","?","$","M","R","BOSS","M","?","M","?","$","R","?","E","T","R","E","?","R","$","R","BOSS","M"],"items_purchased_type":["Relic","Relic","Card","Relic","Card"],"build_version":"2020-12-22","purchased_purges":4,"victory":false,"max_hp_per_floor":[70,70,70,70,70,70,70,70,70,70,70,70,70,70,70,70,70,70,70,70,70,70,70,77,77,77,77,77,77,77,77,77,77,77,77,77],"card_choices":[{"not_picked":["Eviscerate","Reflex","Poisoned Stab"],"picked":"SKIP","floor":1},{"not_picked":["Underhanded Strike","Heel Hook"],"picked":"Bane","floor":3},{"not_picked":["Dagger Spray","All Out Attack"],"picked":"Dodge and Roll","floor":5},{"not_picked":["Flechettes","Setup"],"picked":"Acrobatics","floor":6},{"not_picked":["Accuracy","Blade Dance"],"picked":"Poisoned Stab","floor":10},{"not_picked":["Skewer","Flying Knee","Sucker Punch"],"picked":"SKIP","floor":11},{"not_picked":["Bouncing Flask","Dodge and Roll"],"picked":"Footwork","floor":14},{"not_picked":["ReplayTheSpireMod:From All Sides","Wraith Form v2"],"picked":"Unload","floor":16},{"not_picked":["Finisher","PiercingWail"],"picked":"Bane","floor":18},{"not_picked":["Distraction","Dagger Throw+1","Flying Knee"],"picked":"SKIP","floor":20},{"not_picked":["Terror","Accuracy"],"picked":"Footwork","floor":21},{"not_picked":["Deadly Poison","Terror"],"picked":"Poison Darts","floor":25},{"not_picked":["Cloak And Dagger","Backflip+1","Dagger Spray"],"picked":"SKIP","floor":28},{"not_picked":["Wraith Form v2","After Image"],"picked":"Corpse Explosion","floor":33}],"player_experience":548334,"relics_obtained":[{"floor":6,"key":"Mirror"},{"floor":9,"key":"Replay:Bandana"},{"floor":19,"key":"Akabeko"},{"floor":25,"key":"Replay:Wax Seal"},{"floor":26,"key":"Simple Rune"},{"floor":28,"key":"FossilizedHelix"}],"event_choices":[{"cards_removed":["Strike_G"],"damage_healed":0,"gold_gain":0,"player_choice":"Forget","damage_taken":0,"max_hp_gain":0,"max_hp_loss":0,"event_name":"Living Wall","floor":4,"gold_loss":0},{"damage_healed":23,"gold_gain":0,"player_choice":"Banana","damage_taken":0,"max_hp_gain":0,"max_hp_loss":0,"event_name":"Big Fish","floor":7,"gold_loss":0},{"damage_healed":0,"gold_gain":0,"player_choice":"Forge","damage_taken":0,"max_hp_gain":0,"max_hp_loss":0,"event_name":"Accursed Blacksmith","floor":12,"gold_loss":0,"cards_upgraded":["Dodge and Roll"]},{"damage_healed":0,"gold_gain":0,"player_choice":"Ignored","damage_taken":0,"max_hp_gain":0,"max_hp_loss":0,"event_name":"betterNote:BetterNote","floor":29,"gold_loss":0,"cards_obtained":["Eruption"]}],"is_beta":false,"boss_relics":[{"not_picked":["Velvet Choker","Runic Pyramid"],"picked":"Kintsugi"},{"not_picked":["Philosopher\u0027s Stone","Replay:Drink Me"],"picked":"Replay:Grab Bag"},{"not_picked":["Replay:Bronze Core","Abe\u0027s Treasure"],"picked":"ReplayTheSpireMod:Onyx Gauntlets"},{"not_picked":["Ring of Chaos","Calling Bell"],"picked":"SacredBark"}],"items_purged_floors":[2,13,22,24],"is_endless":false,"potions_floor_spawned":[3,5,10,14,21,28,33],"killed_by":"3 Darklings","ascension_level":8}}