{"host":"pl1fbpkom0aq337f","time":1610362147,"event":{"mods":["AchievementEnabler","BaseMod","Colored Map","Minty Spire (QoL Compilation)"],"gold_per_floor":[99,99,99,99,99,99,99,99,99,99,99,99,99,99,99,99,99,99,99,99,99,99,99,69,69,69,69,69,69,69,69,69,69,29,29,29,29,29,29,29,29,29,29,29,0,0,0,0,0,0,0,0,0,0,0,0,0,0,0,0,0,0,0,0,0,0],"floor_reached":65,"playtime":2886,"items_purged":[],"score":1573,"play_id":"760a2185-442a-469d-ad07-c2f5d5851bc7","local_time":"20210111114907","is_ascension_mode":true,"campfire_choices":[{"data":"Crippling Poison","floor":8.0,"key":"SMITH"},{"floor":10.0,"key":"REST"},{"floor":15.0,"key":"REST"},{"data":"Terror","floor":20.0,"key":"SMITH"},{"data":"Footwork","floor":21.0,"key":"SMITH"},{"floor":30.0,"key":"REST"},{"floor":35.0,"key":"REST"},{"data":"Catalyst","floor":38.0,"key":"SMITH"},{"data":"Burst","floor":39.0,"key":"SMITH"},{"data":"Cloak And Dagger","floor":47,"key":"SMITH"},{"floor":53,"key":"REST"},{"floor":58,"key":"RECALL"},{"data":"Night Terror","floor":59,"key":"SMITH"},{"data":"Envenom","floor":62,"key":"SMITH"}],"circlet_count":0,"master_deck":["AscendersBane","Strike_G","Strike_G","Strike_G","Strike_G","Defend_G","Defend_G","Defend_G","Defend_G","Defend_G","Survivor","Neutralize","Cloak And Dagger+1","Crippling Poison+1","Dash","Skewer","Predator","Footwork+1","Burst+1","Cloak And Dagger","Terror+1","Envenom+1","Blade Dance","Backflip","Skewer","Catalyst+1","Night Terror+1","Cloak And Dagger+1","Blur+1"],"relics":["Ectoplasm","Letter Opener","Bottled Lightning","Lantern","MawBank","Paper Crane","Akabeko","Philosopher\u0027s Stone","Nilry\u0027s Codex","Frozen Egg 2","Omamori","Snake Skull","Regal Pillow","Happy Flower","Runic Pyramid","Boot","Red Mask","Pocketwatch","Mummified Hand","Gambling Chip","Toy Ornithopter","Anchor"],"acts_visited":["Exordium","TheCity","TheBeyond","TheEnding"],"potions_floor_usage":[65],"damage_taken":[{"damage":0.0,"enemies":"2 Louse","floor":1.0,"turns":3.0},{"damage":0.0,"enemies":"Cultist","floor":3.0,"turns":5.0},{"damage":4.0,"enemies":"Small Slimes","floor":4.0,"turns":4.0},{"damage":24.0,"enemies":"Gremlin Nob","floor":7.0,"turns":5.0},{"damage":11.0,"enemies":"Exordium Thugs","floor":9.0,"turns":4.0},{"damage":12.0,"enemies":"Lagavulin","floor":11.0,"turns":9.0},{"damage":7.0,"enemies":"3 Sentries","floor":13.0,"turns":4.0},{"damage":5.0,"enemies":"Lagavulin","floor":16.0,"turns":8.0},{"damage":0.0,"enemies":"Looter","floor":18.0,"turns":1.0},{"damage":0.0,"enemies":"Exordium Wildlife","floor":19.0,"turns":2.0},{"damage":4.0,"enemies":"Hexaghost","floor":22.0,"turns":8.0},{"damage":2.0,"enemies":"2 Thieves","floor":24.0,"turns":3.0},{"damage":6.0,"enemies":"3 Byrds","floor":27.0,"turns":3.0},{"damage":0.0,"enemies":"Centurion and Healer","floor":28.0,"turns":5.0},{"damage":5.0,"enemies":"Book of Stabbing","floor":29.0,"turns":4.0},{"damage":16.0,"enemies":"Slavers","floor":31.0,"turns":4.0},{"damage":9.0,"enemies":"Gremlin Leader","floor":33.0,"turns":4.0},{"damage":9.0,"enemies":"Slavers","floor":37.0,"turns":4.0},{"damage":4.0,"enemies":"Champ","floor":40.0,"turns":9.0},{"damage":8,"enemies":"3 Shapes","floor":42,"turns":5},{"damage":7,"enemies":"3 Darklings","floor":44,"turns":5},{"damage":11,"enemies":"Nemesis","floor":48,"turns":5},{"damage":8,"enemies":"Maw","floor":50,"turns":5},{"damage":0,"enemies":"Reptomancer","floor":54,"turns":2},{"damage":0,"enemies":"Jaw Worm Horde","floor":55,"turns":3},{"damage":0,"enemies":"Nemesis","floor":56,"turns":5},{"damage":0,"enemies":"Spire Growth","floor":57,"turns":4},{"damage":25,"enemies":"Time Eater","floor":60,"turns":6},{"damage":22,"enemies":"Shield and Spear","floor":64,"turns":4},{"damage":47,"enemies":"The Heart","floor":65,"turns":3}],"seed_played":"-8450616216997861014","potions_obtained":[{"floor":3.0,"key":"Swift Potion"},{"floor":11.0,"key":"Fire Potion"},{"floor":13.0,"key":"CunningPotion"},{"floor":22.0,"key":"EssenceOfSteel"},{"floor":31.0,"key":"Poison Potion"},{"floor":37.0,"key":"EssenceOfSteel"}],"is_trial":false,"path_per_floor":["M","?","M","M","?","$","E","R","M","R","E","T","E","$","R","E","T","M","M","R","R","B",null,"M","?","?","M","M","E","R","E","T","E","$","R","$","E","R","R","B",null,"M","T","M","?","?","R","E","$","M","T","T","R","E","M","E","M","R","R","B",null,"R","$","E","B"],"character_chosen":"THE_SILENT","items_purchased":["Catalyst"],"campfire_rested":5,"item_purchase_floors":[34],"current_hp_per_floor":[63,63,63,59,59,59,35,35,24,45,33,33,26,26,47,42,42,42,42,42,42,38,62,60,44,44,38,38,33,54,38,38,29,29,65,65,56,56,56,52,66,58,58,51,51,51,51,40,40,32,32,32,68,68,68,68,68,68,68,43,63,63,63,41,0,0],"gold":0,"neow_bonus":"BOSS_RELIC","is_daily":false,"chose_seed":false,"campfire_upgraded":8,"win_rate":0.0,"timestamp":1610362147,"path_taken":["M","?","?","M","?","$","E","R","?","R","E","T","E","?","R","E","?","M","?","R","R","BOSS","M","?","?","M","M","E","R","E","T","E","$","R","?","E","R","R","BOSS","M","?","M","?","?","R","E","$","?","T","T","R","E","M","E","?","R","R","BOSS","R","$","E","BOSS"],"items_purchased_type":["Card"],"build_version":"2020-12-22","purchased_purges":0,"victory":false,"max_hp_per_floor":[70,70,70,70,70,70,70,70,70,70,70,70,70,70,70,70,70,70,70,70,70,70,70,70,70,70,70,70,70,70,70,70,70,70,70,70,70,70,70,70,70,70,70,70,70,70,70,70,70,70,70,70,70,70,70,70,70,70,70,70,70,70,70,70,70,70],"card_choices":[{"not_picked":["Endless Agony","Outmaneuver"],"picked":"Cloak And Dagger","floor":1.0},{"not_picked":["Quick Slash","Outmaneuver"],"picked":"Crippling Poison","floor":3.0},{"not_picked":["Deadly Poison","All Out Attack"],"picked":"Dash","floor":4.0},{"not_picked":["Bane","Slice"],"picked":"Predator","floor":7.0},{"not_picked":["Well Laid Plans","Wraith Form v2"],"picked":"Footwork","floor":9.0},{"not_picked":["Flying Knee","Bane"],"picked":"Burst","floor":11.0},{"not_picked":["Infinite Blades","Acrobatics","Prepared"],"picked":"SKIP","floor":13.0},{"not_picked":["All Out Attack","Infinite Blades"],"picked":"Cloak And Dagger","floor":16.0},{"not_picked":["Prepared","Dagger Throw","Distraction"],"picked":"SKIP","floor":18.0},{"not_picked":["Outmaneuver","Bane"],"picked":"Terror","floor":19.0},{"not_picked":["Doppelganger","Venomology"],"picked":"Envenom","floor":22.0},{"not_picked":["Acrobatics","Sucker Punch","Caltrops"],"picked":"SKIP","floor":24.0},{"not_picked":["Poisoned Stab","Setup","Prepared"],"picked":"SKIP","floor":27.0},{"not_picked":["Escape Plan+1","Deflect"],"picked":"Backflip","floor":28.0},{"not_picked":["Doppelganger","Dagger Throw"],"picked":"Well Laid Plans+1","floor":29.0},{"not_picked":["Escape Plan","Deadly Poison"],"picked":"Skewer","floor":31.0},{"not_picked":["Setup","Slice+1","Bouncing Flask"],"picked":"SKIP","floor":33.0},{"not_picked":["Eviscerate","Deflect","Outmaneuver"],"picked":"SKIP","floor":37.0},{"not_picked":["Tools of the Trade+1","Doppelganger"],"picked":"Night Terror","floor":40.0},{"not_picked":["Slice","Outmaneuver","Finisher+1"],"picked":"SKIP","floor":42},{"not_picked":["Sucker Punch","Flying Knee","Deadly Poison"],"picked":"SKIP","floor":44},{"not_picked":["Prepared","Heel Hook+1"],"picked":"Cloak And Dagger+1","floor":48},{"not_picked":["Well Laid Plans+1","Dodge and Roll","Flying Knee+1"],"picked":"SKIP","floor":50},{"not_picked":["Deadly Poison+1","Glass Knife","Night Terror"],"picked":"SKIP","floor":54},{"not_picked":["Skewer","Dagger Throw","Quick Slash"],"picked":"SKIP","floor":55},{"not_picked":["Leg Sweep","Prepared"],"picked":"Blur+1","floor":56},{"not_picked":["Escape Plan+1","Deflect","Prepared"],"picked":"SKIP","floor":57},{"not_picked":["Setup","Tactician","Dodge and Roll"],"picked":"SKIP","floor":64}],"player_experience":445586,"relics_obtained":[{"floor":7.0,"key":"Letter Opener"},{"floor":11.0,"key":"Bottled Lightning"},{"floor":12.0,"key":"Lantern"},{"floor":13.0,"key":"MawBank"},{"floor":16.0,"key":"Paper Crane"},{"floor":17.0,"key":"Akabeko"},{"floor":25.0,"key":"Nilry\u0027s Codex"},{"floor":29.0,"key":"Frozen Egg 2"},{"floor":31.0,"key":"Omamori"},{"floor":32.0,"key":"Snake Skull"},{"floor":33.0,"key":"Regal Pillow"},{"floor":37.0,"key":"Happy Flower"},{"floor":43,"key":"Boot"},{"floor":48,"key":"Pocketwatch"},{"floor":52,"key":"Mummified Hand"},{"floor":54,"key":"Gambling Chip"},{"floor":56,"key":"Toy Ornithopter"},{"floor":64,"key":"Anchor"}],"event_choices":[{"cards_removed":["Strike_G"],"damage_healed":0.0,"max_hp_gain":0.0,"max_hp_loss":0.0,"gold_gain":0.0,"event_name":"Bonfire Elementals","player_choice":"Offered Basic","floor":2.0,"gold_loss":0.0,"damage_taken":0.0},{"damage_healed":0.0,"max_hp_gain":0.0,"max_hp_loss":0.0,"gold_gain":0.0,"event_name":"Match and Keep!","player_choice":"1 cards matched","floor":5.0,"gold_loss":0.0,"damage_taken":0.0,"cards_obtained":["Skewer"]},{"damage_healed":0.0,"max_hp_gain":0.0,"max_hp_loss":0.0,"gold_gain":0.0,"event_name":"Cursed Tome","player_choice":"Obtained Book","floor":25.0,"gold_loss":0.0,"damage_taken":16.0},{"damage_healed":0.0,"max_hp_gain":0.0,"max_hp_loss":0.0,"gold_gain":0.0,"event_name":"The Library","player_choice":"Read","floor":26.0,"gold_loss":0.0,"damage_taken":0.0,"cards_obtained":["Blade Dance"]},{"damage_healed":0,"gold_gain":0,"player_choice":"Paid","damage_taken":0,"relics_obtained":["Red Mask"],"max_hp_gain":0,"max_hp_loss":0,"event_name":"Tomb of Lord Red Mask","floor":45,"gold_loss":29},{"cards_removed":["Well Laid Plans"],"damage_healed":0,"gold_gain":0,"player_choice":"Removed Power","damage_taken":0,"max_hp_gain":0,"max_hp_loss":0,"event_name":"Falling","floor":46,"gold_loss":0}],"is_beta":false,"boss_relics":[{"not_picked":["Fusion Hammer","Busted Crown"],"picked":"Philosopher\u0027s Stone"},{"not_picked":["Runic Dome","Velvet Choker"],"picked":"Runic Pyramid"}],"items_purged_floors":[],"is_endless":false,"potions_floor_spawned":[3,11,13,22,28,31,37,40,48,54,56],"killed_by":"The Heart","ascension_level":13}}