{"host":"z9grmtg2w0nmz8n1","time":1610343488,"event":{"mods":["Aspiration","Bard","BaseMod","Beaked The Cultist","Better Altar","Better Match","Better Note","Better Sensory Stone","Better Skull","Better Third Choice","BetterRewards","CCEM","Colored Map","Conspire","Downfall","GifTheSpireLib","Googly Eyes","Halation","Hermit","Highlight Path","Hubris","Hunter ??","Jedi Mod","Jorbs\u0027s Wanderer Trilogy","Mad Scientist","Marisa????????","Minty Spire (QoL Compilation)","Permanent Neow","Replay The Spire","Shade Mod","Shop Mod","Spicy Shops","StSLib","Stuff the Spire","The Bug Knight","The Construct","The Necromancer","The Runesmith","The Witch"],"gold_per_floor":[361,379,171,186,205,236,236,249,249,249,249],"floor_reached":10,"playtime":509,"items_purged":["Strike_G","Strike_G"],"score":74,"play_id":"b1ecfe12-d8ed-4cc0-b023-2972fdc7acf7","local_time":"20210111033808","is_ascension_mode":true,"campfire_choices":[],"circlet_count":0,"master_deck":["Strike_G","Strike_G","Strike_G","Defend_G","Defend_G","Defend_G","Defend_G","Defend_G","Survivor","Neutralize+1","Prepared","Cloak And Dagger","Blade Dance+1","ReplayTheSpireMod:Shiv Toss","Cloak And Dagger","Cloak And Dagger"],"relics":["Ring of the Snake","StuffTheSpire:Expresso"],"acts_visited":["Exordium"],"potions_floor_usage":[5,6,10],"damage_taken":[{"damage":0,"enemies":"Jaw Worm","floor":1,"turns":5},{"damage":0,"enemies":"2 Louse","floor":2,"turns":3},{"damage":0,"enemies":"Cultist","floor":4,"turns":4},{"damage":14,"enemies":"Gremlin Gang","floor":5,"turns":9},{"damage":27,"enemies":"Lagavulin","floor":6,"turns":8},{"damage":2,"enemies":"2 Fungi Beasts","floor":8,"turns":4},{"damage":8,"enemies":"3 Sentries","floor":10,"turns":2}],"seed_played":"-3854198920038195379","potions_obtained":[{"floor":4,"key":"LifebloodPotion"},{"floor":5,"key":"FearPotion"},{"floor":8,"key":"Ancient Potion"}],"is_trial":false,"path_per_floor":["M","M","$","M","M","E","?","M","T","E"],"character_chosen":"THE_SILENT","items_purchased":["Blade Dance+1"],"campfire_rested":0,"item_purchase_floors":[3],"current_hp_per_floor":[49,49,49,49,35,8,8,6,6,0,0],"gold":249,"neow_bonus":"TWO_FIFTY_GOLD","is_daily":false,"chose_seed":false,"campfire_upgraded":0,"win_rate":0.0,"timestamp":1610343488,"path_taken":["M","M","$","M","M","E","?","M","T","E"],"items_purchased_type":["Card"],"build_version":"2020-12-22","purchased_purges":2,"victory":false,"max_hp_per_floor":[70,70,70,70,70,70,70,70,70,70,70],"card_choices":[{"not_picked":["Well Laid Plans","StuffTheSpire:Repulse"],"picked":"Prepared","floor":1},{"not_picked":["Quick Slash","Poisoned Stab"],"picked":"Cloak And Dagger","floor":2},{"not_picked":["PiercingWail","Deflect","Hidden Blade"],"picked":"SKIP","floor":4},{"not_picked":["Prepared","ReplayTheSpireMod:Speed Training"],"picked":"ReplayTheSpireMod:Shiv Toss","floor":5},{"not_picked":["Acrobatics","Dagger Spray"],"picked":"Cloak And Dagger","floor":6},{"not_picked":["Choke","ReplayTheSpireMod:Shiv Toss"],"picked":"Cloak And Dagger","floor":8}],"player_experience":837198,"relics_obtained":[{"floor":6,"key":"StuffTheSpire:Expresso"}],"event_choices":[],"is_beta":false,"boss_relics":[],"items_purged_floors":[3,3],"is_endless":false,"potions_floor_spawned":[4,5,8],"killed_by":"3 Sentries","ascension_level":1}}