{"host":"eqhso8t6jxnuoze7","time":1610409333,"event":{"mods":["A Magickal Journey","BaseMod","Beaked The Cultist","Better Vampires","BetterRewards","Clockwork Mod","Downfall","Energized Spire","Friendly Minions","FutureSeer","Glutton Mod","Gremlin Mod","GungeonMod","Hermit","Hero for Fun","Hunter ??","Mad Scientist","Melee Mod","Minty Spire (QoL Compilation)","Poem Panic","READ ME - Guardian Mod","READ ME - Snecko Mod","Shop Mod","StSLib","The Blackbeard","The Bladedancer","The Construct","The Cursed","The Death Knight","The Disciple","The Druid","The Elementalist","The Forsaken","The Hayseed","The Judge","The Juggle","The Jungle","The Mystic","The Necromancer","The Runesmith","The Saiyan","The Servant 0.9.4","TheFirefly","TheHeartMod","Thrall Mod","Treasure Hunter","Yuri Mod"],"gold_per_floor":[99,99,99,99,109,128,128,206,224,141,174,191,208,237,255,255,255,255],"floor_reached":16,"playtime":882,"items_purged":[],"score":162,"play_id":"e7da9c8a-a24c-4e3d-8eb5-e2db9088cde4","local_time":"20210111165533","is_ascension_mode":false,"campfire_choices":[{"data":"Slimebound:MassFeed","floor":1,"key":"SMITH"}],"circlet_count":0,"master_deck":["Slimebound:Strike_Slimebound","Slimebound:Strike_Slimebound","Slimebound:Tackle","Slimebound:Defend_Slimebound","Slimebound:Defend_Slimebound","Slimebound:Defend_Slimebound","Slimebound:Defend_Slimebound","Slimebound:Split","Slimebound:CorrosiveSpit","Slimebound:MassFeed+1","Slimebound:SlimeSpikes","Slimebound:SplitAcid","TH:CopperCoins","Slimebound:LeadByExample","Slimebound:SplitAcid","Slimebound:FirmFortitude","Slimebound:SplitMire","Slimebound:PressTheAttack","Slimebound:SamplingLick","Slimebound:LeechingTouch","Slimebound:SlimeSpikes"],"relics":["Slimebound:AbsorbEndCombat","Slimebound:GreedOozeRelic","DemoMod:PinkGuonStone","DemoMod:PartiallyEatenCheese","DemoMod:GundromedaStrain"],"acts_visited":["Exordium"],"potions_floor_usage":[16,16,16],"damage_taken":[{"damage":7,"enemies":"Cultist","floor":5,"turns":3},{"damage":3,"enemies":"Small Slimes","floor":6,"turns":2},{"damage":7,"enemies":"2 Louse","floor":9,"turns":2},{"damage":14,"enemies":"downfall:FleeingMerchant","floor":10,"turns":4},{"damage":17,"enemies":"Gremlin Nob","floor":11,"turns":4},{"damage":14,"enemies":"2 Fungi Beasts","floor":12,"turns":3},{"damage":16,"enemies":"Red Slaver","floor":13,"turns":3},{"damage":38,"enemies":"Lagavulin","floor":14,"turns":6},{"damage":3,"enemies":"Gremlin Gang","floor":15,"turns":2},{"damage":59,"enemies":"downfall:Defect","floor":16,"turns":6}],"seed_played":"-4272909987754966176","potions_obtained":[{"floor":9,"key":"champ:CounterPotion"},{"floor":11,"key":"Weak Potion"},{"floor":12,"key":"EssenceOfSteel"},{"floor":15,"key":"Slimebound:SlimedPotion"}],"is_trial":false,"path_per_floor":["R","?","?","?","M","M","T","T","M","$","E","M","M","E","M","B"],"character_chosen":"SLIMEBOUND","items_purchased":["Slimebound:FirmFortitude"],"campfire_rested":0,"item_purchase_floors":[10],"current_hp_per_floor":[60,60,60,65,64,67,67,74,79,77,68,64,54,30,41,0,0,0],"gold":255,"neow_bonus":"TRANSFORM_CARD","is_daily":false,"chose_seed":false,"campfire_upgraded":1,"win_rate":0.0,"timestamp":1610409333,"path_taken":["R","?","?","?","M","M","T","?","M","?","E","M","M","E","M","BOSS"],"items_purchased_type":["Card"],"build_version":"2020-12-22","purchased_purges":0,"victory":false,"max_hp_per_floor":[60,60,60,65,65,69,69,76,84,84,88,88,88,88,100,100,100,100],"card_choices":[{"not_picked":["Slimebound:DivideAndConquer","Slimebound:ComboTackle"],"picked":"Slimebound:SlimeSpikes","floor":5},{"not_picked":["Slimebound:AcidTongue","Slimebound:Recollect"],"picked":"Slimebound:SplitAcid","floor":6},{"not_picked":["TH:BikiniMail"],"picked":"TH:CopperCoins","floor":7},{"not_picked":["TH:TreasureMap","TH:CursedSword"],"picked":"SKIP","floor":8},{"not_picked":["Slimebound:DivideAndConquer","Slimebound:Prepare"],"picked":"Slimebound:LeadByExample","floor":9},{"not_picked":["Slimebound:SplitBruiser","Slimebound:SlimeSpikes"],"picked":"Slimebound:SplitAcid","floor":10},{"not_picked":["Slimebound:DivideAndConquer","Slimebound:CheckThePlaybook"],"picked":"Slimebound:SplitMire","floor":11},{"not_picked":["TH:EnergyPotion","TH:BikiniMail"],"picked":"SKIP","floor":11},{"not_picked":["Slimebound:Schlurp","Slimebound:SplitLeeching"],"picked":"Slimebound:PressTheAttack","floor":12},{"not_picked":["Slimebound:ComboTackle","Slimebound:HungryTackle"],"picked":"Slimebound:SamplingLick","floor":13},{"not_picked":["Slimebound:ComboTackle","Slimebound:HungryTackle"],"picked":"Slimebound:LeechingTouch","floor":14},{"not_picked":["TH:CopperCoins","TH:PixieDust"],"picked":"SKIP","floor":14},{"not_picked":["Slimebound:FlameTackle","Slimebound:LeechEnergy"],"picked":"Slimebound:SlimeSpikes","floor":15}],"player_experience":1153667,"relics_obtained":[{"floor":8,"key":"DemoMod:PinkGuonStone"},{"floor":11,"key":"DemoMod:PartiallyEatenCheese"},{"floor":14,"key":"DemoMod:GundromedaStrain"}],"event_choices":[{"damage_healed":0,"gold_gain":0,"player_choice":"Donut","damage_taken":0,"max_hp_gain":5,"max_hp_loss":0,"event_name":"Big Fish","floor":4,"gold_loss":0}],"is_beta":false,"boss_relics":[],"items_purged_floors":[],"is_endless":false,"potions_floor_spawned":[9,11,12,15],"killed_by":"downfall:Defect","ascension_level":0}}