{"host":"c59jaj2b7ki1imdm","time":1610408768,"event":{"mods":["AchievementEnabler","BaseMod","Hermit","Hubris","Minty Spire (QoL Compilation)","StSLib","The Construct","The Hierophant"],"gold_per_floor":[109,129,145,163,180,180,180,180,180,180,200,165,195,40,40,40,40],"floor_reached":16,"playtime":1012,"items_purged":[],"score":127,"play_id":"c2440275-1c37-47b6-9d71-70ba1bdd7d1c","local_time":"20210112004608","is_ascension_mode":false,"campfire_choices":[{"floor":6,"key":"REST"},{"data":"WindmillStrike","floor":8,"key":"SMITH"},{"data":"Conclude","floor":10,"key":"SMITH"},{"data":"ReachHeaven","floor":15,"key":"SMITH"}],"circlet_count":0,"master_deck":["Strike_P","Strike_P","Strike_P","Strike_P","Defend_P","Defend_P","Defend_P","Defend_P","Eruption","Vigilance","Pain","WindmillStrike+1","EmptyMind","Conclude+1","ReachHeaven+1","FearNoEvil","Parasite","EmptyFist","Meditate"],"relics":["PureWater","hubris:Reverence","hubris:Zylophone","Lee\u0027s Waffle"],"acts_visited":["Exordium"],"potions_floor_usage":[5,11,13,16],"damage_taken":[{"damage":17,"enemies":"Small Slimes","floor":1,"turns":3},{"damage":5,"enemies":"Jaw Worm","floor":2,"turns":3},{"damage":15,"enemies":"Cultist","floor":3,"turns":4},{"damage":2,"enemies":"Lots of Slimes","floor":4,"turns":1},{"damage":12,"enemies":"2 Fungi Beasts","floor":5,"turns":3},{"damage":5,"enemies":"Blue Slaver","floor":11,"turns":3},{"damage":10,"enemies":"Gremlin Nob","floor":13,"turns":3},{"damage":97,"enemies":"The Guardian","floor":16,"turns":8}],"seed_played":"-6622400527944202939","potions_obtained":[{"floor":1,"key":"PowerPotion"},{"floor":2,"key":"PowerPotion"},{"floor":4,"key":"Weak Potion"},{"floor":5,"key":"BlessingOfTheForge"}],"is_trial":false,"path_per_floor":["M","M","M","M","M","R","?","R","T","R","M","?","E","$","R","B"],"character_chosen":"WATCHER","items_purchased":["Lee\u0027s Waffle"],"campfire_rested":1,"item_purchase_floors":[14],"current_hp_per_floor":[69,64,49,47,35,60,81,81,81,81,76,86,76,93,93,0,0],"gold":40,"neow_bonus":"TWENTY_PERCENT_HP_BONUS","is_daily":false,"chose_seed":false,"campfire_upgraded":3,"win_rate":0.0,"timestamp":1610408768,"path_taken":["M","M","M","M","M","R","?","R","T","R","M","?","E","?","R","BOSS"],"items_purchased_type":["Relic"],"build_version":"2020-12-22","purchased_purges":0,"victory":false,"max_hp_per_floor":[86,86,86,86,86,86,86,86,86,86,86,86,86,93,93,93,93],"card_choices":[{"not_picked":["SashWhip","Meditate"],"picked":"WindmillStrike","floor":1},{"not_picked":["Collect","ThirdEye"],"picked":"EmptyMind","floor":2},{"not_picked":["FlurryOfBlows","CrushJoints"],"picked":"Conclude","floor":3},{"not_picked":["Vengeance","ClearTheMind"],"picked":"ReachHeaven","floor":4},{"not_picked":["ClearTheMind","WindmillStrike"],"picked":"FearNoEvil","floor":5},{"not_picked":["BowlingBash","PathToVictory"],"picked":"EmptyFist","floor":11},{"not_picked":["Evaluate","Omniscience"],"picked":"Meditate","floor":13}],"player_experience":123594,"relics_obtained":[{"floor":9,"key":"hubris:Reverence"},{"floor":13,"key":"hubris:Zylophone"}],"event_choices":[{"damage_healed":21,"gold_gain":0,"player_choice":"Healed and dodged fight","damage_taken":0,"max_hp_gain":0,"max_hp_loss":0,"event_name":"Mushrooms","floor":7,"gold_loss":0,"cards_obtained":["Parasite"]},{"damage_healed":21,"gold_gain":0,"player_choice":"Healed","damage_taken":0,"max_hp_gain":0,"max_hp_loss":0,"event_name":"The Cleric","floor":12,"gold_loss":35}],"is_beta":false,"boss_relics":[],"items_purged_floors":[],"is_endless":false,"potions_floor_spawned":[1,2,4,5],"killed_by":"The Guardian","ascension_level":0}}