{"host":"1mv6gj0zv8k9e9tz","time":1610360869,"event":{"mods":["AchievementEnabler","BaseMod","Better Third Choice","Colored Map","KOR Keyword Fix","Minty Spire (QoL Compilation)","Permanent Neow","Rare Cards Sparkle","StSLib"],"gold_per_floor":[118,118,135,145,145,188,153,186,186,221,221,270,195,209,209,209,209],"floor_reached":16,"playtime":652,"items_purged":["Defend_P"],"score":172,"play_id":"6ce4cf90-5841-4b39-aaaa-8b4c6d146c2b","local_time":"20210111192749","is_ascension_mode":true,"campfire_choices":[{"data":"Eruption","floor":11,"key":"SMITH"},{"data":"Vigilance","floor":15,"key":"SMITH"}],"circlet_count":0,"master_deck":["Strike_P","Strike_P","Strike_P","Defend_P","Defend_P","Eruption+1","Vigilance+1","Meditate","Judgement","Halt","Consecrate"],"relics":["PureWater","Golden Idol","PreservedInsect","Turnip","Molten Egg 2","Lantern","Bag of Preparation"],"acts_visited":["Exordium"],"potions_floor_usage":[16,16,16],"damage_taken":[{"damage":0.0,"enemies":"2 Louse","floor":1.0,"turns":2.0},{"damage":0.0,"enemies":"Small Slimes","floor":3.0,"turns":3.0},{"damage":0.0,"enemies":"Jaw Worm","floor":4.0,"turns":2.0},{"damage":20.0,"enemies":"3 Sentries","floor":6.0,"turns":9.0},{"damage":0,"enemies":"Gremlin Nob","floor":8,"turns":2},{"damage":17,"enemies":"3 Sentries","floor":10,"turns":6},{"damage":0,"enemies":"Red Slaver","floor":14,"turns":1},{"damage":15,"enemies":"Hexaghost","floor":16,"turns":9}],"seed_played":"8927342216337362799","potions_obtained":[{"floor":3.0,"key":"SpeedPotion"},{"floor":8,"key":"ColorlessPotion"},{"floor":10,"key":"StancePotion"}],"is_trial":false,"path_per_floor":["M","?","M","M","?","E","?","E","T","E","R","T","$","M","R","B"],"character_chosen":"WATCHER","items_purchased":[],"campfire_rested":0,"item_purchase_floors":[],"current_hp_per_floor":[51,51,51,51,33,13,31,31,31,14,14,14,14,14,14,0,0],"gold":209,"neow_bonus":"TRANSFORM_TWO_CARDS","is_daily":false,"chose_seed":false,"campfire_upgraded":2,"win_rate":0.0,"timestamp":1610360869,"path_taken":["M","?","M","M","?","E","?","E","T","E","R","?","$","M","R","BOSS"],"items_purchased_type":[],"build_version":"2020-12-22","purchased_purges":1,"victory":false,"max_hp_per_floor":[72,72,72,72,72,72,72,72,72,72,72,72,72,72,72,72,72],"card_choices":[{"not_picked":["BowlingBash","Consecrate"],"picked":"Halt","floor":1.0},{"not_picked":["CarveReality","Crescendo","JustLucky"],"picked":"SKIP","floor":3.0},{"not_picked":["Protect","Worship","EmptyMind"],"picked":"SKIP","floor":4.0},{"not_picked":["Prostrate","ForeignInfluence"],"picked":"Consecrate","floor":6.0},{"not_picked":["Fasting2","Protect","Halt"],"picked":"SKIP","floor":8},{"not_picked":["EmptyMind","ThirdEye","Indignation"],"picked":"SKIP","floor":10},{"not_picked":["BattleHymn","ForeignInfluence","CarveReality+1"],"picked":"SKIP","floor":14}],"player_experience":512887,"relics_obtained":[{"floor":6.0,"key":"PreservedInsect"},{"floor":8,"key":"Turnip"},{"floor":9,"key":"Molten Egg 2"},{"floor":10,"key":"Lantern"},{"floor":12,"key":"Bag of Preparation"}],"event_choices":[{"damage_healed":0.0,"max_hp_gain":0.0,"max_hp_loss":0.0,"gold_gain":0.0,"event_name":"betterThird:BetterSerpent","player_choice":"Ignored","floor":2.0,"gold_loss":0.0,"damage_taken":118.0},{"damage_healed":0.0,"max_hp_gain":0.0,"max_hp_loss":0.0,"gold_gain":0.0,"event_name":"Golden Idol","player_choice":"Take Damage","floor":5.0,"gold_loss":0.0,"damage_taken":18.0,"relics_obtained":["Golden Idol"]},{"damage_healed":18.0,"max_hp_gain":0.0,"max_hp_loss":0.0,"gold_gain":0.0,"event_name":"The Cleric","player_choice":"Healed","floor":7.0,"gold_loss":35.0,"damage_taken":0.0}],"is_beta":false,"boss_relics":[],"items_purged_floors":[13],"is_endless":false,"potions_floor_spawned":[3,8,10],"killed_by":"Hexaghost","ascension_level":4}}