{"host":"jpcy2bclvs7juczu","time":1610404959,"event":{"mods":["AchievementEnabler","BaseMod","Block Reminder","Colored Powertips","Curses Come First","Minty Spire (QoL Compilation)","Quick Restart","Relic Stats","StSLib","ojb\u0027s Better Paths Mod","ojb\u0027s Info Mod","slay the spire mod where everything is the same but ironclad has a cowboy hat"],"gold_per_floor":[110,110,129,142,142,174,174,201,201,201,213,213,228,11,11,102,102,115,31,47,47,0,0,24,45,113,156,156,156],"floor_reached":28,"playtime":1488,"items_purged":[],"score":496,"play_id":"894bc07d-a313-42a9-b2fc-2857e4aea583","local_time":"20210111224239","is_ascension_mode":true,"campfire_choices":[{"floor":7.0,"key":"REST"},{"data":"Neutralize","floor":10.0,"key":"SMITH"},{"data":"Noxious Fumes","floor":15,"key":"SMITH"},{"floor":23,"key":"REST"}],"circlet_count":0,"master_deck":["AscendersBane","Survivor","Neutralize+1","Dagger Spray+1","Footwork","Noxious Fumes+1","Phantasmal Killer","Blade Dance","Acrobatics","Venomology","Night Terror","Heel Hook","Catalyst","Noxious Fumes","Caltrops","Tactician","Flechettes","Cloak And Dagger","All Out Attack","PiercingWail","Acrobatics+1","Dodge and Roll","Adrenaline"],"relics":["SacredBark","Regal Pillow","Blue Candle","Peace Pipe","Paper Crane","Golden Idol","TwistedFunnel","Pandora\u0027s Box","Pear"],"acts_visited":["Exordium","TheCity"],"potions_floor_usage":[16,18,20,20,20,25,27,27,27,27,28,28],"damage_taken":[{"damage":6.0,"enemies":"Small Slimes","floor":1.0,"turns":5.0},{"damage":7.0,"enemies":"Jaw Worm","floor":3.0,"turns":3.0},{"damage":1.0,"enemies":"2 Louse","floor":4.0,"turns":3.0},{"damage":20.0,"enemies":"3 Sentries","floor":6.0,"turns":8.0},{"damage":20.0,"enemies":"Lagavulin","floor":8.0,"turns":10.0},{"damage":1.0,"enemies":"Blue Slaver","floor":11.0,"turns":5.0},{"damage":8.0,"enemies":"Exordium Wildlife","floor":13.0,"turns":3.0},{"damage":16,"enemies":"The Guardian","floor":16,"turns":12},{"damage":42,"enemies":"2 Thieves","floor":18,"turns":4},{"damage":1,"enemies":"Spheric Guardian","floor":20,"turns":5},{"damage":11,"enemies":"Centurion and Healer","floor":24,"turns":5},{"damage":8,"enemies":"Snake Plant","floor":25,"turns":4},{"damage":15,"enemies":"Gremlin Leader","floor":27,"turns":6},{"damage":19,"enemies":"Shelled Parasite and Fungi","floor":28,"turns":3}],"seed_played":"2341186619348836111","potions_obtained":[{"floor":3.0,"key":"Fire Potion"},{"floor":6.0,"key":"Ancient Potion"},{"floor":13.0,"key":"PowerPotion"},{"floor":25,"key":"ColorlessPotion"},{"floor":27,"key":"SteroidPotion"}],"is_trial":false,"path_per_floor":["M","?","M","M","?","E","R","E","T","R","M","?","M","$","R","B",null,"M","$","M","?","?","R","M","M","T","E","M"],"character_chosen":"THE_SILENT","items_purchased":["TwistedFunnel","BlessingOfTheForge","EssenceOfSteel"],"campfire_rested":2,"item_purchase_floors":[14,14,19],"current_hp_per_floor":[53,53,46,45,40,20,54,34,34,34,33,33,25,25,25,9,47,5,5,4,4,4,37,26,18,18,13,0,0],"gold":156,"neow_bonus":"BOSS_RELIC","is_daily":false,"chose_seed":false,"campfire_upgraded":2,"win_rate":0.0,"timestamp":1610404959,"path_taken":["M","?","M","M","?","E","R","E","T","R","M","?","M","$","R","BOSS","M","$","M","?","?","R","M","M","T","E","?"],"items_purchased_type":["Relic","Potion","Potion"],"build_version":"2020-12-22","purchased_purges":0,"victory":false,"max_hp_per_floor":[66,66,66,66,66,66,66,66,66,66,66,60,60,60,60,60,60,60,60,60,60,60,60,60,60,60,70,70,70],"relic_stats":{"Peace Pipe":0,"Regal Pillow":30,"counters":[14,76],"Golden Idol":45,"Blue Candle":[0],"Pandora\u0027s Box":["Night Terror","Heel Hook","Catalyst","Noxious Fumes","Unload","Caltrops","Tactician","Flechettes","Cloak And Dagger","All Out Attack"],"obtain_stats":[{"Peace Pipe":8,"TwistedFunnel":14,"Regal Pillow":5,"Pear":27,"Golden Idol":12,"SacredBark":0,"Blue Candle":6,"Pandora\u0027s Box":17,"Paper Crane":9,"Ring of the Snake":0},{"Peace Pipe":5,"TwistedFunnel":7,"Regal Pillow":3,"Pear":13,"Golden Idol":6,"SacredBark":0,"Blue Candle":4,"Pandora\u0027s Box":8,"Paper Crane":5,"Ring of the Snake":0},{"Peace Pipe":29,"TwistedFunnel":37,"Regal Pillow":11,"Pear":73,"Golden Idol":34,"SacredBark":0,"Blue Candle":19,"Pandora\u0027s Box":49,"Paper Crane":29,"Ring of the Snake":0}]},"card_choices":[{"not_picked":["Deflect","Blur"],"picked":"Dagger Spray","floor":1.0},{"not_picked":["Finisher","Outmaneuver"],"picked":"Footwork","floor":3.0},{"not_picked":["Acrobatics","Footwork"],"picked":"Noxious Fumes","floor":4.0},{"not_picked":["PiercingWail","Deflect","Storm of Steel"],"picked":"SKIP","floor":6.0},{"not_picked":["PiercingWail","Deflect","Storm of Steel"],"picked":"SKIP","floor":6.0},{"not_picked":["Heel Hook","Leg Sweep"],"picked":"Phantasmal Killer","floor":8.0},{"not_picked":["PiercingWail","Deflect"],"picked":"Blade Dance","floor":11.0},{"not_picked":["Tactician","Blade Dance"],"picked":"Acrobatics","floor":13.0},{"not_picked":["Grand Finale","Glass Knife"],"picked":"Venomology","floor":16},{"not_picked":["Skewer","Finisher"],"picked":"PiercingWail","floor":18},{"not_picked":["Poisoned Stab","Tactician"],"picked":"Acrobatics+1","floor":20},{"not_picked":["Endless Agony","Footwork"],"picked":"Dodge and Roll","floor":24},{"not_picked":["Underhanded Strike","Predator","Blade Dance+1"],"picked":"SKIP","floor":25},{"not_picked":["Underhanded Strike","Unload"],"picked":"Adrenaline","floor":27}],"player_experience":381970,"relics_obtained":[{"floor":6.0,"key":"Blue Candle"},{"floor":8.0,"key":"Peace Pipe"},{"floor":9.0,"key":"Paper Crane"},{"floor":27,"key":"Pear"}],"event_choices":[{"damage_healed":0.0,"max_hp_gain":0.0,"max_hp_loss":0.0,"gold_gain":0.0,"event_name":"Living Wall","player_choice":"Grow","floor":2.0,"gold_loss":0.0,"damage_taken":0.0,"cards_upgraded":["Dagger Spray"]},{"damage_healed":0.0,"max_hp_gain":0.0,"max_hp_loss":0.0,"gold_gain":0.0,"event_name":"Scrap Ooze","player_choice":"Success","floor":5.0,"gold_loss":0.0,"damage_taken":5.0,"relics_obtained":["Regal Pillow"]},{"damage_healed":0.0,"max_hp_gain":0.0,"max_hp_loss":6.0,"gold_gain":0.0,"event_name":"Golden Idol","player_choice":"Lose Max HP","floor":12.0,"gold_loss":0.0,"damage_taken":0.0,"relics_obtained":["Golden Idol"]},{"cards_removed":["Unload"],"damage_healed":0,"gold_gain":0,"player_choice":"Elegance","damage_taken":0,"max_hp_gain":0,"max_hp_loss":0,"event_name":"Back to Basics","floor":21,"gold_loss":0},{"damage_healed":0,"gold_gain":0,"player_choice":"Paid Fearfully","damage_taken":0,"max_hp_gain":0,"max_hp_loss":0,"event_name":"Masked Bandits","floor":22,"gold_loss":47}],"is_beta":false,"boss_relics":[{"not_picked":["Fusion Hammer","Ectoplasm"],"picked":"Pandora\u0027s Box"}],"items_purged_floors":[],"is_endless":false,"potions_floor_spawned":[3,6,13,25,27],"killed_by":"Shelled Parasite and Fungi","ascension_level":20}}