{"host":"i09pxcjttd31eh4q","time":1610373481,"event":{"mods":["AchievementEnabler","BaseMod","Colored Map","Keyboard Shortcuts","Minty Spire (QoL Compilation)","StSLib","SuperFastMode"],"gold_per_floor":[118,43,43,55,84,130,156,168,205,231,320,342,381,393,405,496,508,535,574,586,598,623,635,677,689,701,732,285,335,372,35,35,108,108,128,350,350,360,250,250,282,282,282,315,315,340,360,389,389,389,389,389],"floor_reached":51,"playtime":2057,"items_purged":["Strike_G","Strike_G"],"score":1561,"play_id":"f5cdabd8-9e64-483f-9a5a-6e93944d8a76","local_time":"20210111225801","is_ascension_mode":true,"campfire_choices":[{"data":"Blade Dance","floor":8.0,"key":"SMITH"},{"floor":15.0,"key":"REST"},{"floor":23.0,"key":"REST"},{"data":"Footwork","floor":25.0,"key":"SMITH"},{"floor":32.0,"key":"REST"},{"data":"A Thousand Cuts","floor":40.0,"key":"SMITH"},{"floor":45.0,"key":"REST"},{"floor":49.0,"key":"RECALL"}],"circlet_count":0,"master_deck":["AscendersBane","Survivor","Neutralize+1","Blade Dance+1","Dagger Throw","Quick Slash","Accuracy","Leg Sweep","Blade Dance","Dagger Spray","Calculated Gamble+1","Footwork+1","Crippling Poison","Backflip","HandOfGreed","Predator","Riddle With Holes","Envenom","Dodge and Roll","Expertise","A Thousand Cuts+1","Finisher","Accuracy","Venomology","Backflip","Backflip","Cloak And Dagger+1","Riddle With Holes","Night Terror","Leg Sweep+1","PiercingWail+1"],"relics":["Ring of the Snake","NeowsBlessing","MawBank","Darkstone Periapt","Dream Catcher","Paper Crane","Happy Flower","Snecko Eye","Red Mask","Nilry\u0027s Codex","Du-Vu Doll","The Specimen","Medical Kit","Toy Ornithopter","Potion Belt","Pandora\u0027s Box","Strawberry","Anchor","Blood Vial","Art of War"],"acts_visited":["Exordium","TheCity","TheBeyond"],"potions_floor_usage":[51],"damage_taken":[{"damage":0.0,"enemies":"Small Slimes","floor":1.0,"turns":1.0},{"damage":0.0,"enemies":"Jaw Worm","floor":5.0,"turns":1.0},{"damage":0.0,"enemies":"Gremlin Nob","floor":6.0,"turns":1.0},{"damage":4.0,"enemies":"2 Louse","floor":7.0,"turns":2.0},{"damage":0.0,"enemies":"2 Fungi Beasts","floor":10.0,"turns":2.0},{"damage":0.0,"enemies":"Looter","floor":12.0,"turns":4.0},{"damage":4.0,"enemies":"3 Sentries","floor":13.0,"turns":4.0},{"damage":11.0,"enemies":"The Guardian","floor":16.0,"turns":16.0},{"damage":2.0,"enemies":"3 Byrds","floor":18.0,"turns":7.0},{"damage":0.0,"enemies":"Masked Bandits","floor":19.0,"turns":3.0},{"damage":2.0,"enemies":"Shell Parasite","floor":22.0,"turns":6.0},{"damage":9.0,"enemies":"Gremlin Leader","floor":24.0,"turns":6.0},{"damage":11.0,"enemies":"Chosen and Byrds","floor":27.0,"turns":5.0},{"damage":10.0,"enemies":"Cultist and Chosen","floor":29.0,"turns":5.0},{"damage":13.0,"enemies":"Centurion and Healer","floor":30.0,"turns":6.0},{"damage":32.0,"enemies":"Champ","floor":33.0,"turns":14.0},{"damage":13.0,"enemies":"3 Shapes","floor":35.0,"turns":4.0},{"damage":0.0,"enemies":"3 Darklings","floor":38.0,"turns":2.0},{"damage":14.0,"enemies":"Nemesis","floor":41.0,"turns":4.0},{"damage":0.0,"enemies":"Writhing Mass","floor":42.0,"turns":2.0},{"damage":32.0,"enemies":"Giant Head","floor":44.0,"turns":8.0},{"damage":16.0,"enemies":"Nemesis","floor":46.0,"turns":9.0},{"damage":6.0,"enemies":"4 Shapes","floor":47.0,"turns":3.0},{"damage":3.0,"enemies":"Reptomancer","floor":48.0,"turns":5.0},{"damage":31.0,"enemies":"Time Eater","floor":50.0,"turns":15.0},{"damage":15,"enemies":"Awakened One","floor":51,"turns":6}],"seed_played":"3518998191365193409","potions_obtained":[{"floor":6.0,"key":"Energy Potion"},{"floor":7.0,"key":"ColorlessPotion"},{"floor":12.0,"key":"LiquidMemories"},{"floor":13.0,"key":"Weak Potion"},{"floor":22.0,"key":"Ancient Potion"},{"floor":30.0,"key":"SmokeBomb"},{"floor":33.0,"key":"FairyPotion"},{"floor":35.0,"key":"SkillPotion"},{"floor":46.0,"key":"Energy Potion"}],"is_trial":false,"path_per_floor":["M","$","?","?","M","E","M","R","T","M","T","M","E","?","R","B",null,"M","?","?","?","M","R","E","R","T","M","$","M","M","$","R","B",null,"M","?","?","M","?","R","E","M","T","E","R","E","M","E","R","B","B"],"character_chosen":"THE_SILENT","items_purchased":["Medical Kit","HandOfGreed","Toy Ornithopter","Potion Belt"],"campfire_rested":4,"item_purchase_floors":[28,28,31,31],"current_hp_per_floor":[59,59,33,38,38,38,34,34,34,34,34,34,30,23,44,33,62,60,60,39,39,37,58,49,49,49,38,38,28,15,15,36,9,56,43,43,43,43,43,43,41,46,46,14,37,26,22,26,26,12,4,4],"gold":389,"neow_bonus":"THREE_ENEMY_KILL","is_daily":false,"chose_seed":false,"campfire_upgraded":3,"win_rate":0.0,"timestamp":1610373481,"path_taken":["M","$","?","?","M","E","M","R","T","M","?","?","E","?","R","BOSS","M","?","?","?","M","R","E","R","T","M","?","M","M","$","R","BOSS","M","?","?","?","?","R","E","M","T","E","R","E","M","E","R","BOSS","BOSS"],"items_purchased_type":["Relic","Card","Relic","Relic"],"build_version":"2020-12-22","purchased_purges":2,"victory":false,"max_hp_per_floor":[66,66,66,71,71,71,71,71,71,71,71,71,71,71,71,71,71,71,71,71,71,71,71,71,71,71,71,71,71,71,71,71,71,71,71,71,71,71,71,71,78,78,78,78,78,78,78,78,78,78,78,78],"card_choices":[{"not_picked":["Slice","Expertise"],"picked":"Blade Dance","floor":1.0},{"not_picked":["Bane","Burst"],"picked":"Dagger Throw","floor":5.0},{"not_picked":["Expertise","Endless Agony"],"picked":"Quick Slash","floor":6.0},{"not_picked":["Slice","Flechettes"],"picked":"Accuracy","floor":7.0},{"not_picked":["Dagger Throw","PiercingWail"],"picked":"Leg Sweep","floor":10.0},{"not_picked":["Dagger Throw","Outmaneuver","Choke"],"picked":"SKIP","floor":12.0},{"not_picked":["Dagger Throw","Outmaneuver","Choke"],"picked":"SKIP","floor":12.0},{"not_picked":["A Thousand Cuts","Predator","Distraction"],"picked":"SKIP","floor":13.0},{"not_picked":["Poisoned Stab","Flying Knee"],"picked":"Blade Dance","floor":15.0},{"not_picked":["Deadly Poison","Bane"],"picked":"Dagger Spray","floor":18.0},{"not_picked":["Setup","Outmaneuver"],"picked":"Calculated Gamble+1","floor":19.0},{"not_picked":["Quick Slash","Sucker Punch"],"picked":"Footwork","floor":22.0},{"not_picked":["Heel Hook+1","A Thousand Cuts"],"picked":"Crippling Poison","floor":24.0},{"not_picked":["Leg Sweep","Poisoned Stab+1"],"picked":"Backflip","floor":27.0},{"not_picked":["Deadly Poison","Quick Slash","Sucker Punch"],"picked":"SKIP","floor":29.0},{"not_picked":["Poisoned Stab+1","Bane"],"picked":"Predator","floor":30.0},{"not_picked":["Concentrate","Noxious Fumes"],"picked":"Riddle With Holes","floor":32.0},{"not_picked":["Night Terror","Adrenaline"],"picked":"Envenom","floor":33.0},{"not_picked":["Riddle With Holes","Bouncing Flask"],"picked":"Backflip","floor":35.0},{"not_picked":["All Out Attack+1","Tactician"],"picked":"Cloak And Dagger+1","floor":38.0},{"not_picked":["Bouncing Flask+1","Dodge and Roll"],"picked":"Riddle With Holes","floor":41.0},{"not_picked":["Bane","Catalyst"],"picked":"Night Terror","floor":44.0},{"not_picked":["Setup+1","Blade Dance"],"picked":"Leg Sweep+1","floor":45.0},{"not_picked":["Dagger Throw","Bouncing Flask","Finisher"],"picked":"SKIP","floor":46.0},{"not_picked":["Sucker Punch","Poisoned Stab","All Out Attack"],"picked":"SKIP","floor":47.0},{"not_picked":["Finisher","Infinite Blades"],"picked":"PiercingWail+1","floor":48.0}],"player_experience":850982,"relics_obtained":[{"floor":6.0,"key":"Darkstone Periapt"},{"floor":9.0,"key":"Dream Catcher"},{"floor":11.0,"key":"Paper Crane"},{"floor":13.0,"key":"Happy Flower"},{"floor":19.0,"key":"Red Mask"},{"floor":20.0,"key":"Nilry\u0027s Codex"},{"floor":24.0,"key":"Du-Vu Doll"},{"floor":26.0,"key":"The Specimen"},{"floor":41.0,"key":"Strawberry"},{"floor":44.0,"key":"Anchor"},{"floor":46.0,"key":"Blood Vial"},{"floor":48.0,"key":"Art of War"}],"event_choices":[{"damage_healed":0.0,"max_hp_gain":0.0,"max_hp_loss":0.0,"gold_gain":0.0,"event_name":"Scrap Ooze","player_choice":"Success","floor":3.0,"gold_loss":0.0,"damage_taken":26.0,"relics_obtained":["MawBank"]},{"damage_healed":0.0,"max_hp_gain":5.0,"max_hp_loss":0.0,"gold_gain":0.0,"event_name":"Big Fish","player_choice":"Donut","floor":4.0,"gold_loss":0.0,"damage_taken":0.0},{"cards_removed":["Strike_G"],"damage_healed":0.0,"max_hp_gain":0.0,"max_hp_loss":0.0,"gold_gain":0.0,"event_name":"Golden Wing","player_choice":"Card Removal","floor":14.0,"gold_loss":0.0,"damage_taken":7.0},{"damage_healed":0.0,"max_hp_gain":0.0,"max_hp_loss":0.0,"gold_gain":0.0,"event_name":"Masked Bandits","player_choice":"Fought Bandits","floor":19.0,"gold_loss":0.0,"damage_taken":0.0},{"damage_healed":0.0,"max_hp_gain":0.0,"max_hp_loss":0.0,"gold_gain":0.0,"event_name":"Cursed Tome","player_choice":"Obtained Book","floor":20.0,"gold_loss":0.0,"damage_taken":21.0},{"damage_healed":0.0,"max_hp_gain":0.0,"max_hp_loss":0.0,"gold_gain":0.0,"event_name":"The Mausoleum","player_choice":"Ignored","floor":21.0,"gold_loss":0.0,"damage_taken":0.0},{"damage_healed":0.0,"max_hp_gain":0.0,"max_hp_loss":0.0,"gold_gain":222.0,"event_name":"Tomb of Lord Red Mask","player_choice":"Wore Mask","floor":36.0,"gold_loss":0.0,"damage_taken":0.0},{"damage_healed":0.0,"max_hp_gain":0.0,"max_hp_loss":0.0,"gold_gain":0.0,"event_name":"Duplicator","player_choice":"Copied","floor":37.0,"gold_loss":0.0,"damage_taken":0.0,"cards_obtained":["Backflip"]},{"cards_removed":["Sucker Punch"],"damage_healed":0.0,"max_hp_gain":0.0,"max_hp_loss":0.0,"gold_gain":0.0,"event_name":"Designer","player_choice":"Upgrade and Remove","floor":39.0,"gold_loss":110.0,"damage_taken":0.0,"cards_upgraded":["Neutralize"]}],"is_beta":false,"boss_relics":[{"not_picked":["Runic Dome","Philosopher\u0027s Stone"],"picked":"Snecko Eye"},{"not_picked":["Velvet Choker","WristBlade"],"picked":"Pandora\u0027s Box"}],"items_purged_floors":[2,28],"is_endless":false,"potions_floor_spawned":[6,7,12,13,22,30,33,35,42,46,47],"killed_by":"Awakened One","ascension_level":20}}