{"host":"pbf6u3tyx46snqc7","time":1610366214,"event":{"mods":["AchievementEnabler","BaseMod","Colored Map","Minty Spire (QoL Compilation)","Rare Cards Sparkle","SuperFastMode"],"gold_per_floor":[364,15,15,15,0,0,11,39,93,107,107,125,125,140,140,214,214,224,224,274,28,55,388,388,388,388],"floor_reached":25,"playtime":1203,"items_purged":["Strike_B","Strike_B"],"score":434,"play_id":"e1c19074-fd2b-4f87-b303-6327ec8ffd08","local_time":"20210111205654","is_ascension_mode":true,"campfire_choices":[{"data":"Redo","floor":6,"key":"SMITH"},{"floor":11,"key":"REST"},{"data":"Fusion","floor":13,"key":"SMITH"},{"data":"Coolheaded","floor":15,"key":"SMITH"},{"floor":24,"key":"REST"}],"circlet_count":0,"master_deck":["AscendersBane","Strike_B+1","Strike_B","Defend_B","Defend_B","Defend_B+1","Defend_B","Zap","Dualcast","Self Repair","Coolheaded+1","Redo+1","Rebound","Glacier","Fusion+1","Compile Driver","Seek","Barrage","Ball Lightning","Seek","Ball Lightning+1"],"relics":["Cracked Core","Membership Card","Oddly Smooth Stone","Tiny Chest","Happy Flower","Inserter","MealTicket","DollysMirror","Old Coin"],"acts_visited":["Exordium","TheCity"],"potions_floor_usage":[18,23,23],"damage_taken":[{"damage":16,"enemies":"Small Slimes","floor":1,"turns":3},{"damage":5,"enemies":"2 Louse","floor":7,"turns":3},{"damage":20,"enemies":"3 Sentries","floor":8,"turns":13},{"damage":0,"enemies":"Jaw Worm","floor":10,"turns":5},{"damage":2,"enemies":"Red Slaver","floor":12,"turns":4},{"damage":0,"enemies":"Looter","floor":14,"turns":4},{"damage":37,"enemies":"The Guardian","floor":16,"turns":17},{"damage":12,"enemies":"3 Byrds","floor":18,"turns":7},{"damage":62,"enemies":"Slavers","floor":23,"turns":6},{"damage":27,"enemies":"Chosen","floor":25,"turns":3}],"seed_played":"-7389860816376217678","potions_obtained":[{"floor":10,"key":"Fire Potion"},{"floor":16,"key":"EssenceOfDarkness"},{"floor":18,"key":"Weak Potion"}],"is_trial":false,"path_per_floor":["M","$","?","?","$","R","M","E","T","M","R","M","R","M","R","B",null,"M","?","?","$","T","E","R","M"],"character_chosen":"DEFECT","items_purchased":["Membership Card","Oddly Smooth Stone","Coolheaded","Redo","Rebound","Ball Lightning","MealTicket","DollysMirror"],"campfire_rested":2,"item_purchase_floors":[2,2,2,2,5,21,21,21],"current_hp_per_floor":[48,48,53,32,32,32,34,21,21,28,48,53,53,60,60,30,59,54,68,68,68,68,6,26,0,0],"gold":388,"neow_bonus":"TWO_FIFTY_GOLD","is_daily":false,"chose_seed":false,"campfire_upgraded":3,"win_rate":0.0,"timestamp":1610366214,"path_taken":["M","$","?","?","?","R","M","E","T","?","R","M","R","M","R","BOSS","M","?","?","$","?","E","R","M"],"items_purchased_type":["Relic","Relic","Card","Card","Card","Card","Relic","Relic"],"build_version":"2020-12-22","purchased_purges":2,"victory":false,"max_hp_per_floor":[64,64,69,69,69,69,69,69,69,69,69,69,69,69,69,69,69,69,69,69,69,69,69,69,69,69],"card_choices":[{"not_picked":["Barrage","Turbo"],"picked":"Self Repair","floor":1},{"not_picked":["Gash","Auto Shields"],"picked":"Glacier","floor":7},{"not_picked":["Undo","Steam"],"picked":"Fusion","floor":8},{"not_picked":["Heatsinks","Redo"],"picked":"Compile Driver","floor":10},{"not_picked":["Reprogram","Leap","Go for the Eyes"],"picked":"SKIP","floor":12},{"not_picked":["Recycle","Leap","Compile Driver"],"picked":"SKIP","floor":14},{"not_picked":["Creative AI","All For One"],"picked":"Seek","floor":16},{"not_picked":["Streamline","Compile Driver"],"picked":"Barrage","floor":18},{"not_picked":["Genetic Algorithm","Rainbow"],"picked":"Ball Lightning+1","floor":23}],"player_experience":411592,"relics_obtained":[{"floor":8,"key":"Tiny Chest"},{"floor":9,"key":"Happy Flower"},{"floor":23,"key":"Old Coin"}],"event_choices":[{"damage_healed":0,"gold_gain":0,"player_choice":"Donut","damage_taken":0,"max_hp_gain":5,"max_hp_loss":0,"event_name":"Big Fish","floor":3,"gold_loss":0},{"damage_healed":0,"gold_gain":0,"player_choice":"Entered Light","damage_taken":21,"max_hp_gain":0,"max_hp_loss":0,"event_name":"Shining Light","floor":4,"gold_loss":0,"cards_upgraded":["Defend_B","Strike_B"]},{"damage_healed":14,"gold_gain":0,"player_choice":"Heal","damage_taken":0,"max_hp_gain":0,"max_hp_loss":0,"event_name":"The Library","floor":19,"gold_loss":0},{"damage_healed":0,"gold_gain":50,"player_choice":"Stole From Cult","damage_taken":0,"max_hp_gain":0,"max_hp_loss":0,"event_name":"Nest","floor":20,"gold_loss":0}],"is_beta":false,"boss_relics":[{"not_picked":["Empty Cage","Snecko Eye"],"picked":"Inserter"}],"items_purged_floors":[2,21],"is_endless":false,"potions_floor_spawned":[10,16,18],"killed_by":"Chosen","ascension_level":20}}