{"host":"sav7uxregyirlf69","time":1610329674,"event":{"mods":["AchievementEnabler","BaseMod","Colored Map","DeckTracker","Keyboard Shortcuts","Minty Spire (QoL Compilation)","READ ME - Guardian Mod","StSLib","SuperFastMode"],"gold_per_floor":[109,109,125,125,50,50,82,82,82,82,100,100,100,134,134,236,236,248,73,86,104,104,135,135,151,175,187,187],"floor_reached":27,"playtime":587,"items_purged":["Strike_P","Strike_P"],"score":359,"play_id":"148a2fa4-67f6-4f56-8cc7-aee7af58fedd","local_time":"20210111104754","is_ascension_mode":true,"campfire_choices":[{"data":"Eruption","floor":6.0,"key":"SMITH"},{"floor":10.0,"key":"REST"},{"data":"Prostrate","floor":12.0,"key":"SMITH"},{"data":"Meditate","floor":15.0,"key":"SMITH"}],"circlet_count":0,"master_deck":["AscendersBane","Strike_P+1","Strike_P","Defend_P","Defend_P","Defend_P","Eruption+1","Vigilance","Evaluate","FlurryOfBlows+1","Prostrate+1","Brilliance+1","Meditate+1","MasterReality","EmptyFist+1","Pray","InnerPeace"],"relics":["PureWater","Damaru","Turnip","Question Card","MealTicket","VioletLotus","MawBank"],"acts_visited":["Exordium","TheCity"],"potions_floor_usage":[27],"damage_taken":[{"damage":6.0,"enemies":"2 Louse","floor":1.0,"turns":2.0},{"damage":0.0,"enemies":"Jaw Worm","floor":3.0,"turns":3.0},{"damage":18.0,"enemies":"3 Sentries","floor":7.0,"turns":10.0},{"damage":0.0,"enemies":"Cultist","floor":11.0,"turns":2.0},{"damage":14.0,"enemies":"Lagavulin","floor":14.0,"turns":5.0},{"damage":7.0,"enemies":"Hexaghost","floor":16.0,"turns":5.0},{"damage":11.0,"enemies":"Shell Parasite","floor":18.0,"turns":3.0},{"damage":20.0,"enemies":"3 Byrds","floor":20.0,"turns":5.0},{"damage":0.0,"enemies":"Snecko","floor":21.0,"turns":2.0},{"damage":37.0,"enemies":"Slavers","floor":23.0,"turns":5.0},{"damage":25.0,"enemies":"Sentry and Sphere","floor":25.0,"turns":4.0},{"damage":17,"enemies":"Gremlin Leader","floor":27,"turns":2}],"seed_played":"3450584213270108875","potions_obtained":[{"floor":7.0,"key":"Strength Potion"},{"floor":11.0,"key":"PowerPotion"},{"floor":16.0,"key":"PowerPotion"},{"floor":25.0,"key":"SmokeBomb"}],"is_trial":false,"path_per_floor":["M","?","M","?","$","R","E","?","T","R","M","R","?","E","R","B",null,"M","$","M","M","?","E","?","M","T","E"],"character_chosen":"WATCHER","items_purchased":["Pray"],"campfire_rested":1,"item_purchase_floors":[19],"current_hp_per_floor":[66,59,59,43,43,43,25,18,18,41,41,41,41,27,27,20,64,53,68,48,48,48,11,37,12,12,0,0],"gold":187,"neow_bonus":"TEN_PERCENT_HP_BONUS","is_daily":false,"chose_seed":false,"campfire_upgraded":3,"win_rate":0.0,"timestamp":1610329674,"path_taken":["M","?","M","?","?","R","E","?","T","R","?","R","?","E","R","BOSS","M","$","M","M","?","E","?","M","T","E"],"items_purchased_type":["Card"],"build_version":"2020-12-22","purchased_purges":2,"victory":false,"max_hp_per_floor":[79,79,79,79,79,79,79,79,79,79,79,79,79,79,79,79,79,79,79,79,79,79,79,79,79,79,79,79],"card_choices":[{"not_picked":["FlyingSleeves","Protect"],"picked":"Evaluate","floor":1.0},{"not_picked":["Tantrum","Crescendo"],"picked":"FlurryOfBlows","floor":3.0},{"not_picked":["CarveReality","Evaluate"],"picked":"Prostrate","floor":7.0},{"not_picked":["CrushJoints","EmptyBody","PathToVictory"],"picked":"Brilliance","floor":11.0},{"not_picked":["FlurryOfBlows","Blasphemy","Crescendo"],"picked":"Meditate","floor":14.0},{"not_picked":["DevaForm","Ragnarok","ConjureBlade"],"picked":"MasterReality","floor":16.0},{"not_picked":["Protect","BowlingBash","CutThroughFate"],"picked":"EmptyFist+1","floor":18.0},{"not_picked":["Study","FlyingSleeves","EmptyFist","Pray"],"picked":"SKIP","floor":20.0},{"not_picked":["Pray","Wish","EmptyBody"],"picked":"InnerPeace","floor":21.0},{"not_picked":["BattleHymn","LessonLearned","CutThroughFate","JustLucky+1"],"picked":"SKIP","floor":23.0},{"not_picked":["Halt","FlurryOfBlows","EmptyBody+1","CrushJoints"],"picked":"SKIP","floor":25.0}],"player_experience":1235071,"relics_obtained":[{"floor":7.0,"key":"Turnip"},{"floor":9.0,"key":"Question Card"},{"floor":14.0,"key":"MealTicket"},{"floor":26.0,"key":"MawBank"}],"event_choices":[{"damage_healed":0.0,"max_hp_gain":0.0,"max_hp_loss":0.0,"gold_gain":0.0,"event_name":"Scrap Ooze","player_choice":"Success","floor":2.0,"gold_loss":0.0,"damage_taken":7.0,"relics_obtained":["Damaru"]},{"damage_healed":0.0,"max_hp_gain":0.0,"max_hp_loss":0.0,"gold_gain":0.0,"event_name":"Shining Light","player_choice":"Entered Light","floor":4.0,"gold_loss":0.0,"damage_taken":16.0,"cards_upgraded":["Strike_P","FlurryOfBlows"]},{"cards_removed":["Defend_P"],"damage_healed":0.0,"max_hp_gain":0.0,"max_hp_loss":0.0,"gold_gain":0.0,"event_name":"Golden Wing","player_choice":"Card Removal","floor":8.0,"gold_loss":0.0,"damage_taken":7.0},{"damage_healed":0.0,"max_hp_gain":0.0,"max_hp_loss":0.0,"gold_gain":0.0,"event_name":"Upgrade Shrine","player_choice":"Upgraded","floor":13.0,"gold_loss":0.0,"damage_taken":0.0,"cards_upgraded":["Brilliance"]},{"damage_healed":0.0,"max_hp_gain":0.0,"max_hp_loss":0.0,"gold_gain":0.0,"event_name":"Cursed Tome","player_choice":"Ignored","floor":22.0,"gold_loss":0.0,"damage_taken":0.0},{"damage_healed":26.0,"max_hp_gain":0.0,"max_hp_loss":0.0,"gold_gain":0.0,"event_name":"The Library","player_choice":"Heal","floor":24.0,"gold_loss":0.0,"damage_taken":0.0}],"is_beta":false,"boss_relics":[{"not_picked":["Calling Bell","Runic Dome"],"picked":"VioletLotus"}],"items_purged_floors":[5,19],"is_endless":false,"potions_floor_spawned":[7,11,16,25],"killed_by":"Gremlin Leader","ascension_level":10}}