{"host":"sav7uxregyirlf69","time":1610355532,"event":{"mods":["AchievementEnabler","BaseMod","Colored Map","DeckTracker","Keyboard Shortcuts","Minty Spire (QoL Compilation)","READ ME - Guardian Mod","StSLib","SuperFastMode"],"gold_per_floor":[118,133,133,58,68,68,83,83,83,96,108,141,154,154,154,228,228,247,247,55,71,71,71,96,96,151,151,181,193,193,208,208,280,280,297,322,322,341,71,71,99,99,99,99,131,131,141,151,151,151,151,151,1,36,36],"floor_reached":56,"playtime":1505,"items_purged":["Strike_R","Strike_R","Strike_R","Strike_R"],"score":2041,"play_id":"61c3349e-f87a-4385-b224-c0b1a22eb9c2","local_time":"20210111175852","is_ascension_mode":true,"campfire_choices":[{"data":"Uppercut","floor":6.0,"key":"SMITH"},{"data":"Carnage","floor":8.0,"key":"SMITH"},{"data":"Bash","floor":15.0,"key":"SMITH"},{"data":"Pommel Strike","floor":23.0,"key":"SMITH"},{"data":"Deep Breath","floor":25.0,"key":"SMITH"},{"floor":30.0,"key":"REST"},{"data":"Double Tap","floor":32.0,"key":"SMITH"},{"floor":40.0,"key":"RECALL"},{"floor":42.0,"key":"REST"},{"floor":49.0,"key":"REST"},{"floor":52.0,"key":"REST"}],"circlet_count":0,"master_deck":["AscendersBane","Defend_R","Defend_R","Defend_R","Bash+1","Dropkick","Uppercut+1","Ghostly Armor","Carnage+1","Double Tap+1","Shrug It Off","Deep Breath+1","Pommel Strike+1","Dropkick","Second Wind","Fiend Fire","Burning Pact","Dark Embrace+1","Purity","Deep Breath+1"],"relics":["Burning Blood","Sundial","Ornamental Fan","Runic Pyramid","Potion Belt","Juzu Bracelet","Bronze Scales","Fusion Hammer","Torii","TheAbacus","Bottled Lightning","Blue Candle","Bag of Marbles","Pantograph"],"acts_visited":["Exordium","TheCity","TheBeyond","TheEnding"],"potions_floor_usage":[55,55,55,55,55,55,55],"damage_taken":[{"damage":14.0,"enemies":"Jaw Worm","floor":1.0,"turns":3.0},{"damage":6.0,"enemies":"Cultist","floor":2.0,"turns":4.0},{"damage":7.0,"enemies":"Small Slimes","floor":5.0,"turns":4.0},{"damage":14.0,"enemies":"Exordium Thugs","floor":7.0,"turns":5.0},{"damage":0.0,"enemies":"2 Fungi Beasts","floor":10.0,"turns":3.0},{"damage":0.0,"enemies":"Large Slime","floor":11.0,"turns":3.0},{"damage":10.0,"enemies":"Lagavulin","floor":12.0,"turns":3.0},{"damage":0.0,"enemies":"Blue Slaver","floor":13.0,"turns":1.0},{"damage":29.0,"enemies":"The Guardian","floor":16.0,"turns":13.0},{"damage":12.0,"enemies":"Chosen","floor":18.0,"turns":3.0},{"damage":12.0,"enemies":"3 Byrds","floor":21.0,"turns":5.0},{"damage":24.0,"enemies":"Gremlin Leader","floor":24.0,"turns":5.0},{"damage":27.0,"enemies":"Slavers","floor":28.0,"turns":6.0},{"damage":8.0,"enemies":"3 Cultists","floor":29.0,"turns":5.0},{"damage":15.0,"enemies":"Sentry and Sphere","floor":31.0,"turns":5.0},{"damage":4.0,"enemies":"Automaton","floor":33.0,"turns":4.0},{"damage":0.0,"enemies":"Orb Walker","floor":35.0,"turns":2.0},{"damage":0.0,"enemies":"Mind Bloom Boss Battle","floor":36.0,"turns":3.0},{"damage":7.0,"enemies":"3 Shapes","floor":38.0,"turns":4.0},{"damage":57.0,"enemies":"Reptomancer","floor":41.0,"turns":4.0},{"damage":0.0,"enemies":"Nemesis","floor":45.0,"turns":3.0},{"damage":0.0,"enemies":"Jaw Worm Horde","floor":47.0,"turns":2.0},{"damage":0.0,"enemies":"Writhing Mass","floor":48.0,"turns":2.0},{"damage":9.0,"enemies":"Donu and Deca","floor":50.0,"turns":3.0},{"damage":64.0,"enemies":"Shield and Spear","floor":54.0,"turns":3.0},{"damage":3,"enemies":"The Heart","floor":55,"turns":5}],"seed_played":"-6289636596658772924","potions_obtained":[{"floor":1.0,"key":"FearPotion"},{"floor":2.0,"key":"Block Potion"},{"floor":16.0,"key":"SpeedPotion"},{"floor":29.0,"key":"SteroidPotion"},{"floor":33.0,"key":"ElixirPotion"},{"floor":45.0,"key":"AttackPotion"},{"floor":47.0,"key":"SneckoOil"},{"floor":54.0,"key":"EntropicBrew"}],"is_trial":false,"path_per_floor":["M","M","?","$","M","R","M","R","T","M","M","E","M","T","R","B",null,"M","?","$","M","$","R","E","R","T","?","E","M","R","M","R","B",null,"M","?","?","M","$","R","E","R","T","?","E","?","M","M","R","B",null,"R","$","E","B",null],"character_chosen":"IRONCLAD","items_purchased":["Deep Breath","TheAbacus"],"campfire_rested":4,"item_purchase_floors":[20,39],"current_hp_per_floor":[67,67,55,55,54,54,46,46,46,52,58,54,60,60,60,37,71,65,65,65,59,59,59,41,41,41,41,20,18,42,33,33,35,70,76,82,82,81,81,81,30,54,54,54,60,60,66,72,82,79,81,82,82,24,52],"gold":36,"neow_bonus":"TEN_PERCENT_HP_BONUS","is_daily":false,"chose_seed":false,"campfire_upgraded":6,"win_rate":0.0,"timestamp":1610355532,"path_taken":["M","M","?","$","?","R","M","R","T","M","M","E","M","?","R","BOSS","M","?","$","?","?","R","E","R","T","?","E","M","R","M","R","BOSS","M","?","?","M","?","R","E","R","T","?","E","?","M","M","R","BOSS","R","$","E","BOSS"],"items_purchased_type":["Card","Relic"],"build_version":"2020-12-22","purchased_purges":4,"victory":true,"max_hp_per_floor":[82,82,82,82,82,82,82,82,82,82,82,82,82,82,82,82,82,82,82,82,82,82,82,82,82,82,82,82,82,82,82,82,82,82,82,82,82,82,82,82,82,82,82,82,82,82,82,82,82,82,82,82,82,82,82],"card_choices":[{"not_picked":["Thunderclap","Sever Soul"],"picked":"Dropkick","floor":1.0},{"not_picked":["Body Slam","Wild Strike"],"picked":"Uppercut","floor":2.0},{"not_picked":["Heavy Blade","Ghostly Armor","Iron Wave"],"picked":"SKIP","floor":5.0},{"not_picked":["Heavy Blade","Iron Wave"],"picked":"Ghostly Armor","floor":5.0},{"not_picked":["Armaments","Shrug It Off"],"picked":"Carnage","floor":7.0},{"not_picked":["Shrug It Off","Flame Barrier"],"picked":"Double Tap","floor":10.0},{"not_picked":["Iron Wave","Wild Strike","Rupture"],"picked":"SKIP","floor":11.0},{"not_picked":["Armaments","Sword Boomerang","Clothesline"],"picked":"SKIP","floor":12.0},{"not_picked":["Twin Strike","Cleave","True Grit"],"picked":"SKIP","floor":13.0},{"not_picked":["Body Slam","Whirlwind"],"picked":"Shrug It Off","floor":18.0},{"not_picked":["Headbutt","Intimidate"],"picked":"Pommel Strike","floor":21.0},{"not_picked":["Shrug It Off","Body Slam"],"picked":"Dropkick","floor":24.0},{"not_picked":["Barricade","Anger","Rupture"],"picked":"SKIP","floor":28.0},{"not_picked":["Heavy Blade","Carnage+1"],"picked":"Second Wind","floor":29.0},{"not_picked":["Pommel Strike+1","Sword Boomerang","Metallicize"],"picked":"SKIP","floor":31.0},{"not_picked":["Demon Form","Brutality"],"picked":"Fiend Fire","floor":33.0},{"not_picked":["Warcry","Shrug It Off"],"picked":"Burning Pact","floor":35.0},{"not_picked":["Thunderclap","Flex"],"picked":"Dark Embrace+1","floor":36.0},{"not_picked":["Clothesline","Double Tap","Pommel Strike"],"picked":"SKIP","floor":38.0},{"not_picked":["Disarm","Battle Trance","Pummel"],"picked":"SKIP","floor":41.0},{"not_picked":["Enlightenment","Apotheosis"],"picked":"Purity","floor":44.0},{"not_picked":["Blood for Blood","Bloodletting+1","Battle Trance"],"picked":"SKIP","floor":45.0},{"not_picked":["Iron Wave","Perfected Strike","Havoc"],"picked":"SKIP","floor":47.0},{"not_picked":["Whirlwind","Wild Strike","Clothesline+1"],"picked":"SKIP","floor":48.0},{"not_picked":["Uppercut","Inflame+1","Infernal Blade+1"],"picked":"SKIP","floor":54.0}],"player_experience":1243870,"relics_obtained":[{"floor":9.0,"key":"Sundial"},{"floor":12.0,"key":"Ornamental Fan"},{"floor":24.0,"key":"Potion Belt"},{"floor":26.0,"key":"Juzu Bracelet"},{"floor":28.0,"key":"Bronze Scales"},{"floor":36.0,"key":"Torii"},{"floor":41.0,"key":"Bottled Lightning"},{"floor":43.0,"key":"Blue Candle"},{"floor":45.0,"key":"Bag of Marbles"},{"floor":54.0,"key":"Pantograph"}],"event_choices":[{"damage_healed":0.0,"max_hp_gain":0.0,"max_hp_loss":0.0,"gold_gain":0.0,"event_name":"Wheel of Change","player_choice":"Damaged","floor":3.0,"gold_loss":0.0,"damage_taken":12.0},{"cards_removed":["Strike_R"],"damage_healed":0.0,"max_hp_gain":0.0,"max_hp_loss":0.0,"gold_gain":0.0,"event_name":"Purifier","player_choice":"Purged","floor":19.0,"gold_loss":0.0,"damage_taken":0.0},{"damage_healed":0.0,"max_hp_gain":0.0,"max_hp_loss":0.0,"gold_gain":0.0,"event_name":"N\u0027loth","player_choice":"Ignored","floor":27.0,"gold_loss":0.0,"damage_taken":0.0},{"damage_healed":0.0,"max_hp_gain":0.0,"max_hp_loss":0.0,"gold_gain":0.0,"event_name":"MindBloom","player_choice":"Fight","floor":36.0,"gold_loss":0.0,"damage_taken":0.0},{"cards_removed":["Defend_R"],"damage_healed":0.0,"max_hp_gain":0.0,"max_hp_loss":0.0,"gold_gain":0.0,"event_name":"Falling","player_choice":"Removed Skill","floor":37.0,"gold_loss":0.0,"damage_taken":0.0},{"damage_healed":0.0,"max_hp_gain":0.0,"max_hp_loss":0.0,"gold_gain":0.0,"event_name":"SensoryStone","player_choice":"Memory 1","floor":44.0,"gold_loss":0.0,"damage_taken":0.0},{"damage_healed":0.0,"max_hp_gain":0.0,"max_hp_loss":0.0,"gold_gain":0.0,"event_name":"Duplicator","player_choice":"Copied","floor":46.0,"gold_loss":0.0,"damage_taken":0.0,"cards_obtained":["Deep Breath"]}],"is_beta":false,"boss_relics":[{"not_picked":["SlaversCollar","Mark of Pain"],"picked":"Runic Pyramid"},{"not_picked":["Cursed Key","Sozu"],"picked":"Fusion Hammer"}],"items_purged_floors":[4,20,39,53],"is_endless":false,"potions_floor_spawned":[1,2,10,16,21,29,33,45,47,54],"ascension_level":15}}