{"host":"u1dfzl6o6mfmauc3","time":1610405616,"event":{"mods":["2.2 Compatiblity","AchievementEnabler","BaseMod","Better Debug","Block Reminder","Challenge The Spire","Dark Map","Hermit","Minty Spire (QoL Compilation)","Relic Stats","Robot Space Explorer","StSLib","The Bug Knight","The Disciple"],"gold_per_floor":[113,113,123,123,39,39,68,68],"floor_reached":7,"playtime":247,"items_purged":[],"score":74,"play_id":"227b97a3-9eaf-479b-8f4d-34416f55956b","local_time":"20210111175336","is_ascension_mode":false,"campfire_choices":[{"data":"RobotSpaceExplorer:LaserBurst","floor":6,"key":"SMITH"}],"circlet_count":0,"master_deck":["RobotSpaceExplorer:Strike","RobotSpaceExplorer:Strike","RobotSpaceExplorer:Strike+1","RobotSpaceExplorer:Defend+1","RobotSpaceExplorer:Defend","RobotSpaceExplorer:Defend","RobotSpaceExplorer:Defend","RobotSpaceExplorer:Scan","RobotSpaceExplorer:MiniLasers","RobotSpaceExplorer:SurgingShield","RobotSpaceExplorer:LaserBurst+1","RobotSpaceExplorer:RigExplosive","RobotSpaceExplorer:Pulsar"],"relics":["RobotSpaceExplorer:RoboCore","NeowsBlessing","Pen Nib"],"acts_visited":["Exordium"],"potions_floor_usage":[],"damage_taken":[{"damage":0,"enemies":"Cultist","floor":1,"turns":1},{"damage":0,"enemies":"2 Louse","floor":3,"turns":1},{"damage":0,"enemies":"HollowMod:MossKnight","floor":7,"turns":1}],"seed_played":"-1012672421979484051","potions_obtained":[{"floor":3,"key":"LiquidBronze"}],"is_trial":false,"path_per_floor":["M","?","M","?","$","R","E"],"character_chosen":"RobotSpaceExplorer","items_purchased":["RobotSpaceExplorer:RigExplosive","RobotSpaceExplorer:Pulsar"],"campfire_rested":0,"item_purchase_floors":[5,5],"current_hp_per_floor":[75,60,60,53,53,53,53,53],"gold":68,"neow_bonus":"THREE_ENEMY_KILL","is_daily":false,"chose_seed":false,"campfire_upgraded":1,"win_rate":0.0,"timestamp":1610405616,"path_taken":["M","?","M","?","?","R","E"],"items_purchased_type":["Card","Card"],"build_version":"2020-12-22","purchased_purges":0,"victory":false,"max_hp_per_floor":[75,75,75,75,75,75,75,75],"relic_stats":{"counters":[3,3],"Pen Nib":[0],"obtain_stats":[{"NeowsBlessing":0,"RobotSpaceExplorer:RoboCore":0,"Pen Nib":7},{"NeowsBlessing":0,"RobotSpaceExplorer:RoboCore":0,"Pen Nib":3},{"NeowsBlessing":0,"RobotSpaceExplorer:RoboCore":0,"Pen Nib":3}]},"card_choices":[{"not_picked":["RobotSpaceExplorer:GlueShot","RobotSpaceExplorer:ScrapMissile"],"picked":"RobotSpaceExplorer:SurgingShield","floor":1},{"not_picked":["RobotSpaceExplorer:DoubleBlock","RobotSpaceExplorer:Arsenal"],"picked":"RobotSpaceExplorer:LaserBurst","floor":3}],"player_experience":59884,"relics_obtained":[{"floor":7,"key":"Pen Nib"}],"event_choices":[{"damage_healed":0,"gold_gain":0,"player_choice":"Entered Light","damage_taken":15,"max_hp_gain":0,"max_hp_loss":0,"event_name":"Shining Light","floor":2,"gold_loss":0,"cards_upgraded":["RobotSpaceExplorer:Defend","RobotSpaceExplorer:Strike"]},{"cards_removed":["RobotSpaceExplorer:Strike"],"damage_healed":0,"gold_gain":0,"player_choice":"Card Removal","damage_taken":7,"max_hp_gain":0,"max_hp_loss":0,"event_name":"Golden Wing","floor":4,"gold_loss":0}],"is_beta":false,"boss_relics":[],"items_purged_floors":[],"is_endless":false,"potions_floor_spawned":[3],"killed_by":"HollowMod:MossKnight","ascension_level":0}}