{"host":"uzcks4yhskks9i02","time":1610346326,"event":{"mods":["BaseMod","Minty Spire (QoL Compilation)","Quick Restart"],"gold_per_floor":[17,32,57,71,84,111,111,7,62,96,108,143,198,159,159,264,264,284,284,284,295,43,43,43],"floor_reached":23,"playtime":1010,"items_purged":[],"score":265,"play_id":"1ae4d76d-1c2b-4b6f-93ad-98b5f66b408f","local_time":"20210110232526","is_ascension_mode":true,"campfire_choices":[{"floor":7.0,"key":"REST"},{"floor":15.0,"key":"REST"}],"circlet_count":0,"master_deck":["Strike_B","Strike_B","Strike_B","Strike_B","Defend_B","Defend_B","Defend_B","Defend_B","Zap","Dualcast","Barrage","Chaos","Amplify","Steam","Streamline","Sweeping Beam","Glacier","Meteor Strike","Ball Lightning","Biased Cognition","Creative AI","Steam+1","Ghostly","Ghostly","Ghostly","Ghostly","Ghostly","Ball Lightning","Self Repair","Lockon"],"relics":["Cracked Core","Incense Burner","Toy Ornithopter","White Beast Statue","Ancient Tea Set","Centennial Puzzle","Bag of Preparation","Cursed Key","Sling"],"acts_visited":["Exordium","TheCity"],"potions_floor_usage":[],"damage_taken":[{"damage":1.0,"enemies":"Cultist","floor":1.0,"turns":3.0},{"damage":0.0,"enemies":"Small Slimes","floor":2.0,"turns":2.0},{"damage":1.0,"enemies":"Jaw Worm","floor":4.0,"turns":2.0},{"damage":19.0,"enemies":"3 Louse","floor":5.0,"turns":4.0},{"damage":30.0,"enemies":"3 Sentries","floor":6.0,"turns":8.0},{"damage":23.0,"enemies":"Lagavulin","floor":10.0,"turns":8.0},{"damage":6.0,"enemies":"Looter","floor":11.0,"turns":3.0},{"damage":14.0,"enemies":"3 Sentries","floor":12.0,"turns":7.0},{"damage":34.0,"enemies":"Hexaghost","floor":16.0,"turns":12.0},{"damage":31,"enemies":"Shell Parasite","floor":18,"turns":6},{"damage":3,"enemies":"2 Thieves","floor":21,"turns":5},{"damage":31,"enemies":"3 Cultists","floor":23,"turns":5}],"seed_played":"-2060921092018936601","potions_obtained":[{"floor":4.0,"key":"PowerPotion"},{"floor":5.0,"key":"Swift Potion"},{"floor":6.0,"key":"PotionOfCapacity"},{"floor":10.0,"key":"PotionOfCapacity"},{"floor":12.0,"key":"Fire Potion"},{"floor":16.0,"key":"Ancient Potion"},{"floor":18,"key":"Fire Potion"},{"floor":21,"key":"EssenceOfSteel"}],"is_trial":false,"path_per_floor":["M","M","T","M","M","E","R","$","T","E","M","E","?","?","R","B",null,"M","?","?","M","$","M"],"character_chosen":"DEFECT","items_purchased":["Sweeping Beam","Glacier","Self Repair","Lockon","Sling"],"campfire_rested":2,"item_purchase_floors":[8,8,22,22,22],"current_hp_per_floor":[74,74,74,73,54,29,51,51,51,28,22,13,13,13,35,11,75,44,30,30,27,27,0,0],"gold":43,"neow_bonus":"ONE_RARE_RELIC","is_daily":false,"chose_seed":false,"campfire_upgraded":0,"win_rate":0.0,"timestamp":1610346326,"path_taken":["M","M","?","M","?","E","R","?","T","E","M","E","?","?","R","BOSS","M","?","?","M","?","?"],"items_purchased_type":["Card","Card","Card","Card","Relic"],"build_version":"2020-12-22","purchased_purges":0,"victory":false,"max_hp_per_floor":[75,75,75,75,75,75,75,75,75,75,75,75,75,75,75,75,75,75,80,40,40,40,40,40],"card_choices":[{"not_picked":["Stack","Force Field"],"picked":"Barrage","floor":1.0},{"not_picked":["Cold Snap","Compile Driver"],"picked":"Chaos","floor":2.0},{"not_picked":["Streamline","Sweeping Beam"],"picked":"Amplify","floor":4.0},{"not_picked":["Coolheaded","Hologram"],"picked":"Steam","floor":5.0},{"not_picked":["Coolheaded","Steam"],"picked":"Streamline","floor":6.0},{"not_picked":["Doom and Gloom","Ball Lightning"],"picked":"Meteor Strike","floor":10.0},{"not_picked":["Cold Snap","Redo"],"picked":"Ball Lightning","floor":11.0},{"not_picked":["Consume","Turbo"],"picked":"Biased Cognition","floor":12.0},{"not_picked":["Biased Cognition","Amplify"],"picked":"Creative AI","floor":16.0},{"not_picked":["Barrage","Conserve Battery"],"picked":"Steam+1","floor":18},{"not_picked":["Sweeping Beam","Stack"],"picked":"Ball Lightning","floor":21}],"player_experience":495998,"relics_obtained":[{"floor":3.0,"key":"Toy Ornithopter"},{"floor":6.0,"key":"White Beast Statue"},{"floor":9.0,"key":"Ancient Tea Set"},{"floor":10.0,"key":"Centennial Puzzle"},{"floor":12.0,"key":"Bag of Preparation"}],"event_choices":[{"damage_healed":0.0,"max_hp_gain":0.0,"max_hp_loss":0.0,"gold_gain":55.0,"event_name":"Golden Wing","player_choice":"Gained Gold","floor":13.0,"gold_loss":0.0,"damage_taken":0.0},{"damage_healed":0.0,"max_hp_gain":0.0,"max_hp_loss":0.0,"gold_gain":0.0,"event_name":"World of Goop","player_choice":"Left Gold","floor":14.0,"gold_loss":39.0,"damage_taken":0.0},{"damage_healed":0,"gold_gain":0,"player_choice":"Shed Blood","damage_taken":19,"max_hp_gain":5,"max_hp_loss":0,"event_name":"Forgotten Altar","floor":19,"gold_loss":0},{"damage_healed":0,"gold_gain":0,"player_choice":"Became a Ghost","damage_taken":0,"max_hp_gain":0,"max_hp_loss":40,"event_name":"Ghosts","floor":20,"gold_loss":0,"cards_obtained":["Ghostly","Ghostly","Ghostly","Ghostly","Ghostly"]}],"is_beta":false,"boss_relics":[{"not_picked":["Sozu","Fusion Hammer"],"picked":"Cursed Key"}],"items_purged_floors":[],"is_endless":false,"potions_floor_spawned":[4,5,6,10,11,12,16,18,21],"killed_by":"3 Cultists","ascension_level":3}}