{"host":"dn025qx6yu0j7rqc","time":1610343816,"event":{"mods":["BaseMod","Colored Map","Minty Spire (QoL Compilation)","Relic Stats","StSLib"],"gold_per_floor":[114,129,25,40,40,68,68,97,122,138,171,183,183,208,208,287,287,302,321,338,283,295,295,295],"floor_reached":23,"playtime":1097,"items_purged":["Strike_R"],"score":546,"play_id":"0055092d-1c79-484b-ba26-66c03cff1835","local_time":"20210110214336","is_ascension_mode":true,"campfire_choices":[{"data":"Pommel Strike","floor":7.0,"key":"SMITH"},{"data":"Uppercut","floor":15.0,"key":"SMITH"}],"circlet_count":0,"master_deck":["AscendersBane","Strike_R","Strike_R","Strike_R","Defend_R","Defend_R","Defend_R","Defend_R","Bash","Pommel Strike+1","Cleave","Shrug It Off","Barricade","Flame Barrier","Uppercut+1","Headbutt","Corruption","Demon Form","Iron Wave+1"],"relics":["Coffee Dripper","Lantern","Ancient Tea Set","Strawberry","Mercury Hourglass","Bronze Scales","Sozu","Omamori"],"acts_visited":["Exordium","TheCity"],"potions_floor_usage":[22],"damage_taken":[{"damage":0.0,"enemies":"2 Louse","floor":1.0,"turns":3.0},{"damage":1.0,"enemies":"Cultist","floor":2.0,"turns":3.0},{"damage":0.0,"enemies":"Jaw Worm","floor":4.0,"turns":3.0},{"damage":8.0,"enemies":"Gremlin Nob","floor":6.0,"turns":3.0},{"damage":20.0,"enemies":"3 Sentries","floor":8.0,"turns":8.0},{"damage":0.0,"enemies":"Gremlin Gang","floor":10.0,"turns":3.0},{"damage":0.0,"enemies":"Lagavulin","floor":11.0,"turns":7.0},{"damage":1.0,"enemies":"Large Slime","floor":12.0,"turns":5.0},{"damage":0.0,"enemies":"Gremlin Nob","floor":14.0,"turns":2.0},{"damage":6.0,"enemies":"Slime Boss","floor":16.0,"turns":7.0},{"damage":13.0,"enemies":"Shell Parasite","floor":18.0,"turns":6.0},{"damage":17,"enemies":"2 Thieves","floor":19,"turns":3},{"damage":30,"enemies":"Shelled Parasite and Fungi","floor":20,"turns":4},{"damage":0,"enemies":"Snake Plant","floor":22,"turns":3},{"damage":7,"enemies":"Gremlin Leader","floor":23,"turns":1}],"seed_played":"6935061729628463049","potions_obtained":[{"floor":4.0,"key":"Fire Potion"},{"floor":8.0,"key":"SpeedPotion"},{"floor":11.0,"key":"EssenceOfSteel"},{"floor":12.0,"key":"PowerPotion"},{"floor":16.0,"key":"FearPotion"}],"is_trial":false,"path_per_floor":["M","M","$","M","?","E","R","E","T","M","E","M","?","E","R","B",null,"M","M","M","?","M","E"],"character_chosen":"IRONCLAD","items_purchased":["Shrug It Off"],"campfire_rested":0,"item_purchase_floors":[3],"current_hp_per_floor":[68,67,67,67,56,48,48,28,35,35,35,34,27,27,27,21,67,54,37,7,7,7,0,0],"gold":295,"neow_bonus":"BOSS_RELIC","is_daily":false,"chose_seed":false,"campfire_upgraded":2,"win_rate":0.0,"timestamp":1610343816,"path_taken":["M","M","$","M","?","E","R","E","T","M","E","?","?","E","R","BOSS","M","M","M","?","M","E"],"items_purchased_type":["Card"],"build_version":"2020-12-22","purchased_purges":1,"victory":false,"max_hp_per_floor":[75,75,75,75,75,75,75,75,82,82,82,82,82,82,82,82,82,82,82,82,82,82,82,82],"relic_stats":{"Sozu":1,"counters":[15,61],"Bronze Scales":[72],"obtain_stats":[{"Sozu":17,"Lantern":6,"Strawberry":9,"Bronze Scales":14,"Coffee Dripper":0,"Omamori":21,"Ancient Tea Set":8,"Burning Blood":0,"Mercury Hourglass":11},{"Sozu":10,"Lantern":4,"Strawberry":5,"Bronze Scales":9,"Coffee Dripper":0,"Omamori":13,"Ancient Tea Set":5,"Burning Blood":0,"Mercury Hourglass":7},{"Sozu":44,"Lantern":12,"Strawberry":20,"Bronze Scales":37,"Coffee Dripper":0,"Omamori":57,"Ancient Tea Set":20,"Burning Blood":0,"Mercury Hourglass":30}],"Mercury Hourglass":[96]},"card_choices":[{"not_picked":["Flex","Dark Embrace"],"picked":"Pommel Strike","floor":1.0},{"not_picked":["Warcry","Pummel"],"picked":"Cleave","floor":2.0},{"not_picked":["Wild Strike","Clash","Combust"],"picked":"SKIP","floor":4.0},{"not_picked":["Anger","Perfected Strike"],"picked":"Barricade","floor":6.0},{"not_picked":["Thunderclap","Whirlwind"],"picked":"Flame Barrier","floor":8.0},{"not_picked":["Wild Strike","Twin Strike","Warcry"],"picked":"SKIP","floor":10.0},{"not_picked":["Thunderclap","Carnage"],"picked":"Uppercut","floor":11.0},{"not_picked":["Evolve","Power Through"],"picked":"Headbutt","floor":12.0},{"not_picked":["Flex","Sword Boomerang"],"picked":"Corruption","floor":14.0},{"not_picked":["Berserk","Corruption"],"picked":"Demon Form","floor":16.0},{"not_picked":["Havoc","Flex","Infernal Blade"],"picked":"SKIP","floor":18.0},{"not_picked":["Bloodletting+1","Clothesline","Inflame"],"picked":"SKIP","floor":19},{"not_picked":["Power Through","Sword Boomerang"],"picked":"Iron Wave+1","floor":20},{"not_picked":["Infernal Blade","Clash","Rupture"],"picked":"SKIP","floor":22}],"player_experience":1059463,"relics_obtained":[{"floor":6.0,"key":"Lantern"},{"floor":8.0,"key":"Ancient Tea Set"},{"floor":9.0,"key":"Strawberry"},{"floor":11.0,"key":"Mercury Hourglass"},{"floor":14.0,"key":"Bronze Scales"}],"event_choices":[{"damage_healed":0.0,"max_hp_gain":0.0,"max_hp_loss":0.0,"gold_gain":0.0,"event_name":"Wheel of Change","player_choice":"Damaged","floor":5.0,"gold_loss":0.0,"damage_taken":11.0},{"cards_removed":["Strike_R"],"damage_healed":0.0,"max_hp_gain":0.0,"max_hp_loss":0.0,"gold_gain":0.0,"event_name":"Golden Wing","player_choice":"Card Removal","floor":13.0,"gold_loss":0.0,"damage_taken":7.0},{"damage_healed":0,"gold_gain":0,"player_choice":"Paid Gold","damage_taken":0,"relics_obtained":["Omamori"],"max_hp_gain":0,"max_hp_loss":0,"event_name":"WeMeetAgain","floor":21,"gold_loss":55}],"is_beta":false,"boss_relics":[{"not_picked":["Runic Dome","Fusion Hammer"],"picked":"Sozu"}],"items_purged_floors":[3],"is_endless":false,"potions_floor_spawned":[4,8,11,12,16,22],"killed_by":"Gremlin Leader","ascension_level":20}}