{"host":"4qkvkh7pd9qr2mca","time":1610392446,"event":{"mods":["AchievementEnabler","BaseMod","Colored Map","Colored Powertips","Highlight Path","Minty Spire (QoL Compilation)","Permanent Neow","Quick Restart","StSLib","SuperFastMode"],"gold_per_floor":[112,12,12,28,48,48,74,74,101,115,128,51,108,134,134,134,134],"floor_reached":16,"playtime":626,"items_purged":["Shame"],"score":220,"play_id":"49bc95c2-4941-4dfc-90dd-fb12d8bcce61","local_time":"20210111201406","is_ascension_mode":true,"campfire_choices":[{"data":"Blade Dance","floor":6,"key":"SMITH"},{"floor":15,"key":"REST"}],"circlet_count":0,"master_deck":["AscendersBane","Strike_G","Strike_G","Strike_G","Strike_G","Defend_G","Defend_G","Defend_G","Defend_G","Survivor","Neutralize","Unload+1","Die Die Die+1","PiercingWail","Blade Dance+1","Leg Sweep","Blade Dance","Envenom","Acrobatics","Well Laid Plans","Dodge and Roll","Choke"],"relics":["Ring of the Snake","Strawberry","Bottled Flame","Boot","Centennial Puzzle","Whetstone"],"acts_visited":["Exordium"],"potions_floor_usage":[7,13,14],"damage_taken":[{"damage":2,"enemies":"2 Louse","floor":1,"turns":2},{"damage":1,"enemies":"Jaw Worm","floor":4,"turns":3},{"damage":0,"enemies":"Cultist","floor":5,"turns":4},{"damage":11,"enemies":"Lagavulin","floor":7,"turns":5},{"damage":0,"enemies":"3 Louse","floor":10,"turns":1},{"damage":1,"enemies":"Exordium Wildlife","floor":11,"turns":2},{"damage":26,"enemies":"Lagavulin Event","floor":13,"turns":4},{"damage":8,"enemies":"3 Sentries","floor":14,"turns":5},{"damage":27,"enemies":"Hexaghost","floor":16,"turns":13}],"seed_played":"2703394675965646529","potions_obtained":[{"floor":4,"key":"Swift Potion"},{"floor":5,"key":"Poison Potion"},{"floor":11,"key":"Explosive Potion"}],"is_trial":false,"path_per_floor":["M","$","?","M","M","R","E","?","T","M","M","$","?","E","R","B"],"character_chosen":"THE_SILENT","items_purchased":["Blade Dance","Well Laid Plans"],"campfire_rested":1,"item_purchase_floors":[2,12],"current_hp_per_floor":[57,57,53,52,52,52,41,41,41,41,40,40,14,6,27,0,0],"gold":134,"neow_bonus":"TRANSFORM_TWO_CARDS","is_daily":false,"chose_seed":false,"campfire_upgraded":1,"win_rate":0.0,"timestamp":1610392446,"path_taken":["M","$","?","M","M","R","E","?","T","M","?","?","?","E","R","BOSS"],"items_purchased_type":["Card","Card"],"build_version":"2020-12-22","purchased_purges":1,"victory":false,"max_hp_per_floor":[66,66,73,73,73,73,73,73,73,73,73,73,73,73,73,73,73],"card_choices":[{"not_picked":["Backstab","Deflect"],"picked":"PiercingWail","floor":1},{"not_picked":["Slice","Dagger Spray"],"picked":"Leg Sweep","floor":4},{"not_picked":["Dagger Spray","Concentrate"],"picked":"Blade Dance","floor":5},{"not_picked":["Deflect","Outmaneuver"],"picked":"Envenom","floor":7},{"not_picked":["Slice","Cloak And Dagger"],"picked":"Acrobatics","floor":10},{"not_picked":["Quick Slash","Flying Knee","Deadly Poison"],"picked":"SKIP","floor":11},{"not_picked":["Deadly Poison","Predator"],"picked":"Dodge and Roll","floor":13},{"not_picked":["Masterful Stab","Skewer"],"picked":"Choke","floor":14}],"player_experience":538273,"relics_obtained":[{"floor":7,"key":"Bottled Flame"},{"floor":9,"key":"Boot"},{"floor":13,"key":"Centennial Puzzle"},{"floor":14,"key":"Whetstone"}],"event_choices":[{"damage_healed":0,"gold_gain":0,"player_choice":"Success","damage_taken":11,"relics_obtained":["Strawberry"],"max_hp_gain":0,"max_hp_loss":0,"event_name":"Scrap Ooze","floor":3,"gold_loss":0},{"damage_healed":0,"gold_gain":0,"player_choice":"Ignored","damage_taken":0,"max_hp_gain":0,"max_hp_loss":0,"event_name":"Liars Game","floor":8,"gold_loss":0},{"damage_healed":0,"gold_gain":0,"player_choice":"Searched \u00272\u0027 times","damage_taken":0,"max_hp_gain":0,"max_hp_loss":0,"event_name":"Dead Adventurer","floor":13,"gold_loss":0}],"is_beta":false,"boss_relics":[],"items_purged_floors":[2],"is_endless":false,"potions_floor_spawned":[4,5,11],"killed_by":"Hexaghost","ascension_level":20}}