{"host":"m113y2j4kbc0e5kb","time":1610325755,"event":{"mods":["BaseMod","Colored Powertips","Lobotomy","LobotomyExtend","Minty Spire (QoL Compilation)","StSLib"],"gold_per_floor":[117,132,143,161,161,161,161,174,199,199,234,245,245,97,97,97,97],"floor_reached":16,"playtime":883,"items_purged":[],"score":127,"play_id":"94b76768-b6ce-45f3-8628-f2558a83312e","local_time":"20210111094235","is_ascension_mode":false,"campfire_choices":[],"circlet_count":0,"master_deck":["SpecialBullet","SpecialBullet","SpecialBullet","SpecialBullet","SpecialBullet","SpecialBullet","SpecialBullet","SpecialBullet","InformationCode","SecurityCode","CentralCode","VoidDream","Laetitia_ego","BloodyDesire","UniverseFragment","MeatLantern","GrinderMk4","Mimicry","WristCuter","Beak","OSAHOGD","ControlCode"],"relics":["CogitoBucket","Unceasing Top","LetterFromLob","Toy Ornithopter","Lantern","HellTrain","Gaze_r","ShedSkin_r","Lee\u0027s Waffle"],"acts_visited":["Exordium"],"potions_floor_usage":[8,12,12],"damage_taken":[{"damage":0,"enemies":"Cultist","floor":1,"turns":2},{"damage":9,"enemies":"Small Slimes","floor":2,"turns":3},{"damage":0,"enemies":"Jaw Worm","floor":3,"turns":2},{"damage":5,"enemies":"Looter","floor":4,"turns":3},{"damage":0,"enemies":"3 Louse","floor":8,"turns":2},{"damage":0,"enemies":"Gremlin Nob","floor":11,"turns":4},{"damage":7,"enemies":"Red Slaver","floor":12,"turns":7},{"damage":6,"enemies":"Large Slime","floor":13,"turns":4},{"damage":8,"enemies":"Slime Boss","floor":16,"turns":6}],"seed_played":"-838920237857395083","potions_obtained":[{"floor":3,"key":"SteroidPotion"},{"floor":4,"key":"SteroidPotion"},{"floor":12,"key":"Fruit Juice"}],"is_trial":false,"path_per_floor":["M","M","M","M","$","R","?","M","T","R","E","M","M","$","R","B"],"character_chosen":"Angela","items_purchased":["Lee\u0027s Waffle"],"campfire_rested":0,"item_purchase_floors":[14],"current_hp_per_floor":[63,62,63,63,63,63,63,63,63,63,63,72,1,8,8,0,0],"gold":97,"neow_bonus":"ONE_RARE_RELIC","is_daily":false,"chose_seed":false,"campfire_upgraded":0,"win_rate":0.0,"timestamp":1610325755,"path_taken":["M","M","M","?","?","R","?","M","T","R","E","M","M","$","R","BOSS"],"items_purchased_type":["Relic"],"build_version":"2020-12-22","purchased_purges":0,"victory":false,"max_hp_per_floor":[63,63,63,63,63,63,63,63,63,63,63,72,1,8,8,8,8],"card_choices":[{"not_picked":["GreedKing","Bloodbath"],"picked":"VoidDream","floor":1},{"not_picked":["Galaxy"],"picked":"Laetitia_ego","floor":1},{"not_picked":["SomewhereSpear"],"picked":"BloodyDesire","floor":2},{"not_picked":["OSAHOGD","DespairKnight"],"picked":"UniverseFragment","floor":2},{"not_picked":["ShyLook","QueenOfHatred"],"picked":"MeatLantern","floor":3},{"not_picked":["Gaze"],"picked":"GrinderMk4","floor":3},{"not_picked":["Harvest"],"picked":"Mimicry","floor":4},{"not_picked":["CUTE","Noise"],"picked":"SKIP","floor":8},{"not_picked":["TodaysExpression"],"picked":"WristCuter","floor":11},{"not_picked":["Galaxy"],"picked":"Beak","floor":12},{"not_picked":["BigBird","Yin"],"picked":"OSAHOGD","floor":12}],"player_experience":1124166,"relics_obtained":[{"floor":1,"key":"LetterFromLob"},{"floor":9,"key":"Toy Ornithopter"},{"floor":11,"key":"Lantern"}],"event_choices":[],"is_beta":false,"boss_relics":[],"items_purged_floors":[],"is_endless":false,"potions_floor_spawned":[3,4,12,13],"killed_by":"Slime Boss","ascension_level":0}}