{"host":"n3pcl7mteoua0i12","time":1610349054,"event":{"mods":["BaseMod","Bestiary","Curses Come First","Googly Eyes","Minty Spire (QoL Compilation)","Relic Stats","StSLib","The Saiyan"],"gold_per_floor":[93,93,113,113,63,95,95,110,110,86,113,113,127,159,159,264,264,278,278,86,103,202,202,214,240,240,90,90,90,40,75,75,177,177,187,207,64,76,76,76,76,76],"floor_reached":41,"playtime":2632,"items_purged":["Saiyan:SAIYA_Defend"],"score":545,"play_id":"d9aeb371-15d2-494e-985a-5525930578ff","local_time":"20210110231054","is_ascension_mode":false,"campfire_choices":[{"data":"Saiyan:EnergyBlast","floor":7,"key":"SMITH"},{"floor":15,"key":"REST"},{"data":"Saiyan:MindBoom","floor":23,"key":"SMITH"},{"data":"Saiyan:SoulSpice","floor":29,"key":"SMITH"},{"data":"Saiyan:DragonRadar","floor":32,"key":"SMITH"},{"data":"Saiyan:AugmentedBlast","floor":40,"key":"SMITH"}],"circlet_count":0,"master_deck":["Saiyan:SAIYA_Defend","Saiyan:SAIYA_Defend","Saiyan:EnergyBlast+1","Saiyan:KaioKen+1","Saiyan:RuthlessBlow","Saiyan:ExpandingShockwave","Saiyan:Scouter","Saiyan:BackAttack","Saiyan:AugmentedBlast+1","Saiyan:DoubleMasenko","Saiyan:FingerParry","Saiyan:Quickening","Saiyan:MindBoom+1","Saiyan:KiExplosion+1","Saiyan:FingerParry+1","Saiyan:PlotArmor+1","Saiyan:DragonRadar+1","Saiyan:MeteorDash","Saiyan:Planning","Saiyan:DragonFist","Saiyan:KiStrike","Saiyan:DragonFist+1","Saiyan:Afterimage+1","Saiyan:Medicine","Saiyan:SoulSpice+1","Saiyan:RemoveWeights","Saiyan:TransfigurationBeam","Saiyan:FinalFlash+1","Saiyan:ConcussiveBlow","Saiyan:AugmentedBlast+1"],"relics":["SaiyanSoul","SaiyanHeart","NeowsBlessing","Bird Faced Urn","Vajra","Shuriken","MealTicket","Ancient Tea Set","Astrolabe","Gambling Chip","Mummified Hand","MutagenicStrength","Calipers","Ornamental Fan","Runic Pyramid"],"acts_visited":["Exordium","TheCity","TheBeyond"],"potions_floor_usage":[25,36,41],"damage_taken":[{"damage":0,"enemies":"Jaw Worm","floor":1,"turns":6},{"damage":1,"enemies":"2 Louse","floor":3,"turns":6},{"damage":0,"enemies":"Gremlin Nob","floor":6,"turns":3},{"damage":0,"enemies":"Small Slimes","floor":8,"turns":6},{"damage":0,"enemies":"3 Sentries","floor":11,"turns":4},{"damage":13,"enemies":"Blue Slaver","floor":13,"turns":4},{"damage":36,"enemies":"Gremlin Nob","floor":14,"turns":5},{"damage":15,"enemies":"Slime Boss","floor":16,"turns":8},{"damage":3,"enemies":"Shell Parasite","floor":18,"turns":7},{"damage":5,"enemies":"2 Thieves","floor":21,"turns":4},{"damage":16,"enemies":"Centurion and Healer","floor":24,"turns":11},{"damage":31,"enemies":"Slavers","floor":25,"turns":6},{"damage":1,"enemies":"Gremlin Leader","floor":31,"turns":6},{"damage":46,"enemies":"Champ","floor":33,"turns":12},{"damage":12,"enemies":"Orb Walker","floor":35,"turns":4},{"damage":7,"enemies":"3 Shapes","floor":36,"turns":4},{"damage":69,"enemies":"3 Darklings","floor":38,"turns":7},{"damage":51,"enemies":"Giant Head","floor":41,"turns":6}],"seed_played":"-7090820757430559685","potions_obtained":[{"floor":8,"key":"Explosive Potion"},{"floor":14,"key":"Fire Potion"},{"floor":16,"key":"Dexterity Potion"},{"floor":18,"key":"PowerPotion"},{"floor":36,"key":"LiquidMemories"}],"is_trial":false,"path_per_floor":["M","?","M","?","?","E","R","M","T","$","E","?","M","E","R","B",null,"M","?","$","M","?","R","M","E","T","$","?","R","?","E","R","B",null,"M","M","$","M","$","R","E"],"character_chosen":"SAIYAJIN","items_purchased":["Saiyan:DoubleMasenko","Saiyan:MeteorDash","Saiyan:Planning","Saiyan:DragonFist","Saiyan:Medicine","Saiyan:SoulSpice","Saiyan:ConcussiveBlow","Saiyan:AugmentedBlast"],"campfire_rested":1,"item_purchase_floors":[10,20,20,20,27,27,37,37],"current_hp_per_floor":[60,53,53,53,53,55,55,56,56,56,57,57,46,12,32,19,71,70,70,73,71,71,71,60,35,35,50,50,50,50,58,58,19,83,74,74,87,21,36,36,0,0],"gold":76,"neow_bonus":"THREE_ENEMY_KILL","is_daily":false,"chose_seed":false,"campfire_upgraded":5,"win_rate":0.0,"timestamp":1610349054,"path_taken":["M","?","M","?","?","E","R","M","T","$","E","?","?","E","R","BOSS","M","?","$","M","?","R","M","E","T","$","?","R","?","E","R","BOSS","M","M","$","M","$","R","E"],"items_purchased_type":["Card","Card","Card","Card","Card","Card","Card","Card"],"build_version":"2020-12-22","purchased_purges":1,"victory":false,"max_hp_per_floor":[60,60,61,61,61,63,63,64,64,64,65,65,67,69,69,71,71,73,73,73,76,76,76,79,81,81,81,81,81,81,83,83,83,83,85,87,87,89,89,89,92,92],"relic_stats":{"counters":[18,109],"Shuriken":[17],"Mummified Hand":[11],"Ornamental Fan":[20],"Bird Faced Urn":[20],"Astrolabe":["Saiyan:KiExplosion","Saiyan:FingerParry","Saiyan:PlotArmor"],"Gambling Chip":[7],"MealTicket":46,"obtain_stats":[{"Calipers":30,"NeowsBlessing":0,"Astrolabe":17,"Vajra":6,"SaiyanHeart":0,"Ancient Tea Set":14,"Shuriken":9,"Mummified Hand":26,"Ornamental Fan":31,"Bird Faced Urn":2,"Gambling Chip":25,"MutagenicStrength":28,"SaiyanSoul":0,"MealTicket":11,"Runic Pyramid":34},{"Calipers":12,"NeowsBlessing":0,"Astrolabe":8,"Vajra":3,"SaiyanHeart":0,"Ancient Tea Set":7,"Shuriken":4,"Mummified Hand":12,"Ornamental Fan":13,"Bird Faced Urn":1,"Gambling Chip":12,"MutagenicStrength":12,"SaiyanSoul":0,"MealTicket":5,"Runic Pyramid":14},{"Calipers":70,"NeowsBlessing":0,"Astrolabe":42,"Vajra":15,"SaiyanHeart":0,"Ancient Tea Set":34,"Shuriken":21,"Mummified Hand":70,"Ornamental Fan":76,"Bird Faced Urn":6,"Gambling Chip":70,"MutagenicStrength":70,"SaiyanSoul":0,"MealTicket":25,"Runic Pyramid":88}]},"card_choices":[{"not_picked":["Saiyan:TurtleShell","Saiyan:KiExplosion"],"picked":"Saiyan:ExpandingShockwave","floor":1},{"not_picked":["Saiyan:PowerUp","Saiyan:PlotArmor"],"picked":"Saiyan:Scouter","floor":3},{"not_picked":["Saiyan:AugmentedBlast","Saiyan:Endure"],"picked":"Saiyan:BackAttack","floor":6},{"not_picked":["Saiyan:Medicine","Saiyan:PowerUp"],"picked":"Saiyan:AugmentedBlast","floor":8},{"not_picked":["Saiyan:RemoveWeights","Saiyan:Scouter","Saiyan:KiExplosion"],"picked":"SKIP","floor":11},{"not_picked":["Saiyan:PowerStance","Saiyan:TurtleShell"],"picked":"Saiyan:FingerParry","floor":13},{"not_picked":["Saiyan:RemoveWeights","Saiyan:DoubleMasenko"],"picked":"Saiyan:Quickening","floor":14},{"not_picked":["Saiyan:SolarFlare","Saiyan:GhostAttack"],"picked":"Saiyan:MindBoom","floor":16},{"not_picked":["Saiyan:Twize+1","Saiyan:UltraInstinct+1"],"picked":"Saiyan:DragonRadar","floor":18},{"not_picked":["Saiyan:KiExplosion","Saiyan:Pacing"],"picked":"Saiyan:KiStrike","floor":21},{"not_picked":["Saiyan:SaiyanHubris","Saiyan:Teleport"],"picked":"Saiyan:DragonFist+1","floor":24},{"not_picked":["Saiyan:Kienzan+1","Saiyan:Planning"],"picked":"Saiyan:Afterimage+1","floor":25},{"not_picked":["Saiyan:KameHameHa","Saiyan:Kienzan"],"picked":"Saiyan:RemoveWeights","floor":31},{"not_picked":["Saiyan:Rekindle","Saiyan:MonkeyTail"],"picked":"Saiyan:TransfigurationBeam","floor":33},{"not_picked":["Saiyan:RemoveWeights+1","Saiyan:SpiritSword+1"],"picked":"Saiyan:FinalFlash+1","floor":35},{"not_picked":["Saiyan:ExpandingShockwave","Saiyan:RemoveWeights+1","Saiyan:Expend"],"picked":"SKIP","floor":36},{"not_picked":["Saiyan:Medicine","Saiyan:Endure+1","Saiyan:Teleport"],"picked":"SKIP","floor":38}],"player_experience":444515,"relics_obtained":[{"floor":6,"key":"Vajra"},{"floor":9,"key":"Shuriken"},{"floor":11,"key":"MealTicket"},{"floor":14,"key":"Ancient Tea Set"},{"floor":25,"key":"Gambling Chip"},{"floor":26,"key":"Mummified Hand"},{"floor":31,"key":"Ornamental Fan"}],"event_choices":[{"damage_healed":0,"gold_gain":0,"player_choice":"Success","damage_taken":7,"relics_obtained":["Bird Faced Urn"],"max_hp_gain":0,"max_hp_loss":0,"event_name":"Scrap Ooze","floor":2,"gold_loss":0},{"damage_healed":0,"gold_gain":0,"player_choice":"Grow","damage_taken":0,"max_hp_gain":0,"max_hp_loss":0,"event_name":"Living Wall","floor":4,"gold_loss":0,"cards_upgraded":["Saiyan:KaioKen"]},{"cards_removed":["Saiyan:SAIYA_Strike"],"damage_healed":0,"gold_gain":0,"player_choice":"Card Removal","damage_taken":0,"max_hp_gain":0,"max_hp_loss":0,"event_name":"The Cleric","floor":5,"gold_loss":50},{"damage_healed":0,"gold_gain":0,"player_choice":"Forge","damage_taken":0,"max_hp_gain":0,"max_hp_loss":0,"event_name":"Accursed Blacksmith","floor":12,"gold_loss":0,"cards_upgraded":["Saiyan:AugmentedBlast"]},{"cards_removed":["Saiyan:SAIYA_Strike"],"damage_healed":0,"gold_gain":0,"player_choice":"Elegance","damage_taken":0,"max_hp_gain":0,"max_hp_loss":0,"event_name":"Back to Basics","floor":19,"gold_loss":0},{"damage_healed":0,"gold_gain":99,"player_choice":"Stole From Cult","damage_taken":0,"max_hp_gain":0,"max_hp_loss":0,"event_name":"Nest","floor":22,"gold_loss":0},{"damage_healed":0,"gold_gain":0,"player_choice":"Inject Mutagens","damage_taken":0,"relics_obtained":["MutagenicStrength"],"max_hp_gain":0,"max_hp_loss":0,"event_name":"Drug Dealer","floor":28,"gold_loss":0},{"damage_healed":0,"gold_gain":0,"player_choice":"Paid Gold","damage_taken":0,"relics_obtained":["Calipers"],"max_hp_gain":0,"max_hp_loss":0,"event_name":"WeMeetAgain","floor":30,"gold_loss":50}],"is_beta":false,"boss_relics":[{"not_picked":["Fusion Hammer","Velvet Choker"],"picked":"Astrolabe"},{"not_picked":["Runic Dome","SlaversCollar"],"picked":"Runic Pyramid"}],"items_purged_floors":[20],"is_endless":false,"potions_floor_spawned":[8,14,16,18,36],"killed_by":"Giant Head","ascension_level":0}}