{"host":"bplbr8uekuotory4","time":1610356506,"event":{"mods":["Act Like it!","BaseMod","Custom Start","Gensokyo","GungeonMod","Hermit","KinomotoSakuraMod(ƒæ÷Æ±æ”£)","Koishi","Marisa£®ÏF”Í°°ƒß¿Ì…≥£©","Minty Spire (QoL Compilation)","Prisma Mod","Quick Restart","Reimu£®≤©¿ˆ¡È√Œ£©","SOS£®Àπ∞Õ¥Ô÷Æ◊”£©","Spicy Shops","StSLib","TestMod","The Alterego","The Blackbeard","The Cursed","The Marked","The Mystic","The Runesmith","The Saiyan","The Servant 0.9.4","Yuri Mod","[IsaacMod]“‘»ˆº‚À˛","vexMod"],"gold_per_floor":[119,294,305,305,305,305,349,349,428,446,85,124,52,94,94,212,212,225,6,6,6],"floor_reached":20,"playtime":445,"items_purged":["theMarked:Defend","theMarked:Strike"],"score":250,"play_id":"50b7248b-5927-4b73-aa67-69ccaae1cf88","local_time":"20210111171506","is_ascension_mode":true,"campfire_choices":[{"data":"theMarked:SoldierOfQuellstein","floor":8,"key":"SMITH"},{"data":"theMarked:BindingBlade","floor":15,"key":"SMITH"}],"circlet_count":0,"master_deck":["theMarked:Strike+1","theMarked:Strike","theMarked:Strike","theMarked:Strike","theMarked:Defend","theMarked:Defend+1","theMarked:Defend+1","theMarked:SoldierOfQuellstein+1","theMarked:BindingBlade+1","theMarked:EmpowerWeapon","theMarked:ThrowWeapon+1","theMarked:Levitate"],"relics":["theMarked:ArtifactOfAir","testmod-TestBox","HushsDoor","GuppysTail","testmod-Temperance","NeowsBlessing","Akabeko","Golden Idol","Centennial Puzzle","vexMod:InvisibilityCloak","DemoMod:ClearGuonStone","testmod-Charity","DemoMod:WhiteGuonStone","TheAbacus","DemoMod:GlassGuonStoneRelic","Whetstone","Runic Pyramid","GuppysCollar","Membership Card","DemoMod:MemoryAlloy"],"acts_visited":["Exordium","TheCity"],"potions_floor_usage":[16,16],"damage_taken":[{"damage":0,"enemies":"2 Louse","floor":1,"turns":1},{"damage":0,"enemies":"Small Slimes","floor":3,"turns":1},{"damage":0,"enemies":"3 Sentries","floor":7,"turns":2},{"damage":0,"enemies":"Cultist","floor":10,"turns":4},{"damage":0,"enemies":"Gremlin Nob","floor":12,"turns":3},{"damage":11,"enemies":"Lagavulin","floor":14,"turns":4},{"damage":3,"enemies":"The Guardian","floor":16,"turns":7},{"damage":0,"enemies":"Spheric Guardian","floor":18,"turns":3},{"damage":0,"enemies":"3 Byrds","floor":20,"turns":1}],"seed_played":"-3439089949444325211","potions_obtained":[{"floor":1,"key":"testmod-SpacePotion"},{"floor":10,"key":"ColorlessPotion"},{"floor":18,"key":"LiquidBronze"}],"is_trial":false,"path_per_floor":["M","?","M","?","?","?","E","R","T","M","$","E","$","E","R","B",null,"M","$","M"],"character_chosen":"THE_DEFAULT","items_purchased":["DemoMod:ClearGuonStone","testmod-Charity","TheAbacus","GuppysCollar","Membership Card","DemoMod:MemoryAlloy"],"campfire_rested":0,"item_purchase_floors":[11,11,13,17,19,19],"current_hp_per_floor":[70,70,70,55,38,24,24,24,24,24,24,25,25,15,15,13,55,56,56,56,56],"gold":6,"neow_bonus":"THREE_ENEMY_KILL","is_daily":false,"chose_seed":false,"campfire_upgraded":2,"win_rate":0.0,"timestamp":1610356506,"path_taken":["M","?","M","?","?","?","E","R","T","?","$","E","?","E","R","BOSS","M","$","M"],"items_purchased_type":["Relic","Relic","Relic","Relic","Relic","Relic"],"build_version":"2020-12-22","purchased_purges":2,"victory":false,"max_hp_per_floor":[70,70,70,70,70,70,70,70,70,70,70,71,71,72,72,73,55,56,56,56,56],"card_choices":[{"not_picked":["theMarked:Aftermath","theMarked:Overthink"],"picked":"theMarked:BindingBlade","floor":1},{"not_picked":["theMarked:TwofoldDefense","theMarked:WastefulAttack","theMarked:Improvise"],"picked":"SKIP","floor":3},{"not_picked":["theMarked:WastefulDefense","theMarked:Static","theMarked:ComboAttacks"],"picked":"SKIP","floor":7},{"not_picked":["theMarked:WastefulAttack","theMarked:TwofoldDefense"],"picked":"theMarked:EmpowerWeapon","floor":10},{"not_picked":["theMarked:Static","theMarked:EmpowerWeapon"],"picked":"theMarked:ThrowWeapon","floor":12},{"not_picked":["theMarked:SwordAndMagic","theMarked:Parkour","theMarked:TakeCover"],"picked":"SKIP","floor":14},{"not_picked":["theMarked:UnarmedFury","theMarked:ThrowWeapon"],"picked":"theMarked:Levitate","floor":16},{"not_picked":["theMarked:GodGivenPower","theMarked:WastefulAttack+1","theMarked:Seal"],"picked":"SKIP","floor":18}],"player_experience":1190952,"relics_obtained":[{"floor":7,"key":"Centennial Puzzle"},{"floor":9,"key":"vexMod:InvisibilityCloak"},{"floor":12,"key":"DemoMod:WhiteGuonStone"},{"floor":14,"key":"Whetstone"}],"event_choices":[{"damage_healed":0,"gold_gain":175,"player_choice":"AGREE","damage_taken":0,"max_hp_gain":0,"max_hp_loss":0,"event_name":"Liars Game","floor":2,"gold_loss":0,"cards_obtained":["Doubt"]},{"damage_healed":0,"gold_gain":0,"player_choice":"Take Damage","damage_taken":17,"relics_obtained":["Golden Idol"],"max_hp_gain":0,"max_hp_loss":0,"event_name":"Golden Idol","floor":5,"gold_loss":0},{"damage_healed":0,"gold_gain":0,"player_choice":"Entered Light","damage_taken":14,"max_hp_gain":0,"max_hp_loss":0,"event_name":"Shining Light","floor":6,"gold_loss":0,"cards_upgraded":["theMarked:Defend","theMarked:Defend"]}],"is_beta":false,"boss_relics":[{"not_picked":["testmod-DreamHouse","ChampionBelt"],"picked":"Runic Pyramid"},{"not_picked":[]}],"items_purged_floors":[11,17],"is_endless":false,"potions_floor_spawned":[1,10,12,18],"killed_by":"3 Byrds","ascension_level":1}}