{"host":"t3nmszc7fx0d6552","time":1610347943,"event":{"mods":["AchievementEnabler","BaseMod","Colored Map","Minty Spire (QoL Compilation)","Permanent Neow","StSLib","SuperFastMode"],"gold_per_floor":[113,129,129,148,162,162,190,201,271,271,271,291,291,291,291,387,387,410,424,4,4,23,23,23,23],"floor_reached":24,"playtime":867,"items_purged":[],"score":396,"play_id":"5ff2485f-6431-447b-91bb-86d200e42d51","local_time":"20210111155223","is_ascension_mode":true,"campfire_choices":[{"data":"Corruption","floor":6,"key":"SMITH"},{"floor":13,"key":"REST"},{"floor":15,"key":"REST"},{"floor":23,"key":"REST"}],"circlet_count":0,"master_deck":["AscendersBane","Strike_R","Strike_R","Strike_R","Defend_R","Defend_R","Defend_R+1","Defend_R","Bash","Corruption+1","Hemokinesis","Seeing Red","True Grit","Cleave","Feel No Pain","Inflame","Barricade+1","Offering","Shrug It Off","Rupture","Shockwave","Offering","Shrug It Off"],"relics":["Burning Blood","Paper Frog","Bottled Flame","Golden Idol","Turnip","Fusion Hammer","DollysMirror","Happy Flower"],"acts_visited":["Exordium","TheCity"],"potions_floor_usage":[7,19],"damage_taken":[{"damage":19,"enemies":"Jaw Worm","floor":1,"turns":4},{"damage":9,"enemies":"Cultist","floor":2,"turns":4},{"damage":16,"enemies":"2 Louse","floor":4,"turns":4},{"damage":14,"enemies":"Looter","floor":5,"turns":3},{"damage":17,"enemies":"Lagavulin","floor":7,"turns":7},{"damage":11,"enemies":"2 Fungi Beasts","floor":8,"turns":3},{"damage":3,"enemies":"Lots of Slimes","floor":12,"turns":2},{"damage":35,"enemies":"Slime Boss","floor":16,"turns":13},{"damage":39,"enemies":"3 Byrds","floor":18,"turns":7},{"damage":8,"enemies":"Shell Parasite","floor":19,"turns":5},{"damage":12,"enemies":"Snecko","floor":22,"turns":5},{"damage":42,"enemies":"Chosen and Byrds","floor":24,"turns":7}],"seed_played":"-1294329106915426435","potions_obtained":[{"floor":4,"key":"PowerPotion"},{"floor":8,"key":"SpeedPotion"},{"floor":18,"key":"SteroidPotion"}],"is_trial":false,"path_per_floor":["M","M","?","M","M","R","E","M","T","?","?","M","R","?","R","B",null,"M","M","$","?","M","R","M"],"character_chosen":"IRONCLAD","items_purchased":["Shockwave","DollysMirror","Happy Flower"],"campfire_rested":3,"item_purchase_floors":[20,20,20],"current_hp_per_floor":[55,52,52,42,34,34,23,18,18,18,13,16,36,16,36,7,53,20,18,18,18,12,32,0,0],"gold":23,"neow_bonus":"ONE_RANDOM_RARE_CARD","is_daily":false,"chose_seed":false,"campfire_upgraded":1,"win_rate":0.0,"timestamp":1610347943,"path_taken":["M","M","?","M","M","R","E","?","T","?","?","M","R","?","R","BOSS","M","M","$","?","M","R","M"],"items_purchased_type":["Card","Relic","Relic"],"build_version":"2020-12-22","purchased_purges":0,"victory":false,"max_hp_per_floor":[75,75,75,75,75,75,75,75,75,68,68,68,68,68,68,68,68,68,68,68,68,68,68,68,68],"card_choices":[{"not_picked":["Headbutt","Evolve"],"picked":"Hemokinesis","floor":1},{"not_picked":["Warcry","Perfected Strike"],"picked":"Seeing Red","floor":2},{"not_picked":["Body Slam","Sentinel"],"picked":"True Grit","floor":4},{"not_picked":["Thunderclap","Armaments"],"picked":"Cleave","floor":5},{"not_picked":["Thunderclap","Combust"],"picked":"Feel No Pain","floor":7},{"not_picked":["Pommel Strike","Blood for Blood"],"picked":"Inflame","floor":8},{"not_picked":["Combust","Clothesline"],"picked":"Barricade","floor":12},{"not_picked":["Juggernaut","Brutality"],"picked":"Offering","floor":16},{"not_picked":["Combust","Heavy Blade+1"],"picked":"Shrug It Off","floor":18},{"not_picked":["Searing Blow","Inflame"],"picked":"Rupture","floor":19},{"not_picked":["Twin Strike","Clash"],"picked":"Shrug It Off","floor":22}],"player_experience":1377804,"relics_obtained":[{"floor":7,"key":"Paper Frog"},{"floor":9,"key":"Bottled Flame"}],"event_choices":[{"cards_removed":["Strike_R"],"damage_healed":0,"gold_gain":0,"player_choice":"Purged","damage_taken":0,"max_hp_gain":0,"max_hp_loss":0,"event_name":"Purifier","floor":3,"gold_loss":0},{"damage_healed":0,"gold_gain":0,"player_choice":"Lose Max HP","damage_taken":0,"relics_obtained":["Golden Idol"],"max_hp_gain":0,"max_hp_loss":7,"event_name":"Golden Idol","floor":10,"gold_loss":0},{"damage_healed":0,"gold_gain":0,"player_choice":"Success","damage_taken":5,"relics_obtained":["Turnip"],"max_hp_gain":0,"max_hp_loss":0,"event_name":"Scrap Ooze","floor":11,"gold_loss":0},{"damage_healed":0,"gold_gain":0,"player_choice":"Entered Light","damage_taken":20,"max_hp_gain":0,"max_hp_loss":0,"event_name":"Shining Light","floor":14,"gold_loss":0,"cards_upgraded":["Defend_R","Barricade"]},{"cards_removed":["Strike_R"],"damage_healed":0,"gold_gain":0,"player_choice":"Offered Basic","damage_taken":0,"max_hp_gain":0,"max_hp_loss":0,"event_name":"Bonfire Elementals","floor":21,"gold_loss":0}],"is_beta":false,"boss_relics":[{"not_picked":["Runic Cube","Empty Cage"],"picked":"Fusion Hammer"}],"items_purged_floors":[],"is_endless":false,"potions_floor_spawned":[4,8,18],"killed_by":"Chosen and Byrds","ascension_level":20}}