{"host":"08z5bj28eube4vug","time":1610338018,"event":{"mods":["2.2 Compatiblity","Abigail Mod","Act Like it!","BaseMod","Beaked The Cultist","Bestiary","Friendly Minions","Gensokyo","GungeonMod","Hallownest","Kiyohime????","Koishi","Lobotomy","Marisa????????","Minty Spire (QoL Compilation)","Prisma Mod","Remilia??????","Replay The Spire","StSLib","Td1madao Mod","The Alterego","The Bug Knight","The Jungle","The Sage","The Senshi","The Servant 0.9.4","Waifu the Spire","WarShipGirlsR/????R mod","Yuri Mod"],"gold_per_floor":[109,284,284,18,37,37,65,65,89,89,107,107,47,76,76,173,173,185,185,185,3,17,42,42,60,83,109,109,134,134,47,47,143,143,160,10,30,30,49,81,5,5,55,55,55,55,55,82,82,82],"floor_reached":51,"playtime":3062,"items_purged":["Doubt","Pain"],"score":1099,"play_id":"84c79e72-ae48-4586-9181-89a1879dc5d2","local_time":"20210111070658","is_ascension_mode":true,"campfire_choices":[{"data":"rmod:openingtorpedo","floor":6,"key":"SMITH"},{"data":"rmod:intelligenceanalysis","floor":10,"key":"SMITH"},{"data":"rmod:diamondstrike","floor":12,"key":"SMITH"},{"data":"rmod:selfconfidence","floor":15,"key":"SMITH"},{"data":"rmod:diaomin","floor":24,"key":"SMITH"},{"data":"rmod:abidefaith","floor":28,"key":"SMITH"},{"data":"rmod:unsinkable","floor":30,"key":"SMITH"},{"data":"rmod:smokecover","floor":32,"key":"SMITH"},{"data":"rmod:mineteam","floor":42,"key":"SMITH"},{"data":"rmod:tearstotiara","floor":44,"key":"SMITH"},{"data":"rmod:unsinkable","floor":46,"key":"SMITH"},{"data":"rmod:circuitoustactics","floor":49,"key":"SMITH"}],"circlet_count":0,"master_deck":["rmod:strick","rmod:strick","rmod:strick","rmod:strick","rmod:defend","rmod:defend","rmod:defend","rmod:defend","rmod:basicallowance","rmod:maingunfire","rmod:openingtorpedo+1","rmod:gendarmerie","rmod:salvage","rmod:highspeedshooting","rmod:circuitoustactics+1","rmod:goodsister","rmod:firesupport","rmod:fletcherpendant","rmod:intelligenceanalysis+1","rmod:fletcher","rmod:diamondstrike+1","rmod:fletcherpendant","rmod:selfconfidence+1","rmod:salvage+1","rmod:abidefaith+1","rmod:smokecover+1","Ghostly","Ghostly","Ghostly","Ghostly","Ghostly","rmod:diaomin+1","rmod:firesupport","rmod:overbreakdown","rmod:unsinkable+1","rmod:overbreakdown","Dramatic Entrance","rmod:fletcherpendant","AbeCurse","rmod:mineteam+1","rmod:tearstotiara+1","rmod:lonelyqueen+1","ReplayTheSpireMod:IOU","rmod:unsinkable+1","rmod:desperatesituation","rmod:gendarmerie+1"],"relics":["rmod:firstchargereward","MealTicket","Pet Ghost","Orichalcum","Pen Nib","Blood Vial","Replay:Bronze Core","WarpedTongs","Ancient Tea Set","Smiling Mask","TungstenRod","Vajra","Abe\u0027s Treasure","Nunchaku","DemoMod:Metronome","Replay:Wax Seal","theSenshi:SailorFukuRelic","Mirror"],"acts_visited":["Exordium","TheCity","TheBeyond"],"potions_floor_usage":[16,23,27,33,48,50,50],"damage_taken":[{"damage":1,"enemies":"Small Slimes","floor":1,"turns":3},{"damage":0,"enemies":"Jaw Worm","floor":5,"turns":1},{"damage":7,"enemies":"Gremlin Nob","floor":7,"turns":3},{"damage":0,"enemies":"2 Louse","floor":11,"turns":2},{"damage":0,"enemies":"Lagavulin","floor":14,"turns":2},{"damage":0,"enemies":"Slime Boss","floor":16,"turns":2},{"damage":0,"enemies":"2 Thieves","floor":18,"turns":2},{"damage":0,"enemies":"Snecko","floor":22,"turns":3},{"damage":0,"enemies":"Book of Stabbing","floor":23,"turns":5},{"damage":6,"enemies":"Shelled Parasite and Fungi","floor":25,"turns":2},{"damage":0,"enemies":"Replay:Snechameleon","floor":27,"turns":4},{"damage":0,"enemies":"Gremlin Leader","floor":29,"turns":6},{"damage":0,"enemies":"Collector","floor":33,"turns":8},{"damage":1,"enemies":"Orb Walker","floor":35,"turns":2},{"damage":4,"enemies":"3 Shapes","floor":37,"turns":1},{"damage":0,"enemies":"3 Darklings","floor":39,"turns":4},{"damage":0,"enemies":"Giant Head","floor":40,"turns":7},{"damage":11,"enemies":"Nemesis","floor":48,"turns":7},{"damage":7,"enemies":"Replay:Hell Engine","floor":50,"turns":11}],"seed_played":"-7210488917010446620","potions_obtained":[{"floor":5,"key":"PowerPotion"},{"floor":11,"key":"Cursed Concoction"},{"floor":14,"key":"Fire Potion"},{"floor":22,"key":"Swift Potion"},{"floor":29,"key":"BlessingOfTheForge"},{"floor":37,"key":"Venom Potion"},{"floor":39,"key":"Regen Potion"},{"floor":48,"key":"CultistPotion"}],"is_trial":false,"path_per_floor":["M","?","?","$","M","R","E","?","T","R","M","R","$","E","R","B",null,"M","?","?","$","M","E","R","M","T","E","R","E","R","$","R","B",null,"M","$","M","$","M","E","$","R","T","R","?","R","?","E","R","B",null],"character_chosen":"PRAEFECT","items_purchased":["Pet Ghost","rmod:firesupport","rmod:salvage+1","rmod:diaomin","Dramatic Entrance","Nunchaku","Replay:Wax Seal","SpeedPotion","rmod:unsinkable"],"campfire_rested":0,"item_purchase_floors":[4,4,13,21,31,36,41,41,41],"current_hp_per_floor":[67,67,67,75,75,75,68,68,68,68,68,68,75,75,75,75,75,75,37,37,37,37,37,37,31,31,33,33,35,35,37,37,37,37,36,37,33,37,37,37,37,37,37,37,37,37,37,36,36,30],"gold":82,"neow_bonus":"RANDOM_COMMON_RELIC","is_daily":false,"chose_seed":false,"campfire_upgraded":12,"win_rate":0.0,"timestamp":1610338018,"path_taken":["M","?","?","$","M","R","E","?","T","R","M","R","?","E","R","BOSS","M","?","?","$","M","E","R","?","T","E","R","E","R","$","R","BOSS","M","$","M","$","M","E","$","R","T","R","?","R","?","E","R","BOSS"],"items_purchased_type":["Relic","Card","Card","Card","Card","Relic","Relic","Potion","Card"],"build_version":"2020-12-22","purchased_purges":2,"victory":true,"max_hp_per_floor":[75,75,75,75,75,75,75,75,75,75,75,75,75,75,75,75,75,75,37,37,37,37,37,37,37,37,37,37,37,37,37,37,37,37,37,37,37,37,37,37,37,37,37,37,37,37,37,37,37,37],"card_choices":[{"not_picked":["rmod:luckystar","rmod:aviationdawn"],"picked":"rmod:openingtorpedo","floor":1},{"not_picked":["rmod:ammunitionsupply","rmod:fuelsupply"],"picked":"rmod:intelligenceanalysis","floor":5},{"not_picked":["rmod:supportaircraftcarrier","rmod:fletcherpendant"],"picked":"rmod:diamondstrike","floor":7},{"not_picked":["rmod:goodsister","rmod:steelsupply"],"picked":"rmod:selfconfidence","floor":11},{"not_picked":["rmod:fletcherpendant","rmod:highspeedshooting","rmod:shuttlebombing"],"picked":"SKIP","floor":14},{"not_picked":["rmod:lastglory","rmod:fletcher"],"picked":"rmod:abidefaith","floor":16},{"not_picked":["rmod:highspeedshooting","rmod:chargemoney"],"picked":"rmod:smokecover","floor":18},{"not_picked":["rmod:gendarmerie","rmod:slowdown"],"picked":"rmod:firesupport","floor":22},{"not_picked":["rmod:smokecover+1","rmod:wolves+1"],"picked":"rmod:overbreakdown","floor":23},{"not_picked":["rmod:fletcherpendant","rmod:spoils","rmod:aviationdawn+1"],"picked":"SKIP","floor":25},{"not_picked":["rmod:spoils+1","rmod:timeschanged"],"picked":"rmod:unsinkable","floor":27},{"not_picked":["rmod:punchline+1","rmod:diamondstrike"],"picked":"rmod:overbreakdown","floor":29},{"not_picked":["rmod:highspeedshooting+1","rmod:luckystar"],"picked":"rmod:mineteam","floor":35},{"not_picked":["rmod:garrisonisland+1","rmod:shuttlebombing+1"],"picked":"rmod:tearstotiara","floor":37},{"not_picked":["rmod:circuitoustactics","rmod:unsinkable"],"picked":"rmod:lonelyqueen+1","floor":39},{"not_picked":["rmod:stealaluminum","rmod:diamondstrike","rmod:aviationdawn"],"picked":"SKIP","floor":40},{"not_picked":[],"picked":"rmod:desperatesituation","floor":47},{"not_picked":["rmod:highspeedshooting","rmod:ammunitionsupply"],"picked":"rmod:gendarmerie+1","floor":48}],"player_experience":766336,"relics_obtained":[{"floor":7,"key":"Orichalcum"},{"floor":9,"key":"Pen Nib"},{"floor":14,"key":"Blood Vial"},{"floor":23,"key":"Ancient Tea Set"},{"floor":26,"key":"Smiling Mask"},{"floor":27,"key":"TungstenRod"},{"floor":29,"key":"DemoMod:WeirdEgg"},{"floor":40,"key":"DemoMod:Metronome"},{"floor":43,"key":"theSenshi:SailorFukuRelic"},{"floor":48,"key":"Mirror"}],"event_choices":[{"damage_healed":0,"gold_gain":175,"player_choice":"AGREE","damage_taken":0,"max_hp_gain":0,"max_hp_loss":0,"event_name":"Liars Game","floor":2,"gold_loss":0,"cards_obtained":["Doubt"]},{"damage_healed":0,"gold_gain":0,"player_choice":"Became a Ghost","damage_taken":0,"max_hp_gain":0,"max_hp_loss":38,"event_name":"Ghosts","floor":19,"gold_loss":0,"cards_obtained":["Ghostly","Ghostly","Ghostly","Ghostly","Ghostly"]},{"damage_healed":0,"gold_gain":0,"player_choice":"Rummage","damage_taken":0,"relics_obtained":["WarpedTongs"],"max_hp_gain":0,"max_hp_loss":0,"event_name":"Accursed Blacksmith","floor":20,"gold_loss":0,"cards_obtained":["Pain"]},{"cards_removed":["rmod:fletcherpendant"],"damage_healed":0,"gold_gain":0,"player_choice":"Removed Attack","damage_taken":0,"max_hp_gain":0,"max_hp_loss":0,"event_name":"Falling","floor":45,"gold_loss":0}],"is_beta":false,"boss_relics":[{"not_picked":["Kintsugi","Runic Dome"],"picked":"Replay:Bronze Core"},{"not_picked":["ReplayTheSpireMod:Onyx Gauntlets","Sozu"],"picked":"Abe\u0027s Treasure"}],"items_purged_floors":[4,21],"is_endless":false,"potions_floor_spawned":[5,11,14,22,29,37,39,48],"ascension_level":6}}