{"host":"obplhmlw33xb91v8","time":1610363210,"event":{"mods":["BaseMod","Block Reminder","Curses Come First","Evolution","Minty Spire (QoL Compilation)","Quick Restart","Relic Stats","Spicy Shops","StSLib","Uncapped","Waifu the Spire","slay the spire mod where everything is the same but ironclad has a cowboy hat"],"gold_per_floor":[110,110,110,33,49,76,93,93,93,93,113,113,126,126,126,126,126],"floor_reached":16,"playtime":395,"items_purged":[],"score":141,"play_id":"104f341e-dcd6-44d5-a82a-47433f4bdf6b","local_time":"20210111060650","is_ascension_mode":true,"campfire_choices":[{"data":"Genetic Algorithm","floor":8,"key":"SMITH"},{"data":"Doom and Gloom","floor":12,"key":"SMITH"},{"data":"Fission","floor":15,"key":"SMITH"}],"circlet_count":0,"master_deck":["Strike_B","Strike_B","Strike_B","Defend_B","Defend_B","Defend_B","Defend_B","Zap","Dualcast+1","Capacitor","Doom and Gloom+1","Fission+1","Genetic Algorithm+1","All For One","Cold Snap","Consume","Regret"],"relics":["Cracked Core","EVO:Axolotl","NeowsBlessing","Pocketwatch","InkBottle","Bottled Flame","Odd Mushroom","White Beast Statue"],"acts_visited":["Exordium"],"potions_floor_usage":[16,16],"damage_taken":[{"damage":0,"enemies":"Small Slimes","floor":1,"turns":1},{"damage":0,"enemies":"Cultist","floor":5,"turns":1},{"damage":0,"enemies":"Gremlin Nob","floor":6,"turns":1},{"damage":0,"enemies":"2 Louse","floor":7,"turns":2},{"damage":13,"enemies":"The Mushroom Lair","floor":11,"turns":4},{"damage":0,"enemies":"Large Slime","floor":13,"turns":3},{"damage":58,"enemies":"Slime Boss","floor":16,"turns":8}],"seed_played":"1388432007443278101","potions_obtained":[{"floor":1,"key":"SkillPotion"},{"floor":6,"key":"DuplicationPotion"},{"floor":13,"key":"ColorlessPotion"}],"is_trial":false,"path_per_floor":["M","?","?","$","M","E","M","R","T","?","?","R","M","?","R","B"],"character_chosen":"DEFECT","items_purchased":["Capacitor"],"campfire_rested":0,"item_purchase_floors":[4],"current_hp_per_floor":[75,63,63,63,63,63,63,63,63,63,50,50,50,50,50,0,0],"gold":126,"neow_bonus":"THREE_ENEMY_KILL","is_daily":false,"chose_seed":false,"campfire_upgraded":3,"win_rate":0.0,"timestamp":1610363210,"path_taken":["M","?","?","$","?","E","M","R","T","?","?","R","M","?","R","BOSS"],"items_purchased_type":["Card"],"build_version":"2020-12-22","purchased_purges":0,"victory":false,"max_hp_per_floor":[75,75,75,75,75,75,75,75,75,75,75,75,75,75,75,75,75],"relic_stats":{"counters":[7,20],"obtain_stats":[{"Bottled Flame":9,"NeowsBlessing":0,"EVO:Axolotl":0,"Odd Mushroom":11,"Cracked Core":0,"InkBottle":6,"White Beast Statue":14,"Pocketwatch":2},{"Bottled Flame":4,"NeowsBlessing":0,"EVO:Axolotl":0,"Odd Mushroom":5,"Cracked Core":0,"InkBottle":3,"White Beast Statue":6,"Pocketwatch":1},{"Bottled Flame":5,"NeowsBlessing":0,"EVO:Axolotl":0,"Odd Mushroom":9,"Cracked Core":0,"InkBottle":3,"White Beast Statue":12,"Pocketwatch":1}],"InkBottle":[4],"Pocketwatch":[27]},"card_choices":[{"not_picked":["Leap","Turbo","Sweeping Beam"],"picked":"SKIP","floor":1},{"not_picked":["Go for the Eyes","Beam Cell"],"picked":"Doom and Gloom","floor":5},{"not_picked":["Turbo","Stack"],"picked":"Fission","floor":6},{"not_picked":["Conserve Battery","Sweeping Beam"],"picked":"Genetic Algorithm","floor":7},{"not_picked":["Scrape","Sunder"],"picked":"Cold Snap","floor":11},{"not_picked":["Stack","Turbo"],"picked":"Consume","floor":13}],"player_experience":163882,"relics_obtained":[{"floor":6,"key":"InkBottle"},{"floor":9,"key":"Bottled Flame"},{"floor":11,"key":"Odd Mushroom"}],"event_choices":[{"damage_healed":0,"gold_gain":0,"player_choice":"Success","damage_taken":12,"relics_obtained":["Pocketwatch"],"max_hp_gain":0,"max_hp_loss":0,"event_name":"Scrap Ooze","floor":2,"gold_loss":0},{"damage_healed":0,"gold_gain":0,"player_choice":"Upgraded","damage_taken":0,"max_hp_gain":0,"max_hp_loss":0,"event_name":"Upgrade Shrine","floor":3,"gold_loss":0,"cards_upgraded":["Dualcast"]},{"damage_healed":0,"gold_gain":0,"cards_transformed":["Strike_B"],"player_choice":"Change","damage_taken":0,"max_hp_gain":0,"max_hp_loss":0,"event_name":"Living Wall","floor":10,"gold_loss":0,"cards_obtained":["All For One"]},{"damage_healed":0,"gold_gain":0,"player_choice":"Fought Mushrooms","damage_taken":0,"max_hp_gain":0,"max_hp_loss":0,"event_name":"Mushrooms","floor":11,"gold_loss":0},{"damage_healed":0,"gold_gain":0,"player_choice":"Box","damage_taken":0,"relics_obtained":["White Beast Statue"],"max_hp_gain":0,"max_hp_loss":0,"event_name":"Big Fish","floor":14,"gold_loss":0,"cards_obtained":["Regret"]}],"is_beta":false,"boss_relics":[],"items_purged_floors":[],"is_endless":false,"potions_floor_spawned":[1,6,13],"killed_by":"Slime Boss","ascension_level":3}}