{"host":"d9m9v0h6vo0edadb","time":1610345347,"event":{"mods":["BaseMod","Hermit","Keyboard Shortcuts","Minty Spire (QoL Compilation)","StSLib","SuperFastMode","The Cursed"],"gold_per_floor":[111,128,128,53,69,69,89,5,5,5,5,5,40,56,56,135,135,154,154,154,171,71,71,87,107,107,119,136,148,179,191,191,268,268,286,286,313,332,352,365,240,257,257,257,107,107,121,134,134,134,134],"floor_reached":52,"playtime":1344,"items_purged":["Strike_G","Strike_G","Strike_G","Defend_G"],"score":2160,"play_id":"9d3a9320-26bf-4cbe-b9d6-33bfe5dee95b","local_time":"20210111150907","is_ascension_mode":true,"campfire_choices":[{"data":"Reflex","floor":6.0,"key":"SMITH"},{"data":"Dagger Throw","floor":10.0,"key":"SMITH"},{"data":"Well Laid Plans","floor":12.0,"key":"SMITH"},{"data":"Deadly Poison","floor":15.0,"key":"SMITH"},{"floor":23.0,"key":"REST"},{"floor":32.0,"key":"REST"},{"data":"Acrobatics","floor":44.0,"key":"SMITH"},{"data":"Acrobatics","floor":46.0,"key":"SMITH"},{"data":"Adrenaline","floor":49.0,"key":"SMITH"}],"circlet_count":0,"master_deck":["AscendersBane","Defend_G","Defend_G","Defend_G","Survivor","Neutralize","Reflex+1","Prepared+1","Masterful Stab","Dagger Throw+1","Well Laid Plans+1","Deadly Poison+1","Grand Finale","Tactician+1","Acrobatics+1","Acrobatics+1","Backstab+1","Backflip","Adrenaline+1"],"relics":["Ring of the Snake","NeowsBlessing","Sundial","Letter Opener","Empty Cage","Darkstone Periapt","Lizard Tail","Coffee Dripper","Nunchaku","Frozen Egg 2"],"acts_visited":["Exordium","TheCity","TheBeyond"],"potions_floor_usage":[51,51],"damage_taken":[{"damage":0.0,"enemies":"Cultist","floor":1.0,"turns":1.0},{"damage":0.0,"enemies":"Jaw Worm","floor":2.0,"turns":1.0},{"damage":0.0,"enemies":"2 Louse","floor":5.0,"turns":1.0},{"damage":0.0,"enemies":"Looter","floor":7.0,"turns":4.0},{"damage":12.0,"enemies":"Lagavulin","floor":13.0,"turns":6.0},{"damage":24.0,"enemies":"Large Slime","floor":14.0,"turns":5.0},{"damage":12.0,"enemies":"Hexaghost","floor":16.0,"turns":8.0},{"damage":11.0,"enemies":"Shell Parasite","floor":18.0,"turns":4.0},{"damage":4.0,"enemies":"2 Thieves","floor":21.0,"turns":2.0},{"damage":0.0,"enemies":"Centurion and Healer","floor":24.0,"turns":6.0},{"damage":5.0,"enemies":"Shelled Parasite and Fungi","floor":25.0,"turns":2.0},{"damage":29.0,"enemies":"Cultist and Chosen","floor":27.0,"turns":5.0},{"damage":3.0,"enemies":"Snake Plant","floor":28.0,"turns":3.0},{"damage":3.0,"enemies":"Sentry and Sphere","floor":29.0,"turns":3.0},{"damage":6.0,"enemies":"Book of Stabbing","floor":30.0,"turns":3.0},{"damage":0.0,"enemies":"Cultist and Chosen","floor":31.0,"turns":2.0},{"damage":0.0,"enemies":"Automaton","floor":33.0,"turns":3.0},{"damage":0.0,"enemies":"3 Shapes","floor":35.0,"turns":1.0},{"damage":0.0,"enemies":"Orb Walker","floor":38.0,"turns":3.0},{"damage":10.0,"enemies":"Spire Growth","floor":39.0,"turns":3.0},{"damage":0.0,"enemies":"Jaw Worm Horde","floor":40.0,"turns":2.0},{"damage":0.0,"enemies":"Writhing Mass","floor":42.0,"turns":2.0},{"damage":0.0,"enemies":"Transient","floor":47.0,"turns":3.0},{"damage":0.0,"enemies":"4 Shapes","floor":48.0,"turns":1.0},{"damage":0.0,"enemies":"Awakened One","floor":50.0,"turns":2.0},{"damage":0,"enemies":"Donu and Deca","floor":51,"turns":2}],"seed_played":"-3669324915794599601","potions_obtained":[{"floor":1.0,"key":"LiquidBronze"},{"floor":7.0,"key":"SpeedPotion"},{"floor":21.0,"key":"GamblersBrew"},{"floor":28.0,"key":"SpeedPotion"},{"floor":30.0,"key":"CunningPotion"},{"floor":33.0,"key":"EntropicBrew"},{"floor":38.0,"key":"Poison Potion"},{"floor":40.0,"key":"BlessingOfTheForge"}],"is_trial":false,"path_per_floor":["M","M","?","$","M","R","M","$","T","R","?","R","E","M","R","B",null,"M","?","?","M","$","R","M","M","T","M","M","M","E","M","R","B",null,"M","?","T","M","M","M","$","M","T","R","$","R","M","M","R","B","B",null],"character_chosen":"THE_SILENT","items_purchased":["Well Laid Plans"],"campfire_rested":2,"item_purchase_floors":[8],"current_hp_per_floor":[59,59,59,59,59,59,59,59,59,59,59,59,47,23,23,11,52,41,41,41,37,37,56,56,51,51,22,19,16,10,10,29,29,57,57,57,57,57,47,47,47,47,47,47,47,47,47,47,47,47,47],"gold":134,"neow_bonus":"THREE_ENEMY_KILL","is_daily":false,"chose_seed":false,"campfire_upgraded":7,"win_rate":0.0,"timestamp":1610345347,"path_taken":["M","?","?","?","M","R","?","$","T","R","?","R","E","M","R","BOSS","M","?","?","?","$","R","M","M","T","M","M","M","E","M","R","BOSS","M","?","?","M","?","M","$","M","T","R","$","R","M","M","R","BOSS","BOSS"],"items_purchased_type":["Card"],"build_version":"2020-12-22","purchased_purges":4,"victory":true,"max_hp_per_floor":[66,66,66,66,66,66,66,66,66,66,66,66,66,66,66,66,66,66,66,66,66,66,66,66,66,66,66,66,66,66,66,66,66,66,66,63,63,63,63,63,63,63,63,63,63,63,63,63,63,63,63],"card_choices":[{"not_picked":["Acrobatics","Bane"],"picked":"Reflex","floor":1.0},{"not_picked":["Quick Slash","Riddle With Holes"],"picked":"Prepared","floor":2.0},{"not_picked":["Quick Slash","Calculated Gamble"],"picked":"Masterful Stab","floor":5.0},{"not_picked":["Expertise","Dagger Spray"],"picked":"Dagger Throw","floor":7.0},{"not_picked":["Well Laid Plans","Catalyst","Skewer"],"picked":"SKIP","floor":13.0},{"not_picked":["Outmaneuver","Dagger Spray"],"picked":"Deadly Poison","floor":14.0},{"not_picked":["Corpse Explosion","Wraith Form v2"],"picked":"Grand Finale","floor":16.0},{"not_picked":["PiercingWail","Finisher"],"picked":"Tactician+1","floor":18.0},{"not_picked":["Slice+1","Dagger Spray","Terror"],"picked":"SKIP","floor":21.0},{"not_picked":["Calculated Gamble","Caltrops"],"picked":"Acrobatics","floor":24.0},{"not_picked":["Dodge and Roll","Backflip","Infinite Blades"],"picked":"SKIP","floor":25.0},{"not_picked":["Dodge and Roll","Finisher"],"picked":"Acrobatics","floor":27.0},{"not_picked":["Bane","Riddle With Holes"],"picked":"Backstab+1","floor":28.0},{"not_picked":["Glass Knife","PiercingWail","Sucker Punch"],"picked":"SKIP","floor":29.0},{"not_picked":["Sucker Punch","Slice","Backflip"],"picked":"SKIP","floor":30.0},{"not_picked":["Sucker Punch","Slice"],"picked":"Backflip","floor":30.0},{"not_picked":["Slice","Deflect","Acrobatics"],"picked":"SKIP","floor":31.0},{"not_picked":["Acrobatics","Deadly Poison","Footwork+1"],"picked":"SKIP","floor":35.0},{"not_picked":["Blade Dance","Dodge and Roll+1","Deflect"],"picked":"SKIP","floor":38.0},{"not_picked":["Predator","Accuracy","Sucker Punch"],"picked":"SKIP","floor":39.0},{"not_picked":["Skewer","Choke+1","Endless Agony"],"picked":"SKIP","floor":40.0},{"not_picked":["Escape Plan","Expertise","Slice"],"picked":"SKIP","floor":42.0},{"not_picked":["Riddle With Holes","PiercingWail"],"picked":"Adrenaline","floor":47.0},{"not_picked":["Heel Hook+1","Quick Slash+1","Slice"],"picked":"SKIP","floor":48.0}],"player_experience":959600,"relics_obtained":[{"floor":9.0,"key":"Sundial"},{"floor":13.0,"key":"Letter Opener"},{"floor":26.0,"key":"Darkstone Periapt"},{"floor":30.0,"key":"Lizard Tail"},{"floor":37.0,"key":"Nunchaku"},{"floor":43.0,"key":"Frozen Egg 2"}],"event_choices":[{"damage_healed":0.0,"max_hp_gain":0.0,"max_hp_loss":0.0,"gold_gain":0.0,"event_name":"Accursed Blacksmith","player_choice":"Forge","floor":3.0,"gold_loss":0.0,"damage_taken":0.0,"cards_upgraded":["Prepared"]},{"damage_healed":0.0,"max_hp_gain":0.0,"max_hp_loss":0.0,"gold_gain":0.0,"event_name":"Liars Game","player_choice":"Ignored","floor":11.0,"gold_loss":0.0,"damage_taken":0.0},{"cards_removed":["Defend_G"],"damage_healed":0.0,"max_hp_gain":0.0,"max_hp_loss":0.0,"gold_gain":0.0,"event_name":"Back to Basics","player_choice":"Elegance","floor":19.0,"gold_loss":0.0,"damage_taken":0.0},{"damage_healed":0.0,"max_hp_gain":0.0,"max_hp_loss":0.0,"gold_gain":0.0,"event_name":"The Mausoleum","player_choice":"Ignored","floor":20.0,"gold_loss":0.0,"damage_taken":0.0},{"damage_healed":0.0,"max_hp_gain":0.0,"max_hp_loss":3.0,"gold_gain":0.0,"event_name":"Winding Halls","player_choice":"Max HP","floor":36.0,"gold_loss":0.0,"damage_taken":0.0}],"is_beta":false,"boss_relics":[{"not_picked":["Ectoplasm","Calling Bell"],"picked":"Empty Cage"},{"not_picked":["Fusion Hammer","WristBlade"],"picked":"Coffee Dripper"}],"items_purged_floors":[4,22,41,45],"is_endless":false,"potions_floor_spawned":[1,7,21,28,30,33,38,40,42],"ascension_level":20}}