{"host":"ekuwh035269yscfo","time":1610353740,"event":{"mods":["Aspiration","BaseMod","Better Third Choice","BetterRewards","Colored Map","Custom Start","Downfall","Hermit","Highlight Path","Hubris","Hyrulean Relics","Minty Spire (QoL Compilation)","Replay The Spire","Shop Mod","StSLib","The Cursed"],"gold_per_floor":[99,117,117,134,134,134,134,134,134,119,144,162,180,455,466,466,466],"floor_reached":16,"playtime":994,"items_purged":[],"score":100,"play_id":"e460b565-634c-4a74-8f9a-ea0118f36a3c","local_time":"20210111032900","is_ascension_mode":false,"campfire_choices":[{"data":"sneckomod:RainOfDice","floor":6,"key":"SMITH"},{"data":"sneckomod:MasterEye","floor":8,"key":"SMITH"}],"circlet_count":0,"master_deck":["sneckomod:Strike","sneckomod:Strike","sneckomod:Strike","sneckomod:Defend","sneckomod:Defend","sneckomod:Defend","sneckomod:TailWhip","sneckomod:SnekBite","sneckomod:Unknown","sneckomod:Unknown","sneckomod:RainOfDice+1","sneckomod:MasterEye+1","sneckomod:UnknownVulnerable","sneckomod:RainOfDice","sneckomod:Nope","sneckomod:QuickBite","sneckomod:QuickBite","Regret","sneckomod:UnknownExhaust"],"relics":["Black Star","MealTicket","Bottled Tornado","hubris:SlimyHat","Juzu Bracelet"],"acts_visited":["Exordium"],"potions_floor_usage":[10,13,15],"damage_taken":[{"damage":7,"enemies":"Small Slimes","floor":2,"turns":3},{"damage":4,"enemies":"2 Louse","floor":4,"turns":2},{"damage":0,"enemies":"Cultist","floor":9,"turns":1},{"damage":5,"enemies":"downfall:FleeingMerchant","floor":10,"turns":4},{"damage":26,"enemies":"Lagavulin","floor":11,"turns":4},{"damage":8,"enemies":"Blue Slaver","floor":12,"turns":3},{"damage":13,"enemies":"Lots of Slimes","floor":13,"turns":2},{"damage":2,"enemies":"Large Slime","floor":15,"turns":2},{"damage":38,"enemies":"downfall:Ironclad","floor":16,"turns":5}],"seed_played":"-6506606992048306957","potions_obtained":[{"floor":2,"key":"PowerPotion"},{"floor":11,"key":"sneckomod:DiceRollPotion"},{"floor":12,"key":"Cursed Concoction"}],"is_trial":false,"path_per_floor":["R_BF","M","?","M","?","R","T","R","M","$","E","M","M","?","M","B"],"character_chosen":"THE_SNECKO","items_purchased":[],"campfire_rested":0,"item_purchase_floors":[],"current_hp_per_floor":[90,83,83,79,79,79,79,79,79,85,59,53,40,40,38,0,0],"gold":466,"neow_bonus":"BOSS_RELIC","is_daily":false,"chose_seed":false,"campfire_upgraded":2,"win_rate":0.0,"timestamp":1610353740,"path_taken":["R_BF","M","?","M","?","R","T","R","M","$","E","M","M","?","M","BOSS"],"items_purchased_type":[],"build_version":"2020-12-22","purchased_purges":0,"victory":false,"max_hp_per_floor":[90,90,90,90,90,90,90,90,90,90,90,90,90,90,90,90,90],"card_choices":[{"not_picked":["sneckomod:UnknownEthereal","sneckomod:UnknownClassSLIMEBOUND"],"picked":"sneckomod:RainOfDice","floor":2},{"not_picked":["sneckomod:UnknownWeak","sneckomod:UnknownClassHEXA_GHOST_PURPLE"],"picked":"sneckomod:MasterEye","floor":4},{"not_picked":["sneckomod:UnknownCommonSkill","sneckomod:UnknownClassRED"],"picked":"sneckomod:UnknownVulnerable","floor":9},{"not_picked":["sneckomod:SoulRoll","sneckomod:MasterEye"],"picked":"sneckomod:RainOfDice","floor":10},{"not_picked":["sneckomod:UnknownClassGUARDIAN","sneckomod:UnknownCommonAttack"],"picked":"sneckomod:Nope","floor":11},{"not_picked":["sneckomod:SoulRoll","sneckomod:DiceBlock","sneckomod:DiceCrush"],"picked":"SKIP","floor":11},{"not_picked":["sneckomod:QuickMove","sneckomod:UnknownStrike"],"picked":"sneckomod:QuickBite","floor":12},{"not_picked":["sneckomod:DiceCrush","sneckomod:SlitherStrike"],"picked":"sneckomod:QuickBite","floor":13},{"not_picked":["sneckomod:UnknownClassBLUE","sneckomod:Nope"],"picked":"sneckomod:UnknownExhaust","floor":15}],"player_experience":403657,"relics_obtained":[{"floor":7,"key":"Bottled Tornado"},{"floor":11,"key":"hubris:SlimyHat"},{"floor":11,"key":"Juzu Bracelet"}],"event_choices":[{"damage_healed":0,"gold_gain":0,"player_choice":"Box","damage_taken":0,"relics_obtained":["MealTicket"],"max_hp_gain":0,"max_hp_loss":0,"event_name":"Big Fish","floor":1,"gold_loss":0,"cards_obtained":["Regret"]},{"cards_removed":["Regret"],"damage_healed":0,"gold_gain":0,"player_choice":"Card Removal","damage_taken":0,"max_hp_gain":0,"max_hp_loss":0,"event_name":"Wheel of Change","floor":5,"gold_loss":0}],"is_beta":false,"boss_relics":[],"items_purged_floors":[],"is_endless":false,"potions_floor_spawned":[2,11,12],"killed_by":"downfall:Ironclad","ascension_level":0}}