{"host":"3pw9u83bdp0tylwm","time":1610323478,"event":{"mods":["AchievementEnabler","BaseMod","Colored Map","Filter the Spire","Minty Spire (QoL Compilation)","Relic Stats","Slay the Relics Exporter","StSLib"],"gold_per_floor":[117,132,57,57,74,109,109,124,147,147,174,189,204,233,233,233,233],"floor_reached":16,"playtime":718,"items_purged":[],"score":294,"play_id":"4305b187-d31e-45e9-aa70-ad7a9c63f0cd","local_time":"20210110180438","is_ascension_mode":true,"campfire_choices":[{"floor":7,"key":"REST"},{"data":"Defragment","floor":10,"key":"SMITH"},{"floor":15,"key":"REST"}],"circlet_count":0,"master_deck":["AscendersBane","Strike_B","Strike_B","Strike_B","Defend_B","Defend_B","Defend_B","Zap","Dualcast","Darkness","Genetic Algorithm","Recycle","Defragment+1","Undo","Rip and Tear","Compile Driver","Meteor Strike","Doom and Gloom","Coolheaded"],"relics":["Snecko Eye","Dream Catcher","Smiling Mask","Juzu Bracelet","Bag of Marbles"],"acts_visited":["Exordium"],"potions_floor_usage":[6,12,16],"damage_taken":[{"damage":3,"enemies":"2 Louse","floor":1,"turns":3},{"damage":7,"enemies":"Jaw Worm","floor":2,"turns":4},{"damage":21,"enemies":"Small Slimes","floor":5,"turns":5},{"damage":22,"enemies":"3 Sentries","floor":6,"turns":6},{"damage":8,"enemies":"3 Louse","floor":8,"turns":4},{"damage":2,"enemies":"Lagavulin","floor":11,"turns":5},{"damage":0,"enemies":"Looter","floor":12,"turns":2},{"damage":9,"enemies":"Exordium Wildlife","floor":13,"turns":3},{"damage":0,"enemies":"Gremlin Nob","floor":14,"turns":2},{"damage":30,"enemies":"Hexaghost","floor":16,"turns":9}],"seed_played":"6591453474804013139","potions_obtained":[{"floor":2,"key":"LiquidBronze"},{"floor":5,"key":"AttackPotion"},{"floor":6,"key":"SteroidPotion"}],"is_trial":false,"path_per_floor":["M","M","?","?","M","E","R","M","T","R","E","M","M","E","R","B"],"character_chosen":"DEFECT","items_purchased":[],"campfire_rested":2,"item_purchase_floors":[],"current_hp_per_floor":[61,54,54,47,26,4,25,17,17,17,15,15,6,6,27,0,0],"gold":233,"neow_bonus":"BOSS_RELIC","is_daily":false,"chose_seed":false,"campfire_upgraded":1,"win_rate":0.0,"timestamp":1610323478,"path_taken":["M","M","?","?","M","E","R","M","T","R","E","M","M","E","R","BOSS"],"items_purchased_type":[],"build_version":"2020-12-22","purchased_purges":0,"victory":false,"max_hp_per_floor":[71,71,71,71,71,71,71,71,71,71,71,71,71,71,71,71,71],"card_choices":[{"not_picked":["Redo","Conserve Battery"],"picked":"Darkness","floor":1},{"not_picked":["Double Energy","Gash"],"picked":"Genetic Algorithm","floor":2},{"not_picked":["Reinforced Body","Compile Driver"],"picked":"Recycle","floor":5},{"not_picked":["Turbo","Reboot"],"picked":"Defragment","floor":6},{"not_picked":["Stack","Tempest"],"picked":"Undo","floor":7},{"not_picked":["Steam","Capacitor"],"picked":"Rip and Tear","floor":8},{"not_picked":["Capacitor","Beam Cell"],"picked":"Compile Driver","floor":11},{"not_picked":["White Noise","Rebound"],"picked":"Meteor Strike","floor":12},{"not_picked":["Gash","Tempest"],"picked":"Doom and Gloom","floor":13},{"not_picked":["Chaos","Cold Snap"],"picked":"Coolheaded","floor":14}],"player_experience":715331,"relics_obtained":[{"floor":6,"key":"Dream Catcher"},{"floor":9,"key":"Smiling Mask"},{"floor":11,"key":"Juzu Bracelet"},{"floor":14,"key":"Bag of Marbles"}],"event_choices":[{"cards_removed":["Defend_B"],"damage_healed":0,"gold_gain":0,"player_choice":"Card Removal","damage_taken":0,"max_hp_gain":0,"max_hp_loss":0,"event_name":"The Cleric","floor":3,"gold_loss":75},{"cards_removed":["Strike_B"],"damage_healed":0,"gold_gain":0,"player_choice":"Card Removal","damage_taken":7,"max_hp_gain":0,"max_hp_loss":0,"event_name":"Golden Wing","floor":4,"gold_loss":0}],"is_beta":false,"boss_relics":[],"items_purged_floors":[],"is_endless":false,"potions_floor_spawned":[2,5,6,8],"killed_by":"Hexaghost","ascension_level":20}}