{"host":"jlz4is0nf6zo9oab","time":1610395615,"event":{"mods":["AchievementEnabler","BaseMod","Colored Map","Colored Powertips","Highlight Path","Minty Spire (QoL Compilation)","StSLib"],"gold_per_floor":[112,125,200,200,200,200,216,216,240,255,290,303,7,18,18,123,123,143,143,143,158,158,158,158,158],"floor_reached":24,"playtime":643,"items_purged":[],"score":304,"play_id":"e9f2ea73-881a-423c-83a0-4d553648da9c","local_time":"20210111210655","is_ascension_mode":true,"campfire_choices":[{"data":"Bash","floor":6,"key":"SMITH"},{"data":"Rampage","floor":8,"key":"SMITH"},{"data":"Uppercut","floor":15,"key":"SMITH"},{"floor":23,"key":"REST"}],"circlet_count":0,"master_deck":["AscendersBane","Strike_R+1","Strike_R+1","Strike_R+1","Defend_R+1","Defend_R+1","Defend_R+1","Defend_R+1","Bash+1","Rampage+1","Uppercut+1","Spot Weakness","Whirlwind","Demon Form"],"relics":["Burning Blood","NeowsBlessing","Omamori","Happy Flower","Pantograph","Empty Cage"],"acts_visited":["Exordium","TheCity"],"potions_floor_usage":[11,16,18,21],"damage_taken":[{"damage":0,"enemies":"Jaw Worm","floor":1,"turns":1},{"damage":0,"enemies":"2 Louse","floor":2,"turns":1},{"damage":0,"enemies":"Small Slimes","floor":7,"turns":2},{"damage":30,"enemies":"Gremlin Gang","floor":10,"turns":5},{"damage":35,"enemies":"Lagavulin","floor":11,"turns":6},{"damage":16,"enemies":"Blue Slaver","floor":12,"turns":3},{"damage":0,"enemies":"3 Louse","floor":14,"turns":2},{"damage":62,"enemies":"Slime Boss","floor":16,"turns":11},{"damage":30,"enemies":"2 Thieves","floor":18,"turns":4},{"damage":25,"enemies":"Shell Parasite","floor":21,"turns":6},{"damage":50,"enemies":"Gremlin Leader","floor":24,"turns":6}],"seed_played":"-6233417812287175272","potions_obtained":[{"floor":10,"key":"BloodPotion"},{"floor":11,"key":"SpeedPotion"},{"floor":16,"key":"Energy Potion"},{"floor":18,"key":"Weak Potion"}],"is_trial":false,"path_per_floor":["M","M","?","$","?","R","M","R","T","M","E","M","$","M","R","B",null,"M","?","?","M","?","R","E"],"character_chosen":"IRONCLAD","items_purchased":["Pantograph","Metallicize"],"campfire_rested":1,"item_purchase_floors":[13,13],"current_hp_per_floor":[78,80,69,69,74,74,80,80,80,56,44,34,34,40,40,9,66,42,42,42,23,23,48,0,0],"gold":158,"neow_bonus":"THREE_ENEMY_KILL","is_daily":false,"chose_seed":false,"campfire_upgraded":3,"win_rate":0.0,"timestamp":1610395615,"path_taken":["M","M","?","$","?","R","M","R","T","M","E","M","$","M","R","BOSS","M","?","?","?","?","R","E"],"items_purchased_type":["Relic","Card"],"build_version":"2020-12-22","purchased_purges":0,"victory":false,"max_hp_per_floor":[80,80,80,80,85,85,85,85,85,85,85,85,85,85,85,85,85,85,85,85,85,85,85,85,85],"card_choices":[{"not_picked":["Havoc","Disarm"],"picked":"Rampage","floor":1},{"not_picked":["Perfected Strike","Burning Pact","Blood for Blood"],"picked":"SKIP","floor":2},{"not_picked":["Body Slam","Evolve","Shockwave"],"picked":"SKIP","floor":7},{"not_picked":["Pommel Strike","Warcry"],"picked":"Uppercut","floor":10},{"not_picked":["Power Through","Whirlwind"],"picked":"Spot Weakness","floor":11},{"not_picked":["Blood for Blood","Fire Breathing"],"picked":"Whirlwind","floor":12},{"not_picked":["Headbutt","Clothesline","Hemokinesis"],"picked":"SKIP","floor":14},{"not_picked":["Armaments+1","Flex+1","True Grit"],"picked":"SKIP","floor":18},{"not_picked":["Armaments+1","Headbutt+1","Heavy Blade"],"picked":"SKIP","floor":21}],"player_experience":945410,"relics_obtained":[{"floor":9,"key":"Omamori"},{"floor":11,"key":"Happy Flower"}],"event_choices":[{"damage_healed":0,"gold_gain":75,"player_choice":"Gather Gold","damage_taken":11,"max_hp_gain":0,"max_hp_loss":0,"event_name":"World of Goop","floor":3,"gold_loss":0},{"damage_healed":0,"gold_gain":0,"player_choice":"Donut","damage_taken":0,"max_hp_gain":5,"max_hp_loss":0,"event_name":"Big Fish","floor":5,"gold_loss":0},{"damage_healed":0,"gold_gain":0,"player_choice":"Simplicity","damage_taken":0,"max_hp_gain":0,"max_hp_loss":0,"event_name":"Back to Basics","floor":19,"gold_loss":0,"cards_upgraded":["Strike_R","Strike_R","Strike_R","Defend_R","Defend_R","Defend_R","Defend_R"]},{"damage_healed":0,"gold_gain":0,"cards_transformed":["Metallicize"],"player_choice":"Transformed","damage_taken":0,"max_hp_gain":0,"max_hp_loss":0,"event_name":"Transmorgrifier","floor":20,"gold_loss":0,"cards_obtained":["Demon Form"]},{"damage_healed":0,"gold_gain":0,"player_choice":"Ignored","damage_taken":0,"max_hp_gain":0,"max_hp_loss":0,"event_name":"Vampires","floor":22,"gold_loss":0}],"is_beta":false,"boss_relics":[{"not_picked":["Astrolabe","Black Star"],"picked":"Empty Cage"}],"items_purged_floors":[],"is_endless":false,"potions_floor_spawned":[10,11,16,18],"killed_by":"Gremlin Leader","ascension_level":11}}