{"host":"19t2eyow02s954g8","time":1610378057,"event":{"mods":["BaseMod","Colored Map","DeckTracker","Minty Spire (QoL Compilation)","StSLib","SuperFastMode"],"gold_per_floor":[113,113,188,188,203,203,234,71,151,171,191,191,217,232,232,232,232],"floor_reached":16,"playtime":359,"items_purged":["Strike_G"],"score":270,"play_id":"d1004aed-a1e3-4c50-ba41-7a023455ca3e","local_time":"20210112001417","is_ascension_mode":true,"campfire_choices":[{"data":"Neutralize","floor":6,"key":"SMITH"},{"data":"Calculated Gamble","floor":12,"key":"SMITH"},{"data":"Eviscerate","floor":15,"key":"SMITH"}],"circlet_count":0,"master_deck":["AscendersBane","Strike_G","Strike_G","Strike_G","Defend_G","Defend_G","Defend_G","Defend_G","Defend_G","Survivor","Neutralize+1","Dagger Spray","Dagger Spray","A Thousand Cuts","Calculated Gamble+1","Acrobatics","Tactician","Eviscerate+1"],"relics":["Ring of the Snake","NeowsBlessing","MealTicket","Ninja Scroll","Bronze Scales"],"acts_visited":["Exordium"],"potions_floor_usage":[10,11,13,16],"damage_taken":[{"damage":0,"enemies":"Jaw Worm","floor":1,"turns":1},{"damage":0,"enemies":"Small Slimes","floor":5,"turns":1},{"damage":0,"enemies":"Gremlin Nob","floor":7,"turns":1},{"damage":0,"enemies":"2 Louse","floor":10,"turns":1},{"damage":5,"enemies":"Exordium Thugs","floor":11,"turns":5},{"damage":30,"enemies":"3 Sentries","floor":13,"turns":4},{"damage":6,"enemies":"3 Louse","floor":14,"turns":3},{"damage":27,"enemies":"Hexaghost","floor":16,"turns":9}],"seed_played":"1418546917747821599","potions_obtained":[{"floor":1,"key":"Explosive Potion"},{"floor":7,"key":"Weak Potion"},{"floor":11,"key":"ColorlessPotion"},{"floor":14,"key":"LiquidBronze"}],"is_trial":false,"path_per_floor":["M","?","?","?","M","R","E","$","T","M","M","R","E","M","R","B"],"character_chosen":"THE_SILENT","items_purchased":["Calculated Gamble"],"campfire_rested":0,"item_purchase_floors":[8],"current_hp_per_floor":[59,59,48,53,53,53,53,68,68,68,63,63,33,27,27,0,0],"gold":232,"neow_bonus":"THREE_ENEMY_KILL","is_daily":false,"chose_seed":false,"campfire_upgraded":3,"win_rate":0.0,"timestamp":1610378057,"path_taken":["M","?","?","?","M","R","E","$","T","M","M","R","E","M","R","BOSS"],"items_purchased_type":["Card"],"build_version":"2020-12-22","purchased_purges":1,"victory":false,"max_hp_per_floor":[66,66,66,71,71,71,71,71,71,71,71,71,71,71,71,71,71],"card_choices":[{"not_picked":["Masterful Stab","Bane"],"picked":"Dagger Spray","floor":1},{"not_picked":["Underhanded Strike","Sucker Punch","Skewer"],"picked":"SKIP","floor":5},{"not_picked":["Masterful Stab","PiercingWail"],"picked":"A Thousand Cuts","floor":7},{"not_picked":["Concentrate","Dagger Spray"],"picked":"Acrobatics","floor":10},{"not_picked":["Reflex","Underhanded Strike"],"picked":"Tactician","floor":11},{"not_picked":["Bane","Underhanded Strike"],"picked":"Eviscerate","floor":13},{"not_picked":["Flying Knee","Outmaneuver","Sucker Punch"],"picked":"SKIP","floor":14}],"player_experience":4248979,"relics_obtained":[{"floor":7,"key":"MealTicket"},{"floor":9,"key":"Ninja Scroll"},{"floor":13,"key":"Bronze Scales"}],"event_choices":[{"damage_healed":0,"gold_gain":0,"cards_transformed":["Strike_G"],"player_choice":"Change","damage_taken":0,"max_hp_gain":0,"max_hp_loss":0,"event_name":"Living Wall","floor":2,"gold_loss":0,"cards_obtained":["Dagger Spray"]},{"damage_healed":0,"gold_gain":75,"player_choice":"Gather Gold","damage_taken":11,"max_hp_gain":0,"max_hp_loss":0,"event_name":"World of Goop","floor":3,"gold_loss":0},{"damage_healed":0,"gold_gain":0,"player_choice":"Donut","damage_taken":0,"max_hp_gain":5,"max_hp_loss":0,"event_name":"Big Fish","floor":4,"gold_loss":0}],"is_beta":false,"boss_relics":[],"items_purged_floors":[8],"is_endless":false,"potions_floor_spawned":[1,7,11,14],"killed_by":"Hexaghost","ascension_level":20}}