{"host":"xt3o4iokwksypl90","time":1610403923,"event":{"mods":["AchievementEnabler","BaseMod","Highlight Path","Minty Spire (QoL Compilation)","Permanent Neow"],"gold_per_floor":[110,125,137,212,226,258,258,290,290,290,303,147,147,174,174,174,174],"floor_reached":16,"playtime":1083,"items_purged":["Strike_R"],"score":150,"play_id":"2fae6093-6ea0-464b-943d-9bf6e83b9cbd","local_time":"20210111232523","is_ascension_mode":true,"campfire_choices":[{"floor":7.0,"key":"REST"},{"floor":15.0,"key":"DIG"}],"circlet_count":0,"master_deck":["Strike_R","Strike_R","Strike_R","Strike_R","Defend_R","Defend_R","Defend_R","Defend_R","Bash","Inflame","Dropkick","Heavy Blade","Immolate","Exhume","Armaments","Dramatic Entrance","Demon Form"],"relics":["Burning Blood","Dream Catcher","Turnip","Happy Flower","Shovel","Champion Belt"],"acts_visited":["Exordium"],"potions_floor_usage":[16],"damage_taken":[{"damage":0.0,"enemies":"2 Louse","floor":1.0,"turns":4.0},{"damage":0.0,"enemies":"Small Slimes","floor":2.0,"turns":3.0},{"damage":7.0,"enemies":"Jaw Worm","floor":3.0,"turns":3.0},{"damage":17.0,"enemies":"Looter","floor":5.0,"turns":3.0},{"damage":15.0,"enemies":"3 Sentries","floor":6.0,"turns":3.0},{"damage":15.0,"enemies":"Lagavulin","floor":8.0,"turns":5.0},{"damage":21.0,"enemies":"Gremlin Gang","floor":11.0,"turns":3.0},{"damage":15.0,"enemies":"3 Sentries","floor":14.0,"turns":3.0},{"damage":46,"enemies":"The Guardian","floor":16,"turns":5}],"seed_played":"6790620608669674460","potions_obtained":[{"floor":3.0,"key":"BlessingOfTheForge"},{"floor":6.0,"key":"DistilledChaos"},{"floor":8.0,"key":"DuplicationPotion"},{"floor":14.0,"key":"LiquidBronze"}],"is_trial":false,"path_per_floor":["M","M","M","?","M","E","R","E","T","?","M","$","?","E","R","B"],"character_chosen":"IRONCLAD","items_purchased":["Dramatic Entrance"],"campfire_rested":1,"item_purchase_floors":[12],"current_hp_per_floor":[80,80,79,68,57,48,72,63,63,63,48,48,53,44,44,0,0],"gold":174,"neow_bonus":"RANDOM_COMMON_RELIC","is_daily":false,"chose_seed":false,"campfire_upgraded":0,"win_rate":0.0,"timestamp":1610403923,"path_taken":["M","M","M","?","M","E","R","E","T","?","M","$","?","E","R","BOSS"],"items_purchased_type":["Card"],"build_version":"2020-12-22","purchased_purges":1,"victory":false,"max_hp_per_floor":[80,80,80,80,80,80,80,80,80,80,80,80,85,85,85,85,85],"card_choices":[{"not_picked":["True Grit","Flex"],"picked":"Inflame","floor":1.0},{"not_picked":["Infernal Blade","Havoc"],"picked":"Dropkick","floor":2.0},{"not_picked":["Rampage","Anger"],"picked":"Heavy Blade","floor":3.0},{"not_picked":["Flex","Havoc"],"picked":"Immolate","floor":5.0},{"not_picked":["Sever Soul","Body Slam","Anger"],"picked":"SKIP","floor":6.0},{"not_picked":["Bloodletting","True Grit"],"picked":"Exhume","floor":7.0},{"not_picked":["Flex","Flame Barrier"],"picked":"Armaments","floor":8.0},{"not_picked":["Pommel Strike","Sword Boomerang","Warcry"],"picked":"SKIP","floor":11.0},{"not_picked":["Entrench","True Grit"],"picked":"Demon Form","floor":14.0}],"player_experience":274637,"relics_obtained":[{"floor":6.0,"key":"Turnip"},{"floor":8.0,"key":"Happy Flower"},{"floor":14.0,"key":"Shovel"},{"floor":15.0,"key":"Champion Belt"}],"event_choices":[{"damage_healed":0.0,"max_hp_gain":0.0,"max_hp_loss":0.0,"gold_gain":75.0,"event_name":"World of Goop","player_choice":"Gather Gold","floor":4.0,"gold_loss":0.0,"damage_taken":11.0},{"damage_healed":0.0,"max_hp_gain":0.0,"max_hp_loss":0.0,"gold_gain":0.0,"event_name":"Liars Game","player_choice":"Ignored","floor":10.0,"gold_loss":0.0,"damage_taken":0.0},{"damage_healed":0.0,"max_hp_gain":5.0,"max_hp_loss":0.0,"gold_gain":0.0,"event_name":"Big Fish","player_choice":"Donut","floor":13.0,"gold_loss":0.0,"damage_taken":0.0}],"is_beta":false,"boss_relics":[],"items_purged_floors":[12],"is_endless":false,"potions_floor_spawned":[3,6,8,14],"killed_by":"The Guardian","ascension_level":5}}