{"host":"ty2cix8xj6r3ad26","time":1610398077,"event":{"mods":["AchievementEnabler","BaseMod","BetterRewards","Minty Spire (QoL Compilation)","StSLib","SuperFastMode","The Servant 0.9.4"],"gold_per_floor":[117,117,39,51,51,51,61,73,127,127,145,20,40,65,65,163,163,176,126,41,41,60,92,92,92,118,118,118,118,118,128,128,229,229,239,239,239,249,249,249,249,279,303,303,303,303,3,35,35,35,35,35,35,66,66,66],"floor_reached":55,"playtime":2458,"items_purged":["Strike_B","Strike_B","Strike_B","Defend_B"],"score":1057,"play_id":"47303548-e7f7-4081-ae28-7562263351f4","local_time":"20210111224757","is_ascension_mode":true,"campfire_choices":[{"data":"Fusion","floor":6,"key":"SMITH"},{"data":"Zap","floor":10,"key":"SMITH"},{"data":"Defragment","floor":15,"key":"SMITH"},{"data":"Biased Cognition","floor":25,"key":"SMITH"},{"data":"Barrage","floor":30,"key":"SMITH"},{"floor":32,"key":"RECALL"},{"floor":40,"key":"REST"},{"floor":44,"key":"REST"},{"floor":49,"key":"REST"},{"floor":52,"key":"REST"}],"circlet_count":0,"master_deck":["Zap+1","Barrage+1","Chill","BootSequence","Doom and Gloom+1","Compile Driver+1","Cold Snap+1","Capacitor","Fusion+1","Lockon+1","Defragment+1","Biased Cognition+1","Double Energy+1","Undo+1","Coolheaded+1","Electrodynamics","Loop+1","Biased Cognition+1","Madness","Madness","White Noise+1"],"relics":["Cracked Core","Omamori","Molten Egg 2","Tiny Chest","Smiling Mask","Astrolabe","Juzu Bracelet","DataDisk","Anchor","Boot","Fusion Hammer","Frozen Egg 2","Meat on the Bone","Orichalcum","Turnip","Centennial Puzzle","Pen Nib","Blood Vial","HornCleat"],"acts_visited":["Exordium","TheCity","TheBeyond","TheEnding"],"potions_floor_usage":[11,14,23,33,48,50,50],"damage_taken":[{"damage":8,"enemies":"Small Slimes","floor":1,"turns":3},{"damage":0,"enemies":"Cultist","floor":4,"turns":3},{"damage":0,"enemies":"2 Louse","floor":7,"turns":2},{"damage":1,"enemies":"Lots of Slimes","floor":8,"turns":3},{"damage":1,"enemies":"Large Slime","floor":11,"turns":3},{"damage":0,"enemies":"2 Fungi Beasts","floor":13,"turns":2},{"damage":9,"enemies":"3 Sentries","floor":14,"turns":4},{"damage":3,"enemies":"The Guardian","floor":16,"turns":10},{"damage":0,"enemies":"2 Thieves","floor":18,"turns":3},{"damage":0,"enemies":"Spheric Guardian","floor":22,"turns":4},{"damage":26,"enemies":"Gremlin Leader","floor":23,"turns":5},{"damage":0,"enemies":"Cultist and Chosen","floor":31,"turns":5},{"damage":26,"enemies":"Automaton","floor":33,"turns":7},{"damage":3,"enemies":"3 Darklings","floor":35,"turns":3},{"damage":0,"enemies":"3 Shapes","floor":38,"turns":2},{"damage":8,"enemies":"Nemesis","floor":42,"turns":5},{"damage":0,"enemies":"Giant Head","floor":48,"turns":5},{"damage":4,"enemies":"Time Eater","floor":50,"turns":8},{"damage":28,"enemies":"Shield and Spear","floor":54,"turns":5},{"damage":79,"enemies":"The Heart","floor":55,"turns":3}],"seed_played":"5832003952724917016","potions_obtained":[{"floor":4,"key":"Fire Potion"},{"floor":11,"key":"Dexterity Potion"},{"floor":16,"key":"Regen Potion"},{"floor":23,"key":"Ancient Potion"},{"floor":33,"key":"Strength Potion"},{"floor":38,"key":"Swift Potion"},{"floor":48,"key":"Block Potion"}],"is_trial":false,"path_per_floor":["M","?","$","M","?","R","M","M","T","R","M","$","M","E","R","B",null,"M","$","?","?","M","E","T","R","T","?","?","?","R","M","R","B",null,"M","$","T","M","?","R","?","E","T","R","?","T","$","E","R","B",null,"R","$","E","B"],"character_chosen":"DEFECT","items_purchased":["Omamori","Barrage","Chill","Molten Egg 2","Coolheaded","BootSequence","Doom and Gloom+1","Capacitor","Centennial Puzzle","Pen Nib"],"campfire_rested":4,"item_purchase_floors":[0,0,0,0,0,0,0,3,47,47],"current_hp_per_floor":[25,25,25,25,25,25,25,24,24,24,23,23,23,21,21,25,63,63,63,63,63,70,65,65,65,65,65,56,56,56,63,63,44,67,71,71,71,71,71,75,75,67,67,75,66,66,66,66,75,71,74,75,75,47,0,0],"gold":66,"neow_bonus":"","is_daily":false,"chose_seed":false,"campfire_upgraded":5,"win_rate":0.0,"timestamp":1610398077,"path_taken":["M","?","?","M","?","R","M","M","T","R","M","$","?","E","R","BOSS","M","$","?","?","M","E","?","R","T","?","?","?","R","M","R","BOSS","M","$","?","M","?","R","?","E","T","R","?","?","$","E","R","BOSS","R","$","E","BOSS"],"items_purchased_type":["Relic","Card","Card","Relic","Card","Card","Card","Card","Relic","Relic"],"build_version":"2020-12-22","purchased_purges":4,"victory":false,"max_hp_per_floor":[75,75,75,75,75,75,75,75,75,75,75,75,75,75,75,75,75,75,75,75,75,75,75,75,75,75,75,75,75,75,75,75,75,75,75,75,75,75,75,75,75,75,75,75,75,75,75,75,75,75,75,75,75,75,75,75],"card_choices":[{"not_picked":["Hologram","Sweeping Beam+1"],"picked":"Compile Driver+1","floor":1},{"not_picked":["Sunder+1","Coolheaded"],"picked":"Fusion","floor":4},{"not_picked":["Darkness","Reprogram","Sweeping Beam+1"],"picked":"SKIP","floor":7},{"not_picked":["Rebound+1","Capacitor","Coolheaded"],"picked":"SKIP","floor":8},{"not_picked":["Cold Snap+1","Reprogram"],"picked":"Lockon+1","floor":11},{"not_picked":["Redo","Leap"],"picked":"Self Repair","floor":13},{"not_picked":["Hello World","Leap"],"picked":"Defragment","floor":14},{"not_picked":["All For One+1","Rainbow"],"picked":"Biased Cognition","floor":16},{"not_picked":["Skim","Cold Snap+1","Coolheaded"],"picked":"SKIP","floor":18},{"not_picked":["Lockon+1","Cold Snap+1","Gash+1"],"picked":"SKIP","floor":22},{"not_picked":["Recycle","Sweeping Beam+1","Stack"],"picked":"SKIP","floor":23},{"not_picked":["Fusion+1","Sunder+1","Gash+1"],"picked":"SKIP","floor":31},{"not_picked":["Hyperbeam+1","Thunder Strike+1"],"picked":"Electrodynamics","floor":33},{"not_picked":["Chaos","Gash+1","Genetic Algorithm+1"],"picked":"SKIP","floor":35},{"not_picked":["Conserve Battery","Skim+1"],"picked":"Loop+1","floor":38},{"not_picked":["Turbo","Conserve Battery+1","Undo+1"],"picked":"SKIP","floor":42},{"not_picked":["Barrage+1","Reprogram+1"],"picked":"White Noise+1","floor":48},{"not_picked":["Conserve Battery+1","Core Surge+1","Go for the Eyes+1"],"picked":"SKIP","floor":54}],"player_experience":486446,"relics_obtained":[{"floor":9,"key":"Tiny Chest"},{"floor":14,"key":"Smiling Mask"},{"floor":23,"key":"DataDisk"},{"floor":26,"key":"Anchor"},{"floor":29,"key":"Boot"},{"floor":37,"key":"Frozen Egg 2"},{"floor":42,"key":"Meat on the Bone"},{"floor":43,"key":"Orichalcum"},{"floor":46,"key":"Turnip"},{"floor":48,"key":"Blood Vial"},{"floor":54,"key":"HornCleat"}],"event_choices":[{"damage_healed":0,"gold_gain":0,"cards_transformed":["Defend_B"],"player_choice":"Transformed","damage_taken":0,"max_hp_gain":0,"max_hp_loss":0,"event_name":"Transmorgrifier","floor":2,"gold_loss":0,"cards_obtained":["Cold Snap"]},{"cards_removed":["Strike_B"],"damage_healed":0,"gold_gain":0,"player_choice":"Purged","damage_taken":0,"max_hp_gain":0,"max_hp_loss":0,"event_name":"Purifier","floor":5,"gold_loss":0},{"damage_healed":0,"gold_gain":0,"player_choice":"Obtained Relic","damage_taken":0,"relics_obtained":["Juzu Bracelet"],"max_hp_gain":0,"max_hp_loss":0,"event_name":"Addict","floor":20,"gold_loss":85},{"damage_healed":0,"gold_gain":0,"player_choice":"Ignored","damage_taken":0,"max_hp_gain":0,"max_hp_loss":0,"event_name":"Ghosts","floor":21,"gold_loss":0},{"cards_removed":["Coolheaded"],"damage_healed":0,"gold_gain":0,"player_choice":"Elegance","damage_taken":0,"max_hp_gain":0,"max_hp_loss":0,"event_name":"Back to Basics","floor":27,"gold_loss":0},{"damage_healed":0,"gold_gain":0,"player_choice":"Stopped","damage_taken":9,"max_hp_gain":0,"max_hp_loss":0,"event_name":"Cursed Tome","floor":28,"gold_loss":0},{"damage_healed":0,"gold_gain":0,"player_choice":"Relic","damage_taken":0,"max_hp_gain":0,"max_hp_loss":0,"event_name":"Wheel of Change","floor":29,"gold_loss":0},{"cards_removed":["Self Repair"],"damage_healed":0,"gold_gain":0,"player_choice":"Removed Power","damage_taken":0,"max_hp_gain":0,"max_hp_loss":0,"event_name":"Falling","floor":39,"gold_loss":0},{"damage_healed":0,"gold_gain":0,"player_choice":"Copied","damage_taken":0,"max_hp_gain":0,"max_hp_loss":0,"event_name":"Duplicator","floor":41,"gold_loss":0,"cards_obtained":["Biased Cognition"]},{"damage_healed":0,"gold_gain":0,"player_choice":"Embrace Madness","damage_taken":9,"max_hp_gain":0,"max_hp_loss":0,"event_name":"Winding Halls","floor":45,"gold_loss":0,"cards_obtained":["Madness","Madness"]}],"is_beta":false,"boss_relics":[{"not_picked":["Philosopher\u0027s Stone","SlaversCollar"],"picked":"Astrolabe"},{"not_picked":["Black Star","Busted Crown"],"picked":"Fusion Hammer"}],"items_purged_floors":[0,0,12,19],"is_endless":false,"potions_floor_spawned":[4,11,16,23,33,38,48],"killed_by":"The Heart","ascension_level":9}}