{"host":"hfxp6ue4pvwo3fit","time":1610329840,"event":{"mods":["AchievementEnabler","BaseMod","Colored Map","Colored Powertips","Highlight Path","Minty Spire (QoL Compilation)","Relic Stats","StSLib","SuperFastMode"],"gold_per_floor":[115,115,130,205,223,223,254,254,281,281,8,283,293,308,308,308,308],"floor_reached":16,"playtime":293,"items_purged":[],"score":200,"play_id":"0d661cfd-0555-4ae2-942f-164acc802de1","local_time":"20210110195040","is_ascension_mode":true,"campfire_choices":[{"data":"Static Discharge","floor":6,"key":"SMITH"},{"floor":8,"key":"REST"},{"data":"Streamline","floor":10,"key":"SMITH"},{"floor":15,"key":"REST"}],"circlet_count":0,"master_deck":["AscendersBane","Strike_B","Strike_B","Strike_B","Strike_B","Defend_B","Defend_B+1","Defend_B","Defend_B","Zap+1","Dualcast","Streamline+1","Static Discharge+1","Clumsy","Regret","Chill"],"relics":["Cursed Key","War Paint","Singing Bowl","Centennial Puzzle","Darkstone Periapt"],"acts_visited":["Exordium"],"potions_floor_usage":[16,16],"damage_taken":[{"damage":4,"enemies":"2 Louse","floor":1,"turns":2},{"damage":7,"enemies":"Jaw Worm","floor":3,"turns":2},{"damage":0,"enemies":"Cultist","floor":5,"turns":3},{"damage":22,"enemies":"3 Sentries","floor":7,"turns":5},{"damage":15,"enemies":"Exordium Thugs","floor":13,"turns":4},{"damage":0,"enemies":"2 Fungi Beasts","floor":14,"turns":2},{"damage":49,"enemies":"Slime Boss","floor":16,"turns":8}],"seed_played":"6984949663416280271","potions_obtained":[{"floor":3,"key":"GamblersBrew"},{"floor":13,"key":"FocusPotion"}],"is_trial":false,"path_per_floor":["M","?","M","?","M","R","E","R","T","R","$","?","M","M","R","B"],"character_chosen":"DEFECT","items_purchased":["Darkstone Periapt"],"campfire_rested":2,"item_purchase_floors":[11],"current_hp_per_floor":[60,49,42,31,31,31,11,32,32,32,32,38,23,25,49,0,0],"gold":308,"neow_bonus":"BOSS_RELIC","is_daily":false,"chose_seed":false,"campfire_upgraded":2,"win_rate":0.0,"timestamp":1610329840,"path_taken":["M","?","M","?","M","R","E","R","T","R","$","?","M","M","R","BOSS"],"items_purchased_type":["Relic"],"build_version":"2020-12-22","purchased_purges":0,"victory":false,"max_hp_per_floor":[71,71,71,71,71,71,73,73,73,73,73,79,79,81,81,81,81],"relic_stats":{"Darkstone Periapt":6,"Centennial Puzzle":[6],"Singing Bowl":4,"counters":[7,26],"War Paint":["Zap","Defend_B"],"Cursed Key":1,"obtain_stats":[{"Darkstone Periapt":11,"Centennial Puzzle":9,"Singing Bowl":7,"War Paint":2,"Cracked Core":0,"Cursed Key":0},{"Darkstone Periapt":4,"Centennial Puzzle":4,"Singing Bowl":4,"War Paint":1,"Cracked Core":0,"Cursed Key":0},{"Darkstone Periapt":12,"Centennial Puzzle":12,"Singing Bowl":12,"War Paint":2,"Cracked Core":0,"Cursed Key":0}]},"card_choices":[{"not_picked":["Steam","Rip and Tear"],"picked":"Streamline","floor":1},{"not_picked":["Streamline","Turbo"],"picked":"Static Discharge","floor":3},{"not_picked":["Heatsinks","Stack","BootSequence"],"picked":"SKIP","floor":5},{"not_picked":["Streamline","Consume","Auto Shields"],"picked":"Singing Bowl","floor":7},{"not_picked":["Redo","Ball Lightning"],"picked":"Chill","floor":13},{"not_picked":["Streamline","Melter","Stack"],"picked":"Singing Bowl","floor":14}],"player_experience":496307,"relics_obtained":[{"floor":7,"key":"Singing Bowl"},{"floor":9,"key":"Centennial Puzzle"}],"event_choices":[{"damage_healed":0,"gold_gain":0,"player_choice":"Success","damage_taken":11,"relics_obtained":["War Paint"],"max_hp_gain":0,"max_hp_loss":0,"event_name":"Scrap Ooze","floor":2,"gold_loss":0},{"damage_healed":0,"gold_gain":75,"player_choice":"Gather Gold","damage_taken":11,"max_hp_gain":0,"max_hp_loss":0,"event_name":"World of Goop","floor":4,"gold_loss":0},{"damage_healed":0,"gold_gain":275,"player_choice":"Desecrate","damage_taken":0,"max_hp_gain":0,"max_hp_loss":0,"event_name":"Golden Shrine","floor":12,"gold_loss":0,"cards_obtained":["Regret"]}],"is_beta":false,"boss_relics":[],"items_purged_floors":[],"is_endless":false,"potions_floor_spawned":[3,13,14],"killed_by":"Slime Boss","ascension_level":20}}