{"host":"i0avyit1s6jb1siw","time":1610379133,"event":{"mods":["BaseMod","DeckTracker","Dota2Spire","Highlight Path","Minty Spire (QoL Compilation)","Quick Restart","StSLib","SuperFastMode"],"gold_per_floor":[110,35,35,35,49,49,74,74,74,85,95,95,108,119,119,193,193,205,205,220,220,80,80,80,80],"floor_reached":24,"playtime":775,"items_purged":["Strike_G","Strike_G"],"score":492,"play_id":"47192a88-37f9-4a20-886a-23ad84eebad1","local_time":"20210111163213","is_ascension_mode":true,"campfire_choices":[{"data":"Poisoned Stab","floor":6,"key":"SMITH"},{"floor":8,"key":"REST"},{"data":"Calculated Gamble","floor":12,"key":"SMITH"},{"data":"Masterful Stab","floor":15,"key":"SMITH"},{"data":"Concentrate","floor":23,"key":"SMITH"}],"circlet_count":0,"master_deck":["AscendersBane","Strike_G+1","Defend_G","Defend_G+1","Defend_G","Defend_G","Defend_G","Survivor","Neutralize+1","Poisoned Stab+1","Masterful Stab+1","PiercingWail","Calculated Gamble+1","Bane+1","Dagger Throw+1","All Out Attack+1","Wraith Form v2","Well Laid Plans","All Out Attack+1","Noxious Fumes","Concentrate+1"],"relics":["Runic Dome","Mercury Hourglass","Molten Egg 2","Runic Pyramid","Regal Pillow"],"acts_visited":["Exordium","TheCity"],"potions_floor_usage":[13,16,18],"damage_taken":[{"damage":0,"enemies":"Cultist","floor":1,"turns":5},{"damage":0,"enemies":"2 Louse","floor":5,"turns":3},{"damage":21,"enemies":"3 Sentries","floor":7,"turns":9},{"damage":4,"enemies":"Small Slimes","floor":10,"turns":2},{"damage":0,"enemies":"Exordium Thugs","floor":11,"turns":3},{"damage":5,"enemies":"Gremlin Gang","floor":13,"turns":3},{"damage":1,"enemies":"3 Louse","floor":14,"turns":2},{"damage":0,"enemies":"Slime Boss","floor":16,"turns":6},{"damage":0,"enemies":"Chosen","floor":18,"turns":3},{"damage":21,"enemies":"3 Byrds","floor":20,"turns":4},{"damage":46,"enemies":"Book of Stabbing","floor":24,"turns":6}],"seed_played":"5710141121159509941","potions_obtained":[{"floor":1,"key":"Swift Potion"},{"floor":5,"key":"Block Potion"},{"floor":10,"key":"CunningPotion"},{"floor":14,"key":"LiquidMemories"}],"is_trial":false,"path_per_floor":["M","$","?","?","M","R","E","R","T","M","M","R","M","M","R","B",null,"M","?","M","T","$","R","E"],"character_chosen":"THE_SILENT","items_purchased":["Concentrate"],"campfire_rested":1,"item_purchase_floors":[22],"current_hp_per_floor":[59,59,39,39,39,39,18,37,37,33,33,33,28,27,27,27,56,56,56,35,35,35,35,0,0],"gold":80,"neow_bonus":"BOSS_RELIC","is_daily":false,"chose_seed":false,"campfire_upgraded":4,"win_rate":0.0,"timestamp":1610379133,"path_taken":["M","?","?","?","?","R","E","R","T","M","M","R","M","?","R","BOSS","M","?","M","?","$","R","E"],"items_purchased_type":["Card"],"build_version":"2020-12-22","purchased_purges":2,"victory":false,"max_hp_per_floor":[66,66,66,66,66,66,66,66,66,66,66,66,66,66,66,66,66,66,66,66,66,66,66,66,66],"card_choices":[{"not_picked":["Expertise","Deflect"],"picked":"Poisoned Stab","floor":1},{"not_picked":["Endless Agony","All Out Attack"],"picked":"Masterful Stab","floor":5},{"not_picked":["Dodge and Roll","All Out Attack"],"picked":"PiercingWail","floor":7},{"not_picked":["Slice+1","Expertise"],"picked":"Calculated Gamble","floor":10},{"not_picked":["Underhanded Strike+1","PiercingWail"],"picked":"Bane+1","floor":11},{"not_picked":["Outmaneuver","Deadly Poison"],"picked":"Dagger Throw+1","floor":13},{"not_picked":["Slice+1","Escape Plan"],"picked":"All Out Attack+1","floor":14},{"not_picked":["A Thousand Cuts","Envenom"],"picked":"Wraith Form v2","floor":16},{"not_picked":["Accuracy","Bane+1","Dagger Spray+1"],"picked":"SKIP","floor":18},{"not_picked":["Predator+1","Blade Dance"],"picked":"Noxious Fumes","floor":20}],"player_experience":2200774,"relics_obtained":[{"floor":7,"key":"Mercury Hourglass"},{"floor":9,"key":"Molten Egg 2"},{"floor":21,"key":"Regal Pillow"}],"event_choices":[{"damage_healed":0,"gold_gain":0,"player_choice":"Entered Light","damage_taken":20,"max_hp_gain":0,"max_hp_loss":0,"event_name":"Shining Light","floor":3,"gold_loss":0,"cards_upgraded":["Strike_G","Defend_G"]},{"damage_healed":0,"gold_gain":0,"player_choice":"Grow","damage_taken":0,"max_hp_gain":0,"max_hp_loss":0,"event_name":"Living Wall","floor":4,"gold_loss":0,"cards_upgraded":["Neutralize"]},{"damage_healed":0,"gold_gain":0,"cards_transformed":["Strike_G","Strike_G"],"player_choice":"Became Test Subject","damage_taken":0,"max_hp_gain":0,"max_hp_loss":0,"event_name":"Drug Dealer","floor":19,"gold_loss":0,"cards_obtained":["Well Laid Plans","All Out Attack"]}],"is_beta":false,"boss_relics":[{"not_picked":["Dota2Spire:RefresherOrb","Tiny House"],"picked":"Runic Pyramid"}],"items_purged_floors":[2,22],"is_endless":false,"potions_floor_spawned":[1,5,10,14],"killed_by":"Book of Stabbing","ascension_level":20}}