{"host":"t7rtdu4954o308h4","time":1610374495,"event":{"mods":["ATMod(阿瑾Mod)","AchievementEnabler","Act Like it!","BaseMod","Better Debug","Conspire","GifTheSpireLib","Infinite Spire","Minty Spire (QoL Compilation)","MostiFishMod","Pale of the Ancients","Replay The Spire","StSLib","TestMod","Waifu the Spire","【功能Mod】聪明的最终Boss","【遗物卡牌】REMEMod"],"gold_per_floor":[113,131,131,169,189,224,224,224,224,224,5,34,48,68,68,171,221,236,236,250,250,96,96,109,141,141,170,190,203,603,635,635,734,734,753,753,753,753,773,807,818,818,864,881,881,925,937,370,370,573,573,573,151,194,194],"floor_reached":56,"playtime":4183,"items_purged":["Strike_B","Strike_B","Defend_B"],"score":2041,"play_id":"6fb1d5fe-c010-4992-8960-9384cc313d42","local_time":"20210111221455","is_ascension_mode":true,"campfire_choices":[{"data":"Chaos","floor":7,"key":"SMITH"},{"data":"Crystallizer","floor":15,"key":"SMITH"},{"data":"Hello World","floor":23,"key":"SMITH"},{"data":"MostiFishMod:LinkProtocol","floor":32,"key":"SMITH"},{"data":"MostiFishMod:ATRI","floor":42,"key":"SMITH"},{"data":"conspire:Rain","floor":45,"key":"SMITH"},{"floor":49,"key":"RECALL"},{"data":"Static Discharge","floor":52,"key":"SMITH"}],"circlet_count":0,"master_deck":["AscendersBane","Strike_B","Strike_B+1","Defend_B+1","Defend_B","Zap","Dualcast","Hyperbeam","MostiFishMod:FrostNova","MostiFishMod:WinterMarkForm","AT_FamilyPortrait","REME_Whirling+1","Turbo","Heatsinks","Chaos+1","Coolheaded+1","Darkness","Crystallizer+1","MostiFishMod:DawningShadow","Redo","AT_WaterDrop","Fusion","MostiFishMod:LinkProtocol+1","Hello World+1","MostiFishMod:GatherIntelligence+1","Static Discharge+1","conspire:Rain+1","MostiFishMod:DeathFromBelow","Time Bomb","MostiFishMod:ATRI+1","MostiFishMod:Galeforce","ReplayTheSpireMod:Calculation Training+1","AT_EMC2","Lockon+1","AT_RobotInSpace+1","Turbo+1"],"relics":["Cracked Core","AT_ATBox","DaveBox","testmod-TestBox","testmod-SaigiyounoYou","FrostBlade","SynthV:TestCard","ReplayTheSpireMod:Ninjato","SynthV:TestCard","AT_SunfireAegis","SynthV:C4","Tiny House","HandDrill","infinitespire:FocusingShard","infinitespire:EmpoweringShard","AT_ArcaneBoots","conspire:DecoderRing","GreenFoldingFan","ReplayTheSpireMod:Ring of Challenge","ReplayTheSpireMod:Ring of Addiction","Chameleon Ring","Potion Belt","Anchor","Prayer Wheel","infinitespire:Satchel","CeramicFish","Ice Cream","Replay:Mystery Machine","Raider\u0027s Mask","Replay:Rubber Ducky","testmod-BalancedPeriapt"],"acts_visited":["Exordium","TheCity","TheBeyond","TheEnding"],"potions_floor_usage":[28,39,40,41,47,50,50,50,50,50,50,50,50,50,50,50,50,50,50,50,50,50,54,54,55],"damage_taken":[{"damage":1,"enemies":"infinitespire:Voidling","floor":1,"turns":2},{"damage":0,"enemies":"Small Slimes","floor":2,"turns":1},{"damage":10,"enemies":"Cultist","floor":4,"turns":4},{"damage":0,"enemies":"2 Fungi Beasts","floor":5,"turns":1},{"damage":0,"enemies":"Gremlin Nob","floor":6,"turns":3},{"damage":0,"enemies":"3 Sentries","floor":12,"turns":3},{"damage":15,"enemies":"3 Louse","floor":13,"turns":2},{"damage":6,"enemies":"Blue Slaver","floor":14,"turns":3},{"damage":40,"enemies":"Hexaghost","floor":16,"turns":6},{"damage":23,"enemies":"Spheric Guardian","floor":18,"turns":4},{"damage":2,"enemies":"Chosen","floor":20,"turns":3},{"damage":12,"enemies":"conspire:HollyBat","floor":24,"turns":5},{"damage":2,"enemies":"Replay:Snechameleon","floor":25,"turns":4},{"damage":0,"enemies":"conspire:Head Lice","floor":27,"turns":5},{"damage":14,"enemies":"3 Cultists","floor":28,"turns":3},{"damage":14,"enemies":"Shelled Parasite and Fungi","floor":29,"turns":4},{"damage":12,"enemies":"Book of Stabbing","floor":31,"turns":6},{"damage":21,"enemies":"Champ","floor":33,"turns":7},{"damage":6,"enemies":"3 Darklings","floor":35,"turns":3},{"damage":16,"enemies":"3 Shapes","floor":39,"turns":3},{"damage":25,"enemies":"R_Hoarder","floor":40,"turns":6},{"damage":10,"enemies":"Transient","floor":41,"turns":5},{"damage":10,"enemies":"Maw","floor":44,"turns":5},{"damage":55,"enemies":"Giant Head","floor":46,"turns":7},{"damage":19,"enemies":"Jaw Worm Horde","floor":47,"turns":2},{"damage":26,"enemies":"Time Eater","floor":50,"turns":34},{"damage":8,"enemies":"Shield and Spear","floor":54,"turns":4},{"damage":65,"enemies":"The Heart","floor":55,"turns":6}],"seed_played":"-6225949387746378441","potions_obtained":[{"floor":4,"key":"BlessingOfTheForge"},{"floor":5,"key":"testmod-TestPotion"},{"floor":12,"key":"EssenceOfDarkness"},{"floor":17,"key":"testmod-TimePotion"},{"floor":27,"key":"REME_GoldPotion"},{"floor":28,"key":"SteroidPotion"},{"floor":31,"key":"AttackPotion"},{"floor":33,"key":"Toxic Potion"},{"floor":37,"key":"Dexterity Potion"},{"floor":37,"key":"PotionOfCapacity"},{"floor":37,"key":"DistilledChaos"},{"floor":41,"key":"Block Potion"},{"floor":44,"key":"FearPotion"},{"floor":54,"key":"Energy Potion"}],"is_trial":false,"path_per_floor":["M","M","?","M","M","E","R","?","T","?","$","E","M","M","R","B",null,"M","?","M","?","$","R","M","E","T","E","M","M","?","E","R","B",null,"M","?","?","?","M","E","M","R","T","M","R","E","M","$","R","B",null,"R","$","E","B",null],"character_chosen":"DEFECT","items_purchased":["AT_SunfireAegis","HandDrill","Ice Cream","Replay:Mystery Machine","Raider\u0027s Mask","Replay:Rubber Ducky"],"campfire_rested":0,"item_purchase_floors":[11,22,48,48,53,53],"current_hp_per_floor":[72,74,62,61,63,70,70,70,70,70,70,75,63,62,62,43,72,51,51,56,56,56,56,52,69,69,80,67,58,58,58,58,64,76,80,76,76,76,76,74,76,76,76,76,74,42,37,37,37,71,71,71,71,69,36],"gold":194,"neow_bonus":"TRANSFORM_CARD","is_daily":false,"chose_seed":false,"campfire_upgraded":7,"win_rate":0.0,"timestamp":1610374495,"path_taken":["M","?","?","M","M","E","R","?","T","?","$","E","?","M","R","BOSS","M","?","M","?","$","R","M","E","T","E","M","M","?","E","R","BOSS","M","?","?","?","M","E","M","R","T","M","R","E","M","$","R","BOSS","R","$","E","BOSS"],"items_purchased_type":["Relic","Relic","Relic","Relic","Relic","Relic"],"build_version":"2020-12-22","purchased_purges":3,"victory":true,"max_hp_per_floor":[75,75,75,75,75,75,75,75,75,75,75,75,75,75,75,75,80,80,80,80,80,80,80,80,80,80,80,80,80,80,80,80,80,80,80,76,76,76,76,76,76,76,76,76,74,74,74,74,74,71,71,71,71,69,69],"card_choices":[{"not_picked":["Beam Cell","AT_RobotInSpace"],"picked":"Turbo","floor":1},{"not_picked":["Cold Snap","Redo","Turbo","Go for the Eyes"],"picked":"Heatsinks","floor":2},{"not_picked":["ReplayTheSpireMod:Reroute Power","Aggregate","Go for the Eyes","Panic Button"],"picked":"Chaos","floor":4},{"not_picked":["Compile Driver","Chaos","Go for the Eyes","REME_Whirling"],"picked":"Coolheaded","floor":5},{"not_picked":["FTL","Beam Cell","Rip and Tear","Steam"],"picked":"Darkness","floor":6},{"not_picked":["Compile Driver","Gash","Rip and Tear","AT_RobotInSpace","Barrage","Redo"],"picked":"Crystallizer","floor":12},{"not_picked":["Leap","Force Field","REME_DataAnalysis","Beam Cell","AT_HeatAcrobatics","Scrape"],"picked":"MostiFishMod:DawningShadow","floor":13},{"not_picked":["Conserve Battery","Turbo","Sweeping Beam","Beam Cell","Crystallizer","Rebound"],"picked":"Redo","floor":14},{"not_picked":["Core Surge","MostiFishMod:Tomorrow","MostiFishMod:DawningShadow","ReplayTheSpireMod:Omega Cannon","MostiFishMod:Exploitation","Seek"],"picked":"AT_WaterDrop","floor":16},{"not_picked":["AT_HeatAcrobatics","MostiFishMod:PushDownKick","Rebound","Ball Lightning","Panic Button","Rip and Tear"],"picked":"Fusion","floor":17},{"not_picked":["AT_HeatAcrobatics","Turbo","Redo","Streamline","Sweeping Beam","Cold Snap"],"picked":"MostiFishMod:LinkProtocol","floor":18},{"not_picked":["Ball Lightning","Streamline","Rebound+1","Glacier","Beam Cell+1","AT_StudyProgram"],"picked":"Hello World","floor":20},{"not_picked":["Undo","AT_EMC2+1","Sweeping Beam","BasicCrystalCard","Buffer","Cold Snap+1"],"picked":"MostiFishMod:GatherIntelligence+1","floor":24},{"not_picked":["Reinforced Body","Beam Cell","Leap","Cold Snap","ReplayTheSpireMod:Repulse","Scrape+1"],"picked":"Static Discharge","floor":25},{"not_picked":["Self Repair+1","Redo","Glacier","Stack+1","MostiFishMod:Impulse","Sweeping Beam"],"picked":"conspire:Rain","floor":27},{"not_picked":["BasicCrystalCard","Redo+1","Streamline","Gash","Sweeping Beam","Stack+1"],"picked":"MostiFishMod:DeathFromBelow","floor":28},{"not_picked":["Streamline","MostiFishMod:ReprogramOld+1","Conserve Battery","Double Energy","Panic Button+1","BasicCrystalCard"],"picked":"Time Bomb","floor":29},{"not_picked":["Hologram","Ball Lightning","Turbo","Rebound","Redo","Coolheaded+1","MostiFishMod:Culaccino"],"picked":"SKIP","floor":31},{"not_picked":["Hologram","Ball Lightning","Turbo","Rebound","Redo","Coolheaded+1","MostiFishMod:Culaccino"],"picked":"SKIP","floor":31},{"not_picked":["MostiFishMod:IceShield","Multi-Cast","MostiFishMod:InterfaceCompatibility","Seek","MostiFishMod:Culaccino","MostiFishMod:ActiveDefenseSystem"],"picked":"MostiFishMod:ATRI","floor":33},{"not_picked":["Rebound+1","Go for the Eyes+1","Gash","Chaos+1","Hologram","Streamline","Time Bomb+1"],"picked":"SKIP","floor":35},{"not_picked":["conspire:Banana","testmod-Wormhole","Mind Blast","Replay:Sssssssssstrike","testmod-ConditionedReflex","testmod-ShutDown"],"picked":"MostiFishMod:Galeforce","floor":38},{"not_picked":["Static Discharge","Go for the Eyes+1","Undo","MostiFishMod:FluxCapactior","Turbo+1","Leap+1","Hello World"],"picked":"SKIP","floor":39},{"not_picked":["Streamline+1","AT_HeatAcrobatics+1","Panic Button","ReplayTheSpireMod:Omega Cannon","Undo+1","Sweeping Beam","Turbo"],"picked":"SKIP","floor":40},{"not_picked":["conspire:Rain+1","Aggregate+1","ReplaySort","Leap","Rebound","All For One"],"picked":"ReplayTheSpireMod:Calculation Training+1","floor":41},{"not_picked":["ReplaySort+1","Redo+1","Melter","Compile Driver+1","Hologram+1","Turbo+1","Gash"],"picked":"SKIP","floor":41},{"not_picked":["Reinforced Body+1","AT_HeatAcrobatics+1","Go for the Eyes","ReplaySolidLightProjector+1","Doom and Gloom","Leap+1"],"picked":"AT_EMC2","floor":44},{"not_picked":["Rebound+1","BasicCrystalCard+1","REME_Whirling","Hello World","MostiFishMod:Tomorrow","Skim"],"picked":"Lockon+1","floor":44},{"not_picked":["Go for the Eyes","MostiFishMod:LinkProtocol","Rip and Tear","Capacitor","Scrape","Steam"],"picked":"AT_RobotInSpace+1","floor":46},{"not_picked":["conspire:Rain","Gash","Redo","Sweeping Beam+1","Turbo","Coolheaded","Ball Lightning"],"picked":"SKIP","floor":47},{"not_picked":["Sweeping Beam+1","Turbo+1","Glacier+1","Compile Driver","Coolheaded","Steam+1","Beam Cell+1"],"picked":"SKIP","floor":47},{"not_picked":["Barrage","REME_DataAnalysis","Force Field","MostiFishMod:ReprogramOld+1","Rebound+1","ReplayGash+1"],"picked":"Turbo+1","floor":54}],"player_experience":49720,"relics_obtained":[{"floor":1,"key":"SynthV:TestCard"},{"floor":6,"key":"War Paint"},{"floor":12,"key":"SynthV:C4"},{"floor":25,"key":"infinitespire:FocusingShard"},{"floor":26,"key":"infinitespire:EmpoweringShard"},{"floor":27,"key":"AT_SpeedBoots"},{"floor":31,"key":"conspire:DecoderRing"},{"floor":37,"key":"ReplayTheSpireMod:Ring of Challenge"},{"floor":37,"key":"ReplayTheSpireMod:Ring of Addiction"},{"floor":37,"key":"Chameleon Ring"},{"floor":37,"key":"Potion Belt"},{"floor":40,"key":"Anchor"},{"floor":43,"key":"infinitespire:Satchel"},{"floor":46,"key":"CeramicFish"},{"floor":54,"key":"testmod-BalancedPeriapt"}],"event_choices":[{"damage_healed":0,"gold_gain":0,"player_choice":"Success","damage_taken":12,"relics_obtained":["ReplayTheSpireMod:Ninjato"],"max_hp_gain":0,"max_hp_loss":0,"event_name":"Scrap Ooze","floor":3,"gold_loss":0},{"damage_healed":0,"gold_gain":0,"player_choice":"Swap Relic","damage_taken":0,"relics_obtained":["SynthV:TestCard"],"max_hp_gain":0,"max_hp_loss":0,"event_name":"给自己的盒子","floor":8,"relics_lost":["War Paint"],"gold_loss":0},{"damage_healed":0,"gold_gain":0,"player_choice":"Upgraded","damage_taken":0,"max_hp_gain":0,"max_hp_loss":0,"event_name":"Upgrade Shrine","floor":10,"gold_loss":0,"cards_upgraded":["Coolheaded"]},{"damage_healed":0,"gold_gain":0,"player_choice":"Leave","damage_taken":0,"max_hp_gain":0,"max_hp_loss":0,"event_name":"conspire:Investor","floor":19,"gold_loss":0},{"damage_healed":0,"gold_gain":400,"player_choice":"Sell","damage_taken":0,"max_hp_gain":0,"max_hp_loss":0,"event_name":"恩洛斯的盘子","floor":30,"relics_lost":["REME_ComplimentaryCards"],"gold_loss":0},{"damage_healed":0,"gold_gain":0,"player_choice":"Max HP","damage_taken":0,"max_hp_gain":0,"max_hp_loss":4,"event_name":"Winding Halls","floor":36,"gold_loss":0},{"damage_healed":0,"gold_gain":0,"player_choice":"Memory 1","damage_taken":0,"max_hp_gain":0,"max_hp_loss":0,"event_name":"SensoryStone","floor":38,"gold_loss":0}],"is_beta":false,"boss_relics":[{"not_picked":["testmod-DreamHouse","TakeMeEscape"],"picked":"Tiny House"},{"not_picked":["SlaversCollar","Philosopher\u0027s Stone"],"picked":"GreenFoldingFan"}],"items_purged_floors":[11,48,53],"is_endless":false,"potions_floor_spawned":[4,5,12,24,27,28,31,33,41,44,54],"ascension_level":10}}