{"host":"v54ek091sdz7ha6h","time":1610337683,"event":{"mods":["BaseMod","Better Vampires","Colored Map","Colored Powertips","Custom Start","DeckTracker","Friendly Minions","Highlight Path","KOR Keyword Fix","Minty Spire (QoL Compilation)","Rare Cards Sparkle","StSLib","SuperFastMode","everything is the same but u backflip on backflip","slay the spire mod where everything is the same but ironclad has a cowboy hat"],"gold_per_floor":[112,126,136,154,170,196,196,207,207,207,207,207,234,249,249,324,324,344,344,344,354,11,11,42,53,53,53,53],"floor_reached":27,"playtime":568,"items_purged":["Strike_B"],"score":490,"play_id":"a6bc4702-ed11-4852-99e6-3015af60851d","local_time":"20210111130123","is_ascension_mode":true,"campfire_choices":[{"floor":7.0,"key":"REST"},{"floor":10.0,"key":"REST"},{"data":"Consume","floor":12.0,"key":"SMITH"},{"data":"Loop","floor":15.0,"key":"SMITH"},{"data":"Capacitor","floor":23.0,"key":"SMITH"}],"circlet_count":0,"master_deck":["AscendersBane","Strike_B","Strike_B","Strike_B","Defend_B","Defend_B","Defend_B","Defend_B","Zap","Dualcast","Cold Snap","Capacitor+1","Consume+1","Seek+1","Conserve Battery","Ball Lightning","Auto Shields","Loop+1","Meteor Strike","Rebound","Coolheaded"],"relics":["Cracked Core","NeowsBlessing","PreservedInsect","White Beast Statue","Letter Opener","Snecko Eye","Bottled Lightning","Peace Pipe","Unceasing Top"],"acts_visited":["Exordium","TheCity"],"potions_floor_usage":[27,27,27,27],"damage_taken":[{"damage":0.0,"enemies":"Small Slimes","floor":1.0,"turns":1.0},{"damage":0.0,"enemies":"2 Louse","floor":2.0,"turns":1.0},{"damage":0.0,"enemies":"Jaw Worm","floor":3.0,"turns":1.0},{"damage":48.0,"enemies":"Gremlin Gang","floor":4.0,"turns":6.0},{"damage":5.0,"enemies":"Looter","floor":5.0,"turns":4.0},{"damage":7.0,"enemies":"Gremlin Nob","floor":6.0,"turns":3.0},{"damage":5.0,"enemies":"Blue Slaver","floor":8.0,"turns":4.0},{"damage":15.0,"enemies":"Lagavulin","floor":13.0,"turns":4.0},{"damage":4.0,"enemies":"Lots of Slimes","floor":14.0,"turns":3.0},{"damage":14.0,"enemies":"Hexaghost","floor":16.0,"turns":9.0},{"damage":6.0,"enemies":"Spheric Guardian","floor":18.0,"turns":3.0},{"damage":23.0,"enemies":"Shell Parasite","floor":21.0,"turns":5.0},{"damage":3.0,"enemies":"Book of Stabbing","floor":24.0,"turns":4.0},{"damage":5.0,"enemies":"Centurion and Healer","floor":25.0,"turns":6.0},{"damage":33,"enemies":"Slavers","floor":27,"turns":2}],"seed_played":"7999769457362683619","potions_obtained":[{"floor":4.0,"key":"AttackPotion"},{"floor":5.0,"key":"CultistPotion"},{"floor":8.0,"key":"AttackPotion"},{"floor":13.0,"key":"EssenceOfSteel"},{"floor":14.0,"key":"AttackPotion"},{"floor":16.0,"key":"EntropicBrew"},{"floor":18.0,"key":"FocusPotion"},{"floor":21.0,"key":"GamblersBrew"},{"floor":24.0,"key":"PotionOfCapacity"}],"is_trial":false,"path_per_floor":["M","M","M","M","M","E","R","M","T","R","?","R","E","M","R","B",null,"M","?","?","M","$","R","E","M","T","E"],"character_chosen":"DEFECT","items_purchased":["Bottled Lightning"],"campfire_rested":2,"item_purchase_floors":[22],"current_hp_per_floor":[64,64,64,16,11,4,25,20,20,41,46,46,31,27,27,13,60,54,54,54,31,31,31,28,23,23,0,0],"gold":53,"neow_bonus":"THREE_ENEMY_KILL","is_daily":false,"chose_seed":false,"campfire_upgraded":3,"win_rate":0.0,"timestamp":1610337683,"path_taken":["M","M","M","M","M","E","R","M","T","R","?","R","E","M","R","BOSS","M","?","?","M","$","R","E","?","T","E"],"items_purchased_type":["Relic"],"build_version":"2020-12-22","purchased_purges":1,"victory":false,"max_hp_per_floor":[71,71,71,71,71,71,71,71,71,71,76,76,76,76,76,76,76,76,76,76,76,76,76,76,76,76,76,76],"card_choices":[{"not_picked":["Steam","Blizzard"],"picked":"Cold Snap","floor":1.0},{"not_picked":["Hello World","Steam","Redo"],"picked":"SKIP","floor":2.0},{"not_picked":["Storm","Coolheaded"],"picked":"Capacitor","floor":3.0},{"not_picked":["Conserve Battery","Cold Snap"],"picked":"Consume","floor":4.0},{"not_picked":["Turbo","Chill"],"picked":"Seek","floor":5.0},{"not_picked":["Creative AI","Rebound"],"picked":"Conserve Battery","floor":6.0},{"not_picked":["Consume","Rebound"],"picked":"Ball Lightning","floor":8.0},{"not_picked":["Blizzard","Compile Driver"],"picked":"Auto Shields","floor":13.0},{"not_picked":["Recycle","Sweeping Beam"],"picked":"Loop","floor":14.0},{"not_picked":["Fission","Amplify"],"picked":"Meteor Strike","floor":16.0},{"not_picked":["Beam Cell","Steam","Ball Lightning"],"picked":"SKIP","floor":18.0},{"not_picked":["Ball Lightning","Leap"],"picked":"Rebound","floor":21.0},{"not_picked":["Leap","Barrage","Ball Lightning"],"picked":"SKIP","floor":24.0},{"not_picked":["Beam Cell","Genetic Algorithm"],"picked":"Coolheaded","floor":25.0}],"player_experience":1414829,"relics_obtained":[{"floor":6.0,"key":"PreservedInsect"},{"floor":9.0,"key":"White Beast Statue"},{"floor":13.0,"key":"Letter Opener"},{"floor":24.0,"key":"Peace Pipe"},{"floor":26.0,"key":"Unceasing Top"}],"event_choices":[{"damage_healed":0.0,"max_hp_gain":5.0,"max_hp_loss":0.0,"gold_gain":0.0,"event_name":"Big Fish","player_choice":"Donut","floor":11.0,"gold_loss":0.0,"damage_taken":0.0},{"damage_healed":0.0,"max_hp_gain":0.0,"max_hp_loss":0.0,"gold_gain":0.0,"event_name":"The Mausoleum","player_choice":"Ignored","floor":19.0,"gold_loss":0.0,"damage_taken":0.0},{"damage_healed":0.0,"max_hp_gain":0.0,"max_hp_loss":0.0,"gold_gain":0.0,"event_name":"Upgrade Shrine","player_choice":"Upgraded","floor":20.0,"gold_loss":0.0,"damage_taken":0.0,"cards_upgraded":["Seek"]}],"is_beta":false,"boss_relics":[{"not_picked":["Black Star","Fusion Hammer"],"picked":"Snecko Eye"}],"items_purged_floors":[22],"is_endless":false,"potions_floor_spawned":[4,5,8,13,14,16,18,21,24,25],"killed_by":"Slavers","ascension_level":20}}