{"host":"wshh0nphwn6jv7vj","time":1610361692,"event":{"mods":["BaseMod","Bestiary","Minty Spire (QoL Compilation)","Relic Stats"],"gold_per_floor":[111,111,0,14,31,61,126,126,126,146,146,162,4,19,19,92,92,106,156,166,166,91,91,7,38,90,116,136,136,136],"floor_reached":29,"playtime":1480,"items_purged":["Writhe"],"score":533,"play_id":"9c7669cf-6f04-48e2-9e6a-2395d71d7973","local_time":"20210111054132","is_ascension_mode":true,"campfire_choices":[{"data":"Self Repair","floor":8,"key":"SMITH"},{"data":"Sunder","floor":11,"key":"SMITH"},{"data":"Coolheaded","floor":15,"key":"SMITH"},{"data":"Steam","floor":23,"key":"SMITH"}],"circlet_count":0,"master_deck":["AscendersBane","Strike_B","Strike_B","Defend_B","Defend_B","Defend_B","Defend_B","Zap","Dualcast","Creative AI","Multi-Cast","Cold Snap","Self Repair+1","Turbo","Steam+1","Sunder+1","FTL","Double Energy","Core Surge","White Noise","Coolheaded+1","Echo Form","Stack","Undo","Barrage+1"],"relics":["Cracked Core","Bag of Preparation","Orichalcum","Kunai","Mercury Hourglass","Lee\u0027s Waffle","Busted Crown","Sundial","Centennial Puzzle","Art of War"],"acts_visited":["Exordium","TheCity"],"potions_floor_usage":[7,18,27],"damage_taken":[{"damage":19,"enemies":"Small Slimes","floor":1,"turns":7},{"damage":8,"enemies":"2 Louse","floor":4,"turns":3},{"damage":0,"enemies":"Jaw Worm","floor":5,"turns":5},{"damage":0,"enemies":"Lagavulin","floor":6,"turns":7},{"damage":28,"enemies":"Lagavulin Event","floor":7,"turns":6},{"damage":0,"enemies":"Exordium Wildlife","floor":10,"turns":2},{"damage":8,"enemies":"Large Slime","floor":12,"turns":3},{"damage":4,"enemies":"Lots of Slimes","floor":14,"turns":3},{"damage":16,"enemies":"The Guardian","floor":16,"turns":12},{"damage":15,"enemies":"2 Thieves","floor":18,"turns":3},{"damage":10,"enemies":"3 Byrds","floor":20,"turns":6},{"damage":36,"enemies":"Book of Stabbing","floor":25,"turns":6},{"damage":35,"enemies":"Slavers","floor":27,"turns":12},{"damage":21,"enemies":"Snake Plant","floor":28,"turns":3},{"damage":8,"enemies":"Sentry and Sphere","floor":29,"turns":3}],"seed_played":"1786175233693433330","potions_obtained":[{"floor":6,"key":"BlessingOfTheForge"},{"floor":10,"key":"FearPotion"},{"floor":16,"key":"AttackPotion"},{"floor":20,"key":"Ancient Potion"}],"is_trial":false,"path_per_floor":["M","?","$","M","M","E","?","R","T","M","R","M","$","M","R","B",null,"M","?","M","?","$","R","$","E","T","E","M","M"],"character_chosen":"DEFECT","items_purchased":["Self Repair","Turbo","Lee\u0027s Waffle","Undo"],"campfire_rested":0,"item_purchase_floors":[3,3,13,24],"current_hp_per_floor":[45,27,27,26,33,40,22,22,22,32,32,34,78,78,78,72,77,72,72,78,78,78,78,78,62,62,27,6,0,0],"gold":136,"neow_bonus":"TRANSFORM_TWO_CARDS","is_daily":false,"chose_seed":false,"campfire_upgraded":4,"win_rate":0.0,"timestamp":1610361692,"path_taken":["M","?","$","M","M","E","?","R","T","M","R","M","?","?","R","BOSS","M","?","?","?","$","R","?","E","T","E","?","M"],"items_purchased_type":["Card","Card","Relic","Card"],"build_version":"2020-12-22","purchased_purges":1,"victory":false,"max_hp_per_floor":[71,71,71,71,71,71,71,71,71,71,71,71,78,78,78,78,78,78,78,78,78,78,78,78,78,78,78,78,78,78],"relic_stats":{"Lee\u0027s Waffle":44,"Centennial Puzzle":[6],"Busted Crown":10,"counters":[15,78],"Sundial":[0],"Bag of Preparation":[28],"Art of War":[0],"Kunai":[3],"Orichalcum":[108],"obtain_stats":[{"Lee\u0027s Waffle":13,"Centennial Puzzle":26,"Busted Crown":17,"Sundial":25,"Bag of Preparation":2,"Art of War":27,"Kunai":7,"Orichalcum":6,"Cracked Core":0,"Mercury Hourglass":9},{"Lee\u0027s Waffle":7,"Centennial Puzzle":12,"Busted Crown":9,"Sundial":12,"Bag of Preparation":1,"Art of War":13,"Kunai":5,"Orichalcum":4,"Cracked Core":0,"Mercury Hourglass":5},{"Lee\u0027s Waffle":33,"Centennial Puzzle":61,"Busted Crown":46,"Sundial":61,"Bag of Preparation":7,"Art of War":72,"Kunai":28,"Orichalcum":22,"Cracked Core":0,"Mercury Hourglass":28}],"Mercury Hourglass":[172]},"card_choices":[{"not_picked":["Sweeping Beam","Streamline"],"picked":"Cold Snap","floor":1},{"not_picked":["Melter","Sweeping Beam"],"picked":"Steam","floor":4},{"not_picked":["Streamline","Tempest"],"picked":"Sunder","floor":5},{"not_picked":["Beam Cell","Scrape"],"picked":"FTL","floor":6},{"not_picked":["Recycle","Gash"],"picked":"Double Energy","floor":7},{"not_picked":["BootSequence","Auto Shields"],"picked":"Core Surge","floor":10},{"not_picked":["Sunder","Ball Lightning"],"picked":"White Noise","floor":12},{"not_picked":["Rebound","Force Field"],"picked":"Coolheaded","floor":14},{"not_picked":["Reboot","Fission"],"picked":"Echo Form","floor":16},{"not_picked":[],"picked":"Stack","floor":18},{"not_picked":["Turbo"],"picked":"SKIP","floor":20},{"not_picked":["Chaos"],"picked":"SKIP","floor":25},{"not_picked":[],"picked":"Barrage+1","floor":27},{"not_picked":["Gash"],"picked":"SKIP","floor":28}],"player_experience":1561534,"relics_obtained":[{"floor":6,"key":"Orichalcum"},{"floor":7,"key":"Kunai"},{"floor":9,"key":"Mercury Hourglass"},{"floor":25,"key":"Sundial"},{"floor":26,"key":"Centennial Puzzle"},{"floor":27,"key":"Art of War"}],"event_choices":[{"damage_healed":0,"gold_gain":0,"player_choice":"Success","damage_taken":18,"relics_obtained":["Bag of Preparation"],"max_hp_gain":0,"max_hp_loss":0,"event_name":"Scrap Ooze","floor":2,"gold_loss":0},{"damage_healed":0,"gold_gain":0,"player_choice":"Searched \u00272\u0027 times","damage_taken":0,"max_hp_gain":0,"max_hp_loss":0,"event_name":"Dead Adventurer","floor":7,"gold_loss":0},{"damage_healed":0,"gold_gain":50,"player_choice":"Pray","damage_taken":0,"max_hp_gain":0,"max_hp_loss":0,"event_name":"Golden Shrine","floor":19,"gold_loss":0},{"damage_healed":0,"gold_gain":0,"player_choice":"Ignored","damage_taken":0,"max_hp_gain":0,"max_hp_loss":0,"event_name":"Vampires","floor":21,"gold_loss":0}],"is_beta":false,"boss_relics":[{"not_picked":["Calling Bell","Black Star"],"picked":"Busted Crown"}],"items_purged_floors":[22],"is_endless":false,"potions_floor_spawned":[6,10,16,20],"killed_by":"Sentry and Sphere","ascension_level":17}}