{"host":"qq27suot6m8koe0b","time":1610355291,"event":{"mods":["Act Like it!","BaseMod","CapriCore","GifTheSpireLib","Lobotomy","Minty Spire (QoL Compilation)","StSLib"],"gold_per_floor":[114,131,131,149,324,324,350,350,350,360,377,71,85,139,139,242,242,255,255,255,269,52,67,67,96,96,16,30,30,48,80,80,180,180,190,190,190,117,128,154,154,174,174,23,70,70,85,104,104,104],"floor_reached":51,"playtime":2373,"items_purged":["Doubt"],"score":822,"play_id":"9ea88996-9ee2-41c5-9be4-1a1a68183f07","local_time":"20210111165451","is_ascension_mode":false,"campfire_choices":[{"floor":6,"key":"RECALL"},{"data":"Bash","floor":8,"key":"SMITH"},{"data":"Limit Break","floor":15,"key":"SMITH"},{"data":"Apotheosis","floor":29,"key":"SMITH"},{"floor":32,"key":"DIG"},{"floor":41,"key":"DIG"},{"floor":46,"key":"DIG"},{"floor":49,"key":"REST"}],"circlet_count":0,"master_deck":["Strike_R+1","Strike_R+1","Strike_R+1","Strike_R+1","Strike_R+1","Defend_R+1","Defend_R+1","Defend_R+1","Defend_R+1","Bash+1","QueenOfHatred","Twin Strike","Scorched","Sentinel","UniverseFragment","Bloodletting","Pummel","MeatLantern","Shrug It Off","Limit Break+1","Wellcheers","Impervious","OSAHOGD","Demon Form","FieryBird","Battle Trance","J.A.X.","Twin Strike","Apotheosis+1","Flex","BlackArmy","Iron Wave","Uppercut+1","Metallicize","OldLady","Inflame","Heavy Blade","Iron Wave","Pommel Strike+1","Madness","Offering","Decay","Limit Break","Metallicize","LaLuna","Perfected Strike+1"],"relics":["Burning Blood","CogitoBucket","RabbitCall","TungstenRod","Bag of Marbles","Magic Flower","HellTrain","Blood Vial","SlaversCollar","SkinProphecy","Red Mask","Pocketwatch","Shovel","Pen Nib","Cursed Key","AdjustmentMirror","AtMidnight","Bottled Tornado","Happy Flower","Blue Candle","Dead Branch","Ice Cream"],"acts_visited":["Exordium","TheCity","TheBeyond"],"potions_floor_usage":[7,18,18,23,35,51],"damage_taken":[{"damage":1,"enemies":"Cultist","floor":1,"turns":3},{"damage":17,"enemies":"Small Slimes","floor":2,"turns":3},{"damage":0,"enemies":"Jaw Worm","floor":4,"turns":3},{"damage":28,"enemies":"Gremlin Nob","floor":7,"turns":4},{"damage":0,"enemies":"Exordium Wildlife","floor":10,"turns":1},{"damage":20,"enemies":"Blue Slaver","floor":11,"turns":4},{"damage":1,"enemies":"Looter","floor":13,"turns":4},{"damage":48,"enemies":"Slime Boss","floor":16,"turns":9},{"damage":17,"enemies":"2 Thieves","floor":18,"turns":4},{"damage":15,"enemies":"Spheric Guardian","floor":21,"turns":4},{"damage":33,"enemies":"Shelled Parasite and Fungi","floor":23,"turns":5},{"damage":8,"enemies":"Masked Bandits","floor":25,"turns":5},{"damage":42,"enemies":"Centurion and Healer","floor":28,"turns":5},{"damage":4,"enemies":"Chosen and Byrds","floor":30,"turns":4},{"damage":13,"enemies":"Gremlin Leader","floor":31,"turns":4},{"damage":12,"enemies":"Collector","floor":33,"turns":6},{"damage":22,"enemies":"3 Shapes","floor":35,"turns":5},{"damage":15,"enemies":"3 Darklings","floor":39,"turns":4},{"damage":39,"enemies":"Giant Head","floor":40,"turns":5},{"damage":38,"enemies":"Maw","floor":42,"turns":6},{"damage":71,"enemies":"2 Orb Walkers","floor":45,"turns":3},{"damage":8,"enemies":"Sphere and 2 Shapes","floor":47,"turns":4},{"damage":6,"enemies":"4 Shapes","floor":48,"turns":6},{"damage":92,"enemies":"Donu and Deca","floor":50,"turns":9},{"damage":21,"enemies":"Malkuth","floor":51,"turns":6},{"damage":71,"enemies":"Hod","floor":51,"turns":6}],"seed_played":"-7496171224496169883","potions_obtained":[{"floor":4,"key":"FearPotion"},{"floor":10,"key":"Ancient Potion"},{"floor":13,"key":"DuplicationPotion"},{"floor":16,"key":"DuplicationPotion"},{"floor":21,"key":"Fire Potion"},{"floor":25,"key":"FairyPotion"},{"floor":31,"key":"Dexterity Potion"},{"floor":33,"key":"Explosive Potion"},{"floor":42,"key":"PowerPotion"}],"is_trial":false,"path_per_floor":["M","M","?","M","?","R","E","R","T","M","M","$","M","T","R","B",null,"M","?","?","M","$","M","?","?","T","$","M","R","M","E","R","B",null,"M","?","?","$","M","E","R","M","T","$","?","R","M","M","R","B",null],"character_chosen":"IRONCLAD","items_purchased":["Limit Break","Blood Vial","Apotheosis","Flex","Metallicize","Offering","Limit Break","Metallicize"],"campfire_rested":1,"item_purchase_floors":[12,12,22,22,27,38,44,44],"current_hp_per_floor":[80,69,62,74,74,74,58,58,58,67,65,65,80,80,80,45,80,72,72,72,80,80,65,65,82,82,82,57,57,70,78,78,85,90,87,76,76,76,82,67,67,46,46,46,45,45,45,69,100,37],"gold":104,"neow_bonus":"","is_daily":false,"chose_seed":false,"campfire_upgraded":3,"win_rate":0.0,"timestamp":1610355291,"path_taken":["M","?","?","M","?","R","E","R","T","M","M","?","M","?","R","BOSS","M","?","?","M","?","?","?","?","T","?","M","R","?","E","R","BOSS","M","?","?","$","?","E","R","M","T","?","?","R","M","M","R","BOSS"],"items_purchased_type":["Card","Relic","Card","Card","Card","Card","Card","Card"],"build_version":"2020-12-22","purchased_purges":1,"victory":true,"max_hp_per_floor":[80,80,80,80,80,80,80,80,80,80,80,80,80,80,80,80,80,80,80,80,80,80,80,80,82,82,82,84,84,86,88,88,90,90,94,94,94,94,96,98,98,100,100,100,102,102,104,106,106,110],"card_choices":[{"not_picked":["Alriune","VoidDream","GreedKing"],"picked":"Singing Bowl","floor":1},{"not_picked":["PunishingBird","SpiderBud"],"picked":"QueenOfHatred","floor":1},{"not_picked":["Headbutt","Heavy Blade"],"picked":"Twin Strike","floor":1},{"not_picked":["Laetitia","SpiderBud","SilentOrchestra"],"picked":"Singing Bowl","floor":2},{"not_picked":["WallGazer","MeatLantern"],"picked":"Scorched","floor":2},{"not_picked":["Evolve","Flex"],"picked":"Sentinel","floor":2},{"not_picked":["Yin","PunishingBird","CherryBlossoms"],"picked":"Singing Bowl","floor":4},{"not_picked":["Warcry","Evolve","Second Wind"],"picked":"SKIP","floor":4},{"not_picked":["Wellcheers","Funeral"],"picked":"UniverseFragment","floor":7},{"not_picked":["Headbutt","Combust"],"picked":"Bloodletting","floor":7},{"not_picked":["PunishingBird","HeroicMonk","WallGazer"],"picked":"Singing Bowl","floor":10},{"not_picked":["Clash","Flex"],"picked":"Pummel","floor":10},{"not_picked":["MHz","WallGazer"],"picked":"MeatLantern","floor":11},{"not_picked":["Battle Trance","Dual Wield"],"picked":"Shrug It Off","floor":11},{"not_picked":["Porccubus","Murderer"],"picked":"Wellcheers","floor":13},{"not_picked":["Anger","Perfected Strike"],"picked":"Impervious","floor":13},{"not_picked":["PunishingBird","DespairKnight"],"picked":"OSAHOGD","floor":16},{"not_picked":["Exhume","Juggernaut"],"picked":"Demon Form","floor":16},{"not_picked":["CherryBlossoms","Woodsman"],"picked":"FieryBird","floor":18},{"not_picked":["Warcry","Perfected Strike+1"],"picked":"Battle Trance","floor":18},{"not_picked":["Yin","Laetitia","FairyFestival"],"picked":"Singing Bowl","floor":21},{"not_picked":["Body Slam","Pommel Strike"],"picked":"Twin Strike","floor":21},{"not_picked":["MHz","Variant"],"picked":"BlackArmy","floor":23},{"not_picked":["Infernal Blade","Flex"],"picked":"Iron Wave","floor":23},{"not_picked":["CrumblingArmor","Bloodbath","Rudolta"],"picked":"Singing Bowl","floor":25},{"not_picked":["True Grit","Shrug It Off"],"picked":"Uppercut+1","floor":25},{"not_picked":["BigBird","BeautyBeast","LittlePrince"],"picked":"Singing Bowl","floor":28},{"not_picked":["HeroicMonk","PunishingBird"],"picked":"OldLady","floor":28},{"not_picked":["Cleave","Heavy Blade"],"picked":"Inflame","floor":28},{"not_picked":["QueenBee","Mercenary","Woodsman"],"picked":"Singing Bowl","floor":30},{"not_picked":["Rupture","Body Slam"],"picked":"Heavy Blade","floor":30},{"not_picked":["VoidDream","Woodsman","SingingMachine"],"picked":"Singing Bowl","floor":31},{"not_picked":["Wild Strike","True Grit+1"],"picked":"Iron Wave","floor":31},{"not_picked":["BlueStar","Funeral","DreamingCurrent"],"picked":"Singing Bowl","floor":33},{"not_picked":["HappyTeddy","WallGazer","NakedNest"],"picked":"Singing Bowl","floor":35},{"not_picked":["Pommel Strike+1","Heavy Blade","Thunderclap+1"],"picked":"SKIP","floor":35},{"not_picked":["Heavy Blade","Thunderclap+1"],"picked":"Pommel Strike+1","floor":35},{"not_picked":["WhitesApple","Freischutz","Woodsman"],"picked":"Singing Bowl","floor":39},{"not_picked":["Iron Wave","Anger","Thunderclap"],"picked":"SKIP","floor":39},{"not_picked":["LongBird","WallGazer","QueenBee"],"picked":"Singing Bowl","floor":40},{"not_picked":["Twin Strike","Disarm","Clash+1"],"picked":"SKIP","floor":40},{"not_picked":["Freischutz","MHz","GreedKing"],"picked":"Singing Bowl","floor":42},{"not_picked":["Uppercut","Armaments","Intimidate+1"],"picked":"SKIP","floor":42},{"not_picked":["Bloodbath","Freischutz","DespairKnight"],"picked":"Singing Bowl","floor":45},{"not_picked":["BigBird","Mercenary"],"picked":"LaLuna","floor":47},{"not_picked":["Iron Wave","Shrug It Off+1","Combust"],"picked":"SKIP","floor":47},{"not_picked":["BigBird","QueenBee","HeroicMonk"],"picked":"Singing Bowl","floor":48},{"not_picked":["Spot Weakness+1","Feel No Pain+1"],"picked":"Perfected Strike+1","floor":48}],"player_experience":273280,"relics_obtained":[{"floor":7,"key":"Bag of Marbles"},{"floor":9,"key":"Magic Flower"},{"floor":25,"key":"Red Mask"},{"floor":26,"key":"Pocketwatch"},{"floor":31,"key":"Shovel"},{"floor":32,"key":"Pen Nib"},{"floor":35,"key":"AtMidnight"},{"floor":40,"key":"Bottled Tornado"},{"floor":41,"key":"Happy Flower"},{"floor":43,"key":"Blue Candle"},{"floor":45,"key":"Dead Branch"},{"floor":46,"key":"Ice Cream"}],"event_choices":[{"damage_healed":0,"gold_gain":0,"player_choice":"Success","damage_taken":7,"relics_obtained":["TungstenRod"],"max_hp_gain":0,"max_hp_loss":0,"event_name":"Scrap Ooze","floor":3,"gold_loss":0},{"damage_healed":0,"gold_gain":175,"player_choice":"AGREE","damage_taken":0,"max_hp_gain":0,"max_hp_loss":0,"event_name":"Liars Game","floor":5,"gold_loss":0,"cards_obtained":["Doubt"]},{"damage_healed":0,"gold_gain":0,"player_choice":"Ignored","damage_taken":0,"max_hp_gain":0,"max_hp_loss":0,"event_name":"Ghosts","floor":19,"gold_loss":0},{"damage_healed":0,"gold_gain":0,"player_choice":"Obtain J.A.X.","damage_taken":0,"max_hp_gain":0,"max_hp_loss":0,"event_name":"Drug Dealer","floor":20,"gold_loss":0,"cards_obtained":["J.A.X."]},{"damage_healed":0,"gold_gain":0,"player_choice":"Simplicity","damage_taken":0,"max_hp_gain":0,"max_hp_loss":0,"event_name":"Back to Basics","floor":24,"gold_loss":0,"cards_upgraded":["Strike_R","Strike_R","Strike_R","Strike_R","Strike_R","Defend_R","Defend_R","Defend_R","Defend_R"]},{"damage_healed":0,"gold_gain":0,"player_choice":"Fought Bandits","damage_taken":0,"max_hp_gain":0,"max_hp_loss":0,"event_name":"Masked Bandits","floor":25,"gold_loss":0},{"damage_healed":0,"gold_gain":0,"player_choice":"Embrace Madness","damage_taken":12,"max_hp_gain":0,"max_hp_loss":0,"event_name":"Winding Halls","floor":36,"gold_loss":0,"cards_obtained":["Madness","Madness"]},{"cards_removed":["Madness"],"damage_healed":0,"gold_gain":0,"player_choice":"Purged","damage_taken":0,"max_hp_gain":0,"max_hp_loss":0,"event_name":"Purifier","floor":37,"gold_loss":0},{"damage_healed":0,"gold_gain":0,"player_choice":"Fight","damage_taken":0,"max_hp_gain":0,"max_hp_loss":0,"event_name":"Mysterious Sphere","floor":45,"gold_loss":0}],"is_beta":false,"boss_relics":[{"not_picked":["Ectoplasm","SacredBark"],"picked":"SlaversCollar"},{"not_picked":["Coffee Dripper","Pandora\u0027s Box"],"picked":"Cursed Key"}],"items_purged_floors":[12],"is_endless":false,"potions_floor_spawned":[4,10,13,16,21,25,31,33,42],"ascension_level":0}}