{"host":"oiw60b5ins9fyx34","time":1610363448,"event":{"mods":["BaseMod","Colored Map","Colored Powertips","Minty Spire (QoL Compilation)","Permanent Neow","Quick Restart","Relic Stats","StSLib"],"gold_per_floor":[116,129,145,158,233,233,248,248,248,248,265,277,303,195,195,299,299,316,333,346,361,380,380,380,380],"floor_reached":24,"playtime":949,"items_purged":["Strike_R"],"score":204,"play_id":"c9e12e3a-8018-4306-98bd-b2436b22f8b2","local_time":"20210111201048","is_ascension_mode":false,"campfire_choices":[{"data":"Limit Break","floor":6,"key":"SMITH"},{"data":"Spot Weakness","floor":10,"key":"SMITH"},{"floor":15,"key":"REST"},{"floor":23,"key":"REST"}],"circlet_count":0,"master_deck":["Strike_R","Strike_R","Strike_R","Strike_R","Defend_R","Defend_R","Defend_R","Defend_R","Bash","Barricade","Spot Weakness+1","Havoc","Burning Pact","Limit Break+1","Power Through","Shrug It Off","Thunderclap","Clothesline","Heavy Blade","Hemokinesis","Immolate","Pommel Strike","Iron Wave+1","Sword Boomerang+1"],"relics":["Burning Blood","Orichalcum","Philosopher\u0027s Stone"],"acts_visited":["Exordium","TheCity"],"potions_floor_usage":[7,7,19,21,21],"damage_taken":[{"damage":1,"enemies":"Cultist","floor":1,"turns":4},{"damage":7,"enemies":"2 Louse","floor":2,"turns":3},{"damage":4,"enemies":"Jaw Worm","floor":3,"turns":5},{"damage":7,"enemies":"Looter","floor":4,"turns":4},{"damage":10,"enemies":"Large Slime","floor":7,"turns":6},{"damage":15,"enemies":"Red Slaver","floor":11,"turns":4},{"damage":4,"enemies":"3 Louse","floor":12,"turns":4},{"damage":39,"enemies":"Gremlin Nob","floor":13,"turns":5},{"damage":11,"enemies":"Hexaghost","floor":16,"turns":8},{"damage":13,"enemies":"Spheric Guardian","floor":18,"turns":4},{"damage":17,"enemies":"2 Thieves","floor":19,"turns":3},{"damage":30,"enemies":"Centurion and Healer","floor":20,"turns":5},{"damage":24,"enemies":"Snake Plant","floor":21,"turns":3},{"damage":21,"enemies":"Sentry and Sphere","floor":22,"turns":5},{"damage":25,"enemies":"Slavers","floor":24,"turns":2}],"seed_played":"3390781507232947932","potions_obtained":[{"floor":1,"key":"SpeedPotion"},{"floor":2,"key":"SneckoOil"},{"floor":4,"key":"SneckoOil"},{"floor":12,"key":"LiquidMemories"},{"floor":19,"key":"Block Potion"},{"floor":20,"key":"Fire Potion"},{"floor":21,"key":"Fruit Juice"}],"is_trial":false,"path_per_floor":["M","M","M","M","?","R","M","?","T","R","M","M","E","$","R","B",null,"M","M","M","M","M","R","E"],"character_chosen":"IRONCLAD","items_purchased":["Hemokinesis"],"campfire_rested":2,"item_purchase_floors":[14],"current_hp_per_floor":[80,79,80,79,68,68,64,64,64,64,55,57,24,24,48,43,80,73,62,38,25,10,35,10,10],"gold":380,"neow_bonus":"ONE_RANDOM_RARE_CARD","is_daily":false,"chose_seed":false,"campfire_upgraded":2,"win_rate":0.0,"timestamp":1610363448,"path_taken":["M","M","?","?","?","R","M","?","T","R","M","M","E","$","R","BOSS","M","?","M","M","M","R","E"],"items_purchased_type":["Card"],"build_version":"2020-12-22","purchased_purges":1,"victory":false,"max_hp_per_floor":[80,80,80,80,80,80,80,80,80,80,80,80,80,80,80,80,80,80,80,80,85,85,85,85,85],"relic_stats":{"counters":[15,65],"Orichalcum":[54],"obtain_stats":[{"Philosopher\u0027s Stone":17,"Orichalcum":13,"Burning Blood":0},{"Philosopher\u0027s Stone":9,"Orichalcum":8,"Burning Blood":0},{"Philosopher\u0027s Stone":43,"Orichalcum":35,"Burning Blood":0}],"Burning Blood":78},"card_choices":[{"not_picked":["Havoc","Body Slam"],"picked":"Spot Weakness","floor":1},{"not_picked":["Rupture","Flex"],"picked":"Havoc","floor":2},{"not_picked":["Sword Boomerang","Rage"],"picked":"Burning Pact","floor":3},{"not_picked":["Body Slam","Clash"],"picked":"Limit Break","floor":4},{"not_picked":["Shrug It Off","Heavy Blade"],"picked":"Power Through","floor":7},{"not_picked":["Sever Soul","Headbutt"],"picked":"Thunderclap","floor":11},{"not_picked":["Perfected Strike","Headbutt"],"picked":"Clothesline","floor":12},{"not_picked":["Anger","Combust"],"picked":"Heavy Blade","floor":13},{"not_picked":["Limit Break","Corruption"],"picked":"Immolate","floor":16},{"not_picked":["Headbutt","Perfected Strike","Feel No Pain"],"picked":"SKIP","floor":18},{"not_picked":["Havoc+1","Wild Strike+1"],"picked":"Pommel Strike","floor":19},{"not_picked":["Shrug It Off","Clash"],"picked":"Iron Wave+1","floor":20},{"not_picked":["Havoc","Fiend Fire","Clothesline"],"picked":"SKIP","floor":21},{"not_picked":["Blood for Blood","Burning Pact"],"picked":"Sword Boomerang+1","floor":22}],"player_experience":626027,"relics_obtained":[{"floor":13,"key":"Orichalcum"}],"event_choices":[{"damage_healed":0,"gold_gain":75,"player_choice":"Gather Gold","damage_taken":11,"max_hp_gain":0,"max_hp_loss":0,"event_name":"World of Goop","floor":5,"gold_loss":0},{"damage_healed":0,"gold_gain":0,"player_choice":"1 cards matched","damage_taken":0,"max_hp_gain":0,"max_hp_loss":0,"event_name":"Match and Keep!","floor":8,"gold_loss":0,"cards_obtained":["Shrug It Off"]}],"is_beta":false,"boss_relics":[{"not_picked":["Astrolabe","SacredBark"],"picked":"Philosopher\u0027s Stone"}],"items_purged_floors":[14],"is_endless":false,"potions_floor_spawned":[1,2,4,12,19,20,21],"killed_by":"Slavers","ascension_level":0}}