{"host":"hlkgqnnbuywh0w1b","time":1610374391,"event":{"mods":["BaseMod","Minty Spire (QoL Compilation)","Relic Stats","StSLib"],"gold_per_floor":[109,37,37,47,65,91,109,138,138,138,138,150,165,178,178,278,278,288,305,275,289,143,143,172,172,172,207,217,544,560,560,560],"floor_reached":31,"playtime":18977,"items_purged":["Strike_B"],"score":377,"play_id":"26702e80-3b76-42b5-8a97-e9a4dd326d26","local_time":"20210111151311","is_ascension_mode":true,"campfire_choices":[{"data":"Defragment","floor":10.0,"key":"SMITH"},{"floor":15.0,"key":"REST"},{"floor":23.0,"key":"REST"},{"data":"Conserve Battery","floor":25.0,"key":"SMITH"}],"circlet_count":0,"master_deck":["Strike_B","Strike_B","Strike_B","Defend_B","Defend_B","Defend_B","Defend_B","Zap","Dualcast","Cold Snap","Defragment+1","Darkness","Redo","Conserve Battery","Defragment","Heatsinks+1","Conserve Battery+1","Amplify","Streamline+1","Machine Learning+1","Capacitor+1","Storm+1","Glacier+1","Fission","Fusion","Redo"],"relics":["Cracked Core","Incense Burner","Ancient Tea Set","Molten Egg 2","Frozen Egg 2","Philosopher\u0027s Stone","Bottled Flame","Darkstone Periapt","Old Coin"],"acts_visited":["Exordium","TheCity"],"potions_floor_usage":[28,30],"damage_taken":[{"damage":7.0,"enemies":"2 Louse","floor":1.0,"turns":3.0},{"damage":0.0,"enemies":"Cultist","floor":4.0,"turns":3.0},{"damage":0.0,"enemies":"Small Slimes","floor":5.0,"turns":3.0},{"damage":0.0,"enemies":"Lagavulin","floor":6.0,"turns":6.0},{"damage":1.0,"enemies":"Red Slaver","floor":7.0,"turns":5.0},{"damage":26.0,"enemies":"Gremlin Nob","floor":8.0,"turns":5.0},{"damage":0.0,"enemies":"Exordium Wildlife","floor":12.0,"turns":4.0},{"damage":6.0,"enemies":"3 Louse","floor":13.0,"turns":5.0},{"damage":6.0,"enemies":"Lots of Slimes","floor":14.0,"turns":6.0},{"damage":3.0,"enemies":"Hexaghost","floor":16.0,"turns":11.0},{"damage":25.0,"enemies":"2 Thieves","floor":18.0,"turns":4.0},{"damage":17.0,"enemies":"3 Byrds","floor":19.0,"turns":6.0},{"damage":0.0,"enemies":"Snecko","floor":21.0,"turns":4.0},{"damage":0.0,"enemies":"Gremlin Leader","floor":24.0,"turns":5.0},{"damage":7,"enemies":"Book of Stabbing","floor":27,"turns":4},{"damage":14,"enemies":"Snake Plant","floor":28,"turns":3},{"damage":18,"enemies":"Slavers","floor":29,"turns":5},{"damage":8,"enemies":"3 Cultists","floor":30,"turns":4},{"damage":10,"enemies":"Centurion and Healer","floor":31,"turns":2}],"seed_played":"-6875445733880252679","potions_obtained":[{"floor":1.0,"key":"ColorlessPotion"},{"floor":6.0,"key":"SpeedPotion"},{"floor":13.0,"key":"ColorlessPotion"},{"floor":16.0,"key":"Fire Potion"},{"floor":18.0,"key":"Block Potion"},{"floor":20.0,"key":"Explosive Potion"},{"floor":20.0,"key":"DistilledChaos"},{"floor":24.0,"key":"ColorlessPotion"},{"floor":29,"key":"Fruit Juice"}],"is_trial":false,"path_per_floor":["M","$","?","M","M","E","M","E","T","R","?","M","M","M","R","B",null,"M","M","?","M","$","R","E","R","T","E","M","E","M","M"],"character_chosen":"DEFECT","items_purchased":["Defragment","Storm+1"],"campfire_rested":2,"item_purchase_floors":[2,22],"current_hp_per_floor":[61,61,61,61,61,61,60,34,34,34,39,39,33,27,47,44,68,43,26,26,26,26,46,46,46,46,39,25,7,4,0,0],"gold":560,"neow_bonus":"ONE_RARE_RELIC","is_daily":false,"chose_seed":false,"campfire_upgraded":2,"win_rate":0.0,"timestamp":1610374391,"path_taken":["M","$","?","M","?","E","M","E","T","R","?","M","?","M","R","BOSS","M","M","?","M","$","R","E","R","T","E","?","E","M","M"],"items_purchased_type":["Card","Card"],"build_version":"2020-12-22","purchased_purges":1,"victory":false,"max_hp_per_floor":[68,68,68,68,68,68,68,68,68,68,68,68,68,68,68,68,68,68,68,68,68,68,68,68,68,68,68,68,68,73,73,73],"relic_stats":{"Darkstone Periapt":0,"counters":[19,88],"obtain_stats":[{"Darkstone Periapt":27,"Bottled Flame":24,"Molten Egg 2":8,"Philosopher\u0027s Stone":17,"Incense Burner":0,"Frozen Egg 2":9,"Cracked Core":0,"Ancient Tea Set":6,"Old Coin":29},{"Darkstone Periapt":15,"Bottled Flame":14,"Molten Egg 2":6,"Philosopher\u0027s Stone":10,"Incense Burner":0,"Frozen Egg 2":6,"Cracked Core":0,"Ancient Tea Set":4,"Old Coin":17},{"Darkstone Periapt":74,"Bottled Flame":70,"Molten Egg 2":25,"Philosopher\u0027s Stone":51,"Incense Burner":0,"Frozen Egg 2":25,"Cracked Core":0,"Ancient Tea Set":15,"Old Coin":82}]},"card_choices":[{"not_picked":["Beam Cell","Coolheaded"],"picked":"Cold Snap","floor":1.0},{"not_picked":["Doom and Gloom","Stack","Melter"],"picked":"SKIP","floor":4.0},{"not_picked":["Leap","Go for the Eyes"],"picked":"Redo","floor":5.0},{"not_picked":["Scrape","Rebound"],"picked":"Conserve Battery","floor":6.0},{"not_picked":["Conserve Battery","Consume"],"picked":"Defragment","floor":7.0},{"not_picked":["Leap","Ball Lightning+1","Stack"],"picked":"SKIP","floor":8.0},{"not_picked":["Ball Lightning+1","Steam","Recycle"],"picked":"SKIP","floor":12.0},{"not_picked":["Stack","Reprogram"],"picked":"Heatsinks+1","floor":13.0},{"not_picked":["Static Discharge+1","Steam"],"picked":"Conserve Battery","floor":14.0},{"not_picked":["Meteor Strike+1","Hyperbeam+1"],"picked":"Amplify","floor":16.0},{"not_picked":["Compile Driver+1","Sweeping Beam+1"],"picked":"Streamline+1","floor":18.0},{"not_picked":["Stack","Streamline+1"],"picked":"Machine Learning+1","floor":19.0},{"not_picked":["Chaos","FTL+1"],"picked":"Capacitor+1","floor":21.0},{"not_picked":["Fusion","Coolheaded"],"picked":"Glacier+1","floor":24.0},{"not_picked":["Scrape+1","Barrage+1"],"picked":"Fission","floor":27},{"not_picked":["Ball Lightning+1","Double Energy"],"picked":"Fusion","floor":28},{"not_picked":["Rip and Tear+1","BootSequence"],"picked":"Redo","floor":29},{"not_picked":["Streamline+1","Compile Driver+1","Steam"],"picked":"SKIP","floor":30}],"player_experience":163191,"relics_obtained":[{"floor":6.0,"key":"Ancient Tea Set"},{"floor":8.0,"key":"Molten Egg 2"},{"floor":9.0,"key":"Frozen Egg 2"},{"floor":24.0,"key":"Bottled Flame"},{"floor":27,"key":"Darkstone Periapt"},{"floor":29,"key":"Old Coin"}],"event_choices":[{"damage_healed":0.0,"max_hp_gain":0.0,"max_hp_loss":0.0,"gold_gain":0.0,"event_name":"Match and Keep!","player_choice":"2 cards matched","floor":3.0,"gold_loss":0.0,"damage_taken":0.0,"cards_obtained":["Darkness","Coolheaded"]},{"cards_removed":["Coolheaded"],"damage_healed":5.0,"max_hp_gain":0.0,"max_hp_loss":0.0,"gold_gain":0.0,"event_name":"Bonfire Elementals","player_choice":"Offered Common","floor":11.0,"gold_loss":0.0,"damage_taken":0.0},{"cards_removed":["Coolheaded"],"damage_healed":5.0,"max_hp_gain":0.0,"max_hp_loss":0.0,"gold_gain":0.0,"event_name":"Bonfire Elementals","player_choice":"Offered Special","floor":11.0,"gold_loss":0.0,"damage_taken":0.0},{"damage_healed":0.0,"max_hp_gain":0.0,"max_hp_loss":0.0,"gold_gain":0.0,"event_name":"The Woman in Blue","player_choice":"Bought 2 Potions","floor":20.0,"gold_loss":0.0,"damage_taken":0.0}],"is_beta":false,"boss_relics":[{"not_picked":["Coffee Dripper","Fusion Hammer"],"picked":"Philosopher\u0027s Stone"}],"items_purged_floors":[22],"is_endless":false,"potions_floor_spawned":[1,6,13,16,18,24,29],"killed_by":"Centurion and Healer","ascension_level":1}}