{"host":"cjhtzh7tp54jdfyv","time":1610327306,"event":{"mods":["AchievementEnabler","BaseMod","Colored Map","Colored Powertips","Curses Come First","DeckTracker","Filter the Spire","Minty Spire (QoL Compilation)","RNG Fix","Relic Sorter","Relic Stats","StSLib","UnlockEverythingMod","ojb\u0027s Better Paths Mod","ojb\u0027s Info Mod"],"gold_per_floor":[109,121,135,115,135,135,135],"floor_reached":6,"playtime":290,"items_purged":[],"score":76,"play_id":"46665acf-41d5-4112-8b76-9ffbfdf7a947","local_time":"20210110200826","is_ascension_mode":true,"campfire_choices":[],"circlet_count":0,"master_deck":["AscendersBane","Strike_P","Strike_P","Strike_P","Strike_P","Defend_P","Defend_P","Defend_P","Defend_P","Eruption","Vigilance","FollowUp","InnerPeace","EmptyFist"],"relics":["Coffee Dripper"],"acts_visited":["Exordium"],"potions_floor_usage":[6],"damage_taken":[{"damage":0.0,"enemies":"Cultist","floor":1.0,"turns":4.0},{"damage":0.0,"enemies":"Jaw Worm","floor":2.0,"turns":3.0},{"damage":0.0,"enemies":"2 Louse","floor":3.0,"turns":3.0},{"damage":1.0,"enemies":"Exordium Wildlife","floor":5.0,"turns":3.0},{"damage":75,"enemies":"Gremlin Nob","floor":6,"turns":4}],"seed_played":"-2777093587199327126","potions_obtained":[{"floor":3.0,"key":"DistilledChaos"},{"floor":4.0,"key":"PowerPotion"}],"is_trial":false,"path_per_floor":["M","M","M","?","M","E"],"character_chosen":"WATCHER","items_purchased":[],"campfire_rested":0,"item_purchase_floors":[],"current_hp_per_floor":[61,61,61,61,60,0,0],"gold":135,"neow_bonus":"BOSS_RELIC","is_daily":false,"chose_seed":false,"campfire_upgraded":0,"win_rate":0.0,"timestamp":1610327306,"path_taken":["M","M","M","?","M","E"],"items_purchased_type":[],"build_version":"2020-12-22","purchased_purges":0,"victory":false,"max_hp_per_floor":[68,68,68,68,68,68,68],"relic_stats":{"counters":[5,17],"obtain_stats":[{"Coffee Dripper":0,"PureWater":0},{"Coffee Dripper":0,"PureWater":0},{"Coffee Dripper":0,"PureWater":0}]},"card_choices":[{"not_picked":["Indignation","MentalFortress"],"picked":"FollowUp","floor":1.0},{"not_picked":["Conclude","Consecrate"],"picked":"InnerPeace","floor":2.0},{"not_picked":["ClearTheMind","SashWhip"],"picked":"EmptyFist","floor":3.0},{"not_picked":["Consecrate","EmptyFist","Prostrate"],"picked":"SKIP","floor":5.0}],"player_experience":4421982,"relics_obtained":[],"event_choices":[{"damage_healed":0.0,"max_hp_gain":0.0,"max_hp_loss":0.0,"gold_gain":0.0,"event_name":"The Woman in Blue","player_choice":"Bought 1 Potion","floor":4.0,"gold_loss":0.0,"damage_taken":0.0}],"is_beta":false,"boss_relics":[],"items_purged_floors":[],"is_endless":false,"potions_floor_spawned":[3],"killed_by":"Gremlin Nob","ascension_level":20}}