{"host":"oy4pyvr762z5n0bb","time":1610357411,"event":{"mods":["AchievementEnabler","BaseMod","Colored Map","Colored Powertips","Googly Eyes","Key Reminder","Minty Spire (QoL Compilation)","Quick Restart","Relic Sorter","Slay the Relics Exporter","StSLib","SuperFastMode","Unceasing Turn Reminder","slay the spire mod where everything is the same but ironclad has a cowboy hat"],"gold_per_floor":[114,114,43,118,137,137,171,182,182,194,194,213,244,263,263,365,365,383,393,273,283,96,109,109,0,0,35,47,47,47,67,67,168,168,183,183,183,203,223,223,258,273,273,273,273,292,292,307,307,307],"floor_reached":51,"playtime":979,"items_purged":["Perfected Strike"],"score":1165,"play_id":"e85ac03a-af89-4ce2-972b-2764bca2a5cb","local_time":"20210111013011","is_ascension_mode":true,"campfire_choices":[{"data":"Inflame","floor":6,"key":"SMITH"},{"data":"Inflame","floor":15,"key":"SMITH"},{"data":"Inflame","floor":24,"key":"SMITH"},{"data":"Heavy Blade","floor":30,"key":"SMITH"},{"floor":32,"key":"REST"},{"floor":40,"key":"REST"},{"floor":45,"key":"REST"},{"floor":49,"key":"REST"}],"circlet_count":0,"master_deck":["Strike_R","Strike_R","Strike_R","Strike_R","Strike_R","Defend_R","Defend_R","Defend_R","Defend_R","Bash","Inflame+1","True Grit","Pummel","Heavy Blade+1","Offering","Sword Boomerang","Inflame+1","Exhume","Shockwave+1","Armaments+1","Inflame+1","Cleave","Dropkick","Limit Break+1","Pummel","Flash of Steel","Heavy Blade+1"],"relics":["Burning Blood","NeowsBlessing","Self Forming Clay","Meat on the Bone","keyreminder:keyreminder","Singing Bowl","Anchor","SlaversCollar","Lee\u0027s Waffle","Question Card","InkBottle","Busted Crown","Strawberry","StrikeDummy"],"acts_visited":["Exordium","TheCity","TheBeyond"],"potions_floor_usage":[33,33,33,33,41,48,49,50,50],"damage_taken":[{"damage":0,"enemies":"Small Slimes","floor":1,"turns":1},{"damage":0,"enemies":"2 Louse","floor":5,"turns":1},{"damage":0,"enemies":"Gremlin Nob","floor":7,"turns":1},{"damage":12,"enemies":"Jaw Worm","floor":8,"turns":4},{"damage":14,"enemies":"Exordium Thugs","floor":10,"turns":5},{"damage":7,"enemies":"Blue Slaver","floor":12,"turns":3},{"damage":16,"enemies":"3 Sentries","floor":13,"turns":5},{"damage":9,"enemies":"Red Slaver","floor":14,"turns":3},{"damage":6,"enemies":"Slime Boss","floor":16,"turns":4},{"damage":37,"enemies":"2 Thieves","floor":18,"turns":4},{"damage":6,"enemies":"Chosen","floor":19,"turns":3},{"damage":7,"enemies":"Snake Plant","floor":21,"turns":3},{"damage":37,"enemies":"Shelled Parasite and Fungi","floor":23,"turns":5},{"damage":26,"enemies":"Book of Stabbing","floor":27,"turns":4},{"damage":12,"enemies":"Centurion and Healer","floor":28,"turns":5},{"damage":19,"enemies":"3 Cultists","floor":31,"turns":4},{"damage":41,"enemies":"Collector","floor":33,"turns":6},{"damage":15,"enemies":"Orb Walker","floor":35,"turns":4},{"damage":21,"enemies":"3 Shapes","floor":38,"turns":5},{"damage":34,"enemies":"Maw","floor":39,"turns":5},{"damage":34,"enemies":"Reptomancer","floor":41,"turns":3},{"damage":51,"enemies":"Jaw Worm Horde","floor":42,"turns":3},{"damage":57,"enemies":"3 Darklings","floor":46,"turns":5},{"damage":9,"enemies":"Spire Growth","floor":48,"turns":3},{"damage":63,"enemies":"Donu and Deca","floor":50,"turns":5}],"seed_played":"-4479819060984002395","potions_obtained":[{"floor":8,"key":"LiquidBronze"},{"floor":10,"key":"Weak Potion"},{"floor":12,"key":"EntropicBrew"},{"floor":33,"key":"LiquidBronze"},{"floor":47,"key":"Strength Potion"},{"floor":47,"key":"Fruit Juice"},{"floor":48,"key":"BloodPotion"}],"is_trial":false,"path_per_floor":["M","?","$","?","M","R","E","M","T","M","?","M","E","M","R","B",null,"M","M","$","M","$","M","R","?","T","E","M","?","R","M","R","B",null,"M","?","?","M","M","R","E","M","T","?","R","M","?","M","R","B",null],"character_chosen":"IRONCLAD","items_purchased":["Inflame","Armaments","Lee\u0027s Waffle","Inflame"],"campfire_rested":4,"item_purchase_floors":[3,20,22,22],"current_hp_per_floor":[78,66,66,55,61,61,67,61,61,53,79,78,68,67,67,67,78,59,61,61,62,93,64,64,64,64,56,62,62,62,63,92,57,87,80,80,80,67,51,81,74,43,43,43,76,39,39,70,109,75],"gold":307,"neow_bonus":"THREE_ENEMY_KILL","is_daily":false,"chose_seed":false,"campfire_upgraded":4,"win_rate":0.0,"timestamp":1610357411,"path_taken":["M","?","$","?","M","R","E","M","T","M","?","?","E","M","R","BOSS","M","M","$","M","$","M","R","?","T","E","M","?","R","M","R","BOSS","M","?","?","M","?","R","E","M","T","?","R","M","?","M","R","BOSS"],"items_purchased_type":["Card","Card","Relic","Card"],"build_version":"2020-12-22","purchased_purges":1,"victory":true,"max_hp_per_floor":[80,80,80,80,80,80,80,80,80,80,80,80,80,82,82,82,82,82,84,84,86,93,95,95,95,95,95,95,95,95,97,97,97,97,99,99,99,101,101,101,110,112,112,112,112,114,114,114,119,119],"card_choices":[{"not_picked":["Iron Wave","Heavy Blade"],"picked":"Perfected Strike","floor":1},{"not_picked":["Warcry","Bloodletting"],"picked":"True Grit","floor":5},{"not_picked":["Searing Blow","Clothesline"],"picked":"Pummel","floor":7},{"not_picked":["Iron Wave","Reckless Charge"],"picked":"Heavy Blade","floor":8},{"not_picked":["Sword Boomerang","Searing Blow"],"picked":"Offering","floor":10},{"not_picked":["Warcry","Hemokinesis"],"picked":"Sword Boomerang","floor":12},{"not_picked":["Juggernaut","Sentinel"],"picked":"Inflame","floor":13},{"not_picked":["Armaments","Flex","Anger"],"picked":"Singing Bowl","floor":14},{"not_picked":["Feed","Bludgeon"],"picked":"Exhume","floor":16},{"not_picked":["Warcry+1","Sword Boomerang"],"picked":"Shockwave+1","floor":18},{"not_picked":["Clash+1","Entrench","Havoc"],"picked":"Singing Bowl","floor":19},{"not_picked":["Rage","Warcry","Dark Embrace"],"picked":"Singing Bowl","floor":21},{"not_picked":["Twin Strike","Combust","Flame Barrier"],"picked":"Singing Bowl","floor":23},{"not_picked":["Searing Blow","Wild Strike+1","Berserk"],"picked":"Cleave","floor":27},{"not_picked":["Rage+1","Cleave","Battle Trance"],"picked":"Dropkick","floor":28},{"not_picked":["Rage","Wild Strike+1","Combust","Havoc"],"picked":"Singing Bowl","floor":31},{"not_picked":["Reaper","Bludgeon","Juggernaut"],"picked":"Limit Break","floor":33},{"not_picked":["Iron Wave","Flex"],"picked":"Singing Bowl","floor":35},{"not_picked":["Whirlwind","Pommel Strike+1"],"picked":"Singing Bowl","floor":38},{"not_picked":["Clash"],"picked":"Pummel","floor":39},{"not_picked":["Searing Blow","Combust+1"],"picked":"Singing Bowl","floor":41},{"not_picked":["Body Slam+1","Cleave"],"picked":"Singing Bowl","floor":42},{"not_picked":["Dramatic Entrance"],"picked":"Flash of Steel","floor":44},{"not_picked":["Second Wind","Headbutt"],"picked":"Singing Bowl","floor":46},{"not_picked":["Intimidate"],"picked":"Heavy Blade+1","floor":48}],"player_experience":728947,"relics_obtained":[{"floor":7,"key":"Meat on the Bone"},{"floor":9,"key":"Singing Bowl"},{"floor":13,"key":"Anchor"},{"floor":26,"key":"Question Card"},{"floor":27,"key":"InkBottle"},{"floor":41,"key":"Strawberry"},{"floor":43,"key":"StrikeDummy"}],"event_choices":[{"damage_healed":0,"gold_gain":0,"player_choice":"Success","damage_taken":12,"relics_obtained":["Self Forming Clay"],"max_hp_gain":0,"max_hp_loss":0,"event_name":"Scrap Ooze","floor":2,"gold_loss":0},{"damage_healed":0,"gold_gain":75,"player_choice":"Gather Gold","damage_taken":11,"max_hp_gain":0,"max_hp_loss":0,"event_name":"World of Goop","floor":4,"gold_loss":0},{"damage_healed":26,"gold_gain":0,"player_choice":"Banana","damage_taken":0,"max_hp_gain":0,"max_hp_loss":0,"event_name":"Big Fish","floor":11,"gold_loss":0},{"damage_healed":0,"gold_gain":0,"player_choice":"Paid Fearfully","damage_taken":0,"max_hp_gain":0,"max_hp_loss":0,"event_name":"Masked Bandits","floor":25,"gold_loss":109},{"damage_healed":0,"gold_gain":0,"player_choice":"Upgraded","damage_taken":0,"max_hp_gain":0,"max_hp_loss":0,"event_name":"Upgrade Shrine","floor":29,"gold_loss":0,"cards_upgraded":["Armaments"]},{"damage_healed":0,"gold_gain":0,"player_choice":"Ignored","damage_taken":0,"max_hp_gain":0,"max_hp_loss":0,"event_name":"Tomb of Lord Red Mask","floor":36,"gold_loss":0},{"damage_healed":0,"gold_gain":0,"player_choice":"Upgraded","damage_taken":0,"max_hp_gain":0,"max_hp_loss":0,"event_name":"Upgrade Shrine","floor":37,"gold_loss":0,"cards_upgraded":["Limit Break"]},{"damage_healed":0,"gold_gain":0,"player_choice":"Memory 1","damage_taken":0,"max_hp_gain":0,"max_hp_loss":0,"event_name":"SensoryStone","floor":44,"gold_loss":0},{"damage_healed":0,"gold_gain":0,"player_choice":"Got Potions","damage_taken":0,"max_hp_gain":0,"max_hp_loss":0,"event_name":"Lab","floor":47,"gold_loss":0}],"is_beta":false,"boss_relics":[{"not_picked":["Runic Dome","Coffee Dripper"],"picked":"SlaversCollar"},{"not_picked":["SacredBark","Cursed Key"],"picked":"Busted Crown"}],"items_purged_floors":[20],"is_endless":false,"potions_floor_spawned":[8,10,12,13,14,19,27,28,33,38,48],"ascension_level":8}}