{"host":"obplhmlw33xb91v8","time":1610353370,"event":{"mods":["BaseMod","Block Reminder","Curses Come First","Evolution","Minty Spire (QoL Compilation)","Quick Restart","Relic Stats","Spicy Shops","StSLib","Uncapped","Waifu the Spire","slay the spire mod where everything is the same but ironclad has a cowboy hat"],"gold_per_floor":[113,126,145,161,4,4,19,19,19,32,62,62,62,82,82,185,185,198,9,9,27,27,27,53,53,102,114,3,15,25,25,25,126,126,144,160,63,63,63],"floor_reached":38,"playtime":2048,"items_purged":["Strike_G","Decay"],"score":446,"play_id":"b0170fdf-f09f-43df-bd28-ccc74fd28565","local_time":"20210111032250","is_ascension_mode":true,"campfire_choices":[{"data":"Noxious Fumes","floor":6,"key":"SMITH"},{"data":"Leg Sweep","floor":8,"key":"SMITH"},{"floor":12,"key":"REST"},{"floor":15,"key":"REST"},{"floor":23,"key":"REST"},{"floor":25,"key":"REST"},{"data":"Adrenaline","floor":32,"key":"SMITH"}],"circlet_count":0,"master_deck":["Flying Knee","Strike_G","Strike_G","Strike_G","Defend_G","Defend_G","Defend_G","Defend_G","Defend_G","Survivor","Neutralize","Outmaneuver","Backstab","Noxious Fumes+1","Leg Sweep+1","Dodge and Roll","Infinite Blades","Slice","Glass Knife","Adrenaline+1","Poisoned Stab","Underhanded Strike","Cloak And Dagger","Infinite Blades","Caltrops","Dodge and Roll","Sucker Punch","Infinite Blades"],"relics":["EVO:Axolotl","Sozu","Strange Spoon","Question Card","Odd Mushroom","Snecko Eye","Membership Card","Meat on the Bone","Kunai","Pen Nib","The Specimen","Medical Kit","DollysMirror","Fusion Hammer"],"acts_visited":["Exordium","TheCity","TheBeyond"],"potions_floor_usage":[],"damage_taken":[{"damage":1,"enemies":"Cultist","floor":1,"turns":4},{"damage":0,"enemies":"Jaw Worm","floor":2,"turns":3},{"damage":0,"enemies":"2 Louse","floor":3,"turns":3},{"damage":6,"enemies":"Looter","floor":4,"turns":4},{"damage":10,"enemies":"Exordium Thugs","floor":7,"turns":5},{"damage":9,"enemies":"Large Slime","floor":10,"turns":7},{"damage":21,"enemies":"The Mushroom Lair","floor":11,"turns":5},{"damage":0,"enemies":"3 Louse","floor":14,"turns":3},{"damage":20,"enemies":"Hexaghost","floor":16,"turns":11},{"damage":22,"enemies":"2 Thieves","floor":18,"turns":5},{"damage":13,"enemies":"Shell Parasite","floor":21,"turns":6},{"damage":38,"enemies":"Gremlin Leader","floor":24,"turns":9},{"damage":11,"enemies":"Snake Plant","floor":27,"turns":5},{"damage":0,"enemies":"Centurion and Healer","floor":29,"turns":5},{"damage":23,"enemies":"Cultist and Chosen","floor":30,"turns":6},{"damage":26,"enemies":"Collector","floor":33,"turns":9},{"damage":55,"enemies":"3 Darklings","floor":35,"turns":6},{"damage":11,"enemies":"Orb Walker","floor":36,"turns":4},{"damage":31,"enemies":"3 Darklings","floor":38,"turns":2}],"seed_played":"2273115178952499885","potions_obtained":[],"is_trial":false,"path_per_floor":["M","M","M","M","$","R","M","R","T","M","?","R","?","M","R","B",null,"M","$","?","M","?","R","E","R","T","M","$","M","M","?","R","B",null,"M","M","$","M"],"character_chosen":"THE_SILENT","items_purchased":["Strange Spoon","Membership Card","The Specimen","Medical Kit","DollysMirror","Sucker Punch","Infinite Blades"],"campfire_rested":4,"item_purchase_floors":[5,19,28,28,28,37,37],"current_hp_per_floor":[69,69,69,63,63,63,53,53,53,44,23,44,44,44,65,45,70,48,48,48,47,47,68,42,63,63,52,52,52,41,41,41,27,70,27,28,28,0,0],"gold":63,"neow_bonus":"BOSS_RELIC","is_daily":false,"chose_seed":false,"campfire_upgraded":3,"win_rate":0.0,"timestamp":1610353370,"path_taken":["M","M","M","M","$","R","M","R","T","M","?","R","?","M","R","BOSS","M","$","?","M","?","R","E","R","T","M","$","M","M","?","R","BOSS","M","M","$","M"],"items_purchased_type":["Relic","Relic","Relic","Relic","Relic","Card","Card"],"build_version":"2020-12-22","purchased_purges":2,"victory":false,"max_hp_per_floor":[70,70,70,70,70,70,70,70,70,70,70,70,70,70,70,70,70,70,70,70,70,70,70,70,70,70,70,70,70,70,70,70,70,70,70,70,70,70,70],"relic_stats":{"Sozu":9,"Strange Spoon":[50],"counters":[19,102],"Snecko Eye":[105,89,102,109],"Pen Nib":[11],"Kunai":[25],"Question Card":13,"Medical Kit":[6],"obtain_stats":[{"The Specimen":28,"Pen Nib":26,"EVO:Axolotl":0,"Odd Mushroom":11,"Question Card":9,"Medical Kit":28,"Sozu":0,"Strange Spoon":5,"DollysMirror":28,"Snecko Eye":17,"Fusion Hammer":34,"Membership Card":19,"Kunai":24,"Ring of the Snake":0,"Meat on the Bone":20},{"The Specimen":13,"Pen Nib":12,"EVO:Axolotl":0,"Odd Mushroom":7,"Question Card":5,"Medical Kit":13,"Sozu":0,"Strange Spoon":4,"DollysMirror":13,"Snecko Eye":9,"Fusion Hammer":16,"Membership Card":10,"Kunai":12,"Ring of the Snake":0,"Meat on the Bone":10},{"The Specimen":70,"Pen Nib":65,"EVO:Axolotl":0,"Odd Mushroom":31,"Question Card":19,"Medical Kit":70,"Sozu":0,"Strange Spoon":14,"DollysMirror":70,"Snecko Eye":45,"Fusion Hammer":90,"Membership Card":50,"Kunai":65,"Ring of the Snake":0,"Meat on the Bone":50}],"Meat on the Bone":72},"card_choices":[{"not_picked":["Dagger Throw","Deadly Poison"],"picked":"Outmaneuver","floor":1},{"not_picked":["Deflect","Escape Plan"],"picked":"Backstab","floor":2},{"not_picked":["Predator","Backflip"],"picked":"Noxious Fumes","floor":3},{"not_picked":["Poisoned Stab","Quick Slash"],"picked":"Leg Sweep","floor":4},{"not_picked":["Blade Dance","Backflip"],"picked":"Dodge and Roll","floor":7},{"not_picked":["Blur","Outmaneuver","All Out Attack"],"picked":"Infinite Blades","floor":10},{"not_picked":["Leg Sweep","Prepared","Distraction"],"picked":"Slice","floor":11},{"not_picked":["Cloak And Dagger","Outmaneuver","Slice"],"picked":"Glass Knife","floor":14},{"not_picked":["Glass Knife","Burst","A Thousand Cuts"],"picked":"Adrenaline","floor":16},{"not_picked":["Escape Plan","Finisher","Quick Slash"],"picked":"Poisoned Stab","floor":18},{"not_picked":["Dash","Dagger Spray","Slice"],"picked":"Underhanded Strike","floor":21},{"not_picked":["Deadly Poison","Underhanded Strike","Dagger Throw"],"picked":"Cloak And Dagger","floor":24},{"not_picked":["Dash+1","Cloak And Dagger","Acrobatics","Predator"],"picked":"SKIP","floor":27},{"not_picked":["Storm of Steel","Finisher+1","Calculated Gamble","Dagger Spray"],"picked":"SKIP","floor":29},{"not_picked":["Poisoned Stab","Acrobatics+1","Slice"],"picked":"Caltrops","floor":30},{"not_picked":["Quick Slash","Flying Knee+1","Sucker Punch","Dodge and Roll"],"picked":"SKIP","floor":35},{"not_picked":["Masterful Stab","Dagger Spray","Deflect+1"],"picked":"Dodge and Roll","floor":36}],"player_experience":151452,"relics_obtained":[{"floor":9,"key":"Question Card"},{"floor":11,"key":"Odd Mushroom"},{"floor":24,"key":"Kunai"},{"floor":26,"key":"Pen Nib"}],"event_choices":[{"damage_healed":0,"gold_gain":0,"player_choice":"Fought Mushrooms","damage_taken":0,"max_hp_gain":0,"max_hp_loss":0,"event_name":"Mushrooms","floor":11,"gold_loss":0},{"damage_healed":0,"gold_gain":0,"player_choice":"Ignored","damage_taken":0,"max_hp_gain":0,"max_hp_loss":0,"event_name":"Liars Game","floor":13,"gold_loss":0},{"damage_healed":0,"gold_gain":0,"player_choice":"Opened","damage_taken":0,"relics_obtained":["Meat on the Bone"],"max_hp_gain":0,"max_hp_loss":0,"event_name":"The Mausoleum","floor":20,"gold_loss":0},{"damage_healed":0,"gold_gain":0,"player_choice":"Cursed","damage_taken":0,"max_hp_gain":0,"max_hp_loss":0,"event_name":"Wheel of Change","floor":31,"gold_loss":0,"cards_obtained":["Decay"]}],"is_beta":false,"boss_relics":[{"not_picked":["Cursed Key","Tiny House"],"picked":"Snecko Eye"},{"not_picked":["Velvet Choker","Astrolabe"],"picked":"Fusion Hammer"}],"items_purged_floors":[19,37],"is_endless":false,"potions_floor_spawned":[7,10,11,14,16,21,27,29,36],"killed_by":"3 Darklings","ascension_level":3}}