{"host":"b0hh64pqctf46s8m","time":1610387746,"event":{"mods":["100% Spire Juice","Act Like it!","Aspiration","BaseMod","Bestiary","Better Third Choice","CCEM","CapriCore","ChefMod","Conspire","Curses Come First","Displayed Cursed Tome","Dota2Spire","Downfall","Ekko","Elementarium","Evolution","Fireblade Mod","Fox Events","Halation","Hallownest","Hermit","Hubris","Infinite Spire","Jess\u0027s Bottle","JesterMod","Jorbs\u0027s Wanderer Trilogy","Koishi","Kratos Character Expansion","Lobotomy","Luminous","Mari Mod (Legacy)","Mari\u0027s V1 Patch","Menagerie","Mimic Mod","Minty Spire (QoL Compilation)","Pale of the Ancients","Permanent Neow","Pikachu Mod","QueenMod","Random Character Button","Relic Sorter","Relic Stats","Replay The Spire","Robot Space Explorer","Shade Mod","StSLib","The Blue Laboratory","The Bug Knight","The Dragon Tamer","The Hayseed","The Immortal","The Marked","TheLocksmith","TheSwordswoman","TheVacant","TheWitcher","Treasure Hunter","UnlockEverythingMod","Wandering Minibosses","vexMod","??????REMEMod"],"gold_per_floor":[99,110,143,4,4,18,18,18,49,49,88,88,85,60,91,221,221,221,270,44,44,74,124,124,194,222,222,222],"floor_reached":26,"playtime":1254,"items_purged":["Slimebound:Strike_Slimebound","Slimebound:Strike_Slimebound"],"score":259,"play_id":"7931b28a-4eae-48d3-a03b-b03f038d1761","local_time":"20210111095546","is_ascension_mode":true,"campfire_choices":[{"data":"Slimebound:Split","floor":1,"key":"SMITH"},{"data":"Slimebound:Teamwork","floor":10,"key":"SMITH"},{"data":"Slimebound:PressTheAttack","floor":12,"key":"SMITH"}],"circlet_count":0,"master_deck":["Slimebound:Strike_Slimebound","Slimebound:Tackle","Slimebound:Defend_Slimebound","Slimebound:Defend_Slimebound","Slimebound:Defend_Slimebound","Slimebound:Defend_Slimebound","Slimebound:Split+1","Slimebound:CorrosiveSpit","Slimebound:LeechingTouch","Slimebound:SplitAcid","Slimebound:ServeAndProtect","Slimebound:Teamwork+1","Slimebound:PressTheAttack+1","Slimebound:LeadByExample","Slimebound:MassRepurpose","Slimebound:Gluttony+1","Slimebound:SplitLeeching","Slimebound:LevelUp"],"relics":["Slimebound:AbsorbEndCombatUpgraded","Replay:M_SmolderingBlood","EVO:Axolotl","REME_ComplimentaryCards","aspiration:Nostalgia","Incense Burner","halation:TwoAmDonut","vexMod:ConsolationPrize","Replay:Bottled Flurry","Replay:WaspNest","Bottled Flame","infinitespire:Lucky Rock"],"acts_visited":["Hallownest:Greenpath","Elementarium:Elementarium"],"potions_floor_usage":[9],"damage_taken":[{"damage":11,"enemies":"Hallownest:monsterHuskWarrior","floor":2,"turns":4},{"damage":48,"enemies":"Hallownest:eliteCrystalGuardian","floor":3,"turns":7},{"damage":12,"enemies":"downfall:FleeingMerchant","floor":4,"turns":4},{"damage":4,"enemies":"Hallownest:2_Tiktiks_and_1_Crawlid","floor":6,"turns":4},{"damage":27,"enemies":"Hallownest:eliteMossKnight","floor":9,"turns":9},{"damage":10,"enemies":"Hallownest:eliteCrystalGuardian","floor":11,"turns":7},{"damage":12,"enemies":"downfall:FleeingMerchant","floor":13,"turns":4},{"damage":14,"enemies":"Hallownest:monsterHuskGuard","floor":15,"turns":6},{"damage":43,"enemies":"downfall:Defect","floor":16,"turns":6},{"damage":35,"enemies":"Elementarium:Cyclone","floor":19,"turns":7},{"damage":11,"enemies":"downfall:FleeingMerchant","floor":20,"turns":4},{"damage":21,"enemies":"Elementarium:2_ELEMENTALS","floor":22,"turns":4},{"damage":44,"enemies":"Elementarium:ElementalPortal","floor":25,"turns":6},{"damage":29,"enemies":"Elementarium:VoidBeast","floor":26,"turns":2}],"seed_played":"1766797323071669332","potions_obtained":[{"floor":3,"key":"blueLaboratory:BottleOfVodka"},{"floor":6,"key":"Elixir"},{"floor":9,"key":"blueLaboratory:PyrophylliteBrew"}],"is_trial":false,"path_per_floor":["R","M","?","$","?","M","T","?","E","R","E","R","$","?","M","B",null,"R","M","$","?","M","?","T","E","M"],"character_chosen":"SLIMEBOUND","items_purchased":["AttackPotion","Slimebound:SplitLeeching","Slimebound:LevelUp"],"campfire_rested":0,"item_purchase_floors":[4,20,20],"current_hp_per_floor":[60,60,33,45,45,49,49,40,53,53,60,60,60,60,57,34,60,50,29,38,46,43,43,43,23,0,0,0],"gold":222,"neow_bonus":"NOSTALGIA","is_daily":false,"chose_seed":false,"campfire_upgraded":3,"win_rate":0.0,"timestamp":1610387746,"path_taken":["R","M","?","$","?","M","T","?","E","R","E","R","$","?","M","BOSS","R","M","$","?","M","?","T","E","M"],"items_purchased_type":["Potion","Card","Card"],"build_version":"2020-12-22","purchased_purges":2,"victory":false,"max_hp_per_floor":[60,60,60,60,60,60,60,60,60,60,60,60,60,60,60,60,60,65,65,65,73,73,73,73,73,73,73,73],"relic_stats":{"counters":[14,72],"obtain_stats":[{"aspiration:Nostalgia":0,"vexMod:ConsolationPrize":9,"Replay:WaspNest":14,"Incense Burner":3,"EVO:Axolotl":0,"infinitespire:Lucky Rock":25,"Bottled Flame":24,"Replay:M_SmolderingBlood":0,"Slimebound:AbsorbEndCombat":0,"Replay:Bottled Flurry":11,"halation:TwoAmDonut":7,"Slimebound:AbsorbEndCombatUpgraded":17,"REME_ComplimentaryCards":0},{"aspiration:Nostalgia":0,"vexMod:ConsolationPrize":5,"Replay:WaspNest":7,"Incense Burner":2,"EVO:Axolotl":0,"infinitespire:Lucky Rock":13,"Bottled Flame":12,"Replay:M_SmolderingBlood":0,"Slimebound:AbsorbEndCombat":0,"Replay:Bottled Flurry":6,"halation:TwoAmDonut":4,"Slimebound:AbsorbEndCombatUpgraded":9,"REME_ComplimentaryCards":0},{"aspiration:Nostalgia":0,"vexMod:ConsolationPrize":27,"Replay:WaspNest":38,"Incense Burner":11,"EVO:Axolotl":0,"infinitespire:Lucky Rock":70,"Bottled Flame":65,"Replay:M_SmolderingBlood":0,"Slimebound:AbsorbEndCombat":0,"Replay:Bottled Flurry":34,"halation:TwoAmDonut":18,"Slimebound:AbsorbEndCombatUpgraded":50,"REME_ComplimentaryCards":0}]},"card_choices":[{"not_picked":["Clash","Crescendo"],"picked":"Slimebound:LeechingTouch","floor":2},{"not_picked":["Slimebound:SlimeSpikes","Slimebound:SamplingLick"],"picked":"Slimebound:SplitAcid","floor":3},{"not_picked":["TH:Mimic","TH:DeckOfManyThings"],"picked":"SKIP","floor":3},{"not_picked":["Slimebound:SlimeBrawl","Slimebound:SplitAcid","Infernal Blade"],"picked":"SKIP","floor":4},{"not_picked":["Slimebound:FlameTackle","Slimebound:SplitBruiser"],"picked":"Slimebound:ServeAndProtect","floor":6},{"not_picked":["TH:TreasureMap","TH:Mimic"],"picked":"SKIP","floor":7},{"not_picked":["FlyingSleeves","Slimebound:GoopSpray"],"picked":"Slimebound:Teamwork","floor":9},{"not_picked":["TH:TreasureMap","TH:ElvenBoots"],"picked":"SKIP","floor":9},{"not_picked":["Searing Blow","Slimebound:SplitAcid"],"picked":"Slimebound:PressTheAttack","floor":11},{"not_picked":["TH:ElvenBoots","TH:CursedSword"],"picked":"SKIP","floor":11},{"not_picked":["Slimebound:BestDefense","Slimebound:Schlurp","Slimebound:ViciousTackle"],"picked":"SKIP","floor":13},{"not_picked":["Slimebound:PrepareCrush","Slimebound:ViciousTackle"],"picked":"Slimebound:LeadByExample","floor":15},{"not_picked":["Slimebound:DouseInSlime","Slimebound:PrepareCrush"],"picked":"Slimebound:MassRepurpose","floor":16},{"not_picked":["Slimebound:Grow","Slimebound:SpikyOuterGoop"],"picked":"Slimebound:Gluttony+1","floor":19},{"not_picked":["Slimebound:SpikyOuterGoop+1","Slimebound:Grow","Slimebound:ForwardTackle"],"picked":"SKIP","floor":20},{"not_picked":["Slimebound:BestDefense","Slimebound:Gluttony","Slimebound:Replication"],"picked":"SKIP","floor":22},{"not_picked":["TH:PixieDust","TH:CopperCoins"],"picked":"SKIP","floor":24},{"not_picked":["TH:CopperCoins","TH:ArmorSpikes"],"picked":"SKIP","floor":25},{"not_picked":["Slimebound:Chomp+1","Slimebound:SpikyOuterGoop","Slimebound:ComboTackle+1"],"picked":"SKIP","floor":25}],"player_experience":1518362,"relics_obtained":[{"floor":3,"key":"Incense Burner"},{"floor":7,"key":"halation:TwoAmDonut"},{"floor":9,"key":"vexMod:ConsolationPrize"},{"floor":11,"key":"Replay:Bottled Flurry"},{"floor":24,"key":"Bottled Flame"},{"floor":25,"key":"infinitespire:Lucky Rock"}],"event_choices":[{"damage_healed":0,"gold_gain":0,"player_choice":"Sacrifice","damage_taken":15,"max_hp_gain":5,"max_hp_loss":0,"event_name":"Elementarium:RadiantAltar","floor":18,"gold_loss":0},{"damage_healed":0,"gold_gain":0,"player_choice":"Graft","damage_taken":0,"max_hp_gain":8,"max_hp_loss":0,"event_name":"Elementarium:SculptureGarden","floor":21,"gold_loss":0},{"damage_healed":0,"gold_gain":50,"player_choice":"Take","damage_taken":0,"max_hp_gain":0,"max_hp_loss":0,"event_name":"Elementarium:StickySituation","floor":23,"gold_loss":0}],"is_beta":false,"boss_relics":[{"not_picked":["aspiration:RunicSpoon","Replay:Drink Me"],"picked":"Slimebound:AbsorbEndCombatUpgraded"}],"items_purged_floors":[4,20],"is_endless":false,"potions_floor_spawned":[3,6,9,11,22],"killed_by":"Elementarium:VoidBeast","ascension_level":2}}