{"host":"kxs97zan5mba52e6","time":1610338261,"event":{"mods":["100% Spire Juice","BaseMod","Better Third Choice","BetterRewards","Colored Map","Downfall","Hermit","Magitek Elite","Marisa????????","Minty Spire (QoL Compilation)","Shade Mod","StSLib","The Alterego","The Bug Knight","The Cursed","The Death Knight","The Forsaken","The Senshi"],"gold_per_floor":[119,132,36,4,4,33,45,61,87,87,117,127,143,159,159,262,262,282,282,336,355,355,355,355,355,355,355,205,215,229,243,243,346,346,362,379,379,51,70,70,121,43,43,43,53,71,71,86,86,86],"floor_reached":51,"playtime":3200,"items_purged":["Writhe"],"score":736,"play_id":"20eb37b1-cfc8-401e-9189-842223dc0cd4","local_time":"20210110231101","is_ascension_mode":false,"campfire_choices":[{"floor":15,"key":"REST"},{"data":"Trance","floor":23,"key":"SMITH"},{"data":"Slimebound:CheckThePlaybook","floor":27,"key":"SMITH"},{"floor":32,"key":"REST"},{"floor":40,"key":"REST"},{"floor":47,"key":"REST"},{"floor":49,"key":"REST"}],"circlet_count":0,"master_deck":["Strike_L","Strike_L","Strike_L","Strike_L","Defend_L","Defend_L","Defend_L","Defend_L","Fire2","Cure","Gaia_Gear","Crystal_Sword","Gladius","Haste","Meltdown","Quake","Mythril_Knife","Iron Wave","Ultima","Mythril_Knife","Rune_Blade","Thunder_Blade","Trance+1","Dark","Quake","Slimebound:CheckThePlaybook+1","Blood_Hilt","Thunder_P+2","Vox+1","Falchion+1","Osmosis","Heavy_Shield+1","Holy+1","Tornado","Gaia_Gear+1","Meteor+1","Blizzard_P+2","expansioncontent:DashGenerateEvil+1","Enhancer+1","Shell+1","Quake+1"],"relics":["Pendant","NeowsBlessing","betterThird:SlimedRelic","FaceOfCleric","Pen Nib","Regal Pillow","HollowMod:PaleOreRelic","Golden_Hairpin","MutagenicStrength","theSenshi:SailorFukuRelic","Molten Egg 2","Pantograph","SlaversCollar","Bottled Flame","CatCart","Gambling Chip"],"acts_visited":["Exordium","TheCity","TheBeyond"],"potions_floor_usage":[11,11,16,41,50,50],"damage_taken":[{"damage":0,"enemies":"Small Slimes","floor":1,"turns":2},{"damage":0,"enemies":"Cultist","floor":2,"turns":2},{"damage":0,"enemies":"3 Sentries","floor":6,"turns":1},{"damage":2,"enemies":"2 Louse","floor":7,"turns":2},{"damage":9,"enemies":"Exordium Thugs","floor":8,"turns":4},{"damage":6,"enemies":"Gremlin Nob","floor":11,"turns":3},{"damage":12,"enemies":"Blue Slaver","floor":12,"turns":3},{"damage":0,"enemies":"3 Louse","floor":13,"turns":1},{"damage":5,"enemies":"Large Slime","floor":14,"turns":4},{"damage":25,"enemies":"Slime Boss","floor":16,"turns":8},{"damage":2,"enemies":"Chosen","floor":18,"turns":2},{"damage":4,"enemies":"3 Byrds","floor":21,"turns":4},{"damage":11,"enemies":"Snake Plant","floor":29,"turns":2},{"damage":7,"enemies":"Centurion and Healer","floor":30,"turns":3},{"damage":15,"enemies":"Chosen and Byrds","floor":31,"turns":2},{"damage":67,"enemies":"Collector","floor":33,"turns":9},{"damage":18,"enemies":"Orb Walker","floor":35,"turns":4},{"damage":17,"enemies":"3 Darklings","floor":36,"turns":2},{"damage":12,"enemies":"4 Shapes","floor":39,"turns":1},{"damage":18,"enemies":"Orin","floor":41,"turns":7},{"damage":19,"enemies":"Spire Growth","floor":45,"turns":5},{"damage":18,"enemies":"Maw","floor":46,"turns":7},{"damage":28,"enemies":"Writhing Mass","floor":48,"turns":6},{"damage":161,"enemies":"Donu and Deca","floor":50,"turns":12}],"seed_played":"2656360249734145863","potions_obtained":[{"floor":2,"key":"FearPotion"},{"floor":7,"key":"SteroidPotion"},{"floor":11,"key":"LiquidBronze"},{"floor":12,"key":"BlessingOfTheForge"},{"floor":16,"key":"Block Potion"},{"floor":21,"key":"Energy Potion"}],"is_trial":false,"path_per_floor":["M","M","$","?","?","E","M","M","T","?","E","M","M","M","R","B",null,"M","?","T","M","?","R","?","?","T","R","$","M","M","M","R","B",null,"M","M","?","$","M","R","?","$","T","?","M","M","R","M","R","B",null],"character_chosen":"MAGITEKELITE","items_purchased":["Gladius","Haste","Blood_Hilt","Bottled Flame","Tornado","Blizzard_P"],"campfire_rested":5,"item_purchase_floors":[3,3,28,38,38,42],"current_hp_per_floor":[63,63,63,52,52,53,52,44,44,44,39,28,29,25,61,43,71,70,70,70,73,73,73,73,66,66,66,66,56,50,36,69,11,70,57,41,41,41,30,66,49,49,49,49,31,22,59,38,76,15],"gold":86,"neow_bonus":"THREE_ENEMY_KILL","is_daily":false,"chose_seed":false,"campfire_upgraded":2,"win_rate":0.0,"timestamp":1610338261,"path_taken":["M","M","$","?","?","E","M","?","T","?","E","M","?","M","R","BOSS","M","?","?","M","?","R","?","?","T","R","$","M","M","M","R","BOSS","M","M","?","$","M","R","?","?","T","?","M","?","R","M","R","BOSS"],"items_purchased_type":["Card","Card","Card","Relic","Card","Card"],"build_version":"2020-12-22","purchased_purges":1,"victory":true,"max_hp_per_floor":[63,63,63,63,63,64,65,66,66,66,67,68,69,70,70,71,71,72,72,72,73,73,73,73,66,66,66,66,67,68,69,69,70,70,71,72,72,72,73,73,74,74,74,74,75,76,76,77,77,78],"card_choices":[{"not_picked":["Poisona","Focus"],"picked":"Gaia_Gear","floor":1},{"not_picked":["Transpose2","Man_Eater"],"picked":"Crystal_Sword","floor":2},{"not_picked":["Slow","Force_Armor"],"picked":"Meltdown","floor":6},{"not_picked":["Esuna","Man_Eater"],"picked":"Quake","floor":7},{"not_picked":["Gaia_Gear","Slow"],"picked":"Mythril_Knife","floor":8},{"not_picked":["Bravery","Balance"],"picked":"Ultima","floor":11},{"not_picked":["Slow","Icebrand"],"picked":"Mythril_Knife","floor":12},{"not_picked":["Enhancer","Vox"],"picked":"Rune_Blade","floor":13},{"not_picked":["Force_Armor","Shell"],"picked":"Thunder_Blade","floor":14},{"not_picked":["Might","Mystery_Veil"],"picked":"Trance","floor":16},{"not_picked":["Meltdown","Poisona"],"picked":"Dark","floor":18},{"not_picked":["Astra","Rune_Blade"],"picked":"Quake","floor":21},{"not_picked":["Crystal_Sword+1","Man_Eater+1"],"picked":"Thunder_P","floor":29},{"not_picked":["Quake+1","Barrier+1"],"picked":"Vox+1","floor":30},{"not_picked":["Astra+1","Crystal_Sword+1"],"picked":"Falchion+1","floor":31},{"not_picked":["Mama","Reflect"],"picked":"Osmosis","floor":33},{"not_picked":["Bravery+1","Astra"],"picked":"Heavy_Shield+1","floor":35},{"not_picked":["Protect_M","Balance"],"picked":"Holy+1","floor":36},{"not_picked":["Quake+1","Esuna"],"picked":"Gaia_Gear+1","floor":39},{"not_picked":["Minerva_Bustier+1","Quake+1"],"picked":"Meteor+1","floor":41},{"not_picked":["Sadistic Nature","expansioncontent:SuperHexaguard"],"picked":"expansioncontent:DashGenerateEvil+1","floor":44},{"not_picked":["Icebrand+1","Gladius+1"],"picked":"Enhancer+1","floor":45},{"not_picked":["Aero","Dispel"],"picked":"Shell+1","floor":46},{"not_picked":["Dark","Aero"],"picked":"Quake+1","floor":48}],"player_experience":16611,"relics_obtained":[{"floor":6,"key":"Pen Nib"},{"floor":9,"key":"Regal Pillow"},{"floor":11,"key":"HollowMod:PaleOreRelic"},{"floor":20,"key":"theSenshi:SailorFukuRelic"},{"floor":26,"key":"Pantograph"},{"floor":41,"key":"CatCart"},{"floor":43,"key":"Gambling Chip"}],"event_choices":[{"damage_healed":0,"gold_gain":0,"player_choice":"Slimed","damage_taken":11,"max_hp_gain":0,"max_hp_loss":0,"event_name":"betterThird:BetterGoop","floor":4,"gold_loss":32},{"damage_healed":0,"gold_gain":0,"player_choice":"Trade","damage_taken":0,"relics_obtained":["FaceOfCleric"],"max_hp_gain":0,"max_hp_loss":0,"event_name":"FaceTrader","floor":5,"gold_loss":0},{"cards_removed":["Defend_L"],"damage_healed":0,"gold_gain":0,"player_choice":"Took Card","damage_taken":0,"max_hp_gain":0,"max_hp_loss":0,"event_name":"NoteForYourself","floor":10,"gold_loss":0,"cards_obtained":["Iron Wave"]},{"damage_healed":0,"gold_gain":0,"player_choice":"Inject Mutagens","damage_taken":0,"relics_obtained":["MutagenicStrength"],"max_hp_gain":0,"max_hp_loss":0,"event_name":"Drug Dealer","floor":19,"gold_loss":0},{"damage_healed":0,"gold_gain":0,"player_choice":"Ignored","damage_taken":0,"max_hp_gain":0,"max_hp_loss":0,"event_name":"Vampires","floor":22,"gold_loss":0},{"damage_healed":0,"gold_gain":0,"player_choice":"Opened","damage_taken":0,"relics_obtained":["Molten Egg 2"],"max_hp_gain":0,"max_hp_loss":0,"event_name":"The Mausoleum","floor":24,"gold_loss":0,"cards_obtained":["Writhe"]},{"damage_healed":0,"gold_gain":0,"player_choice":"Ignored","damage_taken":0,"max_hp_gain":0,"max_hp_loss":0,"event_name":"Tomb of Lord Red Mask","floor":37,"gold_loss":0},{"damage_healed":0,"gold_gain":0,"player_choice":"Fight","damage_taken":0,"max_hp_gain":0,"max_hp_loss":0,"event_name":"OrinTheCat","floor":41,"gold_loss":0},{"damage_healed":0,"gold_gain":0,"player_choice":"Memory 1","damage_taken":0,"max_hp_gain":0,"max_hp_loss":0,"event_name":"SensoryStone","floor":44,"gold_loss":0}],"is_beta":false,"boss_relics":[{"not_picked":["Ectoplasm","Busted Crown"],"picked":"Golden_Hairpin"},{"not_picked":["Snecko Eye","Runic Pyramid"],"picked":"SlaversCollar"}],"items_purged_floors":[28],"is_endless":false,"potions_floor_spawned":[2,7,11,12,16,21,29,35,36],"ascension_level":0}}