{"host":"zex3ujd3lwod1gma","time":1610398858,"event":{"mods":["BaseMod","Better Vampires","Better-Laid Plans","Custom Start","Minty Spire (QoL Compilation)","Quick Restart","Relic Stats","StSLib","Starting Relic: Pandora\u0027s Box","[地精首领爬塔]The Maniac","篝火指南"],"gold_per_floor":[110,126,126,144,144,170,187,187,258,258,268,298,298],"floor_reached":12,"playtime":265,"items_purged":[],"score":180,"play_id":"7459dddf-5fda-4cce-8ec1-5c53f43a0028","local_time":"20210112050058","is_ascension_mode":true,"campfire_choices":[{"data":"Searing Blow","floor":8.0,"key":"SMITH"},{"data":"Searing Blow+1","floor":10.0,"key":"SMITH"}],"circlet_count":0,"master_deck":["AscendersBane","Bash","Havoc","Blood for Blood","Twin Strike","Sword Boomerang","Wild Strike+1","Wild Strike","Cleave","Second Wind+1","Searing Blow+2","Feel No Pain","Dark Embrace","Armaments"],"relics":["Pandora\u0027s Box","NeowsBlessing","FossilizedHelix","Oddly Smooth Stone","Boot"],"acts_visited":["Exordium"],"potions_floor_usage":[],"damage_taken":[{"damage":0.0,"enemies":"Cultist","floor":1.0,"turns":1.0},{"damage":0.0,"enemies":"2 Louse","floor":2.0,"turns":1.0},{"damage":0.0,"enemies":"Jaw Worm","floor":4.0,"turns":1.0},{"damage":17.0,"enemies":"Lagavulin","floor":6.0,"turns":6.0},{"damage":0.0,"enemies":"Looter","floor":7.0,"turns":2.0},{"damage":14.0,"enemies":"Exordium Thugs","floor":11.0,"turns":4.0},{"damage":12,"enemies":"Gremlin Nob","floor":12,"turns":4}],"seed_played":"-373884151570664547","potions_obtained":[{"floor":2.0,"key":"EssenceOfSteel"},{"floor":7.0,"key":"FearPotion"},{"floor":11.0,"key":"Strength Potion"}],"is_trial":false,"path_per_floor":["M","M","?","M","?","E","M","R","T","R","M","E"],"character_chosen":"IRONCLAD","items_purchased":[],"campfire_rested":0,"item_purchase_floors":[],"current_hp_per_floor":[68,68,45,45,45,28,28,28,28,28,14,2,2],"gold":298,"neow_bonus":"THREE_ENEMY_KILL","is_daily":false,"chose_seed":false,"campfire_upgraded":2,"win_rate":0.0,"timestamp":1610398858,"path_taken":["M","?","?","M","?","E","M","R","T","R","M","E"],"items_purchased_type":[],"build_version":"2020-12-22","purchased_purges":0,"victory":false,"max_hp_per_floor":[75,75,75,75,75,75,75,75,75,75,75,75,75],"relic_stats":{"counters":[7,19],"Pandora\u0027s Box":[],"Boot":[0],"obtain_stats":[{"NeowsBlessing":0,"Oddly Smooth Stone":6,"Pandora\u0027s Box":0,"Boot":12,"FossilizedHelix":5},{"NeowsBlessing":0,"Oddly Smooth Stone":4,"Pandora\u0027s Box":0,"Boot":7,"FossilizedHelix":3},{"NeowsBlessing":0,"Oddly Smooth Stone":9,"Pandora\u0027s Box":0,"Boot":19,"FossilizedHelix":3}]},"card_choices":[{"not_picked":["Perfected Strike","Clothesline","Wild Strike"],"picked":"SKIP","floor":1.0},{"not_picked":["Flame Barrier","True Grit"],"picked":"Feel No Pain","floor":2.0},{"not_picked":["Thunderclap","Spot Weakness","Cleave"],"picked":"SKIP","floor":4.0},{"not_picked":["Spot Weakness","Flex"],"picked":"Dark Embrace","floor":6.0},{"not_picked":["Inflame","Pummel","Pommel Strike"],"picked":"SKIP","floor":7.0},{"not_picked":["Clothesline","Warcry"],"picked":"Armaments","floor":11.0},{"not_picked":["Combust","Wild Strike","Fire Breathing"],"picked":"SKIP","floor":12}],"player_experience":1251647,"relics_obtained":[{"floor":6.0,"key":"Oddly Smooth Stone"},{"floor":12,"key":"Boot"}],"event_choices":[{"damage_healed":0.0,"max_hp_gain":0.0,"max_hp_loss":0.0,"gold_gain":0.0,"event_name":"Shining Light","player_choice":"Entered Light","floor":3.0,"gold_loss":0.0,"damage_taken":23.0,"cards_upgraded":["Second Wind","Wild Strike"]},{"damage_healed":0.0,"max_hp_gain":0.0,"max_hp_loss":0.0,"gold_gain":0.0,"event_name":"WeMeetAgain","player_choice":"Gave Potion","floor":5.0,"gold_loss":0.0,"damage_taken":0.0,"relics_obtained":["FossilizedHelix"]}],"is_beta":false,"boss_relics":[],"items_purged_floors":[],"is_endless":false,"potions_floor_spawned":[2,7,11],"killed_by":"Gremlin Nob","ascension_level":20}}