{"host":"m5bsg12zcyqnofur","time":1610326574,"event":{"mods":["BaseMod","BetterRewards","Colored Powertips","Downfall","Highlight Path","Minty Spire (QoL Compilation)","Quick Restart","Replay The Spire","Shop Mod","StSLib"],"gold_per_floor":[114,134,153,53,128,159,159,159,241,268,268,268],"floor_reached":11,"playtime":3442,"items_purged":["Strike_G","Defend_G"],"score":82,"play_id":"b8e81506-7375-4c0e-95ba-7ace48743e60","local_time":"20210110185614","is_ascension_mode":true,"campfire_choices":[{"floor":8,"key":"REST"}],"circlet_count":0,"master_deck":["Strike_G","Strike_G","Strike_G","Strike_G","Defend_G","Defend_G","Defend_G","Defend_G","Survivor","Neutralize","Hidden Blade","Quick Slash","Prepared","Blade Dance","Acrobatics+1"],"relics":["Ring of the Snake","Gremlin Food","Bag of Preparation"],"acts_visited":["Exordium"],"potions_floor_usage":[6,6],"damage_taken":[{"damage":6,"enemies":"2 Louse","floor":1,"turns":2},{"damage":2,"enemies":"Jaw Worm","floor":2,"turns":5},{"damage":2,"enemies":"Small Slimes","floor":3,"turns":3},{"damage":27,"enemies":"Lagavulin","floor":6,"turns":6},{"damage":37,"enemies":"3 Sentries","floor":11,"turns":4}],"seed_played":"1383449456564201354","potions_obtained":[{"floor":2,"key":"AttackPotion"}],"is_trial":false,"path_per_floor":["M","M","M","$","?","E","?","R","T","T","E"],"character_chosen":"THE_SILENT","items_purchased":["Hidden Blade","Quick Slash","Adrenaline Potion"],"campfire_rested":1,"item_purchase_floors":[0,0,0],"current_hp_per_floor":[56,54,52,52,41,14,14,35,35,35,0,0],"gold":268,"neow_bonus":"","is_daily":false,"chose_seed":false,"campfire_upgraded":0,"win_rate":0.0,"timestamp":1610326574,"path_taken":["M","M","M","$","?","E","?","R","T","?","E"],"items_purchased_type":["Card","Card","Potion"],"build_version":"2020-12-22","purchased_purges":2,"victory":false,"max_hp_per_floor":[70,70,70,70,70,70,70,70,70,70,70,70],"card_choices":[{"not_picked":["Crippling Poison","PiercingWail"],"picked":"Prepared","floor":1},{"not_picked":["Slice","ReplayTheSpireMod:Speed Training"],"picked":"Blade Dance","floor":2},{"not_picked":["ReplayTheSpireMod:Shiv Toss","Poisoned Stab"],"picked":"Acrobatics","floor":3},{"not_picked":["Outmaneuver","Hidden Blade","Calculated Gamble"],"picked":"SKIP","floor":6}],"player_experience":158745,"relics_obtained":[{"floor":6,"key":"Gremlin Food"},{"floor":10,"key":"Bag of Preparation"}],"event_choices":[{"damage_healed":0,"gold_gain":75,"player_choice":"Gather Gold","damage_taken":11,"max_hp_gain":0,"max_hp_loss":0,"event_name":"World of Goop","floor":5,"gold_loss":0},{"damage_healed":0,"gold_gain":0,"player_choice":"Ignored","damage_taken":0,"max_hp_gain":0,"max_hp_loss":0,"event_name":"Liars Game","floor":7,"gold_loss":0}],"is_beta":false,"boss_relics":[],"items_purged_floors":[0,4],"is_endless":false,"potions_floor_spawned":[2],"killed_by":"3 Sentries","ascension_level":3}}