{"host":"v4tuy5ykrbdcm9o9","time":1610325793,"event":{"mods":["BaseMod","Duelist Mod","Minty Spire (QoL Compilation)","Replay The Spire","StSLib"],"gold_per_floor":[113,128,146,158,11,36,111,139,192,212,212,212,237,7,7,111,111,128,139,139,151,151,151],"floor_reached":22,"playtime":2173,"items_purged":[],"score":258,"play_id":"202de024-06d9-43e4-a86e-1cfadfba9d8b","local_time":"20210110194313","is_ascension_mode":true,"campfire_choices":[{"floor":12,"key":"REST"},{"floor":15,"key":"REST"}],"circlet_count":0,"master_deck":["Strike_P","Strike_P","Strike_P","Defend_P","Defend_P","Defend_P","Eruption","Vigilance","Replay:BluntJabs","Replay:DivineShield","Halt","DevaForm","FlurryOfBlows","CutThroughFate","Wireheading","Evaluate","JustLucky","TalkToTheHand","ForeignInfluence","Steam","FollowUp","Weave","Alpha","Replay:BluntJabs+1","Replay:AtTheReady+1","Pain","WheelKick+1"],"relics":["PureWater","Replay:Baseball","White Beast Statue","Ancient Tea Set","Replay:Rubber Ducky","Lantern","Philosopher\u0027s Stone","WarpedTongs"],"acts_visited":["Exordium","TheCity"],"potions_floor_usage":[4,6,6,8,13,13,13,18,19,19,21],"damage_taken":[{"damage":7,"enemies":"Cultist","floor":1,"turns":3},{"damage":1,"enemies":"2 Louse","floor":2,"turns":2},{"damage":2,"enemies":"Jaw Worm","floor":3,"turns":4},{"damage":0,"enemies":"Large Slime","floor":4,"turns":5},{"damage":5,"enemies":"Lagavulin","floor":6,"turns":5},{"damage":20,"enemies":"3 Sentries","floor":8,"turns":8},{"damage":4,"enemies":"Exordium Thugs","floor":10,"turns":5},{"damage":25,"enemies":"Gremlin Nob","floor":13,"turns":4},{"damage":12,"enemies":"Slime Boss","floor":16,"turns":8},{"damage":0,"enemies":"Chosen","floor":18,"turns":4},{"damage":13,"enemies":"2 Thieves","floor":19,"turns":4},{"damage":34,"enemies":"Snake Plant","floor":21,"turns":5},{"damage":49,"enemies":"Cultist and Chosen","floor":22,"turns":5}],"seed_played":"-2505319380098783025","potions_obtained":[{"floor":1,"key":"Languid Potion"},{"floor":2,"key":"Energy Potion"},{"floor":4,"key":"SneckoOil"},{"floor":6,"key":"SkillPotion"},{"floor":10,"key":"EntropicBrew"},{"floor":13,"key":"Strength Potion"},{"floor":16,"key":"Energy Potion"},{"floor":18,"key":"Weak Potion"},{"floor":19,"key":"PowerPotion"},{"floor":21,"key":"Elixir"}],"is_trial":false,"path_per_floor":["M","M","M","M","$","E","?","E","T","M","?","R","E","$","R","B",null,"M","M","?","M","M"],"character_chosen":"WATCHER","items_purchased":["FlurryOfBlows","CutThroughFate","Wireheading","Lantern","Weave"],"campfire_rested":2,"item_purchase_floors":[5,5,5,14,14],"current_hp_per_floor":[72,71,69,69,69,64,57,37,37,33,33,56,31,31,54,42,70,70,57,57,23,0,0],"gold":151,"neow_bonus":"TEN_PERCENT_HP_BONUS","is_daily":false,"chose_seed":false,"campfire_upgraded":0,"win_rate":0.0,"timestamp":1610325793,"path_taken":["M","M","M","M","$","E","?","E","T","?","?","R","E","?","R","BOSS","M","M","?","?","M"],"items_purchased_type":["Card","Card","Card","Relic","Card"],"build_version":"2020-12-22","purchased_purges":0,"victory":false,"max_hp_per_floor":[79,79,79,79,79,79,79,79,79,79,79,79,79,79,79,79,79,79,79,79,79,79,79],"card_choices":[{"not_picked":["CarveReality","Sanctity"],"picked":"Replay:BluntJabs","floor":1},{"not_picked":["FlyingSleeves","WheelKick"],"picked":"Replay:DivineShield","floor":2},{"not_picked":["WheelKick","EmptyFist"],"picked":"Halt","floor":3},{"not_picked":["SashWhip","BowlingBash"],"picked":"DevaForm","floor":4},{"not_picked":["EmptyFist","BowlingBash"],"picked":"Evaluate","floor":6},{"not_picked":["Replay:DivineShield","MasterReality"],"picked":"JustLucky","floor":8},{"not_picked":["Study","ClearTheMind"],"picked":"TalkToTheHand","floor":10},{"not_picked":["Evaluate","Replay:AtTheReady"],"picked":"FollowUp","floor":13},{"not_picked":["Ragnarok","SpiritShield"],"picked":"Alpha","floor":16},{"not_picked":["SashWhip+1","LikeWater+1"],"picked":"Replay:BluntJabs+1","floor":18},{"not_picked":["ClearTheMind","JustLucky"],"picked":"Replay:AtTheReady+1","floor":19},{"not_picked":["SashWhip","ClearTheMind"],"picked":"WheelKick+1","floor":21}],"player_experience":586266,"relics_obtained":[{"floor":6,"key":"Replay:Baseball"},{"floor":8,"key":"White Beast Statue"},{"floor":9,"key":"Ancient Tea Set"},{"floor":13,"key":"Replay:Rubber Ducky"}],"event_choices":[{"damage_healed":0,"gold_gain":75,"player_choice":"Touch","damage_taken":7,"max_hp_gain":0,"max_hp_loss":0,"event_name":"FaceTrader","floor":7,"gold_loss":0},{"damage_healed":0,"gold_gain":0,"player_choice":"Rummage","damage_taken":0,"relics_obtained":["WarpedTongs"],"max_hp_gain":0,"max_hp_loss":0,"event_name":"Accursed Blacksmith","floor":20,"gold_loss":0,"cards_obtained":["Pain"]}],"is_beta":false,"boss_relics":[{"not_picked":["Cursed Key","ReplayTheSpireMod:DimensionalGlitch"],"picked":"Philosopher\u0027s Stone"}],"items_purged_floors":[],"is_endless":false,"potions_floor_spawned":[1,2,4,6,10,13,16,18,19,21],"killed_by":"Cultist and Chosen","ascension_level":5}}