{"host":"cbu6enf2xtq4r7r3","time":1610388973,"event":{"mods":["2.2 Compatiblity","AlwaysNeverKeys","BaseMod","Better Match","Better Note","Better Sensory Stone","Better Skull","Better Third Choice","Colored Map","Colored Powertips","Defuse TimeMaze Blight","Emptier Cage","Minty Spire (QoL Compilation)","Permanent Neow","Quick Restart","Random Character Button","Relic Sorter","Reorder Act Four","Shop Mod","StSLib"],"gold_per_floor":[11,28,144,159,159,159,172,206,232,247,247,135,135,168,168,272,272,292,292,306,33,47,76,76,76,156,156,171,205,216,247,247,345,345,345,345],"floor_reached":35,"playtime":3115,"items_purged":["Strike_B","Defend_B"],"score":636,"play_id":"cc76e8fd-ce58-4788-827e-cc9b88781c6a","local_time":"20210111191613","is_ascension_mode":true,"campfire_choices":[{"data":"Zap","floor":6.0,"key":"SMITH"},{"data":"Conserve Battery","floor":11.0,"key":"SMITH"},{"data":"Capacitor","floor":15.0,"key":"SMITH"},{"floor":27.0,"key":"REST"},{"data":"Steam","floor":32.0,"key":"SMITH"}],"circlet_count":0,"master_deck":["Strike_B","Strike_B","Defend_B","Defend_B","Defend_B","Zap+1","Dualcast","Ball Lightning","Ball Lightning","Steam+1","Glacier","Conserve Battery+1","Chill","Capacitor+1","Cloak And Dagger+1","Undo+1","Steam","Melter+1","Capacitor+1","Steam+1","Reboot"],"relics":["Cracked Core","Thread and Needle","Strawberry","Regal Pillow","DataDisk","PreservedInsect","Philosopher\u0027s Stone","OrangePellets","Bottled Tornado","Eternal Feather","Symbiotic Virus","Red Mask","Kunai","Snecko Eye"],"acts_visited":["Exordium","TheCity","TheBeyond"],"potions_floor_usage":[],"damage_taken":[{"damage":0.0,"enemies":"Jaw Worm","floor":1.0,"turns":3.0},{"damage":0.0,"enemies":"Cultist","floor":2.0,"turns":3.0},{"damage":0.0,"enemies":"2 Louse","floor":4.0,"turns":1.0},{"damage":0.0,"enemies":"Blue Slaver","floor":7.0,"turns":2.0},{"damage":0.0,"enemies":"Gremlin Nob","floor":8.0,"turns":3.0},{"damage":0.0,"enemies":"3 Louse","floor":10.0,"turns":3.0},{"damage":0.0,"enemies":"3 Sentries","floor":14.0,"turns":8.0},{"damage":0.0,"enemies":"The Guardian","floor":16.0,"turns":13.0},{"damage":11.0,"enemies":"2 Thieves","floor":18.0,"turns":4.0},{"damage":0.0,"enemies":"3 Byrds","floor":20.0,"turns":5.0},{"damage":0.0,"enemies":"Snake Plant","floor":22.0,"turns":4.0},{"damage":69.0,"enemies":"Gremlin Leader","floor":23.0,"turns":9.0},{"damage":4.0,"enemies":"Shelled Parasite and Fungi","floor":28.0,"turns":5.0},{"damage":2.0,"enemies":"Masked Bandits","floor":29.0,"turns":5.0},{"damage":0.0,"enemies":"Sentry and Sphere","floor":30.0,"turns":3.0},{"damage":0.0,"enemies":"Slavers","floor":31.0,"turns":5.0},{"damage":6.0,"enemies":"Champ","floor":33.0,"turns":13.0},{"damage":0,"enemies":"3 Darklings","floor":35,"turns":2}],"seed_played":"5738201010975828013","potions_obtained":[{"floor":1.0,"key":"Energy Potion"},{"floor":4.0,"key":"Strength Potion"},{"floor":7.0,"key":"EssenceOfSteel"},{"floor":16.0,"key":"Regen Potion"},{"floor":29.0,"key":"Explosive Potion"},{"floor":30.0,"key":"DuplicationPotion"},{"floor":31.0,"key":"FearPotion"},{"floor":33.0,"key":"Swift Potion"}],"is_trial":false,"path_per_floor":["M","M","?","M","?","R","M","E","T","M","R","$","?","E","R","B",null,"M","?","M","$","M","E","?","?","T","R","M","?","M","E","R","B",null,"M"],"character_chosen":"DEFECT","items_purchased":["Chill","OrangePellets","Steam"],"campfire_rested":1,"item_purchase_floors":[12,21,21],"current_hp_per_floor":[75,75,56,56,56,56,56,56,56,56,56,56,82,82,82,82,82,71,71,71,71,71,2,2,2,2,50,46,44,44,44,56,65,82,82,82],"gold":345,"neow_bonus":"ONE_RARE_RELIC","is_daily":false,"chose_seed":false,"campfire_upgraded":4,"win_rate":0.0,"timestamp":1610388973,"path_taken":["M","M","?","?","?","R","M","E","T","M","R","$","?","E","R","BOSS","M","?","M","$","?","E","?","?","T","R","M","?","?","E","R","BOSS","M"],"items_purchased_type":["Card","Relic","Card"],"build_version":"2020-12-22","purchased_purges":2,"victory":false,"max_hp_per_floor":[75,75,82,82,82,82,82,82,82,82,82,82,82,82,82,82,82,82,82,82,82,82,82,82,82,82,82,82,82,82,82,82,82,82,82,82],"card_choices":[{"not_picked":["Gash","Auto Shields"],"picked":"Ball Lightning","floor":1.0},{"not_picked":["Conserve Battery","Leap"],"picked":"Ball Lightning","floor":2.0},{"not_picked":["Sunder","Coolheaded","Gash"],"picked":"SKIP","floor":4.0},{"not_picked":["Rip and Tear","Beam Cell"],"picked":"Steam","floor":7.0},{"not_picked":["Cold Snap","Coolheaded"],"picked":"Glacier","floor":8.0},{"not_picked":["Sweeping Beam","Tempest"],"picked":"Conserve Battery","floor":10.0},{"not_picked":["Loop","Darkness"],"picked":"Capacitor","floor":14.0},{"not_picked":["Rip and Tear","Static Discharge+1","Darkness+1"],"picked":"SKIP","floor":18.0},{"not_picked":["Barrage+1","Redo+1"],"picked":"Undo+1","floor":20.0},{"not_picked":["Rip and Tear+1","Auto Shields+1","Hello World+1"],"picked":"SKIP","floor":22.0},{"not_picked":["Hello World","Cold Snap"],"picked":"Melter+1","floor":23.0},{"not_picked":["Capacitor+1","Force Field","Beam Cell+1"],"picked":"SKIP","floor":28.0},{"not_picked":["Go for the Eyes+1","Blizzard"],"picked":"Capacitor+1","floor":30.0},{"not_picked":["Rip and Tear+1","Consume"],"picked":"Steam+1","floor":31.0},{"not_picked":["Meteor Strike","Multi-Cast"],"picked":"Reboot","floor":33.0}],"player_experience":90493,"relics_obtained":[{"floor":8.0,"key":"Regal Pillow"},{"floor":9.0,"key":"DataDisk"},{"floor":14.0,"key":"PreservedInsect"},{"floor":23.0,"key":"Bottled Tornado"},{"floor":26.0,"key":"Symbiotic Virus"},{"floor":29.0,"key":"Red Mask"},{"floor":31.0,"key":"Kunai"}],"event_choices":[{"damage_healed":0.0,"max_hp_gain":0.0,"max_hp_loss":0.0,"gold_gain":116.0,"event_name":"betterSkull:BetterSkull","player_choice":"GO RE ","floor":3.0,"gold_loss":0.0,"damage_taken":29.0,"cards_upgraded":[],"relics_obtained":["Strawberry"]},{"cards_removed":["Strike_B"],"damage_healed":0.0,"max_hp_gain":0.0,"max_hp_loss":0.0,"gold_gain":0.0,"event_name":"Living Wall","player_choice":"Forget","floor":5.0,"gold_loss":0.0,"damage_taken":0.0},{"damage_healed":27.0,"max_hp_gain":0.0,"max_hp_loss":0.0,"gold_gain":0.0,"event_name":"Big Fish","player_choice":"Banana","floor":13.0,"gold_loss":0.0,"damage_taken":0.0},{"cards_removed":["Conserve Battery"],"damage_healed":0.0,"max_hp_gain":0.0,"max_hp_loss":0.0,"gold_gain":0.0,"event_name":"betterNote:BetterNote","player_choice":"Take \u0026 Give","floor":19.0,"gold_loss":0.0,"damage_taken":0.0,"cards_obtained":["Cloak And Dagger"]},{"damage_healed":0.0,"max_hp_gain":0.0,"max_hp_loss":0.0,"gold_gain":0.0,"event_name":"Addict","player_choice":"Stole Relic","floor":24.0,"gold_loss":0.0,"damage_taken":0.0,"relics_obtained":["Eternal Feather"],"cards_obtained":["Shame"]},{"cards_removed":["Shame"],"damage_healed":0.0,"max_hp_gain":0.0,"max_hp_loss":0.0,"gold_gain":0.0,"event_name":"betterThird:BetterWriting","player_choice":"Elegance","floor":25.0,"gold_loss":0.0,"damage_taken":0.0},{"damage_healed":0.0,"max_hp_gain":0.0,"max_hp_loss":0.0,"gold_gain":0.0,"event_name":"Masked Bandits","player_choice":"Fought Bandits","floor":29.0,"gold_loss":0.0,"damage_taken":0.0}],"is_beta":false,"boss_relics":[{"not_picked":["Runic Pyramid","Tiny House"],"picked":"Philosopher\u0027s Stone"},{"not_picked":["Pandora\u0027s Box","Fusion Hammer"],"picked":"Snecko Eye"}],"items_purged_floors":[12,21],"is_endless":false,"potions_floor_spawned":[1,4,7,16,29,30,31,33],"killed_by":"3 Darklings","ascension_level":4}}