{"host":"fx1msjnmzlhlr397","time":1610324256,"event":{"mods":["AchievementEnabler","BaseMod","Colored Map","Colored Powertips","Downfall","Duelist Mod","Friendly Minions","GifTheSpireLib","Marisa????????","Minty Spire (QoL Compilation)","Quick Restart","Rare Cards Sparkle","Replay The Spire","SOS???????","StSLib","The Alterego","The Animator","The Hierophant","The Wild Card"],"gold_per_floor":[109,109,127,302,312,312,338,338,338,338,349,362,53,53,53,53,53],"floor_reached":16,"playtime":465,"items_purged":[],"score":90,"play_id":"074a62b0-f557-45c5-b9c3-93fcdc1a2045","local_time":"20210110191736","is_ascension_mode":false,"campfire_choices":[{"data":"animator:TukaLunaMarceau","floor":6,"key":"SMITH"},{"floor":8,"key":"REST"},{"floor":10,"key":"REST"},{"floor":15,"key":"REST"}],"circlet_count":0,"master_deck":["animator:Strike_GATE","animator:Defend_GATE","animator:Strike","animator:Strike","animator:Strike","animator:Defend","animator:Defend","animator:Defend","animator:TukaLunaMarceau+1","animator:Kuribayashi","animator:Scar+1","animator:Illya","Doubt","animator:SakuraMatou","animator:Shichika","animator:Berserker","animator:WinryRockbell","animator:Saitama","animator:Berserker"],"relics":["animator:LivingPicture","animator:TheMissingPiece","NeowsBlessing","Odd Mushroom","Replay:Bottled Flurry","Bottled Tornado"],"acts_visited":["Exordium"],"potions_floor_usage":[],"damage_taken":[{"damage":0,"enemies":"Small Slimes","floor":1,"turns":1},{"damage":0,"enemies":"Cultist","floor":3,"turns":1},{"damage":0,"enemies":"Jaw Worm","floor":5,"turns":1},{"damage":48,"enemies":"The Mushroom Lair","floor":7,"turns":4},{"damage":22,"enemies":"Large Slime","floor":11,"turns":7},{"damage":22,"enemies":"Exordium Thugs","floor":12,"turns":3},{"damage":32,"enemies":"Slime Boss","floor":16,"turns":3}],"seed_played":"-6478958790599156952","potions_obtained":[{"floor":1,"key":"Elixir"}],"is_trial":false,"path_per_floor":["M","?","M","?","M","R","?","R","T","R","M","M","$","T","R","B"],"character_chosen":"THE_ANIMATOR","items_purchased":["animator:Saitama","animator:Berserker","Death Potion","Fire Potion"],"campfire_rested":3,"item_purchase_floors":[13,13,13,13],"current_hp_per_floor":[66,66,66,66,66,66,18,37,37,56,34,12,12,12,31,0,0],"gold":53,"neow_bonus":"THREE_ENEMY_KILL","is_daily":false,"chose_seed":false,"campfire_upgraded":1,"win_rate":0.0,"timestamp":1610324256,"path_taken":["M","?","?","?","M","R","?","R","T","R","M","?","$","?","R","BOSS"],"items_purchased_type":["Card","Card","Potion","Potion"],"build_version":"2020-12-22","purchased_purges":0,"victory":false,"max_hp_per_floor":[66,66,66,66,66,66,66,66,66,66,66,66,66,66,66,66,66],"card_choices":[{"not_picked":["animator:Kuribayashi","animator:Azekura"],"picked":"animator:Scar","floor":1},{"not_picked":["animator:Spearman","animator:Emonzaemon"],"picked":"animator:Illya","floor":3},{"not_picked":["animator:Genos","animator:MetalKnight"],"picked":"animator:SakuraMatou","floor":5},{"not_picked":["animator:Sonic","animator:Illya"],"picked":"animator:Shichika","floor":7},{"not_picked":["animator:Caster","animator:Archer"],"picked":"animator:Berserker","floor":11},{"not_picked":["animator:Entoma","animator:RoryMercury"],"picked":"animator:WinryRockbell","floor":12}],"player_experience":4208,"relics_obtained":[{"floor":7,"key":"Odd Mushroom"},{"floor":9,"key":"Replay:Bottled Flurry"},{"floor":14,"key":"Bottled Tornado"}],"event_choices":[{"damage_healed":0,"gold_gain":0,"player_choice":"Upgraded","damage_taken":0,"max_hp_gain":0,"max_hp_loss":0,"event_name":"Upgrade Shrine","floor":2,"gold_loss":0,"cards_upgraded":["animator:Scar"]},{"damage_healed":0,"gold_gain":175,"player_choice":"AGREE","damage_taken":0,"max_hp_gain":0,"max_hp_loss":0,"event_name":"Liars Game","floor":4,"gold_loss":0,"cards_obtained":["Doubt"]},{"damage_healed":0,"gold_gain":0,"player_choice":"Fought Mushrooms","damage_taken":0,"max_hp_gain":0,"max_hp_loss":0,"event_name":"Mushrooms","floor":7,"gold_loss":0}],"is_beta":false,"boss_relics":[],"items_purged_floors":[],"is_endless":false,"potions_floor_spawned":[1],"killed_by":"Slime Boss","ascension_level":0}}