{"host":"Timothy","time":1610379698,"event":{"mods":["AchievementEnabler","BaseMod","Bestiary","Highlight Path","Minty Spire (QoL Compilation)","Quick Restart","Slay-I"],"gold_per_floor":[14,30,50,61,80,80,5,5,80,80,80,80,95,95,95,193,193,203,216,234,134,134,134,134,134,134],"floor_reached":25,"playtime":383,"items_purged":["Defend_R","Defend_R"],"score":193,"play_id":"fb9aac76-6a65-491c-92d7-de950788cac4","local_time":"20210111074138","is_ascension_mode":false,"campfire_choices":[{"floor":6,"key":"REST"},{"data":"Whirlwind","floor":10,"key":"SMITH"},{"floor":15,"key":"REST"},{"floor":23,"key":"REST"}],"circlet_count":0,"master_deck":["Strike_R","Strike_R","Strike_R","Strike_R+1","Strike_R","Bash","Second Wind+1","Whirlwind+1","Thunderclap","Perfected Strike","Perfected Strike","Perfected Strike","Fiend Fire","Inflame"],"relics":["Burning Blood","Gremlin Horn","Mark of Pain"],"acts_visited":["Exordium","TheCity"],"potions_floor_usage":[16,16,16,25],"damage_taken":[{"damage":6,"enemies":"Cultist","floor":1,"turns":3},{"damage":11,"enemies":"Jaw Worm","floor":2,"turns":3},{"damage":0,"enemies":"2 Louse","floor":3,"turns":1},{"damage":12,"enemies":"2 Fungi Beasts","floor":4,"turns":2},{"damage":19,"enemies":"Blue Slaver","floor":5,"turns":3},{"damage":10,"enemies":"Large Slime","floor":13,"turns":4},{"damage":70,"enemies":"Hexaghost","floor":16,"turns":6},{"damage":34,"enemies":"Shell Parasite","floor":18,"turns":4},{"damage":10,"enemies":"Chosen","floor":19,"turns":3},{"damage":42,"enemies":"Snake Plant","floor":20,"turns":3},{"damage":48,"enemies":"Shelled Parasite and Fungi","floor":25,"turns":3}],"seed_played":"-1156770075945516575","potions_obtained":[{"floor":2,"key":"Energy Potion"},{"floor":3,"key":"Strength Potion"},{"floor":5,"key":"ColorlessPotion"},{"floor":19,"key":"EssenceOfSteel"}],"is_trial":false,"path_per_floor":["M","M","M","M","M","R","$","?","T","R","$","?","M","?","R","B",null,"M","M","M","$","?","R","?","M"],"character_chosen":"IRONCLAD","items_purchased":[],"campfire_rested":3,"item_purchase_floors":[],"current_hp_per_floor":[80,75,80,74,61,80,80,85,85,85,85,68,64,64,85,21,85,57,53,17,17,17,42,42,0,0],"gold":134,"neow_bonus":"TRANSFORM_TWO_CARDS","is_daily":false,"chose_seed":false,"campfire_upgraded":1,"win_rate":0.0,"timestamp":1610379698,"path_taken":["M","M","?","M","M","R","$","?","T","R","$","?","M","?","R","BOSS","M","M","M","$","?","R","?","M"],"items_purchased_type":[],"build_version":"2020-12-18","purchased_purges":2,"victory":false,"max_hp_per_floor":[80,80,80,80,80,80,80,85,85,85,85,85,85,85,85,85,85,85,85,85,85,85,85,85,85,85],"card_choices":[{"not_picked":["Anger","Rupture"],"picked":"Thunderclap","floor":1},{"not_picked":["Intimidate","Rage"],"picked":"Perfected Strike","floor":2},{"not_picked":["Ghostly Armor","Heavy Blade"],"picked":"Perfected Strike","floor":3},{"not_picked":["Havoc","Cleave"],"picked":"Perfected Strike","floor":4},{"not_picked":["Rage","Clothesline","Pommel Strike"],"picked":"SKIP","floor":5},{"not_picked":["Fire Breathing","Twin Strike","Reaper"],"picked":"SKIP","floor":13},{"not_picked":["Impervious","Bludgeon"],"picked":"Fiend Fire","floor":16},{"not_picked":["Shockwave+1","Iron Wave","Havoc"],"picked":"SKIP","floor":18},{"not_picked":["Havoc+1","Body Slam","Sword Boomerang"],"picked":"SKIP","floor":19},{"not_picked":["Disarm","Iron Wave"],"picked":"Inflame","floor":20}],"player_experience":804869,"relics_obtained":[{"floor":9,"key":"Gremlin Horn"}],"event_choices":[{"damage_healed":0,"gold_gain":0,"player_choice":"Donut","damage_taken":0,"max_hp_gain":5,"max_hp_loss":0,"event_name":"Big Fish","floor":8,"gold_loss":0},{"damage_healed":0,"gold_gain":0,"player_choice":"Entered Light","damage_taken":17,"max_hp_gain":0,"max_hp_loss":0,"event_name":"Shining Light","floor":12,"gold_loss":0,"cards_upgraded":["Strike_R","Second Wind"]},{"damage_healed":0,"gold_gain":0,"player_choice":"Searched \u00270\u0027 times","damage_taken":0,"max_hp_gain":0,"max_hp_loss":0,"event_name":"Dead Adventurer","floor":14,"gold_loss":0},{"damage_healed":0,"gold_gain":0,"player_choice":"Ignored","damage_taken":0,"max_hp_gain":0,"max_hp_loss":0,"event_name":"Cursed Tome","floor":22,"gold_loss":0},{"damage_healed":0,"gold_gain":0,"player_choice":"Ignored","damage_taken":0,"max_hp_gain":0,"max_hp_loss":0,"event_name":"Ghosts","floor":24,"gold_loss":0}],"is_beta":true,"boss_relics":[{"not_picked":["SacredBark","Velvet Choker"],"picked":"Mark of Pain"}],"items_purged_floors":[7,21],"is_endless":false,"potions_floor_spawned":[2,3,5,19],"killed_by":"Shelled Parasite and Fungi","ascension_level":0}}