{"host":"q229ysid750dmjme","time":1610364386,"event":{"mods":["AchievementEnabler","Arknights The Spire","BaseMod","Colored Map","Minty Spire (QoL Compilation)","Prisma Mod","StSLib","everything is the same but u backflip on backflip"],"gold_per_floor":[116,116,3,22,32,32,32,32,58,68,88,115,127,27,27,129,129,140,140,140,159,173,173,173],"floor_reached":23,"playtime":2587,"items_purged":["Defend_P","Strike_P"],"score":279,"play_id":"8d5a6e30-1cfe-44a4-993b-c5dcf4495758","local_time":"20210111202626","is_ascension_mode":true,"campfire_choices":[{"data":"Establishment","floor":6.0,"key":"SMITH"},{"data":"Meditate","floor":8.0,"key":"SMITH"},{"floor":15.0,"key":"REST"}],"circlet_count":0,"master_deck":["Strike_P","Strike_P","Strike_P","Defend_P","Defend_P","Defend_P","Eruption","Vigilance","Establishment+1","Meditate+1","Adaptation","Worship","Protect","FlyingSleeves","DevaForm+1","Brilliance","Writhe","PathToVictory+1"],"relics":["PureWater","Vajra","Frozen Egg 2","Bronze Scales","White Beast Statue","SacredBark","MealTicket"],"acts_visited":["Exordium","TheCity"],"potions_floor_usage":[18,18,21,21,22,22,23],"damage_taken":[{"damage":6.0,"enemies":"Jaw Worm","floor":1.0,"turns":7.0},{"damage":9.0,"enemies":"Small Slimes","floor":4.0,"turns":4.0},{"damage":0.0,"enemies":"Cultist","floor":5.0,"turns":3.0},{"damage":0.0,"enemies":"Large Slime","floor":10.0,"turns":3.0},{"damage":11.0,"enemies":"3 Louse","floor":11.0,"turns":4.0},{"damage":14.0,"enemies":"Gremlin Nob","floor":12.0,"turns":3.0},{"damage":4.0,"enemies":"Red Slaver","floor":13.0,"turns":3.0},{"damage":0.0,"enemies":"The Guardian","floor":16.0,"turns":8.0},{"damage":17,"enemies":"2 Thieves","floor":18,"turns":4},{"damage":0,"enemies":"Shell Parasite","floor":21,"turns":2},{"damage":10,"enemies":"Snake Plant","floor":22,"turns":5},{"damage":66,"enemies":"Slavers","floor":23,"turns":5}],"seed_played":"8094477002563488202","potions_obtained":[{"floor":5.0,"key":"DuplicationPotion"},{"floor":11.0,"key":"StancePotion"},{"floor":12.0,"key":"DuplicationPotion"},{"floor":13.0,"key":"EssenceOfSteel"},{"floor":16.0,"key":"ColorlessPotion"},{"floor":18,"key":"BlessingOfTheForge"},{"floor":20,"key":"Block Potion"},{"floor":20,"key":"DuplicationPotion"},{"floor":21,"key":"Regen Potion"},{"floor":22,"key":"LiquidMemories"}],"is_trial":false,"path_per_floor":["M","?","$","M","M","R","?","R","T","M","M","E","M","$","R","B",null,"M","?","?","M","M","E"],"character_chosen":"WATCHER","items_purchased":["Adaptation"],"campfire_rested":1,"item_purchase_floors":[3],"current_hp_per_floor":[59,56,56,47,47,47,47,47,47,47,36,22,18,18,37,37,65,48,48,48,48,63,0,0],"gold":173,"neow_bonus":"THREE_RARE_CARDS","is_daily":false,"chose_seed":false,"campfire_upgraded":2,"win_rate":0.0,"timestamp":1610364386,"path_taken":["M","?","?","M","M","R","?","R","T","M","?","E","M","$","R","BOSS","M","?","?","?","M","E"],"items_purchased_type":["Card"],"build_version":"2020-12-22","purchased_purges":2,"victory":false,"max_hp_per_floor":[65,65,65,65,65,65,65,65,65,65,65,65,65,65,65,65,65,65,65,65,65,65,65,65],"card_choices":[{"not_picked":["DeusExMachina","Devotion"],"picked":"Establishment","floor":0.0},{"not_picked":["CrushJoints","Protect"],"picked":"Meditate","floor":1.0},{"not_picked":["FlurryOfBlows","EmptyFist"],"picked":"Worship","floor":4.0},{"not_picked":["Worship","InnerPeace","Halt"],"picked":"SKIP","floor":5.0},{"not_picked":["Consecrate","CutThroughFate"],"picked":"Protect","floor":10.0},{"not_picked":["EmptyBody","CarveReality"],"picked":"FlyingSleeves","floor":11.0},{"not_picked":["TalkToTheHand","ReachHeaven"],"picked":"DevaForm+1","floor":12.0},{"not_picked":["Nirvana+1","FlurryOfBlows","Conclude"],"picked":"SKIP","floor":13.0},{"not_picked":["DeusExMachina","Wish"],"picked":"Brilliance","floor":16.0},{"not_picked":["Prostrate","Adaptation+1","JustLucky+1"],"picked":"SKIP","floor":18},{"not_picked":["Halt","Prostrate"],"picked":"PathToVictory+1","floor":21},{"not_picked":["Protect","FlurryOfBlows","Vengeance"],"picked":"SKIP","floor":22}],"player_experience":339667,"relics_obtained":[{"floor":9.0,"key":"Bronze Scales"},{"floor":12.0,"key":"White Beast Statue"}],"event_choices":[{"damage_healed":0.0,"max_hp_gain":0.0,"max_hp_loss":0.0,"gold_gain":0.0,"event_name":"Scrap Ooze","player_choice":"Success","floor":2.0,"gold_loss":0.0,"damage_taken":3.0,"relics_obtained":["Vajra"]},{"damage_healed":0.0,"max_hp_gain":0.0,"max_hp_loss":0.0,"gold_gain":0.0,"event_name":"WeMeetAgain","player_choice":"Gave Potion","floor":7.0,"gold_loss":0.0,"damage_taken":0.0,"relics_obtained":["Frozen Egg 2"]},{"damage_healed":0,"gold_gain":0,"player_choice":"Opened","damage_taken":0,"relics_obtained":["MealTicket"],"max_hp_gain":0,"max_hp_loss":0,"event_name":"The Mausoleum","floor":19,"gold_loss":0,"cards_obtained":["Writhe"]},{"damage_healed":0,"gold_gain":0,"player_choice":"Got Potions","damage_taken":0,"max_hp_gain":0,"max_hp_loss":0,"event_name":"Lab","floor":20,"gold_loss":0}],"is_beta":false,"boss_relics":[{"not_picked":["Philosopher\u0027s Stone","Runic Pyramid"],"picked":"SacredBark"}],"items_purged_floors":[3,14],"is_endless":false,"potions_floor_spawned":[5,11,12,13,16,18,21,22],"killed_by":"Slavers","ascension_level":3}}