{"host":"l84l8xigz5v5foa2","time":1610347909,"event":{"mods":["2.2 Compatiblity","AchievementEnabler","BaseMod","Better Note","Better Vampires","Card Filter","Colored Map","DeckTracker","Downfall","Gremlin Skip","Highlight Path","Keyboard Shortcuts","Minty Spire (QoL Compilation)","Permanent Neow","Quick Restart","Relic Filter","Relic Stats","StSLib","SuperFastMode","Transform Curses","Unknown Chances"],"gold_per_floor":[99,113,113,113,129,129,129,54,54,54,39,66,66,98,113,189,189,189,205,305,305,324,338,361,33,66,80,80,80,115,127,140,219,219,144,157,157,9,34,59,85,10,10,110,126,126,1,12,26,26,26,60,5,5,5],"floor_reached":56,"playtime":3110,"items_purged":["hexamod:Strike","hexamod:Strike","hexamod:Defend"],"score":2197,"play_id":"c37005e5-9e38-4ce3-9598-5ab942c5bed5","local_time":"20210111155149","is_ascension_mode":true,"campfire_choices":[{"data":"hexamod:Float","floor":1.0,"key":"SMITH"},{"floor":6.0,"key":"RECALL"},{"data":"hexamod:InspiringFlames","floor":8.0,"key":"SMITH"},{"data":"hexamod:Sear","floor":10.0,"key":"SMITH"},{"data":"hexamod:FastForward","floor":13.0,"key":"SMITH"},{"data":"hexamod:NecessarySacrifice","floor":18.0,"key":"SMITH"},{"data":"hexamod:HexaLevel","floor":29.0,"key":"SMITH"},{"data":"hexamod:Incineration","floor":35.0,"key":"SMITH"},{"data":"hexamod:ThermalTransfer","floor":42,"key":"SMITH"},{"data":"hexamod:Rewind","floor":46,"key":"SMITH"},{"data":"Finesse","floor":54,"key":"SMITH"}],"circlet_count":0,"master_deck":["AscendersBane","hexamod:Strike","hexamod:Strike","hexamod:Defend","hexamod:Defend+1","hexamod:Defend","hexamod:Sear+1","hexamod:Float+1","hexamod:TimeOfNeed+1","hexamod:ThirdSeal","hexamod:InspiringFlames+1","hexamod:HauntingEcho","hexamod:FastForward+1","hexamod:ThermalTransfer+1","hexamod:TimeOfNeed","hexamod:NecessarySacrifice+1","hexamod:TimeWarp","hexamod:HexaLevel+1","hexamod:FirstSeal","hexamod:Incineration+1","hexamod:RainOfEmbers+1","hexamod:ShieldOfDarkness+1","hexamod:NightmareGuise+1","hexamod:AdvancingGuard","hexamod:FourthSeal","hexamod:NightmareGuise+1","hexamod:TimeWarp","hexamod:TimeWarp","hexamod:HauntingEcho","Finesse+1","hexamod:InspiringFlames+1","hexamod:Rewind+1","hexamod:PowerFromBeyond+1","hexamod:Hexaguard+1"],"relics":["hexamod:SpiritBrand","Mercury Hourglass","downfall:HeartBlessingRed","HornCleat","Dream Catcher","Coffee Dripper","WingedGreaves","hexamod:CandleOfCauterizing","Pen Nib","PreservedInsect","Lantern","hexamod:SoulOfChaos","expansioncontent:StudyCardRelic","downfall:HeartBlessingBlue","Shuriken","Lizard Tail","Incense Burner","Ancient Tea Set","downfall:HeartBlessingGreen","War Paint"],"acts_visited":["Exordium","TheCity","TheBeyond","TheEnding"],"potions_floor_usage":[36,38,40,40,40,48,55,55],"damage_taken":[{"damage":1.0,"enemies":"Jaw Worm","floor":2.0,"turns":3.0},{"damage":0.0,"enemies":"2 Louse","floor":5.0,"turns":3.0},{"damage":0.0,"enemies":"downfall:FleeingMerchant","floor":11.0,"turns":4.0},{"damage":0.0,"enemies":"3 Sentries","floor":14.0,"turns":5.0},{"damage":0.0,"enemies":"Cultist","floor":15.0,"turns":3.0},{"damage":16.0,"enemies":"downfall:Watcher","floor":16.0,"turns":7.0},{"damage":0.0,"enemies":"3 Byrds","floor":19.0,"turns":4.0},{"damage":17.0,"enemies":"downfall:Ironclad","floor":20.0,"turns":6.0},{"damage":35.0,"enemies":"Centurion and Healer","floor":22.0,"turns":6.0},{"damage":7.0,"enemies":"Shelled Parasite and Fungi","floor":23.0,"turns":5.0},{"damage":0.0,"enemies":"downfall:FleeingMerchant","floor":25.0,"turns":4.0},{"damage":3.0,"enemies":"Slavers","floor":26.0,"turns":5.0},{"damage":0.0,"enemies":"3 Cultists","floor":27.0,"turns":4.0},{"damage":15.0,"enemies":"Gremlin Leader","floor":30.0,"turns":4.0},{"damage":0.0,"enemies":"Chosen and Byrds","floor":31.0,"turns":3.0},{"damage":0.0,"enemies":"Snecko","floor":32.0,"turns":3.0},{"damage":13.0,"enemies":"downfall:Defect","floor":33.0,"turns":8.0},{"damage":0,"enemies":"3 Darklings","floor":36,"turns":4},{"damage":0,"enemies":"downfall:FleeingMerchant","floor":38,"turns":4},{"damage":4,"enemies":"Mind Bloom Boss Battle","floor":39,"turns":6},{"damage":13,"enemies":"Reptomancer","floor":40,"turns":5},{"damage":8,"enemies":"Reptomancer","floor":44,"turns":4},{"damage":0,"enemies":"Orb Walker","floor":45,"turns":3},{"damage":21,"enemies":"Jaw Worm Horde","floor":48,"turns":5},{"damage":0,"enemies":"Sphere and 2 Shapes","floor":49,"turns":5},{"damage":60,"enemies":"downfall:Silent","floor":50,"turns":10},{"damage":6,"enemies":"downfall:CharBossMerchant","floor":52,"turns":7},{"damage":11,"enemies":"downfall:NeowBoss","floor":55,"turns":19}],"seed_played":"-8816814077662702139","potions_obtained":[{"floor":5.0,"key":"Fire Potion"},{"floor":16.0,"key":"Strength Potion"},{"floor":20.0,"key":"Fruit Juice"},{"floor":26.0,"key":"Swift Potion"},{"floor":27.0,"key":"Fire Potion"},{"floor":27.0,"key":"Explosive Potion"},{"floor":30.0,"key":"ColorlessPotion"},{"floor":31.0,"key":"FairyPotion"},{"floor":32.0,"key":"EntropicBrew"},{"floor":33.0,"key":"ColorlessPotion"},{"floor":36,"key":"champ:CounterPotion"},{"floor":39,"key":"Guardian:BlockOnCardUsePotion"},{"floor":44,"key":"LiquidMemories"},{"floor":49,"key":"Ancient Potion"},{"floor":52,"key":"Dexterity Potion"}],"is_trial":false,"path_per_floor":["R","M","?","?","M","R","T","R","T","R","$","T","R","E","M","B",null,"R","M","?","?","M","M","T","$","E","M","?","R","E","M","M","B",null,"R","M","?","$","?","E","T","R","$","?","M","R","$","M","M","B",null,"E","$","R","B",null],"character_chosen":"THE_SPIRIT","items_purchased":["PreservedInsect","hexamod:FourthSeal","Shuriken","Finesse","Dexterity Potion"],"campfire_rested":0,"item_purchase_floors":[25,25,38,38,53],"current_hp_per_floor":[57,56,56,56,56,56,56,56,56,56,56,56,56,56,56,40,57,57,57,52,52,24,17,17,24,21,28,28,28,20,27,27,21,56,66,73,73,78,78,72,72,72,72,64,71,71,71,57,64,4,60,61,61,61,57],"gold":5,"neow_bonus":"ONE_RANDOM_RARE_CARD","is_daily":false,"chose_seed":false,"campfire_upgraded":10,"win_rate":0.0,"timestamp":1610347909,"path_taken":["R","M","?","?","?","R","T","R","?","R","?","?","R","E","M","BOSS","R","M","?","?","M","M","T","$","E","M","?","R","E","M","M","BOSS","R","M","?","$","?","E","T","R","?","?","?","R","$","?","M","BOSS","E","$","R","BOSS"],"items_purchased_type":["Relic","Card","Relic","Card","Potion"],"build_version":"2020-12-22","purchased_purges":3,"victory":true,"max_hp_per_floor":[63,63,63,63,63,63,63,63,63,63,63,63,63,63,63,63,63,63,63,68,68,68,68,68,68,68,68,68,68,68,68,68,68,68,78,78,78,78,78,78,78,78,78,78,78,78,78,78,78,78,78,78,78,78,78],"relic_stats":{"Dream Catcher":0,"Lizard Tail":0,"counters":[28,148],"Shuriken":[39],"Pen Nib":[24],"PreservedInsect":288,"War Paint":["hexamod:ShieldOfDarkness","hexamod:Defend"],"obtain_stats":[{"hexamod:CandleOfCauterizing":20,"Lantern":26,"downfall:HeartBlessingRed":8,"downfall:HeartBlessingGreen":42,"Pen Nib":24,"PreservedInsect":25,"expansioncontent:StudyCardRelic":34,"Incense Burner":40,"War Paint":52,"Ancient Tea Set":41,"Mercury Hourglass":7,"Dream Catcher":14,"Lizard Tail":39,"HornCleat":9,"downfall:HeartBlessingBlue":35,"Shuriken":38,"hexamod:SoulOfChaos":30,"WingedGreaves":20,"Coffee Dripper":17,"hexamod:SpiritBrand":0},{"hexamod:CandleOfCauterizing":8,"Lantern":12,"downfall:HeartBlessingRed":2,"downfall:HeartBlessingGreen":21,"Pen Nib":10,"PreservedInsect":11,"expansioncontent:StudyCardRelic":17,"Incense Burner":21,"War Paint":27,"Ancient Tea Set":21,"Mercury Hourglass":2,"Dream Catcher":4,"Lizard Tail":20,"HornCleat":2,"downfall:HeartBlessingBlue":17,"Shuriken":19,"hexamod:SoulOfChaos":14,"WingedGreaves":8,"Coffee Dripper":6,"hexamod:SpiritBrand":0},{"hexamod:CandleOfCauterizing":35,"Lantern":55,"downfall:HeartBlessingRed":6,"downfall:HeartBlessingGreen":96,"Pen Nib":46,"PreservedInsect":50,"expansioncontent:StudyCardRelic":77,"Incense Burner":96,"War Paint":129,"Ancient Tea Set":96,"Mercury Hourglass":6,"Dream Catcher":15,"Lizard Tail":91,"HornCleat":6,"downfall:HeartBlessingBlue":77,"Shuriken":85,"hexamod:SoulOfChaos":63,"WingedGreaves":35,"Coffee Dripper":25,"hexamod:SpiritBrand":0}],"Mercury Hourglass":[417]},"card_choices":[{"not_picked":["hexamod:NightmareGuise","hexamod:ThermalTransfer"],"picked":"hexamod:AdvancingGuard","floor":2.0},{"not_picked":["hexamod:ExtraCrispy","hexamod:SpectralAdrenaline"],"picked":"hexamod:InspiringFlames","floor":5.0},{"not_picked":["hexamod:SoulSteal","hexamod:Firestarter","hexamod:SpectralAdrenaline"],"picked":"SKIP","floor":5.0},{"not_picked":["hexamod:SkipABeat","hexamod:GhostShield"],"picked":"hexamod:HauntingEcho","floor":11.0},{"not_picked":["hexamod:SkipABeat","hexamod:NightmareGuise"],"picked":"hexamod:FastForward","floor":11.0},{"not_picked":["hexamod:AdvancingGuard","hexamod:FastForward"],"picked":"hexamod:ThermalTransfer","floor":14.0},{"not_picked":["hexamod:FlamesFromBeyond","hexamod:AdvancingGuard"],"picked":"hexamod:TimeOfNeed","floor":14.0},{"not_picked":["hexamod:SpectralSpark","hexamod:SpectersWail"],"picked":"hexamod:NecessarySacrifice","floor":15.0},{"not_picked":["hexamod:AdvancingGuard","hexamod:BacktrackSmack","hexamod:PowerFromBeyond"],"picked":"SKIP","floor":15.0},{"not_picked":["hexamod:HexaLevel","hexamod:CrushingStance"],"picked":"hexamod:TimeWarp","floor":16.0},{"not_picked":["hexamod:GhostflameInferno","hexamod:UnleashSpirits"],"picked":"hexamod:HexaLevel","floor":16.0},{"not_picked":["hexamod:NightmareStrike","hexamod:ThirdSeal"],"picked":"hexamod:FirstSeal","floor":19.0},{"not_picked":["hexamod:ThermalTransfer","hexamod:BurningTouch"],"picked":"hexamod:Incineration","floor":19.0},{"not_picked":["hexamod:GhostOfSpirePresent","hexamod:BurningTouch"],"picked":"hexamod:RainOfEmbers+1","floor":20.0},{"not_picked":["hexamod:PhantomCloak","hexamod:RadiantFlame"],"picked":"hexamod:ShieldOfDarkness","floor":20.0},{"not_picked":["hexamod:Haunt","hexamod:HauntingEcho+1"],"picked":"hexamod:NightmareGuise+1","floor":22.0},{"not_picked":["hexamod:Hexaguard","hexamod:PhantomFireball","hexamod:ShieldOfDarkness"],"picked":"SKIP","floor":22.0},{"not_picked":["hexamod:Incineration","hexamod:PhantomFireball"],"picked":"hexamod:AdvancingGuard","floor":23.0},{"not_picked":["hexamod:SearingWound","hexamod:GhostLash","hexamod:ExtraCrispy"],"picked":"SKIP","floor":25.0},{"not_picked":["hexamod:ThermalTransfer","hexamod:FastForward+1","hexamod:GhostflameBarrier"],"picked":"SKIP","floor":25.0},{"not_picked":["hexamod:RainOfEmbers","hexamod:GhostLash","hexamod:AdvancingGuard+1"],"picked":"SKIP","floor":26.0},{"not_picked":["hexamod:ShieldOfDarkness","hexamod:Incineration","hexamod:NightmareStrike"],"picked":"SKIP","floor":26.0},{"not_picked":["hexamod:Firestarter+1","hexamod:EmpoweredFlame","hexamod:InspiringFlames"],"picked":"SKIP","floor":27.0},{"not_picked":["hexamod:SpectersWail","hexamod:NecessarySacrifice"],"picked":"hexamod:NightmareGuise+1","floor":30.0},{"not_picked":["hexamod:SpectralSpark","hexamod:SwordOfDarkness"],"picked":"hexamod:TimeWarp","floor":31.0},{"not_picked":["hexamod:GhostLash","hexamod:DynamicBlow","hexamod:EmpoweredFlame"],"picked":"SKIP","floor":32.0},{"not_picked":["hexamod:GhostflameInferno","hexamod:TimeOfNeed"],"picked":"hexamod:TimeWarp","floor":33.0},{"not_picked":["hexamod:ThermalTransfer+1","hexamod:InspiringFlames","hexamod:SpectersWail+1"],"picked":"SKIP","floor":36},{"not_picked":["hexamod:PowerFromBeyond","hexamod:AdvancingGuard+1"],"picked":"hexamod:HauntingEcho","floor":38},{"not_picked":["hexamod:BacktrackSmack","hexamod:GhostLash","hexamod:BurningTouch"],"picked":"SKIP","floor":38},{"not_picked":["hexamod:HauntingEcho+1","hexamod:BurningTouch"],"picked":"hexamod:InspiringFlames+1","floor":39},{"not_picked":["hexamod:GhostLash+1","hexamod:ExtraCrispy","hexamod:NightmareStrike"],"picked":"SKIP","floor":40},{"not_picked":["hexamod:ApocalypticArmor","hexamod:InspiringFlames","hexamod:SpectersWail"],"picked":"SKIP","floor":40},{"not_picked":["hexamod:SixthSeal","hexamod:ThermalTransfer"],"picked":"hexamod:Rewind","floor":45},{"not_picked":["hexamod:SpectersWail","hexamod:RainOfEmbers","hexamod:BurningTouch+1"],"picked":"SKIP","floor":45},{"not_picked":["hexamod:RainOfEmbers","hexamod:Firestarter","hexamod:BurningTouch"],"picked":"SKIP","floor":48},{"not_picked":["hexamod:GhostflameBarrier","hexamod:GhostShield","hexamod:Hexaguard"],"picked":"SKIP","floor":48},{"not_picked":["hexamod:EmpoweredFlame","hexamod:GhostShield"],"picked":"hexamod:PowerFromBeyond+1","floor":49},{"not_picked":["hexamod:GhostLash","hexamod:BurningTouch"],"picked":"hexamod:Hexaguard+1","floor":52},{"not_picked":["hexamod:GhostLash","hexamod:ExtraCrispy+1","hexamod:PowerFromBeyond"],"picked":"SKIP","floor":52}],"player_experience":3076018,"relics_obtained":[{"floor":7.0,"key":"Mercury Hourglass"},{"floor":9.0,"key":"HornCleat"},{"floor":14.0,"key":"Dream Catcher"},{"floor":20.0,"key":"WingedGreaves"},{"floor":20.0,"key":"hexamod:CandleOfCauterizing"},{"floor":24.0,"key":"Pen Nib"},{"floor":26.0,"key":"Lantern"},{"floor":30.0,"key":"hexamod:SoulOfChaos"},{"floor":39,"key":"Lizard Tail"},{"floor":40,"key":"Incense Burner"},{"floor":41,"key":"Ancient Tea Set"},{"floor":52,"key":"War Paint"}],"event_choices":[{"damage_healed":0.0,"max_hp_gain":0.0,"max_hp_loss":0.0,"gold_gain":0.0,"event_name":"Upgrade Shrine","player_choice":"Upgraded","floor":4.0,"gold_loss":0.0,"damage_taken":0.0,"cards_upgraded":["hexamod:TimeOfNeed"]},{"damage_healed":0.0,"max_hp_gain":0.0,"max_hp_loss":0.0,"gold_gain":0.0,"event_name":"Vampires","player_choice":"Ignored","floor":28.0,"gold_loss":0.0,"damage_taken":0.0}],"is_beta":false,"boss_relics":[{"not_picked":["Astrolabe","Busted Crown"],"picked":"Coffee Dripper"},{"not_picked":["Calling Bell","Sozu"],"picked":"expansioncontent:StudyCardRelic"}],"items_purged_floors":[25,38,47],"is_endless":false,"potions_floor_spawned":[5,16,20,26,27,30,32,33,44,49],"ascension_level":20}}