{"host":"vfg9szunmpjwj08o","time":1610369549,"event":{"mods":["Act Like it!","BaseMod","Challenge The Spire","Colored Map","Colored Powertips","Minty Spire (QoL Compilation)","StSLib","Waifu the Spire"],"gold_per_floor":[116,132,48,48,123,155,155,181,205,205,205],"floor_reached":10,"playtime":182,"items_purged":[],"score":193,"play_id":"7dd8324e-6593-495f-aaa4-afa870687850","local_time":"20210111135229","is_ascension_mode":true,"campfire_choices":[{"data":"Zap","floor":7,"key":"SMITH"}],"circlet_count":0,"master_deck":["AscendersBane","Strike_B","Strike_B","Strike_B","Strike_B","Defend_B","Defend_B","Defend_B","Defend_B","Zap+1","Dualcast","Double Energy","Scrape","Self Repair","Beam Cell"],"relics":["Cracked Core","NeowsBlessing","Happy Flower","Mummified Hand","Smiling Mask"],"acts_visited":["Exordium"],"potions_floor_usage":[],"damage_taken":[{"damage":0,"enemies":"2 Louse","floor":1,"turns":1},{"damage":0,"enemies":"Small Slimes","floor":2,"turns":1},{"damage":0,"enemies":"3 Sentries","floor":6,"turns":1},{"damage":32,"enemies":"Gremlin Nob","floor":8,"turns":4},{"damage":50,"enemies":"Lagavulin","floor":10,"turns":6}],"seed_played":"3585230422144220944","potions_obtained":[{"floor":1,"key":"PotionOfCapacity"}],"is_trial":false,"path_per_floor":["M","M","$","?","?","E","R","E","T","E"],"character_chosen":"DEFECT","items_purchased":["Scrape"],"campfire_rested":0,"item_purchase_floors":[3],"current_hp_per_floor":[64,64,64,69,58,58,58,33,33,0,0],"gold":205,"neow_bonus":"THREE_ENEMY_KILL","is_daily":false,"chose_seed":false,"campfire_upgraded":1,"win_rate":0.0,"timestamp":1610369549,"path_taken":["M","M","$","?","?","E","R","E","T","E"],"items_purchased_type":["Card"],"build_version":"2020-12-22","purchased_purges":0,"victory":false,"max_hp_per_floor":[71,71,71,76,76,76,76,76,76,76,76],"card_choices":[{"not_picked":["Hologram","Leap"],"picked":"Double Energy","floor":1},{"not_picked":["Leap","Barrage","Rebound"],"picked":"SKIP","floor":2},{"not_picked":["Go for the Eyes","Multi-Cast"],"picked":"Self Repair","floor":6},{"not_picked":["Fusion","Rip and Tear"],"picked":"Beam Cell","floor":8}],"player_experience":1052949,"relics_obtained":[{"floor":6,"key":"Happy Flower"},{"floor":8,"key":"Mummified Hand"},{"floor":9,"key":"Smiling Mask"}],"event_choices":[{"damage_healed":0,"gold_gain":0,"player_choice":"Donut","damage_taken":0,"max_hp_gain":5,"max_hp_loss":0,"event_name":"Big Fish","floor":4,"gold_loss":0},{"damage_healed":0,"gold_gain":75,"player_choice":"Gather Gold","damage_taken":11,"max_hp_gain":0,"max_hp_loss":0,"event_name":"World of Goop","floor":5,"gold_loss":0}],"is_beta":false,"boss_relics":[],"items_purged_floors":[],"is_endless":false,"potions_floor_spawned":[1],"killed_by":"Lagavulin","ascension_level":19}}