{"host":"vohenq18pmg6jboc","time":1610353246,"event":{"mods":["Arknights The Spire","BaseMod","Chen","Gremlin Mod","Hermit","Koishi","Marisa¡]Ãú«B¡@Å]²z¨F¡^","Minty Spire (QoL Compilation)","Remilia¡]Á¢¦Ì²ú?¡^","StSLib","The Administrix","The Bug Knight","The Cursed","The Servant 0.9.4","Yakumo Yukari mod","Youmu¡]»î¾z§¯?¡^","Yuyuko"],"gold_per_floor":[114,32,51,51,51,81,81,97,97,24,44,70,70,103,103,199,199,218,87,87,7,7,7,7,7,7,22,33,58,58,74,74,176,176,194,194,1193,865,918,918,937,950,973,1049,1049,1065,1085,167,167,167],"floor_reached":51,"playtime":3029,"items_purged":["Normality","Normality"],"score":776,"play_id":"c0b0eaed-7a87-4711-a4c3-d8f2bf166c34","local_time":"20210111162046","is_ascension_mode":false,"campfire_choices":[{"data":"Dualcast","floor":7,"key":"SMITH"},{"floor":13,"key":"REST"},{"floor":15,"key":"REST"},{"floor":23,"key":"REST"},{"data":"Electrodynamics","floor":25,"key":"SMITH"},{"floor":32,"key":"REST"},{"floor":40,"key":"REST"},{"floor":45,"key":"REST"},{"floor":49,"key":"REST"}],"circlet_count":0,"master_deck":["Strike_B","Strike_B","Strike_B","Strike_B","Defend_B","Defend_B","Defend_B","Defend_B","Dualcast+1","Leap","Cold Snap","Glacier","Doom and Gloom","White Noise","Thunder Strike","Streamline+1","Gash","Beam Cell+1","Electrodynamics+1","CurseOfTheBell","Redo+1","Loop","Necronomicurse","Melter","Ball Lightning+1","Sweeping Beam+1","Gash","Amplify","Melter+1","Reinforced Body+1","Steam Power+1","Gash","Trip","Leap","Genetic Algorithm","Heatsinks","Go for the Eyes+1","Leap","Glacier+1","Gash+1","Gash+1","Swift Strike","Streamline","Glacier","Defragment","Reprogram","Thinking Ahead","Compile Driver"],"relics":["Cracked Core","NeowsBlessing","Gremlin Horn","Blood Vial","Odd Mushroom","Pen Nib","Calling Bell","MealTicket","Unceasing Top","AntiCross","Necronomicon","Pantograph","Nunchaku","Astrolabe","Ginger","Whetstone","Darkstone Periapt","Membership Card","Calipers","Thread and Needle"],"acts_visited":["Exordium","TheCity","TheBeyond"],"potions_floor_usage":[33,33,33,42,50,50,50,50,50],"damage_taken":[{"damage":0,"enemies":"Cultist","floor":1,"turns":1},{"damage":0,"enemies":"Small Slimes","floor":3,"turns":1},{"damage":0,"enemies":"Gremlin Nob","floor":6,"turns":1},{"damage":4,"enemies":"Jaw Worm","floor":8,"turns":3},{"damage":5,"enemies":"Exordium Wildlife","floor":11,"turns":2},{"damage":13,"enemies":"The Mushroom Lair","floor":12,"turns":3},{"damage":22,"enemies":"3 Sentries","floor":14,"turns":7},{"damage":9,"enemies":"Slime Boss","floor":16,"turns":7},{"damage":33,"enemies":"2 Thieves","floor":18,"turns":4},{"damage":20,"enemies":"Shell Parasite","floor":27,"turns":3},{"damage":13,"enemies":"3 Cultists","floor":28,"turns":4},{"damage":14,"enemies":"Centurion and Healer","floor":31,"turns":3},{"damage":57,"enemies":"Champ","floor":33,"turns":7},{"damage":22,"enemies":"3 Shapes","floor":35,"turns":1},{"damage":32,"enemies":"2 Orb Walkers","floor":39,"turns":3},{"damage":10,"enemies":"Orb Walker","floor":41,"turns":3},{"damage":26,"enemies":"4 Shapes","floor":42,"turns":2},{"damage":22,"enemies":"3 Darklings","floor":46,"turns":3},{"damage":4,"enemies":"Sphere and 2 Shapes","floor":47,"turns":3},{"damage":80,"enemies":"Awakened One","floor":50,"turns":10}],"seed_played":"8452894536172192003","potions_obtained":[{"floor":6,"key":"Strength Potion"},{"floor":14,"key":"Swift Potion"},{"floor":16,"key":"Energy Potion"},{"floor":27,"key":"DistilledChaos"},{"floor":31,"key":"CultistPotion"},{"floor":41,"key":"Explosive Potion"},{"floor":46,"key":"Ancient Potion"},{"floor":47,"key":"Energy Potion"}],"is_trial":false,"path_per_floor":["M","$","M","?","?","E","R","M","T","$","M","?","R","E","R","B",null,"M","$","?","$","?","R","$","R","T","M","M","T","?","M","R","B",null,"M","?","?","$","?","R","M","M","T","T","R","M","M","$","R","B",null],"character_chosen":"DEFECT","items_purchased":["Cold Snap","Glacier","Thunder Strike","Loop","Stack","Melter","Trip","Leap","Genetic Algorithm","Heatsinks","Membership Card","Calipers","Thread and Needle","EntropicBrew","Swift Strike","Streamline","Glacier","LiquidMemories","Defragment","Reprogram","Thinking Ahead","Compile Driver"],"campfire_rested":7,"item_purchase_floors":[2,2,10,19,19,21,38,38,38,38,48,48,48,48,48,48,48,48,48,48,48,48],"current_hp_per_floor":[75,75,75,80,80,80,80,76,76,76,73,62,80,58,80,71,80,47,62,46,61,61,80,80,80,80,60,49,49,34,22,47,17,85,63,63,63,78,48,73,65,41,41,41,66,46,44,59,84,5],"gold":167,"neow_bonus":"THREE_ENEMY_KILL","is_daily":false,"chose_seed":false,"campfire_upgraded":2,"win_rate":0.0,"timestamp":1610353246,"path_taken":["M","?","?","?","?","E","R","M","T","?","M","?","R","E","R","BOSS","M","$","?","$","?","R","?","R","T","M","?","?","?","M","R","BOSS","M","?","?","$","?","R","M","M","T","?","R","M","M","$","R","BOSS"],"items_purchased_type":["Card","Card","Card","Card","Card","Card","Card","Card","Card","Card","Relic","Relic","Relic","Potion","Card","Card","Card","Potion","Card","Card","Card","Card"],"build_version":"2020-12-22","purchased_purges":2,"victory":true,"max_hp_per_floor":[75,75,75,80,80,80,80,80,80,80,80,80,80,80,80,80,80,80,80,80,80,80,80,80,80,80,80,80,80,85,85,85,85,85,85,85,85,85,85,85,85,85,85,85,85,85,85,85,85,85],"card_choices":[{"not_picked":["Rip and Tear","White Noise"],"picked":"Leap","floor":1},{"not_picked":["White Noise","Go for the Eyes"],"picked":"Doom and Gloom","floor":3},{"not_picked":["Lockon","Compile Driver"],"picked":"Redo","floor":6},{"not_picked":["Leap","Sweeping Beam"],"picked":"White Noise","floor":8},{"not_picked":["Gash","Hologram"],"picked":"Streamline","floor":11},{"not_picked":["Conserve Battery","Chill"],"picked":"Gash","floor":12},{"not_picked":["Streamline","Chaos"],"picked":"Beam Cell","floor":14},{"not_picked":["All For One","Reboot"],"picked":"Electrodynamics","floor":16},{"not_picked":["Sweeping Beam","Double Energy"],"picked":"Redo+1","floor":18},{"not_picked":["Sweeping Beam","Reprogram"],"picked":"Ball Lightning+1","floor":27},{"not_picked":["Go for the Eyes","Compile Driver+1"],"picked":"Sweeping Beam+1","floor":28},{"not_picked":["Barrage","Leap"],"picked":"Gash","floor":31},{"not_picked":["Buffer","All For One"],"picked":"Amplify","floor":33},{"not_picked":["Tempest+1","Melter"],"picked":"Gash","floor":35},{"not_picked":["Doom and Gloom+1","Ball Lightning"],"picked":"Go for the Eyes+1","floor":39},{"not_picked":["Cold Snap+1","Steam Power"],"picked":"Leap","floor":41},{"not_picked":["Coolheaded+1","FTL"],"picked":"Glacier+1","floor":42},{"not_picked":["Ball Lightning","Stack+1"],"picked":"Gash+1","floor":46},{"not_picked":["Compile Driver+1","Hologram"],"picked":"Gash+1","floor":47}],"player_experience":51490,"relics_obtained":[{"floor":6,"key":"Gremlin Horn"},{"floor":9,"key":"Blood Vial"},{"floor":12,"key":"Odd Mushroom"},{"floor":14,"key":"Pen Nib"},{"floor":17,"key":"MealTicket"},{"floor":17,"key":"Unceasing Top"},{"floor":17,"key":"AntiCross"},{"floor":20,"key":"Necronomicon"},{"floor":26,"key":"Pantograph"},{"floor":29,"key":"Nunchaku"},{"floor":39,"key":"Ginger"},{"floor":43,"key":"Whetstone"},{"floor":44,"key":"Darkstone Periapt"}],"event_choices":[{"damage_healed":0,"gold_gain":0,"player_choice":"Donut","damage_taken":0,"max_hp_gain":5,"max_hp_loss":0,"event_name":"Big Fish","floor":4,"gold_loss":0},{"damage_healed":0,"gold_gain":0,"player_choice":"Leave","damage_taken":0,"max_hp_gain":0,"max_hp_loss":0,"event_name":"The Cleric","floor":5,"gold_loss":0},{"damage_healed":0,"gold_gain":0,"player_choice":"Fought Mushrooms","damage_taken":0,"max_hp_gain":0,"max_hp_loss":0,"event_name":"Mushrooms","floor":12,"gold_loss":0},{"damage_healed":0,"gold_gain":0,"player_choice":"Obtained Book","damage_taken":16,"max_hp_gain":0,"max_hp_loss":0,"event_name":"Cursed Tome","floor":20,"gold_loss":0},{"damage_healed":0,"gold_gain":0,"player_choice":"Ignored","damage_taken":0,"max_hp_gain":0,"max_hp_loss":0,"event_name":"Ghosts","floor":22,"gold_loss":0},{"damage_healed":0,"gold_gain":0,"player_choice":"Shed Blood","damage_taken":20,"max_hp_gain":5,"max_hp_loss":0,"event_name":"Forgotten Altar","floor":30,"gold_loss":0},{"damage_healed":0,"gold_gain":999,"player_choice":"Gold","damage_taken":0,"max_hp_gain":0,"max_hp_loss":0,"event_name":"MindBloom","floor":37,"gold_loss":0,"cards_obtained":["Normality","Normality"]},{"damage_healed":0,"gold_gain":0,"player_choice":"Fight","damage_taken":0,"max_hp_gain":0,"max_hp_loss":0,"event_name":"Mysterious Sphere","floor":39,"gold_loss":0}],"is_beta":false,"boss_relics":[{"not_picked":["Philosopher\u0027s Stone","Sozu"],"picked":"Calling Bell"},{"not_picked":["Velvet Choker","Busted Crown"],"picked":"Astrolabe"}],"items_purged_floors":[38,48],"is_endless":false,"potions_floor_spawned":[6,14,16,27,31,41,46,47],"ascension_level":0}}