{"host":"sav7uxregyirlf69","time":1610370608,"event":{"mods":["AchievementEnabler","BaseMod","Colored Map","DeckTracker","Keyboard Shortcuts","Minty Spire (QoL Compilation)","READ ME - Guardian Mod","StSLib","SuperFastMode"],"gold_per_floor":[115,131,142,67,84,84,9,29,29,29,64,64,64,79,79,158,158,158,158,14,14,0,0,0,0,0,0,0],"floor_reached":27,"playtime":360,"items_purged":["Strike_G","Strike_G"],"score":426,"play_id":"6c714f33-e791-4f3f-bc17-6c99182963ad","local_time":"20210111221008","is_ascension_mode":true,"campfire_choices":[{"data":"Crippling Poison","floor":6,"key":"SMITH"},{"floor":13,"key":"REST"},{"data":"Neutralize","floor":15,"key":"SMITH"},{"data":"Noxious Fumes","floor":23,"key":"SMITH"}],"circlet_count":0,"master_deck":["AscendersBane","Strike_G+1","Strike_G+1","Defend_G+1","Defend_G+1","Defend_G+1","Defend_G+1","Defend_G+1","Survivor","Neutralize+1","Poisoned Stab","Backflip","Dagger Spray","Crippling Poison+1","Corpse Explosion","Well Laid Plans","Noxious Fumes","Noxious Fumes+1","Blade Dance+1"],"relics":["Ring of the Snake","NeowsBlessing","Akabeko","Ectoplasm","Sundial"],"acts_visited":["Exordium","TheCity"],"potions_floor_usage":[11,16],"damage_taken":[{"damage":0,"enemies":"Jaw Worm","floor":1,"turns":1},{"damage":0,"enemies":"2 Louse","floor":2,"turns":1},{"damage":0,"enemies":"Small Slimes","floor":3,"turns":1},{"damage":1,"enemies":"2 Fungi Beasts","floor":5,"turns":3},{"damage":3,"enemies":"Looter","floor":8,"turns":4},{"damage":24,"enemies":"Gremlin Nob","floor":11,"turns":4},{"damage":13,"enemies":"Exordium Thugs","floor":14,"turns":4},{"damage":1,"enemies":"The Guardian","floor":16,"turns":15},{"damage":7,"enemies":"Spheric Guardian","floor":18,"turns":4},{"damage":14,"enemies":"2 Thieves","floor":22,"turns":2},{"damage":23,"enemies":"Snake Plant","floor":24,"turns":4},{"damage":13,"enemies":"Cultist and Chosen","floor":27,"turns":3}],"seed_played":"-8945356492346433247","potions_obtained":[{"floor":3,"key":"Weak Potion"},{"floor":5,"key":"Fire Potion"},{"floor":14,"key":"PowerPotion"},{"floor":18,"key":"SteroidPotion"}],"is_trial":false,"path_per_floor":["M","M","M","$","M","R","?","M","T","?","E","?","R","M","R","B",null,"M","?","$","?","M","R","M","?","T","M"],"character_chosen":"THE_SILENT","items_purchased":["Noxious Fumes"],"campfire_rested":1,"item_purchase_floors":[20],"current_hp_per_floor":[59,59,59,59,58,58,58,55,55,35,11,11,30,17,17,16,54,47,47,47,47,33,33,10,10,10,0,0],"gold":0,"neow_bonus":"THREE_ENEMY_KILL","is_daily":false,"chose_seed":false,"campfire_upgraded":3,"win_rate":0.0,"timestamp":1610370608,"path_taken":["M","M","M","$","M","R","?","M","T","?","E","?","R","M","R","BOSS","M","?","$","?","M","R","?","?","T","M"],"items_purchased_type":["Card"],"build_version":"2020-12-22","purchased_purges":2,"victory":false,"max_hp_per_floor":[66,66,66,66,66,66,66,66,66,66,66,66,66,66,66,66,66,66,66,66,66,66,66,66,66,66,66,66],"card_choices":[{"not_picked":["Deflect","Quick Slash"],"picked":"Poisoned Stab","floor":1},{"not_picked":["Catalyst","Heel Hook"],"picked":"Backflip","floor":2},{"not_picked":["Bane","All Out Attack"],"picked":"Dagger Spray","floor":3},{"not_picked":["Backstab","Blade Dance"],"picked":"Crippling Poison","floor":5},{"not_picked":["Expertise","Bane","Outmaneuver"],"picked":"SKIP","floor":8},{"not_picked":["Dodge and Roll","Bane","Dagger Spray"],"picked":"SKIP","floor":11},{"not_picked":["Slice","Flying Knee","Blade Dance"],"picked":"SKIP","floor":14},{"not_picked":["Bullet Time","A Thousand Cuts"],"picked":"Corpse Explosion","floor":16},{"not_picked":["Flechettes+1","Underhanded Strike"],"picked":"Well Laid Plans","floor":18},{"not_picked":["Acrobatics","Dagger Spray","Dodge and Roll"],"picked":"SKIP","floor":22},{"not_picked":["Flechettes+1","Sucker Punch"],"picked":"Blade Dance+1","floor":24}],"player_experience":1250577,"relics_obtained":[{"floor":11,"key":"Akabeko"},{"floor":26,"key":"Sundial"}],"event_choices":[{"cards_removed":["Strike_G"],"damage_healed":0,"gold_gain":0,"player_choice":"Card Removal","damage_taken":0,"max_hp_gain":0,"max_hp_loss":0,"event_name":"The Cleric","floor":7,"gold_loss":75},{"damage_healed":0,"gold_gain":0,"player_choice":"Entered Light","damage_taken":20,"max_hp_gain":0,"max_hp_loss":0,"event_name":"Shining Light","floor":10,"gold_loss":0,"cards_upgraded":["Defend_G","Strike_G"]},{"damage_healed":0,"gold_gain":0,"player_choice":"Searched \u00270\u0027 times","damage_taken":0,"max_hp_gain":0,"max_hp_loss":0,"event_name":"Dead Adventurer","floor":12,"gold_loss":0},{"damage_healed":0,"gold_gain":0,"player_choice":"Ignored","damage_taken":0,"max_hp_gain":0,"max_hp_loss":0,"event_name":"The Mausoleum","floor":19,"gold_loss":0},{"damage_healed":0,"gold_gain":0,"player_choice":"Read","damage_taken":0,"max_hp_gain":0,"max_hp_loss":0,"event_name":"The Library","floor":21,"gold_loss":0,"cards_obtained":["Noxious Fumes"]},{"damage_healed":0,"gold_gain":0,"player_choice":"Simplicity","damage_taken":0,"max_hp_gain":0,"max_hp_loss":0,"event_name":"Back to Basics","floor":25,"gold_loss":0,"cards_upgraded":["Strike_G","Defend_G","Defend_G","Defend_G","Defend_G"]}],"is_beta":false,"boss_relics":[{"not_picked":["Runic Dome","Ring of the Serpent"],"picked":"Ectoplasm"}],"items_purged_floors":[4,20],"is_endless":false,"potions_floor_spawned":[3,5,14,18],"killed_by":"Cultist and Chosen","ascension_level":20}}