{"host":"a0paspe0zwqgzttz","time":1610406875,"event":{"mods":["AchievementEnabler","Act Like it!","BaseMod","BetterRewards","Colored Powertips","Conspire","Downfall","GifTheSpireLib","Hermit","Highlight Path","Lobotomy","Mad Scientist","Marisa????????","Minty Spire (QoL Compilation)","Quick Restart","Replay The Spire","Robot Space Explorer","Shop Mod","StSLib","SuperFastMode","The Bug Knight","The Construct","The Cursed","The Hierophant","The Jungle","The Mystic","The Necromancer","The Runesmith","The Senshi","The Servant 0.9.4"],"gold_per_floor":[115,115,135,135,149,166,166,166,218,218,393,393,293,233,233,338,338,233,233,233,233],"floor_reached":20,"playtime":958,"items_purged":[],"score":198,"play_id":"480d412a-0e61-41ec-9225-6e5f9db1d4a7","local_time":"20210111181435","is_ascension_mode":true,"campfire_choices":[{"data":"hermit:Snapshot","floor":7,"key":"SMITH"},{"floor":10,"key":"RECALL"},{"floor":12,"key":"REST"},{"floor":15,"key":"REST"}],"circlet_count":0,"master_deck":["hermit:Strike_Hermit","hermit:Strike_Hermit","hermit:Strike_Hermit","hermit:Strike_Hermit","hermit:Defend_Hermit","hermit:Defend_Hermit","hermit:Defend_Hermit","hermit:Defend_Hermit","hermit:Snapshot+1","hermit:Covet","VoidDream","hermit:Enervate","Parasite","MadScienceMod:Detonate","WallGazer","Pain","Freischutz","Replay:BluntJabs","SpiderBud","Amnesia","Doubt","DespairKnight","MadScienceMod:CaptureMomentum","Yin","TheCursedMod:CursedBlade","expansioncontent:QuickStudy","Funeral","Run Through","hermit:Strike_Hermit","ReplayTheSpireMod:Private Reserves"],"relics":["hermit:Momento","CogitoBucket","PrismaticShard","WarpedTongs","Strawberry","ReplayTheSpireMod:Ring of Challenge","Ring of Misfortune","Mercury Hourglass","HellTrain","Cursed Key","Yang_Lob"],"acts_visited":["Exordium","TheCity"],"potions_floor_usage":[16],"damage_taken":[{"damage":5,"enemies":"2 Louse","floor":1,"turns":3},{"damage":4,"enemies":"Jaw Worm","floor":3,"turns":4},{"damage":5,"enemies":"Cultist","floor":5,"turns":4},{"damage":25,"enemies":"3 Sentries","floor":6,"turns":9},{"damage":17,"enemies":"Gremlin Nob","floor":13,"turns":1},{"damage":5,"enemies":"Exordium Wildlife","floor":14,"turns":3},{"damage":32,"enemies":"Hexaghost","floor":16,"turns":8},{"damage":84,"enemies":"2 Thieves","floor":18,"turns":5},{"damage":11,"enemies":"Shell Parasite","floor":20,"turns":2}],"seed_played":"-273546408187202461","potions_obtained":[{"floor":5,"key":"Languid Potion"},{"floor":13,"key":"sneckomod:MuddlingPotion"},{"floor":14,"key":"hexamod:EctoCoolerPotion"}],"is_trial":false,"path_per_floor":["M","?","M","?","M","E","R","?","T","R","?","R","E","M","R","B",null,"M","?","M"],"character_chosen":"HERMIT","items_purchased":[],"campfire_rested":2,"item_purchase_floors":[],"current_hp_per_floor":[70,70,66,66,61,43,43,43,43,43,43,67,50,45,69,37,82,7,7,0,0],"gold":233,"neow_bonus":"","is_daily":false,"chose_seed":false,"campfire_upgraded":1,"win_rate":0.0,"timestamp":1610406875,"path_taken":["M","?","M","?","?","E","R","?","T","R","?","R","E","M","R","BOSS","M","?","M"],"items_purchased_type":[],"build_version":"2020-12-22","purchased_purges":0,"victory":false,"max_hp_per_floor":[75,75,75,75,75,82,82,82,82,82,82,82,82,82,82,82,82,82,82,82,82],"card_choices":[{"not_picked":["Scorched","DespairKnight"],"picked":"VoidDream","floor":1},{"not_picked":["hermit:Quickdraw","hermit:BodyArmor"],"picked":"hermit:Enervate","floor":1},{"not_picked":["hexamod:ChargedBarrage","Slimebound:GrowthPunch"],"picked":"MadScienceMod:Detonate","floor":3},{"not_picked":["Wellcheers","MHz"],"picked":"WallGazer","floor":3},{"not_picked":["MHz","SpiderBud"],"picked":"Freischutz","floor":5},{"not_picked":["Guardian:ShieldSpikes","theSenshi:SaturnsMystery"],"picked":"Replay:BluntJabs","floor":5},{"not_picked":["Bloodbath","BigBird"],"picked":"SpiderBud","floor":6},{"not_picked":["champ:StanceDance","Slimebound:Equalize","sneckomod:SnekBeam"],"picked":"SKIP","floor":6},{"not_picked":["Bloodbath","Scorched"],"picked":"DespairKnight","floor":13},{"not_picked":["Guardian:Clone","RobotSpaceExplorer:BigMissile"],"picked":"MadScienceMod:CaptureMomentum","floor":13},{"not_picked":["MeatLantern","HeroicMonk"],"picked":"Yin","floor":14},{"not_picked":["BlueScar","theSenshi:SailorMarsAssists"],"picked":"TheCursedMod:CursedBlade","floor":14},{"not_picked":["After Image","Offering"],"picked":"expansioncontent:QuickStudy","floor":16},{"not_picked":["RedShoes","FieryBird"],"picked":"Funeral","floor":18},{"not_picked":["champ:Circumvent","Blizzard+1"],"picked":"Run Through","floor":18}],"player_experience":485056,"relics_obtained":[{"floor":6,"key":"Strawberry"},{"floor":8,"key":"ReplayTheSpireMod:Ring of Challenge"},{"floor":8,"key":"Ring of Misfortune"},{"floor":13,"key":"Mercury Hourglass"}],"event_choices":[{"damage_healed":0,"gold_gain":0,"player_choice":"Rummage","damage_taken":0,"relics_obtained":["WarpedTongs"],"max_hp_gain":0,"max_hp_loss":0,"event_name":"Accursed Blacksmith","floor":4,"gold_loss":0,"cards_obtained":["Pain"]},{"damage_healed":0,"gold_gain":175,"player_choice":"AGREE","damage_taken":0,"max_hp_gain":0,"max_hp_loss":0,"event_name":"Liars Game","floor":11,"gold_loss":0,"cards_obtained":["Doubt"]},{"damage_healed":0,"gold_gain":0,"player_choice":"2 cards matched","damage_taken":0,"max_hp_gain":0,"max_hp_loss":0,"event_name":"Match and Keep!","floor":19,"gold_loss":0,"cards_obtained":["hermit:Strike_Hermit","ReplayTheSpireMod:Private Reserves"]}],"is_beta":false,"boss_relics":[{"not_picked":["conspire:RoyalGoblet","Ectoplasm"],"picked":"Cursed Key"}],"items_purged_floors":[],"is_endless":false,"potions_floor_spawned":[5,13,14],"killed_by":"Shell Parasite","ascension_level":2}}