{"host":"i838i4v0j45fzwgz","time":1610388106,"event":{"mods":["BaseMod","Better Third Choice","BetterRewards","Card Forge","Hubris","Infinite Spire","Minty Spire (QoL Compilation)","Replay The Spire","Shop Mod","Spicy Shops","StSLib","vexMod"],"gold_per_floor":[99,99,164,213,278,278,389,493,520,611,29,29,129,240,240,581,581,614,650,683,683,69,69,150,234,234,321,420,516,615,700,700,1003,1003,1036,1038,66,68,146,265,337,463,463,568,568,714,847,1006,1006,1389,1389,1518,1518,1631,1817,1242,1419,1603,1787,1787,1049,1212,1359,1359,1544,1835,2248,2248,2418,2274,1311,1337,1470,1470,1573,1600,1664,1738,1817,1817,1888,1888,2151,2151,2330,2330,2380,2654,2912,3177,3467,3467,3779,4110,4446,4833,5229,5229,5870,5870,6305,6758,7251,7251,7778,8378,8968,8968,9048,9048,9073,9123,9123,9794,9794,10731,10731,11464,11439,12258,13096,13096,14021,15005,16045,16045,17135,18322,19575,19625,21047,21047,22654,22654,24182,24234,25912,25962,27676,29570,29570,31690,31725,33895,33966,34028,36353,38824,38836,41638,41650,41662,41674,44479,47658],"floor_reached":158,"playtime":19377,"items_purged":["FollowUp+1"],"score":6052,"play_id":"66b1b8e3-4cd7-4cec-829b-a157a8f20776","local_time":"20210111120146","daily_mods":["Vintage","ControlledChaos","Purple Cards","Colorless Cards","Heirloom","Time Dilation","Flight","DeadlyEvents","Elite Swarm","Midas"],"is_ascension_mode":false,"campfire_choices":[{"floor":6.0,"key":"REST"},{"floor":12.0,"key":"REST"},{"floor":15.0,"key":"REST"},{"floor":23.0,"key":"REST"},{"floor":32.0,"key":"DIG"},{"floor":49.0,"key":"REST"},{"data":"hubris:DuctTapeCard","floor":75.0,"key":"SMITH"},{"data":"Devotion","floor":75.0,"key":"SMITH"},{"floor":81.0,"key":"DIG"},{"data":"Establishment","floor":83.0,"key":"SMITH"},{"data":"Establishment","floor":83.0,"key":"SMITH"},{"floor":100.0,"key":"DIG"},{"data":"Replay:LoomingThreat","floor":112.0,"key":"SMITH"},{"data":"Replay:LoomingThreat","floor":112.0,"key":"SMITH"},{"floor":117.0,"key":"DIG"},{"floor":134.0,"key":"DIG"},{"data":"Panache","floor":143,"key":"SMITH"},{"data":"Establishment","floor":143,"key":"SMITH"},{"floor":151,"key":"DIG"},{"floor":154,"key":"DIG"}],"circlet_count":0,"master_deck":["Demon Form+1","Wraith Form v2+1","Echo Form+1","DevaForm+1","Strike_P","Strike_P","Strike_P","Defend_P","Defend_P","Defend_P","Eruption+1","Vigilance+1","ForeignInfluence+1","Steam+1","Sadistic Nature+1","LessonLearned+1","BattleHymn+1","PathToVictory+1","DevaForm+1","MasterReality+1","Consecrate+1","Scrawl+1","Mayhem+1","Replay:LoomingThreat+1","Establishment+1","Master of Strategy+1","Alpha+1","SpiritShield+1","AbeCurse","Madness+1","Master of Strategy","Magnetism","ReplayUltimateDefense+1","Metamorphosis+1","PathToVictory+1","LessonLearned+1","Omniscience","Master of Strategy+1","Consecrate+1","Wish+1","Wish+1","PathToVictory+1","DevaForm","SpiritShield","Master of Strategy+1","Scrawl+1","Devotion+1","DeusExMachina","EmptyMind+1","vexMod:EmailVexCard+1","ReplayTheSpireMod:Private Reserves","FollowUp+1","Prostrate","Thinking Ahead+1","DevaForm+1","Offering","PathToVictory+1","Establishment+1","Master of Strategy+1","ReplayTheSpireMod:Black Plague+1","Panache+1","Scrawl","Vault","Replay:LoomingThreat+1","ReplayUltimateDefense","Vault","Vault","Master of Strategy","Replay:LoomingThreat+1","Replay:LoomingThreat+1","LessonLearned+1","FollowUp+1","Replay:LoomingThreat","Replay:LoomingThreat","Barricade","Vault","Metamorphosis","Secret Weapon+1","infinitespire:TheBestDefense+1","LessonLearned+1","Scrawl","Reaper+1","Vault","Establishment+1","Poisoned Strike+1","vexMod:EmailVexCard+1","ReplayUltimateDefense","Amnesia","Limit Break","Master of Strategy","Omniscience","ReplayTheSpireMod:Doomed","ReplayTheSpireMod:Necrogeddon+1","Prostrate","Transmutation","A Thousand Cuts","Master of Strategy","Scrawl"],"relics":["Replay:Purple Gloves","Blood Vial","Inserter","vexMod:MemoryStick","Simple Rune","Replay:Arrowhead","Replay:Lucky Slots","Shovel","Replay:Blank Codex","Mango","Replay:Drink Me","SacredBark","vexMod:EndlessSickness","Bird Faced Urn","hubris:Teleporter","ReplayTheSpireMod:Ring of Challenge","vexMod:BarristanHead","Red Skull","infinitespire:DarkRift","Byrd Skull","Ring of Fury","hubris:IronBody","Iron Core","Orrery","Girya","hubris:FunFungus","Lantern","The Specimen","Replay:M_SmolderingBlood","Runic Capacitor","Mark of Pain","Melange","WarpedTongs","Snecko Scales","infinitespire:Burning Sword","vexMod:TimeEaterHat","War Paint","Runic Cube","MealTicket","hubris:DeckOfHolding","Runic Pyramid","Basket Of Snakes","Guide Book","Odd Mushroom","The Courier","PureWater","replay:Trail_Library","hubris:Macrotransations","hubris:NiceRug","ReplayTheSpireMod:Lightbulb","hubris:DuctTape","Electric Blood","BargainBundle","ClockworkSouvenir","hubris:64BitClover","Shuriken","NlothsMask","SsserpentHead","infinitespire:Freezer","Ninja Scroll","hubris:EvacipatedBox","Toolbox","infinitespire:Cupcake","Burning Blood","infinitespire:FocusingShard","Garlic","Dream Catcher","infinitespire:EmpoweringShard","Blue Doll","Pen Nib","infinitespire:Chaos","Omamori","ClockworkSouvenir","Vajra","infinitespire:CheckeredPen","Strawberry","Replay:Bandana","vexMod:CardConverter","Replay:Baseball","infinitespire:PuzzleCube","Replay:Multitool","Counterbalance","hubris:MedicalManual","Ornamental Fan","Singing Bowl","Oddly Smooth Stone","Happy Flower","hubris:BlackHole","infinitespire:EvilPickle","Bag of Preparation","hubris:BundleOfHerbs","hubris:TinFlute","InkBottle","infinitespire:BottledMercury","HornCleat","Incense Burner","infinitespire:ShieldingShard","vexMod:ConsolationPrize","Yang","Mirror","Kunai","Boot","Replay:Bottled Eggs","vexMod:ScavengeHelm","hubris:Potato","Cursed Key","Molten Egg 2","Akabeko","Whetstone","Bottled Tornado","Bag of Marbles","Replay:Ringing Soul","Ring of Chaos","infinitespire:Midas Blood","infinitespire:WardingShard","Gremlin Horn","DollysMirror","hubris:AstralHammer","Anchor","hubris:GlazedTorus","Bottled Lightning","hubris:DisguiseKit","infinitespire:Beetle Shell","Bronze Scales","Nloth\u0027s Gift","hubris:Metronome","Potion Belt","ChewingGum","Ginger","Replay:Wax Seal","infinitespire:Broken Mirror","Matryoshka","Replay:WaspNest","CeramicFish","Replay:Rubber Ducky","MawBank","Nunchaku","infinitespire:Golems Mask","Smiling Mask","ReplayTheSpireMod:Ninjato","Sozu","StrikeDummy","TungstenRod"],"acts_visited":[],"potions_floor_usage":[150],"damage_taken":[{"damage":6.0,"enemies":"Jaw Worm","floor":3.0,"turns":3.0},{"damage":0.0,"enemies":"Small Slimes","floor":4.0,"turns":2.0},{"damage":6.0,"enemies":"Cultist","floor":5.0,"turns":3.0},{"damage":12.0,"enemies":"3 Sentries","floor":7.0,"turns":4.0},{"damage":0.0,"enemies":"Lagavulin","floor":8.0,"turns":3.0},{"damage":5.0,"enemies":"Gremlin Nob","floor":10.0,"turns":4.0},{"damage":0.0,"enemies":"Lagavulin","floor":14.0,"turns":4.0},{"damage":53.0,"enemies":"Slime Boss","floor":16.0,"turns":4.0},{"damage":19.0,"enemies":"2 Thieves","floor":18.0,"turns":3.0},{"damage":15.0,"enemies":"3 Byrds","floor":19.0,"turns":3.0},{"damage":15.0,"enemies":"Snake Plant","floor":20.0,"turns":2.0},{"damage":8.0,"enemies":"Book of Stabbing","floor":24.0,"turns":3.0},{"damage":22.0,"enemies":"Slavers","floor":25.0,"turns":3.0},{"damage":0.0,"enemies":"Gremlin Leader","floor":27.0,"turns":3.0},{"damage":16.0,"enemies":"Replay:Snechameleon","floor":28.0,"turns":4.0},{"damage":7.0,"enemies":"Book of Stabbing","floor":29.0,"turns":3.0},{"damage":22.0,"enemies":"Gremlin Leader","floor":30.0,"turns":4.0},{"damage":16.0,"enemies":"Slavers","floor":31.0,"turns":3.0},{"damage":0.0,"enemies":"Pondfish","floor":33.0,"turns":6.0},{"damage":0.0,"enemies":"Orb Walker","floor":35.0,"turns":3.0},{"damage":0.0,"enemies":"Reptomancer","floor":39.0,"turns":2.0},{"damage":10.0,"enemies":"Nightmare","floor":40.0,"turns":6.0},{"damage":21.0,"enemies":"3 Darklings","floor":41.0,"turns":3.0},{"damage":4.0,"enemies":"Reptomancer","floor":42.0,"turns":3.0},{"damage":0.0,"enemies":"R_Hoarder","floor":44.0,"turns":3.0},{"damage":19.0,"enemies":"Nemesis","floor":46.0,"turns":3.0},{"damage":0.0,"enemies":"R_Hoarder","floor":47.0,"turns":3.0},{"damage":30.0,"enemies":"Reptomancer","floor":48.0,"turns":3.0},{"damage":6.0,"enemies":"Replay:Hell Engine","floor":50.0,"turns":3.0},{"damage":8.0,"enemies":"Jaw Worm","floor":52.0,"turns":2.0},{"damage":0.0,"enemies":"Cultist","floor":54.0,"turns":3.0},{"damage":0.0,"enemies":"Lagavulin","floor":55.0,"turns":2.0},{"damage":0.0,"enemies":"Gremlin Nob","floor":57.0,"turns":2.0},{"damage":8.0,"enemies":"Replay:BlueRogue","floor":58.0,"turns":2.0},{"damage":0.0,"enemies":"Gremlin Nob","floor":59.0,"turns":2.0},{"damage":8.0,"enemies":"Replay:BlueRogue","floor":62.0,"turns":2.0},{"damage":17.0,"enemies":"Nightmare","floor":63.0,"turns":3.0},{"damage":0.0,"enemies":"Replay:BlueRogue","floor":65.0,"turns":1.0},{"damage":0.0,"enemies":"The Guardian","floor":67.0,"turns":2.0},{"damage":0.0,"enemies":"Chosen","floor":69.0,"turns":1.0},{"damage":10.0,"enemies":"3 Byrds","floor":72.0,"turns":2.0},{"damage":13.0,"enemies":"Book of Stabbing","floor":74.0,"turns":4.0},{"damage":4.0,"enemies":"Gremlin Leader","floor":76.0,"turns":2.0},{"damage":22.0,"enemies":"Book of Stabbing","floor":78.0,"turns":3.0},{"damage":9.0,"enemies":"Centurion and Healer","floor":79.0,"turns":2.0},{"damage":15.0,"enemies":"Nightmare","floor":80.0,"turns":4.0},{"damage":10.0,"enemies":"Book of Stabbing","floor":82.0,"turns":2.0},{"damage":29.0,"enemies":"Pondfish","floor":84.0,"turns":4.0},{"damage":0.0,"enemies":"3 Darklings","floor":86.0,"turns":1.0},{"damage":13.0,"enemies":"R_Hoarder","floor":89.0,"turns":3.0},{"damage":0.0,"enemies":"Giant Head","floor":91.0,"turns":3.0},{"damage":6.0,"enemies":"R_Hoarder","floor":92.0,"turns":2.0},{"damage":0.0,"enemies":"Giant Head","floor":93.0,"turns":3.0},{"damage":0.0,"enemies":"R_Hoarder","floor":95.0,"turns":2.0},{"damage":3.0,"enemies":"Giant Head","floor":96.0,"turns":3.0},{"damage":0.0,"enemies":"R_Hoarder","floor":97.0,"turns":2.0},{"damage":0.0,"enemies":"Giant Head","floor":98.0,"turns":3.0},{"damage":5.0,"enemies":"Nightmare","floor":99.0,"turns":5.0},{"damage":0.0,"enemies":"infinitespire:MassOfShapes","floor":101.0,"turns":3.0},{"damage":0.0,"enemies":"2 Louse","floor":103.0,"turns":1.0},{"damage":0.0,"enemies":"Cultist","floor":104.0,"turns":1.0},{"damage":0.0,"enemies":"Small Slimes","floor":105.0,"turns":1.0},{"damage":0.0,"enemies":"Exordium Wildlife","floor":107.0,"turns":1.0},{"damage":0.0,"enemies":"3 Sentries","floor":108.0,"turns":1.0},{"damage":0.0,"enemies":"Looter","floor":109.0,"turns":1.0},{"damage":0.0,"enemies":"Nightmare","floor":116.0,"turns":2.0},{"damage":0.0,"enemies":"The Guardian","floor":118.0,"turns":1.0},{"damage":0.0,"enemies":"2 Thieves","floor":120.0,"turns":1.0},{"damage":0.0,"enemies":"3 Byrds","floor":122.0,"turns":2.0},{"damage":0.0,"enemies":"Sentry and Sphere","floor":123.0,"turns":1.0},{"damage":0.0,"enemies":"Gremlin Leader","floor":125.0,"turns":1.0},{"damage":0.0,"enemies":"Slavers","floor":126.0,"turns":1.0},{"damage":0.0,"enemies":"Book of Stabbing","floor":127.0,"turns":2.0},{"damage":0.0,"enemies":"Nightmare_Alpha","floor":129.0,"turns":6.0},{"damage":0.0,"enemies":"Replay:Snechameleon","floor":130.0,"turns":1.0},{"damage":0.0,"enemies":"Slavers","floor":131.0,"turns":2.0},{"damage":0.0,"enemies":"Gremlin Leader","floor":133.0,"turns":2.0},{"damage":0.0,"enemies":"infinitespire:LordOfFortification","floor":135.0,"turns":8.0},{"damage":0,"enemies":"3 Shapes","floor":137,"turns":1},{"damage":0,"enemies":"Orb Walker","floor":139,"turns":1},{"damage":0,"enemies":"Jaw Worm Horde","floor":141,"turns":1},{"damage":0,"enemies":"R_Hoarder","floor":142,"turns":2},{"damage":0,"enemies":"Giant Head","floor":144,"turns":4},{"damage":0,"enemies":"R_Hoarder","floor":146,"turns":2},{"damage":0,"enemies":"Nightmare","floor":149,"turns":3},{"damage":0,"enemies":"4 Shapes","floor":150,"turns":1},{"damage":0,"enemies":"infinitespire:LordOfFortification","floor":152,"turns":7},{"damage":0,"enemies":"Shield and Spear","floor":156,"turns":2},{"damage":0,"enemies":"The Heart","floor":157,"turns":6}],"seed_played":"7460755770946501041","potions_obtained":[{"floor":3.0,"key":"PowerPotion"},{"floor":5.0,"key":"BlessingOfTheForge"},{"floor":10.0,"key":"Languid Potion"},{"floor":24.0,"key":"SteroidPotion"},{"floor":33.0,"key":"Fruit Juice"},{"floor":52.0,"key":"FairyPotion"},{"floor":55.0,"key":"Regen Potion"}],"is_trial":true,"path_per_floor":["?","?","M","M","M","R","E","E","T","E","$","R","?","E","R","B",null,"M","M","M","?","$","R","E","E","T","E","E","E","E","E","R","B",null,"M","?","$","?","E","NM","M","E","T","E","?","E","E","E","R","B",null,"M","?","M","E","$","E","E","E","T","$","E","NM","AVR","E","R","B",null,"M","$","$","M","E","R","E","T","E","M","NM","R","E","R","B",null,"M","$","?","E","E","E","E","T","E","E","E","E","NM","R","B",null,"M","M","M","AVR","M","E","M","R","T","R","?","?","$","NM","R","B",null,"M","?","M","M","AVR","E","E","E","T","NM","E","E","?","E","R","B",null,"M","?","M","T","M","E","R","E","T","E","?","$","NM","M","R","B",null,"R","$","E","B",null],"character_chosen":"WATCHER","items_purchased":["Art of War","vexMod:PaidLearning","BattleHymn","PathToVictory","vexMod:FocusSash","vexMod:RedPlottingStone","StrikeDummy","Consecrate+1","Anchor","Regal Pillow","hubris:SlimyHat","Damaru","DollysMirror","Lee\u0027s Waffle","BattleHymn","Magnetism","vexMod:MemoryStick","Chemical X","Du-Vu Doll","PathToVictory","infinitespire:Bottled Soul","hubris:Spice","Akabeko","infinitespire:Chaos","Omamori","ClockworkSouvenir","Vajra","infinitespire:CheckeredPen","Strawberry","Replay:Bandana","vexMod:CardConverter","Replay:Baseball"],"campfire_rested":5,"item_purchase_floors":[11,11,11,11,11,22,22,22,22,22,37,37,37,37,37,37,56,56,56,56,61,61,61,70,71,71,71,71,71,71,71,71],"current_hp_per_floor":[72,54,48,48,42,63,51,51,51,46,46,67,67,67,72,19,72,53,38,35,35,35,71,69,63,63,72,68,72,70,72,72,72,72,72,63,79,60,75,79,75,79,79,79,79,77,79,63,79,79,79,79,79,79,84,84,84,84,84,92,100,100,92,84,84,84,84,76,76,68,75,75,77,77,79,79,79,79,81,83,85,85,78,89,89,89,89,91,93,95,97,97,99,101,103,105,107,107,109,109,109,109,109,109,109,111,111,113,113,113,113,115,115,117,117,122,122,122,122,122,122,129,134,139,144,144,151,156,161,161,166,166,171,171,171,170,180,185,185,190,195,200,205,210,215,215,220,220,220,225,225,225,225,230,235],"gold":47670,"neow_bonus":"","is_daily":false,"chose_seed":false,"campfire_upgraded":8,"win_rate":0.0,"timestamp":1610388106,"path_taken":["?","?","M","M","M","R","E","E","T","E","$","R","?","E","R","BOSS","M","M","M","?","?","R","E","E","T","E","E","E","?","E","R","BOSS","M","?","$","?","?","NM","?","?","T","E","?","E","?","?","R","BOSS","M","?","?","?","?","E","E","E","T","$","E","NM","AVR","E","R","BOSS","M","$","$","M","E","R","E","T","E","?","NM","R","E","R","BOSS","M","$","?","?","E","E","E","T","E","E","E","E","NM","R","BOSS","M","M","M","AVR","M","E","M","R","T","R","?","?","$","NM","R","BOSS","M","?","?","M","AVR","E","E","E","T","NM","E","E","?","?","R","BOSS","M","?","?","?","M","E","R","?","T","E","?","?","NM","?","R","BOSS","R","$","E","BOSS"],"items_purchased_type":["Relic","Relic","Card","Card","Relic","Relic","Relic","Card","Relic","Relic","Relic","Relic","Relic","Relic","Card","Card","Relic","Relic","Relic","Card","Relic","Relic","Relic","Relic","Relic","Relic","Relic","Relic","Relic","Relic","Relic","Relic"],"build_version":"2020-12-22","purchased_purges":1,"victory":true,"max_hp_per_floor":[72,72,72,72,72,72,72,72,72,72,72,72,72,72,72,72,72,72,72,72,72,72,72,72,72,72,72,72,72,72,72,72,72,72,72,72,79,79,79,79,79,79,79,79,79,79,79,79,79,79,79,79,79,79,84,84,84,84,84,92,100,100,92,84,84,84,84,76,76,68,75,75,77,77,79,79,79,79,81,83,85,85,87,89,89,89,89,91,93,95,97,97,99,101,103,105,107,107,109,109,109,109,109,109,109,111,111,113,113,113,113,115,115,117,117,122,122,122,122,122,122,129,134,139,144,144,151,156,161,161,166,166,171,171,171,180,180,185,185,190,195,200,205,210,215,215,220,220,220,225,225,225,225,230,235],"card_choices":[{"not_picked":["ConjureBlade","Chrysalis"],"picked":"Sadistic Nature","floor":7.0},{"not_picked":["Vault","Blasphemy"],"picked":"hubris:EnhanceAbility","floor":8.0},{"not_picked":["Panache","Judgement"],"picked":"LessonLearned+1","floor":10.0},{"not_picked":["Secret Weapon","Vault"],"picked":"DevaForm","floor":14.0},{"not_picked":["The Bomb","Blasphemy"],"picked":"MasterReality","floor":16.0},{"not_picked":["Replay:AllIn","SpiritShield"],"picked":"Wish","floor":24.0},{"not_picked":["Apotheosis","Replay:LoomingThreat"],"picked":"Scrawl","floor":25.0},{"not_picked":["Midas Touch","ConjureBlade"],"picked":"Mayhem","floor":27.0},{"not_picked":["vexMod:StairwayStrike+1","Ragnarok+1"],"picked":"Replay:LoomingThreat","floor":28.0},{"not_picked":["Judgement","Omniscience"],"picked":"Establishment","floor":29.0},{"not_picked":["ReplayUltimateDefense","Judgement"],"picked":"Master of Strategy","floor":30.0},{"not_picked":["SpiritShield","Secret Weapon"],"picked":"Alpha","floor":31.0},{"not_picked":["Mayhem","Secret Technique"],"picked":"SpiritShield","floor":33.0},{"not_picked":["ReplayTheSpireMod:Chaos Vortex","Replay:Fractal Strike"],"picked":"infinitespire:NeuralNetwork","floor":38.0},{"not_picked":["ConjureBlade","DeusExMachina"],"picked":"Establishment","floor":39.0},{"not_picked":["Secret Weapon","Violence"],"picked":"ReplayUltimateDefense","floor":40.0},{"not_picked":["Crow Ritual","MasterReality"],"picked":"Metamorphosis","floor":42.0},{"not_picked":["Replay:Dark Deal","Brilliance+1"],"picked":"Ragnarok+1","floor":44.0},{"not_picked":["Alpha","Secret Technique"],"picked":"LessonLearned+1","floor":46.0},{"not_picked":["LessonLearned+1","Apotheosis"],"picked":"Omniscience","floor":47.0},{"not_picked":["MasterReality","Chrysalis"],"picked":"Master of Strategy","floor":48.0},{"not_picked":["EmptyFist+1","Protect+1"],"picked":"Consecrate+1","floor":49.0},{"not_picked":["Secret Technique","Mayhem"],"picked":"Wish","floor":50.0},{"not_picked":["Ragnarok+1","Apotheosis"],"picked":"Wish","floor":55.0},{"not_picked":["ConjureBlade","Thinking Ahead"],"picked":"DevaForm","floor":57.0},{"not_picked":["Midas Touch","DevaForm"],"picked":"Devotion","floor":58.0},{"not_picked":["Violence","Replay:AllIn"],"picked":"SpiritShield","floor":59.0},{"not_picked":["LessonLearned+1","DeusExMachina"],"picked":"Master of Strategy","floor":62.0},{"not_picked":["The Bomb","Ragnarok+1"],"picked":"Scrawl","floor":63.0},{"not_picked":["Wish","ReplayTheSpireMod:Brewmster"],"picked":"Devotion","floor":65.0},{"not_picked":["ReplayTheSpireMod:Brewmster","hubris:SpiceAddiction"],"picked":"DeusExMachina","floor":67.0},{"not_picked":["Bandage Up","CutThroughFate"],"picked":"EmptyMind","floor":70.0},{"not_picked":["Secret Technique","WeaponsOverheat+1"],"picked":"vexMod:EmailVexCard+1","floor":70.0},{"not_picked":["Anger","MasterReality"],"picked":"ReplayTheSpireMod:Private Reserves","floor":70.0},{"not_picked":["CrushJoints","Beam Cell"],"picked":"FollowUp+1","floor":70.0},{"not_picked":["Replay:AtTheReady+1","Swivel"],"picked":"Prostrate","floor":70.0},{"not_picked":["ReplayTheSpireMod:Omega Cannon","Replay:AllIn"],"picked":"Thinking Ahead","floor":74.0},{"not_picked":["Metamorphosis","Replay:AllIn"],"picked":"DevaForm","floor":76.0},{"not_picked":["vexMod:StairwayStrike","Magnetism","Replay:AllIn"],"picked":"SKIP","floor":78.0},{"not_picked":["ReplayTheSpireMod:Necrogeddon","Scrawl"],"picked":"Offering","floor":80.0},{"not_picked":["Brilliance","Firewall"],"picked":"Establishment","floor":82.0},{"not_picked":["Brilliance","Chrysalis"],"picked":"Master of Strategy","floor":84.0},{"not_picked":["infinitespire:Gouge","infinitespire:Collect"],"picked":"ReplayTheSpireMod:Black Plague","floor":85.0},{"not_picked":["Replay:AllIn","Metamorphosis"],"picked":"Panache","floor":89.0},{"not_picked":["Violence","ReplayTheSpireMod:Necrogeddon"],"picked":"Scrawl","floor":91.0},{"not_picked":["LessonLearned","Sadistic Nature"],"picked":"Vault","floor":92.0},{"not_picked":["Scrawl","DevaForm"],"picked":"Replay:LoomingThreat","floor":93.0},{"not_picked":["SpiritShield","Poisoned Strike"],"picked":"ReplayUltimateDefense","floor":95.0},{"not_picked":["HandOfGreed","ReplayTheSpireMod:Necrogeddon"],"picked":"Vault","floor":96.0},{"not_picked":["Omniscience","Judgement"],"picked":"Vault","floor":97.0},{"not_picked":["Violence","HandOfGreed"],"picked":"Master of Strategy","floor":98.0},{"not_picked":["SpiritShield","Wish"],"picked":"Replay:LoomingThreat","floor":99.0},{"not_picked":["Establishment","Scrawl"],"picked":"Replay:LoomingThreat","floor":101.0},{"not_picked":["The Bomb","Juggernaut"],"picked":"LessonLearned+1","floor":108.0},{"not_picked":["LikeWater","FlurryOfBlows+1"],"picked":"FollowUp+1","floor":110.0},{"not_picked":["Scrawl","Devotion"],"picked":"Replay:LoomingThreat","floor":116.0},{"not_picked":["Alpha","ConjureBlade"],"picked":"Barricade","floor":118.0},{"not_picked":["Devotion","Chrysalis"],"picked":"Vault","floor":125.0},{"not_picked":["Barricade","SpiritShield"],"picked":"Metamorphosis","floor":126.0},{"not_picked":["Devotion","DevaForm"],"picked":"Secret Weapon","floor":127.0},{"not_picked":["infinitespire:Menacing","infinitespire:SealOfDarkness+"],"picked":"infinitespire:TheBestDefense","floor":129.0},{"not_picked":["hubris:EnhanceAbility","Secret Weapon"],"picked":"LessonLearned+1","floor":129.0},{"not_picked":["Blasphemy","Sadistic Nature","ReplayTheSpireMod:Necrosis"],"picked":"Scrawl","floor":130.0},{"not_picked":["ReplayTheSpireMod:Brewmster","DeusExMachina","infinitespire:Neurotoxin"],"picked":"Reaper+1","floor":131.0},{"not_picked":["Mirror Shield","Wish","Envenom"],"picked":"Vault","floor":133.0},{"not_picked":["hubris:EnhanceAbility","Replay:Dark Deal","ReplayTheSpireMod:From All Sides"],"picked":"Establishment","floor":135.0},{"not_picked":["Purity","Replay:Sssssssssstrike+1"],"picked":"Poisoned Strike+1","floor":138},{"not_picked":["ReplayTheSpireMod:Trickstab+1","Dark Shackles"],"picked":"vexMod:EmailVexCard+1","floor":138},{"not_picked":["vexMod:EmailVexCard+1","Replay:Sssssssssshield"],"picked":"ReplayUltimateDefense","floor":138},{"not_picked":["Mayhem","ConjureBlade","Corpse Explosion"],"picked":"Limit Break","floor":142},{"not_picked":["ReplayTheSpireMod:Necrogeddon+1","Replay:Dark Deal","Unload"],"picked":"Omniscience","floor":144},{"not_picked":["Crow Ritual","DevaForm","Malaise"],"picked":"ReplayTheSpireMod:Necrogeddon+1","floor":146},{"not_picked":["Replay:AllIn","Barricade","Malaise"],"picked":"Transmutation","floor":149},{"not_picked":["Ragnarok+1","Panache","Transmutation"],"picked":"A Thousand Cuts","floor":152},{"not_picked":["Brilliance+1","Thinking Ahead","Bullet Time"],"picked":"Master of Strategy","floor":156},{"not_picked":["DeusExMachina","DevaForm","Atom Bomb"],"picked":"Scrawl","floor":157}],"player_experience":103511,"relics_obtained":[{"floor":3.0,"key":"Whetstone"},{"floor":4.0,"key":"Molten Egg 2"},{"floor":5.0,"key":"Centennial Puzzle"},{"floor":7.0,"key":"Turnip"},{"floor":8.0,"key":"hubris:MysteriousPyramids"},{"floor":9.0,"key":"hubris:ToyBattleship"},{"floor":10.0,"key":"infinitespire:Satchel"},{"floor":14.0,"key":"Replay:Wax Seal"},{"floor":18.0,"key":"Replay:Kaleidoscope"},{"floor":19.0,"key":"Bird Faced Urn"},{"floor":20.0,"key":"Replay:Bottled Eggs"},{"floor":24.0,"key":"Blood Vial"},{"floor":25.0,"key":"Ginger"},{"floor":26.0,"key":"Sundial"},{"floor":27.0,"key":"Replay:Accelerometer"},{"floor":28.0,"key":"ReplayFunnel"},{"floor":29.0,"key":"infinitespire:Midas Blood"},{"floor":30.0,"key":"CaptainsWheel"},{"floor":31.0,"key":"PreservedInsect"},{"floor":32.0,"key":"Ancient Tea Set"},{"floor":35.0,"key":"Replay:Mystery Machine"},{"floor":39.0,"key":"Smiling Mask"},{"floor":40.0,"key":"Boot"},{"floor":41.0,"key":"Bottled Tornado"},{"floor":42.0,"key":"infinitespire:Joker Card"},{"floor":43.0,"key":"Dream Catcher"},{"floor":44.0,"key":"Lizard Tail"},{"floor":46.0,"key":"Toy Ornithopter"},{"floor":47.0,"key":"Replay:Purple Gloves"},{"floor":48.0,"key":"Bottled Flame"},{"floor":52.0,"key":"Pet Ghost"},{"floor":54.0,"key":"Gremlin Food"},{"floor":55.0,"key":"hubris:DuctTape"},{"floor":55.0,"key":"Dead Branch"},{"floor":57.0,"key":"CeramicFish"},{"floor":57.0,"key":"hubris:SphereOfDissonance"},{"floor":58.0,"key":"infinitespire:WardingShard"},{"floor":58.0,"key":"hubris:Metronome"},{"floor":59.0,"key":"StoneCalendar"},{"floor":59.0,"key":"Bag of Marbles"},{"floor":60.0,"key":"hubris:Spice"},{"floor":62.0,"key":"hubris:GlazedTorus"},{"floor":62.0,"key":"Mummified Hand"},{"floor":63.0,"key":"hubris:TenFootPole"},{"floor":63.0,"key":"hubris:Spice"},{"floor":72.0,"key":"infinitespire:PuzzleCube"},{"floor":74.0,"key":"Replay:Multitool"},{"floor":76.0,"key":"Counterbalance"},{"floor":78.0,"key":"hubris:MedicalManual"},{"floor":79.0,"key":"Ornamental Fan"},{"floor":80.0,"key":"Singing Bowl"},{"floor":81.0,"key":"Oddly Smooth Stone"},{"floor":82.0,"key":"Happy Flower"},{"floor":86.0,"key":"Bag of Preparation"},{"floor":89.0,"key":"hubris:BundleOfHerbs"},{"floor":91.0,"key":"hubris:TinFlute"},{"floor":92.0,"key":"InkBottle"},{"floor":93.0,"key":"infinitespire:BottledMercury"},{"floor":94.0,"key":"HornCleat"},{"floor":95.0,"key":"Incense Burner"},{"floor":96.0,"key":"infinitespire:ShieldingShard"},{"floor":97.0,"key":"vexMod:ConsolationPrize"},{"floor":98.0,"key":"Yang"},{"floor":99.0,"key":"Mirror"},{"floor":100.0,"key":"Kunai"},{"floor":103.0,"key":"Boot"},{"floor":104.0,"key":"Replay:Bottled Eggs"},{"floor":105.0,"key":"vexMod:ScavengeHelm"},{"floor":107.0,"key":"Molten Egg 2"},{"floor":108.0,"key":"Akabeko"},{"floor":109.0,"key":"Whetstone"},{"floor":111.0,"key":"Bottled Tornado"},{"floor":116.0,"key":"Bag of Marbles"},{"floor":117.0,"key":"Replay:Ringing Soul"},{"floor":120.0,"key":"infinitespire:Midas Blood"},{"floor":122.0,"key":"infinitespire:WardingShard"},{"floor":123.0,"key":"Gremlin Horn"},{"floor":125.0,"key":"hubris:AstralHammer"},{"floor":126.0,"key":"Anchor"},{"floor":127.0,"key":"hubris:GlazedTorus"},{"floor":128.0,"key":"Bottled Lightning"},{"floor":129.0,"key":"hubris:DisguiseKit"},{"floor":130.0,"key":"infinitespire:Beetle Shell"},{"floor":131.0,"key":"Bronze Scales"},{"floor":133.0,"key":"hubris:Metronome"},{"floor":134.0,"key":"Potion Belt"},{"floor":137,"key":"Ginger"},{"floor":139,"key":"Replay:Wax Seal"},{"floor":140,"key":"infinitespire:Broken Mirror"},{"floor":141,"key":"Matryoshka"},{"floor":142,"key":"Replay:WaspNest"},{"floor":144,"key":"CeramicFish"},{"floor":145,"key":"Replay:Rubber Ducky"},{"floor":145,"key":"MawBank"},{"floor":146,"key":"Nunchaku"},{"floor":149,"key":"infinitespire:Golems Mask"},{"floor":150,"key":"Smiling Mask"},{"floor":151,"key":"ReplayTheSpireMod:Ninjato"},{"floor":154,"key":"StrikeDummy"},{"floor":156,"key":"TungstenRod"}],"event_choices":[{"damage_healed":0.0,"max_hp_gain":0.0,"max_hp_loss":0.0,"gold_gain":0.0,"event_name":"Golden Idol","player_choice":"Take Damage","floor":2.0,"gold_loss":0.0,"damage_taken":18.0,"relics_obtained":["Golden Idol"]},{"damage_healed":0.0,"max_hp_gain":0.0,"max_hp_loss":0.0,"gold_gain":100.0,"event_name":"Golden Shrine","player_choice":"Pray","floor":13.0,"gold_loss":0.0,"damage_taken":0.0},{"damage_healed":0.0,"max_hp_gain":0.0,"max_hp_loss":0.0,"gold_gain":0.0,"event_name":"Forgotten Altar","player_choice":"Gave Idol","floor":21.0,"relics_lost":["Golden Idol"],"gold_loss":0.0,"damage_taken":0.0,"relics_obtained":["Bloody Idol"]},{"damage_healed":0.0,"max_hp_gain":0.0,"max_hp_loss":0.0,"gold_gain":0.0,"event_name":"Winding Halls","player_choice":"Embrace Madness","floor":36.0,"gold_loss":0.0,"damage_taken":9.0,"cards_obtained":["Madness","Madness"]},{"damage_healed":0.0,"max_hp_gain":0.0,"max_hp_loss":0.0,"gold_gain":0.0,"event_name":"Upgrade Shrine","player_choice":"Upgraded","floor":53.0,"gold_loss":0.0,"damage_taken":0.0,"cards_upgraded":["Alpha"]},{"damage_healed":0.0,"max_hp_gain":0.0,"max_hp_loss":0.0,"gold_gain":0.0,"event_name":"Transmorgrifier","player_choice":"Ignored","floor":88.0,"gold_loss":0.0,"damage_taken":0.0},{"cards_removed":["Madness"],"damage_healed":0.0,"max_hp_gain":0.0,"max_hp_loss":0.0,"gold_gain":0.0,"event_name":"Beggar","player_choice":"Gave Gold","floor":121.0,"gold_loss":75.0,"damage_taken":0.0},{"damage_healed":0.0,"max_hp_gain":0.0,"max_hp_loss":0.0,"gold_gain":0.0,"event_name":"N\u0027loth","player_choice":"Traded Relic","floor":132.0,"relics_lost":["Old Coin"],"gold_loss":0.0,"damage_taken":0.0,"relics_obtained":["Nloth\u0027s Gift"]},{"damage_healed":0,"gold_gain":0,"player_choice":"Memory 3","damage_taken":10,"max_hp_gain":0,"max_hp_loss":0,"event_name":"SensoryStone","floor":138,"gold_loss":0}],"is_beta":false,"boss_relics":[{"not_picked":["Ectoplasm","Astrolabe"],"picked":"vexMod:MysteryBossChallenge"},{"not_picked":["ChewingGum","Coffee Dripper"],"picked":"Abe\u0027s Treasure"},{"not_picked":["Replay:Wanted Poster","Honey Jar"],"picked":"Black Star"},{"not_picked":["hubris:Spice","hubris:VirtuousBlindfold"],"picked":"hubris:Spice"},{"not_picked":["hubris:ScarierMask","Calling Bell","Kintsugi"],"picked":"hubris:BlackHole"},{"not_picked":["ChewingGum","ReplayTheSpireMod:SealedPack","Replay:Ancient Bell","HolyWater"]},{"not_picked":["ReplayTheSpireMod:SealedPack","Abe\u0027s Treasure","hubris:CrackedHourglass"],"picked":"Ring of Chaos"},{"not_picked":["hubris:Stopwatch","Empty Cage","hubris:RunicObelisk"],"picked":"ChewingGum"},{"not_picked":["ReplayTheSpireMod:DimensionalGlitch","vexMod:RockOfEvil","hubris:VirtuousBlindfold"],"picked":"Sozu"}],"items_purged_floors":[61],"is_endless":true,"potions_floor_spawned":[3,5,10,14,24,27,28,29,33,44,46,50,52,55,57,59,62,72,74,76,80,82,89,91,96,97,99,104,105,108,116,118,125,126,127,130,133,137,144,146,150],"ascension_level":0}}