{"host":"jyuuog6ydc2s7nd8","time":1610368203,"event":{"mods":["BaseMod","Better Vampires","Minty Spire (QoL Compilation)","Shop Mod","StSLib","The Hierophant","The Servant 0.9.4","TheBandit","[IsaacMod]ÒÔÈö¼âËþ"],"gold_per_floor":[116,41,126,140,140,140,172,172,172,203,216,116,135,160,160,239,239,254,273,123,143,174,174,174,174,197,217,243,263,313,340,340,417,417,430,88,98,320,331,331,331,331,331,362,212,212,212,232,232,232,232,232,232,71,98,98],"floor_reached":57,"playtime":1690,"items_purged":["Strike_R","Strike_R","Defend_R","Strike_R","Strike_R","Strike_R"],"score":3347,"play_id":"cf133719-6c1c-43b5-95ba-2a57c4bb1a32","local_time":"20210111203003","is_ascension_mode":true,"campfire_choices":[{"data":"Bash","floor":6.0,"key":"SMITH"},{"data":"Battle Trance","floor":8.0,"key":"SMITH"},{"data":"Evolve","floor":15.0,"key":"SMITH"},{"data":"Body Slam","floor":23.0,"key":"SMITH"},{"data":"Second Wind","floor":25.0,"key":"SMITH"},{"data":"Barricade","floor":32,"key":"SMITH"},{"data":"Pommel Strike","floor":40,"key":"SMITH"},{"data":"Dark Embrace","floor":42,"key":"SMITH"},{"data":"Bloodletting","floor":47,"key":"SMITH"},{"floor":49,"key":"RECALL"},{"floor":53,"key":"REST"}],"circlet_count":0,"master_deck":["AscendersBane","Defend_R+1","Defend_R+1","Defend_R","Bash+1","Ghostly Armor","Battle Trance+1","Evolve+1","Second Wind+1","Body Slam+1","Shrug It Off","Entrench+1","Barricade+1","Bloodletting+1","Pommel Strike+1","CurseOfTheBell","Dark Embrace+1","Flash of Steel","CurseOfTheBell","Sever Soul"],"relics":["HushsDoor","Black Star","AnarchistCookbook","Mango","Bronze Scales","Leech","Darkstone Periapt","HornCleat","Ornamental Fan","Ginger","Sozu","GuppysHairball","Red Mask","Lantern","Mummified Hand","Juzu Bracelet","Chaos","BookOfRevelations","Runic Cube","Happy Flower","Mercury Hourglass","SatanicBible","GuppysCollar","Calling Bell","RottenBaby","Lizard Tail","GuppysHead","MoneyPower","Dead Branch","Calling Bell","D4","Du-Vu Doll","Fusion Hammer","War Paint","Anchor","Vajra"],"acts_visited":["Exordium","TheCity","TheBeyond","TheEnding"],"potions_floor_usage":[],"damage_taken":[{"damage":4.0,"enemies":"2 Louse","floor":1.0,"turns":3.0},{"damage":6.0,"enemies":"Cultist","floor":4.0,"turns":3.0},{"damage":8.0,"enemies":"Gremlin Nob","floor":7.0,"turns":3.0},{"damage":0.0,"enemies":"3 Sentries","floor":10.0,"turns":2.0},{"damage":7.0,"enemies":"Small Slimes","floor":11.0,"turns":3.0},{"damage":3.0,"enemies":"Blue Slaver","floor":13.0,"turns":3.0},{"damage":20.0,"enemies":"Lagavulin","floor":14.0,"turns":6.0},{"damage":0.0,"enemies":"Hexaghost","floor":16.0,"turns":8.0},{"damage":10.0,"enemies":"2 Thieves","floor":18.0,"turns":3.0},{"damage":1.0,"enemies":"Shell Parasite","floor":19.0,"turns":4.0},{"damage":0.0,"enemies":"Chosen and Byrds","floor":21.0,"turns":3.0},{"damage":26.0,"enemies":"Masked Bandits","floor":22.0,"turns":4.0},{"damage":7.0,"enemies":"3 Cultists","floor":27.0,"turns":5.0},{"damage":23,"enemies":"Slavers","floor":28,"turns":4},{"damage":0,"enemies":"Snecko","floor":29,"turns":2},{"damage":6,"enemies":"Hiden Room Battle","floor":30,"turns":4},{"damage":3,"enemies":"Gremlin Leader","floor":31,"turns":4},{"damage":3,"enemies":"Automaton","floor":33,"turns":5},{"damage":0,"enemies":"3 Darklings","floor":35,"turns":3},{"damage":0,"enemies":"Orb Walker","floor":37,"turns":2},{"damage":0,"enemies":"Jaw Worm Horde","floor":39,"turns":3},{"damage":0,"enemies":"Reptomancer","floor":44,"turns":3},{"damage":0,"enemies":"Sphere and 2 Shapes","floor":48,"turns":2},{"damage":0,"enemies":"Time Eater","floor":50,"turns":3},{"damage":0,"enemies":"Awakened One","floor":51,"turns":4},{"damage":0,"enemies":"Shield and Spear","floor":55,"turns":3},{"damage":0,"enemies":"The Heart","floor":56,"turns":5}],"seed_played":"-2470833042058774360","potions_obtained":[{"floor":1.0,"key":"BlessingOfTheForge"},{"floor":10.0,"key":"SkillPotion"}],"is_trial":false,"path_per_floor":["M","$","?","M","?","R","E","R","T","E","M","$","M","E","R","B",null,"M","M","$","M","?","R","?","R","T","M","E","M","?","E","R","B",null,"M","$","M","?","M","R","?","R","T","E","$","?","R","M","R","B","B",null,"R","$","E","B",null],"character_chosen":"IRONCLAD","items_purchased":["GuppysHairball","Shrug It Off","SatanicBible","GuppysCollar","Calling Bell","GuppysHead","War Paint"],"campfire_rested":1,"item_purchase_floors":[17,20,34,34,34,36,54],"current_hp_per_floor":[64,64,49,43,68,68,74,74,74,75,70,70,69,54,54,60,71,64,66,66,69,47,47,47,47,47,45,26,28,11,11,11,12,17,17,17,17,17,17,17,7,7,7,10,10,10,10,12,18,20,22,22,22,22,22,22],"gold":98,"neow_bonus":"BOSS_RELIC","is_daily":false,"chose_seed":false,"campfire_upgraded":9,"win_rate":0.0,"timestamp":1610368203,"path_taken":["M","$","?","M","?","R","E","R","T","E","?","$","M","E","R","BOSS","M","M","$","M","?","R","?","R","T","M","E","M","?","E","R","BOSS","M","$","M","?","M","R","?","R","T","E","$","?","R","M","R","BOSS","BOSS","R","$","E","BOSS"],"items_purchased_type":["Relic","Card","Relic","Relic","Relic","Relic","Relic"],"build_version":"2020-12-22","purchased_purges":6,"victory":true,"max_hp_per_floor":[75,75,75,75,75,75,89,89,89,89,89,89,89,89,89,89,74,74,74,74,74,74,74,74,74,74,74,74,74,74,74,74,74,17,17,17,17,17,17,17,17,17,17,17,17,16,16,16,22,22,22,22,22,22,22,22],"card_choices":[{"not_picked":[],"picked":"Bomb","floor":0.0},{"not_picked":["Heavy Blade","Iron Wave","Sword Boomerang"],"picked":"SKIP","floor":1.0},{"not_picked":["Flex","Sword Boomerang"],"picked":"Ghostly Armor","floor":4.0},{"not_picked":["Clothesline","Dual Wield"],"picked":"Battle Trance","floor":7.0},{"not_picked":["Entrench","Clash"],"picked":"Evolve","floor":10.0},{"not_picked":["Body Slam","Inflame"],"picked":"Second Wind","floor":11.0},{"not_picked":["Sword Boomerang","Disarm","Warcry"],"picked":"SKIP","floor":13.0},{"not_picked":["Bludgeon","Blood for Blood","Seeing Red"],"picked":"SKIP","floor":14.0},{"not_picked":["Heavy Blade+1","Clothesline","Thunderclap+1"],"picked":"SKIP","floor":18.0},{"not_picked":["Pommel Strike","Twin Strike"],"picked":"Body Slam","floor":19.0},{"not_picked":["Shrug It Off","Ghostly Armor"],"picked":"Entrench","floor":21.0},{"not_picked":["Clothesline","Anger","Heavy Blade+1"],"picked":"SKIP","floor":27.0},{"not_picked":["Anger","Cleave"],"picked":"Barricade","floor":28},{"not_picked":["Flex","Anger"],"picked":"Bloodletting","floor":29},{"not_picked":["Thunderclap+1","Headbutt"],"picked":"Pommel Strike","floor":30},{"not_picked":["Pommel Strike","Seeing Red","Exhume"],"picked":"SKIP","floor":31},{"not_picked":["Cleave","Sword Boomerang+1"],"picked":"Dark Embrace","floor":35},{"not_picked":["Headbutt","Rupture","Body Slam"],"picked":"SKIP","floor":37},{"not_picked":["Bludgeon","Sever Soul","Shrug It Off"],"picked":"SKIP","floor":39},{"not_picked":["DoctorFetus","Secret Technique"],"picked":"Flash of Steel","floor":41},{"not_picked":["Metallicize","Heavy Blade","Iron Wave"],"picked":"SKIP","floor":44},{"not_picked":["Dark Embrace","Pommel Strike","Anger+1"],"picked":"SKIP","floor":48},{"not_picked":["Offering","Clash"],"picked":"Sever Soul","floor":55}],"player_experience":1816031,"relics_obtained":[{"floor":7.0,"key":"Mango"},{"floor":7.0,"key":"Bronze Scales"},{"floor":9.0,"key":"Leech"},{"floor":10.0,"key":"Darkstone Periapt"},{"floor":10.0,"key":"HornCleat"},{"floor":14.0,"key":"Ornamental Fan"},{"floor":14.0,"key":"Ginger"},{"floor":22.0,"key":"Red Mask"},{"floor":26.0,"key":"Lantern"},{"floor":28,"key":"Mummified Hand"},{"floor":28,"key":"Juzu Bracelet"},{"floor":30,"key":"Chaos"},{"floor":30,"key":"BookOfRevelations"},{"floor":31,"key":"Runic Cube"},{"floor":31,"key":"Happy Flower"},{"floor":34,"key":"RottenBaby"},{"floor":34,"key":"Diplopia"},{"floor":34,"key":"Lizard Tail"},{"floor":44,"key":"MoneyPower"},{"floor":44,"key":"Dead Branch"},{"floor":49,"key":"D4"},{"floor":49,"key":"Du-Vu Doll"},{"floor":49,"key":"Fusion Hammer"},{"floor":55,"key":"Anchor"},{"floor":55,"key":"Vajra"}],"event_choices":[{"damage_healed":25.0,"max_hp_gain":0.0,"max_hp_loss":0.0,"gold_gain":0.0,"event_name":"Big Fish","player_choice":"Banana","floor":5.0,"gold_loss":0.0,"damage_taken":0.0},{"damage_healed":0.0,"max_hp_gain":0.0,"max_hp_loss":0.0,"gold_gain":0.0,"event_name":"Masked Bandits","player_choice":"Fought Bandits","floor":22.0,"gold_loss":0.0,"damage_taken":0.0},{"damage_healed":0.0,"max_hp_gain":0.0,"max_hp_loss":0.0,"gold_gain":0.0,"event_name":"Upgrade Shrine","player_choice":"Upgraded","floor":24.0,"gold_loss":0.0,"damage_taken":0.0,"cards_upgraded":["Entrench"]},{"damage_healed":0,"gold_gain":0,"player_choice":"Fight","damage_taken":0,"max_hp_gain":0,"max_hp_loss":0,"event_name":"HidenRoomEvent","floor":30,"gold_loss":0},{"damage_healed":0,"gold_gain":222,"player_choice":"Wore Mask","damage_taken":0,"max_hp_gain":0,"max_hp_loss":0,"event_name":"Tomb of Lord Red Mask","floor":38,"gold_loss":0},{"damage_healed":0,"gold_gain":0,"player_choice":"Memory 3","damage_taken":10,"max_hp_gain":0,"max_hp_loss":0,"event_name":"SensoryStone","floor":41,"gold_loss":0},{"damage_healed":0,"gold_gain":0,"player_choice":"Max HP","damage_taken":0,"max_hp_gain":0,"max_hp_loss":1,"event_name":"Winding Halls","floor":46,"gold_loss":0}],"is_beta":false,"boss_relics":[{"not_picked":["Astrolabe","MagicMushroom"],"picked":"Sozu"},{"not_picked":[]},{"not_picked":["Snecko Eye","Bottled Lightning"],"picked":"Mercury Hourglass"},{"not_picked":[]}],"items_purged_floors":[2,12,17,20,34,45],"is_endless":false,"potions_floor_spawned":[1,10,13,21,22,27,30,31,33,35,37,44,55],"ascension_level":20}}