{"host":"oqhjdqr9xcmboomw","time":1610342069,"event":{"mods":["2.2 Compatiblity","AchievementEnabler","Act Like it!","Aspiration","BaseMod","Beaked The Cultist","Better Third Choice","Conjunction","Conspire","Disable Question Mark Monsters","Downfall","Elementarium","Energized Spire","GifTheSpireLib","Halation","Hallownest","Hermit","Hubris","Infinite Spire","Jorbs\u0027s Wanderer Trilogy","Mimic Mod","Minty Spire (QoL Compilation)","Random Character Button","Rare Cards Sparkle","Replay The Spire","Spicy Shops","Spikes Relics","StSLib","Stuff the Spire","The Blackbeard","The Blue Laboratory","The Cursed","The Disciple","The Gatherer","The Hierophant","The Judge","The Mystic","The Saiyan","The Wild Card","Unceasing Turn Reminder","Wandering Minibosses","vexMod"],"gold_per_floor":[113,388,408,422,58,88,88,88,88],"floor_reached":8,"playtime":350,"items_purged":["Regret"],"score":104,"play_id":"f4b0776a-66a1-44a1-976b-3777bdc10e7b","local_time":"20210111001429","is_ascension_mode":true,"campfire_choices":[],"circlet_count":0,"master_deck":["AscendersBane","Strike_R","Strike_R","Strike_R","Strike_R","Strike_R","Defend_R","Defend_R","Defend_R","Defend_R","Bash","stsjorbsmod:Procrastination","True Grit","Replay:Dark Deal","Ghostly Armor","Battle Trance","ReplayTheSpireMod:Chaos Vortex"],"relics":["Burning Blood","hubris:FunFungus","WingedGreaves","Medical Kit","hubris:KleinBottle"],"acts_visited":["Exordium"],"potions_floor_usage":[6,8],"damage_taken":[{"damage":6,"enemies":"Jaw Worm","floor":1,"turns":5},{"damage":10,"enemies":"Cultist","floor":3,"turns":4},{"damage":40,"enemies":"infinitespire:Voidling","floor":4,"turns":6},{"damage":24,"enemies":"Lagavulin","floor":6,"turns":6},{"damage":43,"enemies":"Gremlin Nob","floor":8,"turns":4}],"seed_played":"-5640206511374432139","potions_obtained":[{"floor":4,"key":"blueLaboratory:HorrorPotion"},{"floor":6,"key":"blueLaboratory:NullPotion"}],"is_trial":false,"path_per_floor":["M","?","M","M","$","E","$","E"],"character_chosen":"IRONCLAD","items_purchased":["Replay:Dark Deal","Ghostly Armor","Medical Kit","hubris:KleinBottle"],"campfire_rested":0,"item_purchase_floors":[5,5,7,7],"current_hp_per_floor":[68,68,65,59,59,42,13,0,0],"gold":88,"neow_bonus":"ONE_RARE_RELIC","is_daily":false,"chose_seed":false,"campfire_upgraded":0,"win_rate":0.0,"timestamp":1610342069,"path_taken":["M","?","M","M","$","E","?","E"],"items_purchased_type":["Card","Card","Relic","Relic"],"build_version":"2020-12-22","purchased_purges":1,"victory":false,"max_hp_per_floor":[75,75,75,75,75,75,75,75,75],"card_choices":[{"not_picked":["Wild Strike","Abandon"],"picked":"True Grit","floor":1},{"not_picked":["Shrug It Off","True Grit","ReplayTheSpireMod:LeadingStrike"],"picked":"SKIP","floor":3},{"not_picked":["hubris:CleavingFinish","Armaments","Searing Blow"],"picked":"SKIP","floor":4},{"not_picked":["Rage","Clash"],"picked":"Battle Trance","floor":6},{"not_picked":["hubris:Fate","infinitespire:Fortify"],"picked":"ReplayTheSpireMod:Chaos Vortex","floor":7}],"player_experience":1083941,"relics_obtained":[{"floor":6,"key":"WingedGreaves"}],"event_choices":[{"damage_healed":0,"gold_gain":275,"player_choice":"Desecrate","damage_taken":0,"max_hp_gain":0,"max_hp_loss":0,"event_name":"Golden Shrine","floor":2,"gold_loss":0,"cards_obtained":["Regret"]}],"is_beta":false,"boss_relics":[],"items_purged_floors":[5],"is_endless":false,"potions_floor_spawned":[4,6],"killed_by":"Gremlin Nob","ascension_level":17}}