{"host":"6pgtslebjnyv5xmi","time":1610367158,"event":{"mods":["AchievementEnabler","BaseMod","Colored Map","Minty Spire (QoL Compilation)","Rare Cards Sparkle","StSLib","SuperFastMode","The Cursed","everything is the same but u backflip on backflip"],"gold_per_floor":[118,88,107,122,6,6,22,22,22,22,48,48,48,48],"floor_reached":13,"playtime":496,"items_purged":[],"score":87,"play_id":"bda60e7a-15ab-4f06-b78e-09eb746367f5","local_time":"20210111211238","is_ascension_mode":true,"campfire_choices":[{"data":"Eruption","floor":6,"key":"SMITH"},{"data":"Ragnarok","floor":8,"key":"SMITH"},{"data":"MentalFortress","floor":12,"key":"SMITH"}],"circlet_count":0,"master_deck":["Strike_P","Strike_P","Strike_P","Strike_P","Defend_P","Defend_P","Defend_P","Defend_P","Eruption+1","Vigilance","Ragnarok+1","Worship","Weave","Prostrate","MentalFortress+1"],"relics":["PureWater","Orichalcum","TeardropLocket"],"acts_visited":["Exordium"],"potions_floor_usage":[3,4,7,13],"damage_taken":[{"damage":0,"enemies":"Small Slimes","floor":1,"turns":2},{"damage":0,"enemies":"Cultist","floor":3,"turns":3},{"damage":0,"enemies":"Jaw Worm","floor":4,"turns":1},{"damage":13,"enemies":"Gremlin Gang","floor":7,"turns":3},{"damage":24,"enemies":"Lagavulin","floor":11,"turns":8},{"damage":52,"enemies":"Gremlin Nob","floor":13,"turns":4}],"seed_played":"-1734164699317990970","potions_obtained":[{"floor":1,"key":"Energy Potion"},{"floor":2,"key":"SpeedPotion"},{"floor":2,"key":"BottledMiracle"},{"floor":7,"key":"Energy Potion"}],"is_trial":false,"path_per_floor":["M","?","M","M","$","R","M","R","T","?","E","R","E"],"character_chosen":"WATCHER","items_purchased":["Prostrate","MentalFortress"],"campfire_rested":0,"item_purchase_floors":[5,5],"current_hp_per_floor":[51,51,51,51,51,51,38,38,38,72,48,48,0,0],"gold":48,"neow_bonus":"THREE_RARE_CARDS","is_daily":false,"chose_seed":false,"campfire_upgraded":3,"win_rate":0.0,"timestamp":1610367158,"path_taken":["M","?","?","?","$","R","M","R","T","?","E","R","E"],"items_purchased_type":["Card","Card"],"build_version":"2020-12-22","purchased_purges":0,"victory":false,"max_hp_per_floor":[72,72,72,72,72,72,72,72,72,72,72,72,72,72],"card_choices":[{"not_picked":["Wish","SpiritShield"],"picked":"Ragnarok","floor":0},{"not_picked":["ForeignInfluence","Sanctity"],"picked":"Worship","floor":1},{"not_picked":["SignatureMove","ThirdEye"],"picked":"Weave","floor":3},{"not_picked":["CutThroughFate","CarveReality","CrushJoints"],"picked":"SKIP","floor":4},{"not_picked":["Conclude","Halt"],"picked":"Perseverance","floor":7},{"not_picked":["CrushJoints","ForeignInfluence","WheelKick"],"picked":"SKIP","floor":11}],"player_experience":936328,"relics_obtained":[{"floor":9,"key":"Orichalcum"},{"floor":11,"key":"TeardropLocket"}],"event_choices":[{"damage_healed":0,"gold_gain":0,"player_choice":"Bought 2 Potions","damage_taken":0,"max_hp_gain":0,"max_hp_loss":0,"event_name":"The Woman in Blue","floor":2,"gold_loss":0},{"cards_removed":["Perseverance"],"damage_healed":34,"gold_gain":0,"player_choice":"Offered Uncommon","damage_taken":0,"max_hp_gain":0,"max_hp_loss":0,"event_name":"Bonfire Elementals","floor":10,"gold_loss":0}],"is_beta":false,"boss_relics":[],"items_purged_floors":[],"is_endless":false,"potions_floor_spawned":[1,7],"killed_by":"Gremlin Nob","ascension_level":1}}