{"host":"uflv0e3ja7hvnij7","time":1610331161,"event":{"mods":["BaseMod","Better Altar","Better Match","Better Note","Better Sensory Stone","Better Skull","Better Third Choice","Marisa????????","Minty Spire (QoL Compilation)","Permanent Neow","Replay The Spire","StSLib"],"gold_per_floor":[116,129,54,70,90,90,118,118,166,192,6,41,56,73,73,177,177,177],"floor_reached":17,"playtime":647,"items_purged":[],"score":248,"play_id":"6914e436-817d-423e-b071-3bacf4499397","local_time":"20210110211241","is_ascension_mode":true,"campfire_choices":[{"data":"Eruption","floor":6,"key":"SMITH"},{"data":"Wallop","floor":8,"key":"SMITH"},{"floor":15,"key":"REST"}],"circlet_count":0,"master_deck":["Strike_P","Strike_P","Strike_P","Strike_P","Defend_P","Defend_P","Defend_P","Defend_P","Eruption+1","Vigilance","FollowUp","EmptyFist","FlurryOfBlows","Wallop+1","EmptyBody","TalkToTheHand","FlurryOfBlows","Replay:Battleflow","FearNoEvil","Omniscience"],"relics":["PureWater","White Beast Statue","Art of War","Replay:Wax Seal","Membership Card","Garlic","SlaversCollar"],"acts_visited":["Exordium","TheCity"],"potions_floor_usage":[7,10,12,16],"damage_taken":[{"damage":0,"enemies":"Cultist","floor":1,"turns":2},{"damage":3,"enemies":"2 Louse","floor":2,"turns":3},{"damage":0,"enemies":"Jaw Worm","floor":4,"turns":3},{"damage":4,"enemies":"Exordium Wildlife","floor":5,"turns":4},{"damage":7,"enemies":"Gremlin Nob","floor":7,"turns":3},{"damage":24,"enemies":"Lagavulin","floor":10,"turns":4},{"damage":10,"enemies":"Gremlin Nob","floor":12,"turns":3},{"damage":0,"enemies":"Looter","floor":13,"turns":2},{"damage":0,"enemies":"3 Louse","floor":14,"turns":2},{"damage":2,"enemies":"Hexaghost","floor":16,"turns":6}],"seed_played":"4777504960743672102","potions_obtained":[{"floor":1,"key":"LiquidBronze"},{"floor":4,"key":"PowerPotion"},{"floor":5,"key":"BlessingOfTheForge"},{"floor":10,"key":"GamblersBrew"},{"floor":12,"key":"DuplicationPotion"},{"floor":13,"key":"SpeedPotion"},{"floor":14,"key":"SmokeBomb"},{"floor":16,"key":"SneckoOil"}],"is_trial":false,"path_per_floor":["M","M","$","M","M","R","E","R","T","E","$","E","M","M","R","B",null],"character_chosen":"WATCHER","items_purchased":["Wallop","Membership Card","Replay:Battleflow"],"campfire_rested":1,"item_purchase_floors":[3,11,11],"current_hp_per_floor":[65,62,62,62,58,58,51,51,51,27,27,17,17,17,38,36,63,63],"gold":177,"neow_bonus":"THREE_CARDS","is_daily":false,"chose_seed":false,"campfire_upgraded":2,"win_rate":0.0,"timestamp":1610331161,"path_taken":["M","M","?","M","M","R","E","R","T","E","$","E","M","M","R","BOSS"],"items_purchased_type":["Card","Relic","Card"],"build_version":"2020-12-22","purchased_purges":0,"victory":false,"max_hp_per_floor":[72,72,72,72,72,72,72,72,72,72,72,72,72,72,72,72,72,72],"card_choices":[{"not_picked":["WheelKick","WaveOfTheHand"],"picked":"FollowUp","floor":0},{"not_picked":["Replay:Anticipation","Prostrate"],"picked":"EmptyFist","floor":1},{"not_picked":["CutThroughFate","FollowUp"],"picked":"FlurryOfBlows","floor":2},{"not_picked":["FlyingSleeves","EmptyMind"],"picked":"EmptyBody","floor":4},{"not_picked":["Establishment","Meditate"],"picked":"TalkToTheHand","floor":5},{"not_picked":["Consecrate","ThirdEye","Replay:BluntJabs"],"picked":"SKIP","floor":7},{"not_picked":["ReachHeaven","Prostrate"],"picked":"FlurryOfBlows","floor":10},{"not_picked":["EmptyFist","Fasting2","WindmillStrike"],"picked":"SKIP","floor":12},{"not_picked":["ClearTheMind","Vengeance"],"picked":"FearNoEvil","floor":13},{"not_picked":["Vengeance","Crescendo"],"picked":"Omniscience","floor":14}],"player_experience":546448,"relics_obtained":[{"floor":7,"key":"White Beast Statue"},{"floor":9,"key":"Art of War"},{"floor":10,"key":"Replay:Wax Seal"},{"floor":12,"key":"Garlic"}],"event_choices":[],"is_beta":false,"boss_relics":[{"not_picked":["Sozu","Astrolabe"],"picked":"SlaversCollar"}],"items_purged_floors":[],"is_endless":false,"potions_floor_spawned":[1,4,5,10,12,13,14,16],"ascension_level":8}}