{"host":"z9mq1tf06lkrncmk","time":1610388713,"event":{"mods":["BaseMod","Downfall","Minty Spire (QoL Compilation)","StSLib"],"gold_per_floor":[99,109,109,119,134,134,134,43,43,43,28,45,64,83,101,205,205,205,221,221,221,221,221,221,234,234,248,248,260,280,291,304,405,405,405,405,421,440,440,108,108,108,108,214,214,247,247,263,281,281,281],"floor_reached":50,"playtime":2871,"items_purged":[],"score":493,"play_id":"2a27f9e5-f298-44b9-baff-c40348713b69","local_time":"20210111131153","is_ascension_mode":false,"campfire_choices":[{"data":"sneckomod:SnekBite","floor":1,"key":"SMITH"},{"data":"sneckomod:UnknownClassTHE_CHAMP_GRAY","floor":6,"key":"SMITH"},{"data":"sneckomod:UnknownBlock","floor":9,"key":"SMITH"},{"floor":18,"key":"REST"},{"floor":23,"key":"REST"},{"floor":28,"key":"REST"},{"floor":35,"key":"REST"},{"floor":45,"key":"REST"},{"floor":47,"key":"REST"}],"circlet_count":0,"master_deck":["sneckomod:Strike","sneckomod:Defend","sneckomod:Defend","sneckomod:Defend","sneckomod:TailWhip","sneckomod:SnekBite+1","sneckomod:Unknown","sneckomod:Unknown","sneckomod:UnknownVulnerable","sneckomod:UnknownBlock+1","sneckomod:UnknownClassTHE_CHAMP_GRAY+1","sneckomod:RainOfDice","sneckomod:SlitherStrike","sneckomod:SoulExchange","sneckomod:TrashToTreasure","sneckomod:CheapStock","sneckomod:QuickMove","sneckomod:Unknown3Cost+1","sneckomod:UnknownCommonAttack+1","sneckomod:DiceBoulder+1","sneckomod:IronFang","sneckomod:QuickMove+1","sneckomod:UnknownBlock+1","sneckomod:MasterEye+1","sneckomod:UnknownUncommonSkill+1","expansioncontent:Collect","sneckomod:UnknownUncommonAttack","sneckomod:Nope+1","expansioncontent:LastStand","sneckomod:Restock"],"relics":["sneckomod:SneckoSoul","downfall:ShatteredFragment","Incense Burner","Letter Opener","Fusion Hammer","Enchiridion","White Beast Statue","Astrolabe","Mercury Hourglass","Meat on the Bone","ClockworkSouvenir","Happy Flower"],"acts_visited":["Exordium","TheCity","TheBeyond"],"potions_floor_usage":[16,16,19,25,31,33,33,33,38,40,42,46,46,49,50,50],"damage_taken":[{"damage":1,"enemies":"Jaw Worm","floor":2,"turns":2},{"damage":0,"enemies":"Cultist","floor":4,"turns":3},{"damage":1,"enemies":"2 Louse","floor":5,"turns":2},{"damage":0,"enemies":"downfall:FleeingMerchant","floor":8,"turns":4},{"damage":0,"enemies":"downfall:FleeingMerchant","floor":11,"turns":4},{"damage":7,"enemies":"Exordium Wildlife","floor":12,"turns":3},{"damage":5,"enemies":"Exordium Thugs","floor":13,"turns":3},{"damage":14,"enemies":"Blue Slaver","floor":14,"turns":3},{"damage":1,"enemies":"2 Fungi Beasts","floor":15,"turns":3},{"damage":9,"enemies":"downfall:Watcher","floor":16,"turns":7},{"damage":2,"enemies":"Spheric Guardian","floor":19,"turns":4},{"damage":5,"enemies":"3 Byrds","floor":25,"turns":3},{"damage":2,"enemies":"Centurion and Healer","floor":27,"turns":4},{"damage":15,"enemies":"Snake Plant","floor":29,"turns":5},{"damage":14,"enemies":"Cultist and Chosen","floor":30,"turns":5},{"damage":26,"enemies":"3 Cultists","floor":31,"turns":5},{"damage":0,"enemies":"Snecko","floor":32,"turns":3},{"damage":34,"enemies":"downfall:Defect","floor":33,"turns":6},{"damage":10,"enemies":"Orb Walker","floor":37,"turns":3},{"damage":49,"enemies":"3 Darklings","floor":38,"turns":6},{"damage":0,"enemies":"downfall:FleeingMerchant","floor":40,"turns":4},{"damage":0,"enemies":"Writhing Mass","floor":42,"turns":4},{"damage":0,"enemies":"downfall:FleeingMerchant","floor":44,"turns":3},{"damage":28,"enemies":"Giant Head","floor":46,"turns":9},{"damage":19,"enemies":"Spire Growth","floor":48,"turns":5},{"damage":50,"enemies":"Maw","floor":49,"turns":6},{"damage":88,"enemies":"downfall:Silent","floor":50,"turns":5}],"seed_played":"-8740047584426629668","potions_obtained":[{"floor":2,"key":"SkillPotion"},{"floor":12,"key":"SteroidPotion"},{"floor":14,"key":"Fire Potion"},{"floor":15,"key":"Block Potion"},{"floor":25,"key":"Fruit Juice"},{"floor":27,"key":"champ:CounterPotion"},{"floor":29,"key":"Strength Potion"},{"floor":30,"key":"SkillPotion"},{"floor":31,"key":"AttackPotion"},{"floor":32,"key":"sneckomod:DiceRollPotion"},{"floor":33,"key":"SmokeBomb"},{"floor":37,"key":"Energy Potion"},{"floor":38,"key":"SkillPotion"},{"floor":40,"key":"Fire Potion"},{"floor":44,"key":"BlessingOfTheForge"},{"floor":46,"key":"FearPotion"},{"floor":48,"key":"champ:CounterPotion"},{"floor":49,"key":"sneckomod:CheatPotion"}],"is_trial":false,"path_per_floor":["R","M","?","M","M","R","T","$","R","?","$","M","M","M","M","B",null,"R","M","?","?","?","R","T","M","?","M","R","M","M","M","M","B",null,"R","?","M","M","?","$","T","M","?","$","R","E","R","M","M","B"],"character_chosen":"THE_SNECKO","items_purchased":["sneckomod:SlitherStrike","Mercury Hourglass","sneckomod:UnknownUncommonAttack","ClockworkSouvenir","expansioncontent:LastStand"],"campfire_rested":6,"item_purchase_floors":[8,40,40,44,44],"current_hp_per_floor":[99,99,78,79,79,79,79,79,79,54,54,47,42,28,27,19,103,103,102,102,86,86,104,104,104,104,102,109,94,80,54,54,35,111,111,111,101,52,52,53,53,65,65,65,98,70,103,99,61,0,0],"gold":281,"neow_bonus":"TEN_PERCENT_HP_BONUS","is_daily":false,"chose_seed":false,"campfire_upgraded":3,"win_rate":0.0,"timestamp":1610388713,"path_taken":["R","M","?","M","M","R","T","$","R","?","?","M","M","?","M","BOSS","R","M","?","?","?","R","T","?","?","M","R","M","M","M","M","BOSS","R","?","M","M","?","?","T","M","?","$","R","E","R","?","M","BOSS"],"items_purchased_type":["Card","Relic","Card","Relic","Card"],"build_version":"2020-12-22","purchased_purges":0,"victory":false,"max_hp_per_floor":[99,100,100,101,102,102,102,102,102,102,102,102,102,102,102,103,103,103,104,104,104,104,104,104,109,109,109,109,109,109,109,109,109,111,111,111,111,111,111,112,112,112,112,112,112,112,112,112,112,112,112],"card_choices":[{"not_picked":["sneckomod:SoulDraw","sneckomod:DiceBlock"],"picked":"sneckomod:UnknownVulnerable","floor":2},{"not_picked":["sneckomod:RainOfDice","sneckomod:SlitherStrike"],"picked":"sneckomod:UnknownBlock","floor":4},{"not_picked":["sneckomod:Unknown2Cost","sneckomod:Unknown1Cost"],"picked":"sneckomod:UnknownClassTHE_CHAMP_GRAY","floor":5},{"not_picked":["sneckomod:UnknownClassBLUE","sneckomod:UnknownBlock"],"picked":"sneckomod:RainOfDice","floor":8},{"not_picked":["sneckomod:Nope","sneckomod:SoulRoll"],"picked":"sneckomod:SoulExchange","floor":11},{"not_picked":["sneckomod:UnknownEthereal","sneckomod:UnknownX"],"picked":"sneckomod:SoulRoll","floor":12},{"not_picked":["sneckomod:UnknownClassBLUE","sneckomod:DiceBlock"],"picked":"sneckomod:TrashToTreasure","floor":13},{"not_picked":["sneckomod:UnknownCommonSkill","sneckomod:SoulDraw"],"picked":"sneckomod:CheapStock","floor":14},{"not_picked":["sneckomod:UnknownBlock","sneckomod:DiceBoulder"],"picked":"sneckomod:QuickMove","floor":15},{"not_picked":["sneckomod:Mudshield","sneckomod:MorePower"],"picked":"sneckomod:Unknown3Cost","floor":16},{"not_picked":["sneckomod:WideSting","sneckomod:SnakeSap"],"picked":"sneckomod:UnknownCommonAttack+1","floor":19},{"not_picked":["sneckomod:UnknownBlock","sneckomod:SlitherStrike"],"picked":"sneckomod:DiceBoulder+1","floor":25},{"not_picked":["sneckomod:UnknownUncommonSkill","sneckomod:DiceCrush","sneckomod:Unknown1Cost"],"picked":"SKIP","floor":27},{"not_picked":["sneckomod:TrashToTreasure","sneckomod:UnknownStrike","sneckomod:SoulCleanse"],"picked":"SKIP","floor":29},{"not_picked":["sneckomod:SoulRoll","sneckomod:DiceBlock"],"picked":"sneckomod:IronFang","floor":30},{"not_picked":["sneckomod:DiceBlock","sneckomod:UnknownVulnerable"],"picked":"sneckomod:QuickMove+1","floor":31},{"not_picked":["sneckomod:Nope","sneckomod:UnknownBlock","sneckomod:WideSting"],"picked":"SKIP","floor":32},{"not_picked":["sneckomod:SerpentMind","sneckomod:Mudshield"],"picked":"sneckomod:UnlimitedRolls","floor":33},{"not_picked":["hexamod:ThirdSeal","hexamod:FourthSeal","hexamod:SecondSeal"],"picked":"SKIP","floor":37},{"not_picked":["sneckomod:Unknown1Cost","sneckomod:Unknown2Cost","sneckomod:UnknownUncommonSkill"],"picked":"SKIP","floor":37},{"not_picked":["sneckomod:MorePower","sneckomod:Unknown0Cost","sneckomod:UnknownWeak+1"],"picked":"SKIP","floor":38},{"not_picked":["expansioncontent:GoopSpray","expansioncontent:DecasProtection"],"picked":"expansioncontent:Collect","floor":39},{"not_picked":["sneckomod:SnekBeam","sneckomod:Nope","sneckomod:UnknownBlock"],"picked":"SKIP","floor":40},{"not_picked":["sneckomod:UnknownStrike+1","sneckomod:SoulRoll"],"picked":"sneckomod:Nope+1","floor":44},{"not_picked":["sneckomod:UnknownWeak","sneckomod:Unknown1Cost+1"],"picked":"sneckomod:Restock","floor":46},{"not_picked":["sneckomod:UnknownWeak","sneckomod:UnknownClassBLUE+1","sneckomod:UnknownStrike+1"],"picked":"SKIP","floor":48},{"not_picked":["sneckomod:MasterEye+1","sneckomod:SoulDraw","sneckomod:SoulRoll"],"picked":"SKIP","floor":49}],"player_experience":331406,"relics_obtained":[{"floor":7,"key":"Incense Burner"},{"floor":21,"key":"Enchiridion"},{"floor":24,"key":"White Beast Statue"},{"floor":41,"key":"Meat on the Bone"},{"floor":46,"key":"Happy Flower"}],"event_choices":[{"damage_healed":0,"gold_gain":0,"player_choice":"Success","damage_taken":25,"relics_obtained":["Letter Opener"],"max_hp_gain":0,"max_hp_loss":0,"event_name":"Scrap Ooze","floor":10,"gold_loss":0},{"cards_removed":["sneckomod:Strike"],"damage_healed":0,"gold_gain":0,"player_choice":"Removed Attack","damage_taken":0,"max_hp_gain":0,"max_hp_loss":0,"event_name":"Falling","floor":36,"gold_loss":0},{"damage_healed":0,"gold_gain":0,"player_choice":"Upgraded","damage_taken":0,"max_hp_gain":0,"max_hp_loss":0,"event_name":"Upgrade Shrine","floor":43,"gold_loss":0,"cards_upgraded":["sneckomod:Unknown3Cost"]}],"is_beta":false,"boss_relics":[{"not_picked":["Philosopher\u0027s Stone","Tiny House"],"picked":"Fusion Hammer"},{"not_picked":["Empty Cage","Snecko Eye"],"picked":"Astrolabe"}],"items_purged_floors":[],"is_endless":false,"potions_floor_spawned":[2,12,14,15,25,27,29,30,31,32,33,37,38,40,42,44,46,48,49],"killed_by":"downfall:Silent","ascension_level":0}}