{"host":"xz7n3qy1zq36rzpg","time":1610366181,"event":{"mods":["BaseMod","Colored Map","Colored Powertips","Highlight Path","Minty Spire (QoL Compilation)","Quick Restart","Shop Mod"],"gold_per_floor":[118,134,149,164,181,216,216,184,184,210,230,250,250,269,269,367,367,382,382,58,71,71,71,105,116,141,154,169,184,184,283,283,387,387,400,419,469,469,295,295,150,150,175,175,209,209,13,13,13,13],"floor_reached":51,"playtime":2267,"items_purged":["Defend_R","Doubt"],"score":926,"play_id":"82b39a93-e81d-47bf-98b9-2087469d4bc3","local_time":"20210111125621","is_ascension_mode":true,"campfire_choices":[{"data":"Thunderclap","floor":7,"key":"SMITH"},{"data":"Iron Wave","floor":13,"key":"SMITH"},{"floor":15,"key":"REST"},{"data":"Anger","floor":23,"key":"SMITH"},{"data":"Double Tap","floor":32,"key":"SMITH"},{"floor":40,"key":"REST"},{"data":"Bash","floor":42,"key":"SMITH"},{"data":"Perfected Strike","floor":44,"key":"SMITH"},{"data":"Rage","floor":46,"key":"SMITH"},{"data":"Shrug It Off","floor":49,"key":"SMITH"}],"circlet_count":0,"master_deck":["Strike_R+1","Strike_R+1","Strike_R+1","Strike_R+1","Defend_R+1","Defend_R+1","Defend_R+1","Bash+1","Flex+1","Clothesline","Iron Wave+1","Perfected Strike+1","Shockwave+1","Thunderclap+1","Pummel","Anger+1","Rage+1","Double Tap+1","Wild Strike+1","Pommel Strike","Heavy Blade","Disarm","Uppercut+1","Ghostly Armor+1","Battle Trance","Demon Form","Carnage+1","Headbutt+1","Clumsy","Spot Weakness+1","Shrug It Off+1","Writhe"],"relics":["Burning Blood","NeowsBlessing","Nunchaku","Toy Ornithopter","Art of War","Cursed Key","Orichalcum","Akabeko","Juzu Bracelet","Black Star","Calipers","Lantern","Blood Vial","Eternal Feather","War Paint","Bronze Scales"],"acts_visited":["Exordium","TheCity","TheBeyond"],"potions_floor_usage":[5,12,16,16,21,24,25,29,33,37,45,45],"damage_taken":[{"damage":0,"enemies":"Cultist","floor":1,"turns":1},{"damage":0,"enemies":"Jaw Worm","floor":2,"turns":1},{"damage":0,"enemies":"Small Slimes","floor":3,"turns":1},{"damage":35,"enemies":"Gremlin Gang","floor":4,"turns":5},{"damage":13,"enemies":"3 Louse","floor":5,"turns":3},{"damage":19,"enemies":"Gremlin Nob","floor":6,"turns":4},{"damage":0,"enemies":"Exordium Wildlife","floor":11,"turns":2},{"damage":0,"enemies":"2 Fungi Beasts","floor":12,"turns":2},{"damage":11,"enemies":"Looter","floor":14,"turns":2},{"damage":43,"enemies":"The Guardian","floor":16,"turns":8},{"damage":8,"enemies":"3 Byrds","floor":18,"turns":5},{"damage":7,"enemies":"Shell Parasite","floor":21,"turns":2},{"damage":28,"enemies":"Gremlin Leader","floor":24,"turns":5},{"damage":0,"enemies":"3 Cultists","floor":25,"turns":1},{"damage":21,"enemies":"Sentry and Sphere","floor":27,"turns":4},{"damage":0,"enemies":"Chosen and Byrds","floor":28,"turns":3},{"damage":4,"enemies":"Cultist and Chosen","floor":29,"turns":6},{"damage":71,"enemies":"Champ","floor":33,"turns":10},{"damage":0,"enemies":"3 Shapes","floor":35,"turns":3},{"damage":54,"enemies":"3 Darklings","floor":36,"turns":6},{"damage":0,"enemies":"Mind Bloom Boss Battle","floor":37,"turns":7},{"damage":42,"enemies":"Reptomancer","floor":45,"turns":5},{"damage":63,"enemies":"Awakened One","floor":50,"turns":9}],"seed_played":"7090543730090662412","potions_obtained":[{"floor":1,"key":"CultistPotion"},{"floor":4,"key":"SkillPotion"},{"floor":5,"key":"Block Potion"},{"floor":12,"key":"DistilledChaos"},{"floor":19,"key":"FairyPotion"},{"floor":19,"key":"Energy Potion"},{"floor":19,"key":"PowerPotion"},{"floor":24,"key":"AttackPotion"},{"floor":28,"key":"Fire Potion"},{"floor":29,"key":"ElixirPotion"},{"floor":35,"key":"HeartOfIron"},{"floor":45,"key":"BloodPotion"}],"is_trial":false,"path_per_floor":["M","M","M","M","M","E","R","?","T","T","M","M","R","M","R","B",null,"M","?","$","M","?","R","E","M","T","M","M","M","?","?","R","B",null,"M","M","?","?","$","R","$","R","T","R","E","R","$","?","R","B",null],"character_chosen":"IRONCLAD","items_purchased":["Orichalcum","Pommel Strike","Heavy Blade","DuplicationPotion","Lantern","Shrug It Off","Bronze Scales"],"campfire_rested":2,"item_purchase_floors":[20,20,20,39,41,47,47],"current_hp_per_floor":[80,80,80,51,44,31,31,31,31,31,37,48,48,43,67,40,80,78,78,78,80,80,80,58,69,69,54,60,67,67,67,67,7,80,80,32,43,43,43,67,67,67,67,67,59,77,77,80,80,23],"gold":13,"neow_bonus":"THREE_ENEMY_KILL","is_daily":false,"chose_seed":false,"campfire_upgraded":8,"win_rate":0.0,"timestamp":1610366181,"path_taken":["M","?","M","M","M","E","R","?","T","?","?","M","R","M","R","BOSS","M","?","?","M","?","R","E","?","T","M","M","M","?","?","R","BOSS","M","M","?","?","$","R","?","R","T","R","E","R","$","?","R","BOSS"],"items_purchased_type":["Relic","Card","Card","Potion","Relic","Card","Relic"],"build_version":"2020-12-22","purchased_purges":2,"victory":true,"max_hp_per_floor":[80,80,80,80,80,80,80,80,80,80,80,80,80,80,80,80,80,80,80,80,80,80,80,80,80,80,80,80,80,80,80,80,80,80,80,80,80,80,80,80,80,80,80,80,80,80,80,80,80,80],"card_choices":[{"not_picked":["Combust","Iron Wave"],"picked":"Flex","floor":1},{"not_picked":["Second Wind","Headbutt"],"picked":"Clothesline","floor":2},{"not_picked":["Clash","Feel No Pain"],"picked":"Iron Wave","floor":3},{"not_picked":["Dual Wield","Clothesline"],"picked":"Perfected Strike","floor":4},{"not_picked":["Iron Wave","Fire Breathing"],"picked":"Shockwave","floor":5},{"not_picked":["Twin Strike","Whirlwind"],"picked":"Thunderclap","floor":6},{"not_picked":["Inflame","Warcry"],"picked":"Pummel","floor":11},{"not_picked":["Sword Boomerang","Seeing Red"],"picked":"Anger","floor":12},{"not_picked":["Havoc","Entrench"],"picked":"Rage","floor":14},{"not_picked":["Fiend Fire","Bludgeon"],"picked":"Double Tap","floor":16},{"not_picked":["Shockwave","Feel No Pain"],"picked":"Wild Strike+1","floor":18},{"not_picked":["Anger","Sword Boomerang","Pommel Strike+1"],"picked":"SKIP","floor":21},{"not_picked":["Ghostly Armor","Infernal Blade"],"picked":"Disarm","floor":24},{"not_picked":["Armaments","Havoc","Seeing Red+1"],"picked":"SKIP","floor":25},{"not_picked":["Blood for Blood+1","Burning Pact"],"picked":"Uppercut+1","floor":27},{"not_picked":["Flex","Warcry"],"picked":"Ghostly Armor+1","floor":28},{"not_picked":["Inflame+1","Pommel Strike"],"picked":"Battle Trance","floor":29},{"not_picked":["Fiend Fire","Brutality"],"picked":"Demon Form","floor":33},{"not_picked":["Thunderclap+1","Body Slam","Wild Strike+1"],"picked":"SKIP","floor":35},{"not_picked":["Heavy Blade","Body Slam"],"picked":"Carnage+1","floor":36},{"not_picked":["Inflame","Sever Soul"],"picked":"Headbutt+1","floor":37},{"not_picked":["Pommel Strike+1","Hemokinesis+1"],"picked":"Spot Weakness+1","floor":45}],"player_experience":310044,"relics_obtained":[{"floor":6,"key":"Nunchaku"},{"floor":9,"key":"Toy Ornithopter"},{"floor":10,"key":"Art of War"},{"floor":24,"key":"Akabeko"},{"floor":26,"key":"Juzu Bracelet"},{"floor":37,"key":"Calipers"},{"floor":43,"key":"Blood Vial"},{"floor":45,"key":"Eternal Feather"},{"floor":45,"key":"War Paint"}],"event_choices":[{"damage_healed":0,"gold_gain":0,"player_choice":"Left Gold","damage_taken":0,"max_hp_gain":0,"max_hp_loss":0,"event_name":"World of Goop","floor":8,"gold_loss":32},{"damage_healed":0,"gold_gain":0,"player_choice":"Got Potions","damage_taken":0,"max_hp_gain":0,"max_hp_loss":0,"event_name":"Lab","floor":19,"gold_loss":0},{"cards_removed":["Strike_R"],"damage_healed":0,"gold_gain":0,"player_choice":"Offered Basic","damage_taken":0,"max_hp_gain":0,"max_hp_loss":0,"event_name":"Bonfire Elementals","floor":22,"gold_loss":0},{"damage_healed":0,"gold_gain":0,"player_choice":"Simplicity","damage_taken":0,"max_hp_gain":0,"max_hp_loss":0,"event_name":"Back to Basics","floor":30,"gold_loss":0,"cards_upgraded":["Strike_R","Strike_R","Strike_R","Strike_R","Defend_R","Defend_R","Defend_R"]},{"damage_healed":0,"gold_gain":99,"player_choice":"Stole From Cult","damage_taken":0,"max_hp_gain":0,"max_hp_loss":0,"event_name":"Nest","floor":31,"gold_loss":0},{"damage_healed":0,"gold_gain":0,"player_choice":"Fight","damage_taken":0,"max_hp_gain":0,"max_hp_loss":0,"event_name":"MindBloom","floor":37,"gold_loss":0},{"damage_healed":0,"gold_gain":0,"player_choice":"Ignored","damage_taken":0,"max_hp_gain":0,"max_hp_loss":0,"event_name":"Mysterious Sphere","floor":38,"gold_loss":0},{"damage_healed":20,"gold_gain":0,"player_choice":"Writhe","damage_taken":0,"max_hp_gain":0,"max_hp_loss":0,"event_name":"Winding Halls","floor":48,"gold_loss":0,"cards_obtained":["Writhe"]}],"is_beta":false,"boss_relics":[{"not_picked":["Fusion Hammer","Philosopher\u0027s Stone"],"picked":"Cursed Key"},{"not_picked":["Tiny House","Coffee Dripper"],"picked":"Black Star"}],"items_purged_floors":[20,39],"is_endless":false,"potions_floor_spawned":[1,4,5,12,24,28,29,35,45],"ascension_level":4}}