{"host":"fuszjwm6fqgjjp4d","time":1610352311,"event":{"mods":["BaseMod","Bestiary","Colored Map","DeckTracker","Minty Spire (QoL Compilation)","Permanent Neow","Relic Sorter","Relic Stats","StSLib"],"gold_per_floor":[109,33,33,53,103,141,164,164,164,197,11,11,34,75,75,75,75],"floor_reached":16,"playtime":401,"items_purged":[],"score":236,"play_id":"0b858c4a-b260-4c69-a002-b50c134885fd","local_time":"20210111020511","is_ascension_mode":true,"campfire_choices":[{"floor":8.0,"key":"REST"},{"data":"Bouncing Flask","floor":12.0,"key":"SMITH"},{"floor":15.0,"key":"REST"}],"circlet_count":0,"master_deck":["AscendersBane","Strike_G","Strike_G","Strike_G","Strike_G","Strike_G","Defend_G","Defend_G","Defend_G","Defend_G","Defend_G","Survivor","Neutralize","Quick Slash","Footwork","Backflip","Crippling Poison","Bouncing Flask+1","Bouncing Flask","PiercingWail","Riddle With Holes+1","Skewer+1"],"relics":["Velvet Choker","Golden Idol","Matryoshka","Sundial","Pen Nib","Molten Egg 2","Sling","Gremlin Horn"],"acts_visited":["Exordium"],"potions_floor_usage":[],"damage_taken":[{"damage":7.0,"enemies":"Cultist","floor":1.0,"turns":5.0},{"damage":5.0,"enemies":"2 Louse","floor":4.0,"turns":3.0},{"damage":46.0,"enemies":"Gremlin Nob","floor":6.0,"turns":6.0},{"damage":0.0,"enemies":"Small Slimes","floor":7.0,"turns":4.0},{"damage":3.0,"enemies":"3 Sentries","floor":10.0,"turns":7.0},{"damage":0.0,"enemies":"Exordium Wildlife","floor":13.0,"turns":4.0},{"damage":10.0,"enemies":"Lagavulin","floor":14.0,"turns":3.0},{"damage":25,"enemies":"Hexaghost","floor":16,"turns":7}],"seed_played":"-8352416489624860220","potions_obtained":[{"floor":6.0,"key":"DuplicationPotion"},{"floor":7.0,"key":"CunningPotion"},{"floor":13.0,"key":"FearPotion"}],"is_trial":false,"path_per_floor":["M","$","?","M","?","E","M","R","T","E","$","R","M","E","R","B"],"character_chosen":"THE_SILENT","items_purchased":["Footwork","PiercingWail","Sling"],"campfire_rested":2,"item_purchase_floors":[2,11,11],"current_hp_per_floor":[52,52,52,47,47,1,1,19,19,16,16,16,16,6,24,0,0],"gold":75,"neow_bonus":"BOSS_RELIC","is_daily":false,"chose_seed":false,"campfire_upgraded":1,"win_rate":0.0,"timestamp":1610352311,"path_taken":["M","?","?","M","?","E","?","R","T","E","?","R","M","E","R","BOSS"],"items_purchased_type":["Card","Card","Relic"],"build_version":"2020-12-22","purchased_purges":0,"victory":false,"max_hp_per_floor":[66,66,60,60,60,60,60,60,60,60,60,60,60,60,60,60,60],"relic_stats":{"Gremlin Horn":[0,0],"counters":[8,39],"Golden Idol":37,"Sundial":[2],"Pen Nib":[2],"obtain_stats":[{"Matryoshka":6,"Gremlin Horn":14,"Golden Idol":3,"Sundial":9,"Velvet Choker":0,"Molten Egg 2":10,"Pen Nib":9,"Sling":11,"Ring of the Snake":0},{"Matryoshka":3,"Gremlin Horn":7,"Golden Idol":1,"Sundial":4,"Velvet Choker":0,"Molten Egg 2":5,"Pen Nib":4,"Sling":5,"Ring of the Snake":0},{"Matryoshka":14,"Gremlin Horn":32,"Golden Idol":5,"Sundial":18,"Velvet Choker":0,"Molten Egg 2":25,"Pen Nib":18,"Sling":25,"Ring of the Snake":0}]},"card_choices":[{"not_picked":["Acrobatics","Eviscerate"],"picked":"Quick Slash","floor":1.0},{"not_picked":["Bane","Setup"],"picked":"Backflip","floor":4.0},{"not_picked":["Heel Hook","Concentrate"],"picked":"Crippling Poison","floor":6.0},{"not_picked":["Catalyst","Deflect"],"picked":"Bouncing Flask","floor":7.0},{"not_picked":["Night Terror","Deflect"],"picked":"Bouncing Flask","floor":10.0},{"not_picked":["Dagger Throw+1","Flying Knee+1"],"picked":"Riddle With Holes+1","floor":13.0},{"not_picked":["Night Terror","Slice+1"],"picked":"Skewer+1","floor":14.0}],"player_experience":1246069,"relics_obtained":[{"floor":6.0,"key":"Matryoshka"},{"floor":9.0,"key":"Sundial"},{"floor":9.0,"key":"Pen Nib"},{"floor":10.0,"key":"Molten Egg 2"},{"floor":14.0,"key":"Gremlin Horn"}],"event_choices":[{"damage_healed":0.0,"max_hp_gain":0.0,"max_hp_loss":6.0,"gold_gain":0.0,"event_name":"Golden Idol","player_choice":"Lose Max HP","floor":3.0,"gold_loss":0.0,"damage_taken":0.0,"relics_obtained":["Golden Idol"]},{"damage_healed":0.0,"max_hp_gain":0.0,"max_hp_loss":0.0,"gold_gain":50.0,"event_name":"Golden Shrine","player_choice":"Pray","floor":5.0,"gold_loss":0.0,"damage_taken":0.0}],"is_beta":false,"boss_relics":[],"items_purged_floors":[],"is_endless":false,"potions_floor_spawned":[6,7,13],"killed_by":"Hexaghost","ascension_level":20}}