{"host":"sjj8vlgjxyarc0at","time":1610331116,"event":{"mods":["BaseMod","Colored Powertips","Minty Spire (QoL Compilation)","Replay The Spire","SOS（斯巴达之子）","StSLib","The Administrix","The Construct","The Servant 0.9.4","【功能Mod】聪明的最终Boss"],"gold_per_floor":[129,129,41,82,134,134,191,219,246,277,277,314,664,664,664,626,626,640,640,628,663,649,649,649,649],"floor_reached":24,"playtime":2709,"items_purged":[],"score":331,"play_id":"dff24320-e9c9-49e5-80e4-cae6a42f0eda","local_time":"20210111101156","is_ascension_mode":true,"campfire_choices":[{"data":"Dash2","floor":6,"key":"SMITH"},{"data":"Straight","floor":11,"key":"SMITH"},{"data":"Whiteorb","floor":15,"key":"SMITH"},{"data":"Rebellion","floor":23,"key":"SMITH"}],"circlet_count":0,"master_deck":["Attack_a","Attack_a","Attack_b","Shoot","Shoot","Provocation","Defend_Dante","Defend_Dante","Defend_Dante","Redorb","ReplayTheSpireMod:Trickstab","Dash2+1","Rebellion+1","DevilstarS","Straight+1","Whiteorb+1","LucifercomboA","Amnesia","Hallucinations","Trickster","Chargeshoot","LucifercomboC","Swordmaster+1"],"relics":["SSS","Combocheck","Replay:Wax Seal","Blue Doll","MealTicket","Replay:Mystery Machine","Ring of Greed","Ring of Fury","Old Coin","Membership Card","SlaversCollar"],"acts_visited":["Exordium","TheCity"],"potions_floor_usage":[12],"damage_taken":[{"damage":1,"enemies":"Jaw Worm","floor":1,"turns":7},{"damage":16,"enemies":"Cultist","floor":4,"turns":6},{"damage":0,"enemies":"2 Louse","floor":5,"turns":4},{"damage":0,"enemies":"3 Sentries","floor":7,"turns":5},{"damage":5,"enemies":"Blue Slaver","floor":8,"turns":6},{"damage":0,"enemies":"Replay:BlueRogue","floor":10,"turns":4},{"damage":0,"enemies":"Lagavulin","floor":12,"turns":4},{"damage":4,"enemies":"Slime Boss","floor":16,"turns":5},{"damage":7,"enemies":"Shell Parasite","floor":18,"turns":5},{"damage":24,"enemies":"3 Byrds","floor":20,"turns":4},{"damage":16,"enemies":"Centurion and Healer","floor":21,"turns":5},{"damage":3,"enemies":"Chosen and Byrds","floor":22,"turns":5},{"damage":48,"enemies":"Gremlin Leader","floor":24,"turns":4}],"seed_played":"6468169669159207242","potions_obtained":[{"floor":1,"key":"BlessingOfTheForge"},{"floor":8,"key":"Elixir"},{"floor":12,"key":"Fruit Juice"},{"floor":18,"key":"Fire Potion"},{"floor":22,"key":"Milkshake"}],"is_trial":false,"path_per_floor":["M","?","$","M","M","R","E","M","T","E","R","E","?","?","R","B",null,"M","?","M","M","M","R","E"],"character_chosen":"DANTE","items_purchased":["ReplayTheSpireMod:Trickstab"],"campfire_rested":0,"item_purchase_floors":[3],"current_hp_per_floor":[87,87,87,71,71,71,71,66,66,66,66,71,71,76,76,72,98,91,91,67,51,48,48,0,0],"gold":649,"neow_bonus":"TEN_PERCENT_HP_BONUS","is_daily":false,"chose_seed":false,"campfire_upgraded":4,"win_rate":0.0,"timestamp":1610331116,"path_taken":["M","?","?","M","?","R","E","M","T","E","R","E","?","?","R","BOSS","M","?","M","M","M","R","E"],"items_purchased_type":["Card"],"build_version":"2020-12-22","purchased_purges":0,"victory":false,"max_hp_per_floor":[88,88,88,88,88,88,88,88,88,88,88,93,93,98,98,98,98,98,98,98,98,98,98,98,98],"card_choices":[{"not_picked":["Gunslinger","Pandora","Kick13"],"picked":"SKIP","floor":1},{"not_picked":["GilgameshcomboA","Millionstab"],"picked":"Dash2","floor":4},{"not_picked":["Weaponupgrade","Splesh"],"picked":"Rebellion","floor":5},{"not_picked":["Doubleshoot","CoyoteA"],"picked":"DevilstarS","floor":7},{"not_picked":["LucifercomboA","Rebellion"],"picked":"Straight","floor":8},{"not_picked":["Stylechange","Stinger"],"picked":"Whiteorb","floor":10},{"not_picked":["Gunslinger","EbonyIvory"],"picked":"LucifercomboA","floor":12},{"not_picked":["VitalstarL","Darkslayer"],"picked":"Trickster","floor":16},{"not_picked":["Chargeshoot2","Pandora"],"picked":"Chargeshoot","floor":18},{"not_picked":["Shock","Gunstinger"],"picked":"LucifercomboC","floor":20},{"not_picked":["CoyoteA+1","SSScard"],"picked":"Swordmaster+1","floor":21},{"not_picked":["Ecstasy+1","Chargeshoot2","Lucifer"],"picked":"SKIP","floor":22}],"player_experience":32310,"relics_obtained":[{"floor":7,"key":"Replay:Wax Seal"},{"floor":9,"key":"Blue Doll"},{"floor":10,"key":"MealTicket"},{"floor":12,"key":"Replay:Mystery Machine"},{"floor":13,"key":"Ring of Greed"},{"floor":13,"key":"Ring of Fury"},{"floor":13,"key":"Old Coin"},{"floor":13,"key":"Membership Card"}],"event_choices":[{"cards_removed":["Defend_Dante"],"damage_healed":0,"gold_gain":0,"player_choice":"Purged","damage_taken":0,"max_hp_gain":0,"max_hp_loss":0,"event_name":"Purifier","floor":2,"gold_loss":0},{"damage_healed":0,"gold_gain":0,"player_choice":"Donut","damage_taken":0,"max_hp_gain":5,"max_hp_loss":0,"event_name":"Big Fish","floor":14,"gold_loss":0},{"damage_healed":0,"gold_gain":0,"player_choice":"Ignored","damage_taken":0,"max_hp_gain":0,"max_hp_loss":0,"event_name":"Vampires","floor":19,"gold_loss":0}],"is_beta":false,"boss_relics":[{"not_picked":["Tiny House","Replay:Ancient Bell"],"picked":"SlaversCollar"}],"items_purged_floors":[],"is_endless":false,"potions_floor_spawned":[1,8,12,18,22],"killed_by":"Gremlin Leader","ascension_level":1}}