{"host":"1c17lcvl7acx821p","time":1610379368,"event":{"mods":["AchievementEnabler","BaseMod","Colored Map","Minty Spire (QoL Compilation)","StSLib"],"gold_per_floor":[361,376,23,23,23,23,33,33,33,33,58,8,24,36,36,134,134,151,170,95,95,95],"floor_reached":21,"playtime":1151,"items_purged":["Strike_R"],"score":269,"play_id":"4dd8d55e-ca67-44b2-8d84-0afeb48789b0","local_time":"20210111173608","is_ascension_mode":true,"campfire_choices":[{"data":"True Grit","floor":6.0,"key":"SMITH"},{"data":"Evolve","floor":8.0,"key":"SMITH"},{"data":"Dark Embrace","floor":15.0,"key":"SMITH"}],"circlet_count":0,"master_deck":["AscendersBane","Strike_R","Strike_R","Defend_R","Defend_R","Defend_R","Defend_R","Bash","Power Through","Dark Embrace+1","Evolve+1","True Grit+1","Double Tap","Sword Boomerang+1","Berserk+1","Clothesline+1","Offering","True Grit","Pommel Strike+1"],"relics":["Burning Blood","Happy Flower","Molten Egg 2","Frozen Egg 2","Runic Pyramid"],"acts_visited":["Exordium","TheCity"],"potions_floor_usage":[18,18],"damage_taken":[{"damage":5.0,"enemies":"2 Louse","floor":1.0,"turns":2.0},{"damage":9.0,"enemies":"Cultist","floor":2.0,"turns":6.0},{"damage":10.0,"enemies":"Jaw Worm","floor":7.0,"turns":7.0},{"damage":10.0,"enemies":"3 Sentries","floor":11.0,"turns":16.0},{"damage":5.0,"enemies":"Exordium Wildlife","floor":13.0,"turns":5.0},{"damage":5.0,"enemies":"3 Louse","floor":14.0,"turns":7.0},{"damage":23.0,"enemies":"Hexaghost","floor":16.0,"turns":12.0},{"damage":17,"enemies":"2 Thieves","floor":18,"turns":4},{"damage":10,"enemies":"Chosen","floor":19,"turns":6},{"damage":57,"enemies":"Masked Bandits","floor":21,"turns":4}],"seed_played":"-2679605184707749976","potions_obtained":[{"floor":2.0,"key":"Swift Potion"},{"floor":7.0,"key":"Block Potion"},{"floor":13.0,"key":"LiquidBronze"},{"floor":16.0,"key":"Explosive Potion"}],"is_trial":false,"path_per_floor":["M","M","$","?","$","R","M","R","T","?","E","$","M","M","R","B",null,"M","M","?","?"],"character_chosen":"IRONCLAD","items_purchased":["Evolve","True Grit","Happy Flower","Strength Potion"],"campfire_rested":0,"item_purchase_floors":[3,3,3,12],"current_hp_per_floor":[73,70,70,70,70,70,66,66,66,66,62,62,63,64,64,47,72,61,57,57,0,0],"gold":95,"neow_bonus":"TWO_FIFTY_GOLD","is_daily":false,"chose_seed":false,"campfire_upgraded":3,"win_rate":0.0,"timestamp":1610379368,"path_taken":["M","M","$","?","?","R","M","R","T","?","E","$","M","M","R","BOSS","M","M","?","?"],"items_purchased_type":["Card","Card","Relic","Potion"],"build_version":"2020-12-22","purchased_purges":1,"victory":false,"max_hp_per_floor":[80,80,80,80,80,80,80,80,80,80,80,80,80,80,80,80,80,80,80,80,80,80],"card_choices":[{"not_picked":["True Grit","Flex"],"picked":"Power Through","floor":1.0},{"not_picked":["Sentinel","Wild Strike"],"picked":"Dark Embrace","floor":2.0},{"not_picked":["Entrench","Body Slam","Combust"],"picked":"SKIP","floor":7.0},{"not_picked":["Searing Blow+1","Combust+1"],"picked":"Sword Boomerang+1","floor":11.0},{"not_picked":["Bloodletting","Sentinel"],"picked":"Berserk+1","floor":13.0},{"not_picked":["Intimidate","Warcry"],"picked":"Clothesline+1","floor":14.0},{"not_picked":["Exhume","Reaper+1"],"picked":"Offering","floor":16.0},{"not_picked":["Anger+1","Twin Strike+1"],"picked":"True Grit","floor":18},{"not_picked":["Uppercut+1","Intimidate"],"picked":"Pommel Strike+1","floor":19}],"player_experience":46612,"relics_obtained":[{"floor":9.0,"key":"Molten Egg 2"},{"floor":11.0,"key":"Frozen Egg 2"}],"event_choices":[{"damage_healed":0.0,"max_hp_gain":0.0,"max_hp_loss":0.0,"gold_gain":0.0,"cards_transformed":["Strike_R"],"event_name":"Transmorgrifier","player_choice":"Transformed","floor":4.0,"gold_loss":0.0,"damage_taken":0.0,"cards_obtained":["Double Tap"]},{"cards_removed":["Strike_R"],"damage_healed":0.0,"max_hp_gain":0.0,"max_hp_loss":0.0,"gold_gain":0.0,"event_name":"Living Wall","player_choice":"Forget","floor":10.0,"gold_loss":0.0,"damage_taken":0.0},{"cards_removed":["Decay"],"damage_healed":0,"gold_gain":0,"player_choice":"Gave Gold","damage_taken":0,"max_hp_gain":0,"max_hp_loss":0,"event_name":"Beggar","floor":20,"gold_loss":75},{"damage_healed":0,"gold_gain":0,"player_choice":"Fought Bandits","damage_taken":0,"max_hp_gain":0,"max_hp_loss":0,"event_name":"Masked Bandits","floor":21,"gold_loss":0}],"is_beta":false,"boss_relics":[{"not_picked":["SacredBark","Black Blood"],"picked":"Runic Pyramid"}],"items_purged_floors":[3],"is_endless":false,"potions_floor_spawned":[2,7,13,16],"killed_by":"Masked Bandits","ascension_level":10}}