{"host":"kh6fvhxn285ncg0o","time":1610352149,"event":{"mods":["Act Like it!","BaseMod","Colored Map","Friendly Minions","Keyboard Shortcuts","Minty Spire (QoL Compilation)","Quick Restart","Relic Stats","StSLib","SuperFastMode"],"gold_per_floor":[14,14,28,44,59,84,102,102,102,102,27,57,73,103,103,182,182,201,218,234,253,253,279,297,297,375,475,510,425,425,454,454,529,529,545,174,188,208,228,228,256,256,282,294,320,88,88,413,413,413,413,413,413,30,58,58],"floor_reached":57,"playtime":3952,"items_purged":["Strike_P","Strike_P","Tantrum+1","Defend_P+1"],"score":3369,"play_id":"e8c3e519-9b26-4218-b6ec-7c366c255376","local_time":"20210111170229","is_ascension_mode":true,"campfire_choices":[{"data":"Blasphemy","floor":8.0,"key":"SMITH"},{"data":"FlurryOfBlows","floor":10.0,"key":"SMITH"},{"floor":15.0,"key":"DIG"},{"floor":25.0,"key":"REST"},{"floor":30.0,"key":"DIG"},{"floor":32.0,"key":"DIG"},{"floor":40,"key":"DIG"},{"floor":42,"key":"DIG"},{"floor":49,"key":"RECALL"},{"floor":53,"key":"DIG"}],"circlet_count":0,"master_deck":["AscendersBane","Defend_P+1","Eruption+1","Vigilance+1","EmptyFist+1","FlurryOfBlows+1","Blasphemy+1","TalkToTheHand+1","LessonLearned+1","WheelKick+1","Study+1","Tantrum+1","Adaptation+1","MentalFortress+1","Deep Breath+1"],"relics":["PureWater","Eternal Feather","Mercury Hourglass","Shovel","HornCleat","Gremlin Horn","Fusion Hammer","Singing Bowl","Question Card","Mango","Lantern","Tiny Chest","Prayer Wheel","InkBottle","CaptainsWheel","Runic Pyramid","Sundial","Smiling Mask","Ornamental Fan","Juzu Bracelet","Orichalcum","Du-Vu Doll","Old Coin","Letter Opener","Boot"],"acts_visited":["Exordium","TheCity","TheBeyond","TheEnding"],"potions_floor_usage":[56,56],"damage_taken":[{"damage":0.0,"enemies":"Cultist","floor":1.0,"turns":3.0},{"damage":4.0,"enemies":"2 Louse","floor":3.0,"turns":2.0},{"damage":2.0,"enemies":"Small Slimes","floor":4.0,"turns":3.0},{"damage":0.0,"enemies":"2 Fungi Beasts","floor":5.0,"turns":3.0},{"damage":8.0,"enemies":"Gremlin Nob","floor":6.0,"turns":3.0},{"damage":3.0,"enemies":"Blue Slaver","floor":7.0,"turns":2.0},{"damage":0.0,"enemies":"3 Sentries","floor":12.0,"turns":3.0},{"damage":0.0,"enemies":"3 Louse","floor":13.0,"turns":1.0},{"damage":16.0,"enemies":"Gremlin Nob","floor":14.0,"turns":3.0},{"damage":12.0,"enemies":"Slime Boss","floor":16.0,"turns":6.0},{"damage":9.0,"enemies":"Shell Parasite","floor":18.0,"turns":3.0},{"damage":0.0,"enemies":"Spheric Guardian","floor":19.0,"turns":3.0},{"damage":24.0,"enemies":"Centurion and Healer","floor":20.0,"turns":4.0},{"damage":0.0,"enemies":"3 Cultists","floor":21.0,"turns":3.0},{"damage":7.0,"enemies":"Book of Stabbing","floor":23.0,"turns":3.0},{"damage":0.0,"enemies":"Shelled Parasite and Fungi","floor":24.0,"turns":2.0},{"damage":0.0,"enemies":"Colosseum Slavers","floor":27.0,"turns":1.0},{"damage":0.0,"enemies":"Colosseum Nobs","floor":27.0,"turns":4.0},{"damage":6.0,"enemies":"Slavers","floor":28.0,"turns":2.0},{"damage":0.0,"enemies":"Gremlin Leader","floor":31.0,"turns":2.0},{"damage":16.0,"enemies":"Automaton","floor":33.0,"turns":5.0},{"damage":0.0,"enemies":"3 Darklings","floor":35.0,"turns":3.0},{"damage":16.0,"enemies":"Orb Walker","floor":37.0,"turns":2.0},{"damage":0,"enemies":"Maw","floor":38,"turns":3},{"damage":0,"enemies":"Sphere and 2 Shapes","floor":39,"turns":3},{"damage":0,"enemies":"Reptomancer","floor":41,"turns":2},{"damage":0,"enemies":"Spire Growth","floor":44,"turns":2},{"damage":1,"enemies":"Nemesis","floor":45,"turns":3},{"damage":0,"enemies":"Giant Head","floor":48,"turns":3},{"damage":6,"enemies":"Time Eater","floor":50,"turns":7},{"damage":10,"enemies":"Awakened One","floor":51,"turns":4},{"damage":19,"enemies":"Shield and Spear","floor":55,"turns":3},{"damage":0,"enemies":"The Heart","floor":56,"turns":6}],"seed_played":"-4060953301303437365","potions_obtained":[{"floor":4.0,"key":"GamblersBrew"},{"floor":6.0,"key":"LiquidMemories"},{"floor":7.0,"key":"ColorlessPotion"},{"floor":16.0,"key":"Fire Potion"},{"floor":20.0,"key":"LiquidMemories"},{"floor":24.0,"key":"LiquidMemories"},{"floor":28.0,"key":"BlessingOfTheForge"},{"floor":41,"key":"FearPotion"},{"floor":45,"key":"FairyPotion"}],"is_trial":false,"path_per_floor":["M","T","M","M","M","E","M","R","T","R","$","E","M","E","R","B",null,"M","M","M","M","?","E","M","R","T","?","E","?","R","E","R","B",null,"M","$","M","M","M","R","E","R","T","M","E","$","?","E","R","B","B",null,"R","$","E","B",null],"character_chosen":"WATCHER","items_purchased":["Sundial","MentalFortress","Deep Breath","Letter Opener","ColorlessPotion"],"campfire_rested":1,"item_purchase_floors":[36,46,46,54,54],"current_hp_per_floor":[61,61,57,55,55,47,44,50,50,56,56,56,56,40,46,34,60,51,51,27,27,27,22,24,54,54,70,66,66,75,77,86,72,89,93,93,79,83,87,96,98,107,107,111,112,112,112,114,118,112,102,114,118,118,101,101],"gold":58,"neow_bonus":"REMOVE_TWO","is_daily":false,"chose_seed":false,"campfire_upgraded":2,"win_rate":0.0,"timestamp":1610352149,"path_taken":["M","?","?","M","M","E","M","R","T","R","$","E","M","E","R","BOSS","M","M","M","M","?","E","M","R","T","?","E","?","R","E","R","BOSS","M","$","M","M","M","R","E","R","T","M","E","$","?","E","R","BOSS","BOSS","R","$","E","BOSS"],"items_purchased_type":["Relic","Card","Card","Relic","Potion"],"build_version":"2020-12-22","purchased_purges":4,"victory":true,"max_hp_per_floor":[68,68,68,68,68,68,68,68,68,68,68,68,68,68,68,68,68,68,68,68,68,68,70,72,72,72,88,90,90,90,92,92,94,94,98,98,100,104,108,108,110,110,110,114,116,116,116,118,118,118,118,118,118,118,120,120],"relic_stats":{"Gremlin Horn":[25,25],"Singing Bowl":38,"counters":[33,102],"Eternal Feather":71,"Juzu Bracelet":0,"Letter Opener":[37],"Orichalcum":[0],"Question Card":20,"Smiling Mask":175,"Boot":[40],"Mercury Hourglass":[361],"Shovel":6,"Sundial":[48],"Ornamental Fan":[204],"Tiny Chest":0,"Prayer Wheel":6,"obtain_stats":[{"Lantern":28,"Gremlin Horn":15,"Singing Bowl":23,"Mango":27,"Juzu Bracelet":42,"Smiling Mask":40,"Boot":55,"Old Coin":48,"Shovel":12,"HornCleat":14,"Sundial":36,"Tiny Chest":29,"Prayer Wheel":30,"Fusion Hammer":17,"InkBottle":31,"Runic Pyramid":34,"Eternal Feather":2,"Letter Opener":54,"Orichalcum":43,"Question Card":26,"Mercury Hourglass":6,"Du-Vu Doll":45,"CaptainsWheel":32,"Ornamental Fan":41,"PureWater":0},{"Lantern":19,"Gremlin Horn":9,"Singing Bowl":15,"Mango":18,"Juzu Bracelet":26,"Smiling Mask":25,"Boot":32,"Old Coin":29,"Shovel":7,"HornCleat":9,"Sundial":22,"Tiny Chest":19,"Prayer Wheel":19,"Fusion Hammer":10,"InkBottle":20,"Runic Pyramid":21,"Eternal Feather":1,"Letter Opener":31,"Orichalcum":26,"Question Card":16,"Mercury Hourglass":5,"Du-Vu Doll":28,"CaptainsWheel":20,"Ornamental Fan":26,"PureWater":0},{"Lantern":54,"Gremlin Horn":23,"Singing Bowl":45,"Mango":52,"Juzu Bracelet":74,"Smiling Mask":72,"Boot":96,"Old Coin":82,"Shovel":19,"HornCleat":23,"Sundial":64,"Tiny Chest":54,"Prayer Wheel":54,"Fusion Hammer":29,"InkBottle":56,"Runic Pyramid":61,"Eternal Feather":3,"Letter Opener":93,"Orichalcum":74,"Question Card":47,"Mercury Hourglass":14,"Du-Vu Doll":79,"CaptainsWheel":56,"Ornamental Fan":74,"PureWater":0}],"InkBottle":[34]},"card_choices":[{"not_picked":["Prostrate","Consecrate"],"picked":"EmptyFist","floor":1.0},{"not_picked":["FlyingSleeves","Sanctity"],"picked":"FlurryOfBlows","floor":3.0},{"not_picked":["FlurryOfBlows","Collect"],"picked":"Blasphemy","floor":4.0},{"not_picked":["Swivel","Prostrate","Pray"],"picked":"SKIP","floor":5.0},{"not_picked":["FlurryOfBlows","Nirvana","Evaluate"],"picked":"SKIP","floor":6.0},{"not_picked":["Crescendo","Halt"],"picked":"Tantrum","floor":7.0},{"not_picked":["Conclude","Meditate","WaveOfTheHand"],"picked":"SKIP","floor":12.0},{"not_picked":["Consecrate","CutThroughFate","LikeWater"],"picked":"SKIP","floor":13.0},{"not_picked":["ClearTheMind","EmptyMind"],"picked":"TalkToTheHand","floor":14.0},{"not_picked":["Scrawl","MasterReality"],"picked":"LessonLearned","floor":16.0},{"not_picked":["SignatureMove+1","FollowUp","Conclude"],"picked":"SKIP","floor":18.0},{"not_picked":["ForeignInfluence","EmptyFist","CarveReality"],"picked":"SKIP","floor":19.0},{"not_picked":["Protect","SashWhip"],"picked":"WheelKick","floor":20.0},{"not_picked":["Consecrate","FlyingSleeves","Nirvana"],"picked":"SKIP","floor":21.0},{"not_picked":["PathToVictory","EmptyBody","Sanctity+1"],"picked":"Singing Bowl","floor":23.0},{"not_picked":["ClearTheMind","SpiritShield","Evaluate"],"picked":"Singing Bowl","floor":24.0},{"not_picked":["Tantrum","Nirvana","Wallop","FlyingSleeves"],"picked":"Singing Bowl","floor":27.0},{"not_picked":["CrushJoints","Protect","Vengeance","Fasting2"],"picked":"Singing Bowl","floor":28.0},{"not_picked":["SandsOfTime+1","Worship","CrushJoints","Crescendo"],"picked":"Singing Bowl","floor":31.0},{"not_picked":["SpiritShield","ConjureBlade","Brilliance","Ragnarok"],"picked":"Singing Bowl","floor":33.0},{"not_picked":["EmptyMind","JustLucky+1","CrushJoints","Sanctity"],"picked":"Singing Bowl","floor":35.0},{"not_picked":["Halt","Wallop","SashWhip","Crescendo"],"picked":"Singing Bowl","floor":35.0},{"not_picked":["EmptyFist","Evaluate+1","Prostrate+1","Crescendo"],"picked":"Singing Bowl","floor":37},{"not_picked":["TalkToTheHand+1","Weave","EmptyBody"],"picked":"Adaptation+1","floor":37},{"not_picked":["TalkToTheHand","ClearTheMind","Halt+1","DeceiveReality"],"picked":"Singing Bowl","floor":38},{"not_picked":["FlyingSleeves","Omniscience","Prostrate","Perseverance"],"picked":"Singing Bowl","floor":38},{"not_picked":["ThirdEye","BowlingBash","Halt+1","FlyingSleeves"],"picked":"Singing Bowl","floor":39},{"not_picked":["CutThroughFate+1","CrushJoints","Collect","EmptyFist"],"picked":"Singing Bowl","floor":39},{"not_picked":["Ragnarok","DeusExMachina","Adaptation","SashWhip"],"picked":"Singing Bowl","floor":41},{"not_picked":["PathToVictory","Pray+1","Perseverance","SignatureMove+1"],"picked":"Singing Bowl","floor":44},{"not_picked":["ReachHeaven","InnerPeace","BowlingBash","Indignation"],"picked":"Singing Bowl","floor":44},{"not_picked":["Nirvana+1","FlurryOfBlows","ClearTheMind","ThirdEye"],"picked":"Singing Bowl","floor":45},{"not_picked":["FearNoEvil","WindmillStrike","CarveReality","Blasphemy"],"picked":"Singing Bowl","floor":48},{"not_picked":["WheelKick+1","ClearTheMind","Swivel","FlyingSleeves+1"],"picked":"Singing Bowl","floor":55}],"player_experience":3413943,"relics_obtained":[{"floor":2.0,"key":"Eternal Feather"},{"floor":6.0,"key":"Mercury Hourglass"},{"floor":12.0,"key":"Shovel"},{"floor":14.0,"key":"HornCleat"},{"floor":15.0,"key":"Gremlin Horn"},{"floor":23.0,"key":"Singing Bowl"},{"floor":26.0,"key":"Question Card"},{"floor":27.0,"key":"Mango"},{"floor":28.0,"key":"Lantern"},{"floor":30.0,"key":"Prayer Wheel"},{"floor":31.0,"key":"InkBottle"},{"floor":32.0,"key":"CaptainsWheel"},{"floor":40,"key":"Smiling Mask"},{"floor":41,"key":"Ornamental Fan"},{"floor":42,"key":"Juzu Bracelet"},{"floor":43,"key":"Orichalcum"},{"floor":45,"key":"Du-Vu Doll"},{"floor":48,"key":"Old Coin"},{"floor":55,"key":"Boot"}],"event_choices":[{"damage_healed":0.0,"max_hp_gain":0.0,"max_hp_loss":0.0,"gold_gain":0.0,"cards_transformed":["Strike_P","Defend_P"],"event_name":"Drug Dealer","player_choice":"Became Test Subject","floor":22.0,"gold_loss":0.0,"damage_taken":0.0,"cards_obtained":["Study","Tantrum"]},{"damage_healed":0.0,"max_hp_gain":0.0,"max_hp_loss":0.0,"gold_gain":0.0,"event_name":"Colosseum","player_choice":"Fight","floor":27.0,"gold_loss":0.0,"damage_taken":0.0},{"damage_healed":0.0,"max_hp_gain":0.0,"max_hp_loss":0.0,"gold_gain":0.0,"event_name":"Colosseum","player_choice":"Fought Nobs","floor":27.0,"gold_loss":0.0,"damage_taken":0.0},{"damage_healed":0.0,"max_hp_gain":0.0,"max_hp_loss":0.0,"gold_gain":0.0,"event_name":"Addict","player_choice":"Obtained Relic","floor":29.0,"gold_loss":85.0,"damage_taken":0.0,"relics_obtained":["Tiny Chest"]},{"damage_healed":0,"gold_gain":0,"player_choice":"Ignored","damage_taken":0,"max_hp_gain":0,"max_hp_loss":0,"event_name":"Tomb of Lord Red Mask","floor":47,"gold_loss":0}],"is_beta":false,"boss_relics":[{"not_picked":["Snecko Eye","SlaversCollar"],"picked":"Fusion Hammer"},{"not_picked":["Philosopher\u0027s Stone","Coffee Dripper"],"picked":"Runic Pyramid"}],"items_purged_floors":[11,36,46,54],"is_endless":false,"potions_floor_spawned":[4,6,7,16,20,21,23,24,28,35,41,45,48],"ascension_level":20}}