{"host":"n605f8gctjc87d7h","time":1610387703,"event":{"mods":["Aspiration","Bard","BaseMod","Better Match","Better Note","Better Skull","Better Third Choice","Conspire","Downfall","Halation","Infinite Spire","Minty Spire (QoL Compilation)","Replay The Spire","Retaliation","Shade Mod","Spicy Shops","StSLib","The IronCluck"],"gold_per_floor":[111,111,121,121,121,154,154,164,189,139,139,64,82,82,82,82,82],"floor_reached":16,"playtime":796,"items_purged":["Injury"],"score":123,"play_id":"063512fc-321b-4869-afc1-2784cdb57ac7","local_time":"20210111095503","is_ascension_mode":true,"campfire_choices":[{"floor":7,"key":"REST"},{"data":"Eruption","floor":11,"key":"SMITH"},{"data":"BowlingBash","floor":15,"key":"SMITH"}],"circlet_count":0,"master_deck":["Strike_P","Strike_P","Strike_P","Strike_P","Defend_P","Defend_P","Defend_P","Eruption+1","Vigilance","BowlingBash+1","Indignation","Swivel+1","Evaluate+1"],"relics":["PureWater","halation:EternalFortune","Toxic Egg 2","halation:SelfBoilingWater","Happy Flower","halation:YellowSoulGem"],"acts_visited":["Exordium"],"potions_floor_usage":[16],"damage_taken":[{"damage":3,"enemies":"Jaw Worm","floor":1,"turns":6},{"damage":7,"enemies":"Small Slimes","floor":3,"turns":3},{"damage":31,"enemies":"Gremlin Nob","floor":6,"turns":4},{"damage":0,"enemies":"2 Louse","floor":8,"turns":2},{"damage":0,"enemies":"Blue Slaver","floor":13,"turns":5},{"damage":74,"enemies":"Fading Forest","floor":16,"turns":10}],"seed_played":"2201506580995246181","potions_obtained":[{"floor":6,"key":"Adrenaline Potion"},{"floor":13,"key":"Languid Potion"}],"is_trial":false,"path_per_floor":["M","?","M","?","?","E","R","M","T","?","R","$","M","?","R","B"],"character_chosen":"WATCHER","items_purchased":[],"campfire_rested":1,"item_purchase_floors":[],"current_hp_per_floor":[76,79,72,72,72,41,65,65,65,65,65,65,65,65,65,0,0],"gold":82,"neow_bonus":"TEN_PERCENT_HP_BONUS","is_daily":false,"chose_seed":false,"campfire_upgraded":2,"win_rate":0.0,"timestamp":1610387703,"path_taken":["M","?","M","?","?","E","R","M","T","?","R","$","M","?","R","BOSS"],"items_purchased_type":[],"build_version":"2020-12-22","purchased_purges":1,"victory":false,"max_hp_per_floor":[79,82,82,82,82,82,82,82,82,82,82,82,82,82,82,82,82],"card_choices":[{"not_picked":["EmptyFist","SashWhip"],"picked":"BowlingBash","floor":1},{"not_picked":["JustLucky","Fasting2"],"picked":"Indignation","floor":3},{"not_picked":["PathToVictory+1","CutThroughFate"],"picked":"Swivel+1","floor":6},{"not_picked":["DevaForm","TalkToTheHand"],"picked":"Evaluate+1","floor":8},{"not_picked":["EmptyFist","CutThroughFate","CrushJoints"],"picked":"SKIP","floor":13}],"player_experience":653236,"relics_obtained":[{"floor":6,"key":"halation:SelfBoilingWater"},{"floor":9,"key":"Happy Flower"}],"event_choices":[{"cards_removed":["Defend_P"],"damage_healed":0,"gold_gain":0,"player_choice":"Card Removal","damage_taken":0,"max_hp_gain":0,"max_hp_loss":0,"event_name":"The Cleric","floor":10,"gold_loss":50}],"is_beta":false,"boss_relics":[],"items_purged_floors":[12],"is_endless":false,"potions_floor_spawned":[6,13],"killed_by":"Fading Forest","ascension_level":5}}