{"host":"cs25agt3z9hf1693","time":1610352130,"event":{"mods":["Abigail Mod","Act Like it!","BaseMod","CapriCore","ChefMod","Gensokyo","Minty Spire (QoL Compilation)","Remilia_Scarlet MoedÅiÂQïƒ‰ª?ÅEéz?óãì¡Åj3.3.5","Shop Mod","StSLib","The Immortal","The Marked","Yakumo Yukari mod"],"gold_per_floor":[134,33,51,25,25,60,60,60,83,83,314,326,326,338,338,433,433,446,462,462,62,0,27,27,42,42,1,1,18,33,48,48,48,48],"floor_reached":33,"playtime":2324,"items_purged":["AT_purpleEX"],"score":300,"play_id":"68b0ed7e-c70d-47d0-9e82-1b631269dc2a","local_time":"20210111030210","is_ascension_mode":false,"campfire_choices":[{"floor":8,"key":"REST"},{"data":"Umbrella_purple","floor":10,"key":"SMITH"},{"data":"Injury","floor":13,"key":"PURGE"},{"data":"MonsterNeedle_purple","floor":15,"key":"SMITH"},{"data":"AT_purpleEX","floor":24,"key":"PURGE"},{"floor":32,"key":"REST"}],"circlet_count":0,"master_deck":["Defend_purpleEX","Defend_purpleEX","Defend_purpleEX","Observe_purple_1","Observe_purple_2","RuptureOfTimeAndSpace_purple","RuleDissolution_purple","Umbrella_purple+1","Mirror_FormAndEmptin_purple","StateErode_purple","MonsterNeedle_purple+1","WasteWire_Metro_purple+1","CurseOfTheBell","Umbrella_purple","Erosivefilter_purple","Flash of Steel","WangLiang_OokamiKakushi_purple","Umbrella_purple","DimensionStaggered_purple+1","OmniscientAndOmnipotent_Monster_purple+1"],"relics":["Boundary_crack","Memoryfragments_purpleEX","NeowsBlessing","MealTicket","Bag of Preparation","Lantern","Smiling Mask","Peace Pipe","Calling Bell","Toy Ornithopter","Gremlin Horn","Ice Cream","Bag of Marbles","HornCleat","Unceasing Top","The Courier","Ornamental Fan","PreservedInsect"],"acts_visited":["Gensokyo:Gensokyo","Gensokyo:Gensokyoer"],"potions_floor_usage":[19,25,29,32],"damage_taken":[{"damage":0,"enemies":"Gensokyo:Python","floor":1,"turns":1},{"damage":6,"enemies":"Gensokyo:Gryphon","floor":3,"turns":3},{"damage":11,"enemies":"Gensokyo:Cirno","floor":6,"turns":2},{"damage":21,"enemies":"Gensokyo:Mamizou","floor":11,"turns":7},{"damage":0,"enemies":"Gensokyo:2_Kodama","floor":12,"turns":2},{"damage":0,"enemies":"Gensokyo:LivingMonolith","floor":14,"turns":1},{"damage":4,"enemies":"Gensokyo:Kokoro","floor":16,"turns":10},{"damage":2,"enemies":"Gensokyo:CosmicMonolith","floor":18,"turns":8},{"damage":10,"enemies":"Gensokyo:AngelMirror","floor":19,"turns":4},{"damage":39,"enemies":"Gensokyo:Koishi","floor":23,"turns":7},{"damage":4,"enemies":"Gensokyo:Monolith_and_Dog","floor":25,"turns":7},{"damage":51,"enemies":"Gensokyo:Mirror_and_Dog","floor":29,"turns":7},{"damage":6,"enemies":"Gensokyo:Slime_Group","floor":30,"turns":8},{"damage":0,"enemies":"Gensokyo:Wraith","floor":31,"turns":4},{"damage":49,"enemies":"Gensokyo:Eternal_Rivals","floor":33,"turns":3}],"seed_played":"7348702491009086313","potions_obtained":[{"floor":1,"key":"Ancient Potion"},{"floor":6,"key":"Fruit Juice"},{"floor":18,"key":"Block Potion"},{"floor":19,"key":"Regen Potion"},{"floor":30,"key":"SteroidPotion"},{"floor":31,"key":"Fruit Juice"}],"is_trial":false,"path_per_floor":["M","COS","M","$","?","E","?","R","T","R","E","M","R","M","R","B",null,"M","M","?","$","?","E","R","M","T","COS","T","M","M","M","R","B"],"character_chosen":"Youkari","items_purchased":["Umbrella_purple","Flash of Steel","HornCleat"],"campfire_rested":2,"item_purchase_floors":[4,21,21],"current_hp_per_floor":[70,70,64,64,36,25,25,46,46,46,30,31,31,35,35,34,70,70,75,69,69,69,33,33,51,51,51,51,10,9,14,46,0,0],"gold":48,"neow_bonus":"THREE_ENEMY_KILL","is_daily":false,"chose_seed":false,"campfire_upgraded":2,"win_rate":0.0,"timestamp":1610352130,"path_taken":["M","COS","M","$","?","E","?","R","T","R","E","M","R","M","R","BOSS","M","M","?","?","?","E","R","?","T","COS","?","M","?","M","R","BOSS"],"items_purchased_type":["Card","Card","Relic"],"build_version":"2020-12-22","purchased_purges":1,"victory":false,"max_hp_per_floor":[70,70,70,70,70,70,70,70,70,70,70,70,70,70,70,70,70,70,75,69,69,69,69,69,69,69,69,69,69,69,69,74,74,74],"card_choices":[{"not_picked":["Boundary_LightAndDark_purple","Mirror_FormAndEmptin_purple"],"picked":"RuptureOfTimeAndSpace_purple","floor":1},{"not_picked":["Shallow_ocean_purpleEX","Charmbait_purple"],"picked":"RuleDissolution_purple","floor":3},{"not_picked":["MetroBOOM_purple","Realm_recovery_purpleEX"],"picked":"Mirror_FormAndEmptin_purple","floor":6},{"not_picked":["Boundary_of_Extermination_purpleEX","ExistenceContinue_purple"],"picked":"StateErode_purple","floor":11},{"not_picked":["Mirror_FormAndEmptin_purple","Realm_recovery_purpleEX","MetroBOOM_purple"],"picked":"SKIP","floor":12},{"not_picked":["Monsters_DoubleDeathButterfly_purple","Boundary_of_Extermination_purpleEX"],"picked":"MonsterNeedle_purple","floor":14},{"not_picked":["Computing_the_future_purpleEX","Theboundaryofcreation_purpleEX"],"picked":"WasteWire_Metro_purple","floor":16},{"not_picked":["Boundary_DreamRealityDamnation_purple","DarkRealmRedLine_purple"],"picked":"Umbrella_purple","floor":18},{"not_picked":["Charmbait_purple","StateErode_purple"],"picked":"Erosivefilter_purple","floor":19},{"not_picked":["SharpContractionReality_purple","OmniscientAndOmnipotent_Monster_purple"],"picked":"WangLiang_OokamiKakushi_purple","floor":23},{"not_picked":["Mirror_FourBoundary_purple","MeetDecomposer_purple"],"picked":"Umbrella_purple","floor":25},{"not_picked":["Realm_recovery_purpleEX","Boundary_DynamicStaticEquilibrium_purple"],"picked":"DimensionStaggered_purple+1","floor":29},{"not_picked":["Yakumo_Ran_purple","StateDuplicate_purple"],"picked":"OmniscientAndOmnipotent_Monster_purple+1","floor":30},{"not_picked":["Umbrella_purple","SharpContractionReality_purple","Extrememeaning_purpleEX+1"],"picked":"SKIP","floor":31}],"player_experience":141275,"relics_obtained":[{"floor":6,"key":"MealTicket"},{"floor":9,"key":"Lantern"},{"floor":11,"key":"Smiling Mask"},{"floor":17,"key":"Toy Ornithopter"},{"floor":17,"key":"Gremlin Horn"},{"floor":17,"key":"Ice Cream"},{"floor":23,"key":"Unceasing Top"},{"floor":26,"key":"The Courier"},{"floor":28,"key":"Ornamental Fan"}],"event_choices":[],"is_beta":false,"boss_relics":[{"not_picked":["Pandora\u0027s Box","Tiny House"],"picked":"Calling Bell"}],"items_purged_floors":[21],"is_endless":false,"potions_floor_spawned":[1,6,18,19,30,31],"killed_by":"Gensokyo:Eternal_Rivals","ascension_level":0}}