{"host":"on8rz1ayhhz269sg","time":1610353602,"event":{"mods":["BaseMod","Hermit","Minty Spire (QoL Compilation)","Remilia£®¿Ÿ√◊¿Ú—«£©","StSLib","The Cursed"],"gold_per_floor":[119,119,139,30,30,30,61,80,80,11,24,38,38,61,61,184,247,272,285,308,5,21,62,80,80,127,127,165,65,65,94,94,220,220,220,220],"floor_reached":35,"playtime":3992,"items_purged":[],"score":549,"play_id":"f8f28ac0-7b9c-4e01-a622-05c717d6c3d3","local_time":"20210111162642","is_ascension_mode":false,"campfire_choices":[{"data":"hermit:Snapshot","floor":6.0,"key":"SMITH"},{"data":"hermit:Covet","floor":13.0,"key":"SMITH"},{"data":"hermit:FatalDesire","floor":15.0,"key":"SMITH"},{"floor":25,"key":"REST"},{"floor":27,"key":"REST"},{"floor":32,"key":"REST"}],"circlet_count":0,"master_deck":["hermit:Strike_Hermit","hermit:Strike_Hermit","hermit:Strike_Hermit","hermit:Strike_Hermit","hermit:Defend_Hermit+1","hermit:Defend_Hermit+1","hermit:Defend_Hermit","hermit:Defend_Hermit","hermit:Snapshot+1","hermit:Covet+1","hermit:CalledShot+1","hermit:Headshot","hermit:ShadowCloak","hermit:GhostlyPresence","Injury","hermit:Deadeye","hermit:Vantage","hermit:SprayPray","hermit:Misfire","hermit:HighCaliber","hermit:Dive","hermit:FatalDesire+1","hermit:Reprieve","hermit:FlashPowder","hermit:Snipe","hermit:BodyArmor+1","hermit:Scavenge","hermit:FromBeyond","hermit:Roulette","hermit:BodyArmor","hermit:TakeCover","hermit:Glare","hermit:WideOpen","Shame","hermit:TakeAim","hermit:DeadOrAlive"],"relics":["hermit:Momento","NeowsBlessing","Golden Idol","Thread and Needle","Pocketwatch","Tiny House","Calipers","Bottled Flame","Bag of Preparation","War Paint","Girya","Philosopher\u0027s Stone"],"acts_visited":["Exordium","TheCity","TheBeyond"],"potions_floor_usage":[23,23,28],"damage_taken":[{"damage":0.0,"enemies":"Cultist","floor":1.0,"turns":1.0},{"damage":0.0,"enemies":"Jaw Worm","floor":3.0,"turns":1.0},{"damage":0.0,"enemies":"3 Sentries","floor":7.0,"turns":2.0},{"damage":0.0,"enemies":"Small Slimes","floor":8.0,"turns":3.0},{"damage":0.0,"enemies":"Red Slaver","floor":11.0,"turns":3.0},{"damage":0.0,"enemies":"3 Louse","floor":12.0,"turns":2.0},{"damage":7.0,"enemies":"Exordium Wildlife","floor":14.0,"turns":3.0},{"damage":0.0,"enemies":"Slime Boss","floor":16.0,"turns":13.0},{"damage":10.0,"enemies":"3 Byrds","floor":18.0,"turns":6.0},{"damage":6.0,"enemies":"Chosen","floor":19.0,"turns":5.0},{"damage":11.0,"enemies":"Sentry and Sphere","floor":20.0,"turns":7.0},{"damage":7,"enemies":"Chosen and Byrds","floor":22,"turns":11},{"damage":23,"enemies":"Gremlin Leader","floor":23,"turns":12},{"damage":46,"enemies":"3 Cultists","floor":24,"turns":7},{"damage":39,"enemies":"Book of Stabbing","floor":28,"turns":9},{"damage":5,"enemies":"Cultist and Chosen","floor":31,"turns":6},{"damage":0,"enemies":"Champ","floor":33,"turns":27},{"damage":0,"enemies":"3 Darklings","floor":35,"turns":1}],"seed_played":"-8808163080543593006","potions_obtained":[{"floor":1.0,"key":"SneckoOil"},{"floor":8.0,"key":"SkillPotion"},{"floor":12.0,"key":"Strength Potion"},{"floor":16.0,"key":"EntropicBrew"},{"floor":17.0,"key":"Strength Potion"},{"floor":18.0,"key":"EssenceOfSteel"},{"floor":20.0,"key":"FairyPotion"},{"floor":22,"key":"LiquidMemories"},{"floor":24,"key":"Block Potion"}],"is_trial":false,"path_per_floor":["M","?","M","$","?","R","E","M","T","$","M","M","R","M","R","B",null,"M","M","M","$","M","E","M","R","T","R","E","$","?","M","R","B",null,"M"],"character_chosen":"HERMIT","items_purchased":["hermit:ShadowCloak","hermit:GhostlyPresence","hermit:SprayPray","hermit:Misfire","Calipers","hermit:Glare","hermit:WideOpen"],"campfire_rested":3,"item_purchase_floors":[4,4,10,10,21,29,29],"current_hp_per_floor":[75,75,75,75,75,75,75,75,75,75,75,75,75,68,68,68,80,78,72,69,69,62,47,13,37,37,61,22,22,22,29,53,61,80,80,80],"gold":220,"neow_bonus":"THREE_ENEMY_KILL","is_daily":false,"chose_seed":false,"campfire_upgraded":3,"win_rate":0.0,"timestamp":1610353602,"path_taken":["M","?","M","$","?","R","E","M","T","?","M","M","R","M","R","BOSS","M","M","M","$","M","E","M","R","T","R","E","$","?","M","R","BOSS","M"],"items_purchased_type":["Card","Card","Card","Card","Relic","Card","Card"],"build_version":"2020-12-22","purchased_purges":0,"victory":false,"max_hp_per_floor":[75,75,75,75,75,75,75,75,75,75,75,75,75,75,75,75,80,80,80,80,80,80,80,80,80,80,80,80,80,80,80,80,80,80,80,80],"card_choices":[{"not_picked":["hermit:WideOpen","hermit:Maintenance"],"picked":"hermit:CalledShot","floor":1.0},{"not_picked":["hermit:Horror","hermit:Misfire"],"picked":"hermit:Headshot","floor":3.0},{"not_picked":["hermit:SprayPray","hermit:LowProfile"],"picked":"hermit:Deadeye","floor":7.0},{"not_picked":["hermit:LuckOfTheDraw","hermit:CalledShot"],"picked":"hermit:Vantage","floor":8.0},{"not_picked":["hermit:EyeOfTheStorm","hermit:Spite"],"picked":"hermit:HighCaliber","floor":11.0},{"not_picked":["hermit:TrackingShot","hermit:HighCaliber"],"picked":"hermit:Dive","floor":12.0},{"not_picked":["hermit:WideOpen","hermit:Manifest"],"picked":"hermit:FatalDesire","floor":14.0},{"not_picked":["hermit:Purgatory","hermit:FromBeyond"],"picked":"hermit:Reprieve","floor":16.0},{"not_picked":["hermit:LuckOfTheDraw","hermit:HighCaliber"],"picked":"hermit:FlashPowder","floor":17.0},{"not_picked":["hermit:LoneWolf","hermit:ItchyTrigger"],"picked":"hermit:Snipe","floor":18.0},{"not_picked":["hermit:SprayPray","hermit:HighCaliber"],"picked":"hermit:BodyArmor+1","floor":19.0},{"not_picked":["hermit:Quickdraw","hermit:Vantage"],"picked":"hermit:Scavenge","floor":20.0},{"not_picked":["hermit:HighCaliber","hermit:BodyArmor"],"picked":"hermit:FromBeyond","floor":22},{"not_picked":["hermit:Coalescence","hermit:Vantage"],"picked":"hermit:Roulette","floor":23},{"not_picked":["hermit:SprayPray","hermit:HighCaliber"],"picked":"hermit:BodyArmor","floor":24},{"not_picked":["hermit:Scavenge","hermit:CalledShot"],"picked":"hermit:TakeCover","floor":28},{"not_picked":["hermit:CursedWeapon","hermit:Scavenge+1"],"picked":"hermit:TakeAim","floor":31},{"not_picked":["hermit:HighNoon","hermit:FatalDesire"],"picked":"hermit:DeadOrAlive","floor":33}],"player_experience":151858,"relics_obtained":[{"floor":7.0,"key":"Thread and Needle"},{"floor":9.0,"key":"Pocketwatch"},{"floor":23,"key":"Bottled Flame"},{"floor":26,"key":"Bag of Preparation"},{"floor":28,"key":"War Paint"}],"event_choices":[{"damage_healed":0.0,"max_hp_gain":0.0,"max_hp_loss":0.0,"gold_gain":0.0,"event_name":"The Cleric","player_choice":"Leave","floor":2.0,"gold_loss":0.0,"damage_taken":0.0},{"damage_healed":0.0,"max_hp_gain":0.0,"max_hp_loss":0.0,"gold_gain":0.0,"event_name":"Golden Idol","player_choice":"Take Wound","floor":5.0,"gold_loss":0.0,"damage_taken":0.0,"relics_obtained":["Golden Idol"],"cards_obtained":["Injury"]},{"damage_healed":0,"gold_gain":0,"player_choice":"Stole Relic","damage_taken":0,"relics_obtained":["Girya"],"max_hp_gain":0,"max_hp_loss":0,"event_name":"Addict","floor":30,"gold_loss":0,"cards_obtained":["Shame"]}],"is_beta":false,"boss_relics":[{"not_picked":["Ectoplasm","Busted Crown"],"picked":"Tiny House"},{"not_picked":["SacredBark","Snecko Eye"],"picked":"Philosopher\u0027s Stone"}],"items_purged_floors":[],"is_endless":false,"potions_floor_spawned":[1,8,12,16,18,20,22,24],"killed_by":"3 Darklings","ascension_level":0}}