{"host":"46hhpd9tbruz5rpt","time":1610355314,"event":{"mods":["BaseMod","Marisa£®ÏF”Í°°ƒß¿Ì…≥£©","Minty Spire (QoL Compilation)","Quick Restart","Replay The Spire","StSLib"],"gold_per_floor":[109,128,78,3,18,18,53,53,53,53,78,98,189,253,253,356,356,368,308,308,324,224,255,255,281,328,328,345,345,377,387,387,484,484,502,514,389,409,192,192,207,258,258,274,315,140,157,157,157,157],"floor_reached":51,"playtime":2564,"items_purged":["Strike_MRS","Strike_MRS","Defend_MRS","Defend_MRS","Defend_MRS"],"score":1262,"play_id":"824761fe-233a-4b41-baee-9e6ad1dfa907","local_time":"20210111165514","is_ascension_mode":true,"campfire_choices":[{"data":"Replay:BasicMightCard","floor":6.0,"key":"SMITH"},{"data":"6A","floor":8.0,"key":"SMITH"},{"data":"MasterSpark","floor":10.0,"key":"SMITH"},{"data":"BlazeAway","floor":15.0,"key":"SMITH"},{"data":"MilkyWay","floor":24.0,"key":"SMITH"},{"data":"EscapeVelocity","floor":27.0,"key":"SMITH"},{"data":"MagicChant","floor":29.0,"key":"SMITH"},{"data":"PowerUp","floor":32.0,"key":"SMITH"},{"data":"Singularity","floor":40.0,"key":"SMITH"},{"floor":49.0,"key":"DIG"}],"circlet_count":0,"master_deck":["MasterSpark+1","UpSweep+1","Replay:BasicMightCard+1","6A+1","MilkyWay+1","PowerUp+1","BlazeAway+1","MagicChant+1","EscapeVelocity+1","SuperPerseids+1","AlicesGift+1","UltimateShortwave+1","ShootingEcho+1","PowerUp+1","GrandCross+1","Singularity+1","6A+1"],"relics":["MiniHakkero","Replay:Accelerometer","Meat on the Bone","Bronze Scales","HornCleat","ReplayTheSpireMod:DimensionalGlitch","Lizard Tail","Mango","Tiny Chest","Red Mask","Empty Cage","CatCart","Counterbalance","Happy Flower","Mark of the Bloom","Vajra"],"acts_visited":["Exordium","TheCity","TheBeyond"],"potions_floor_usage":[50,50],"damage_taken":[{"damage":7.0,"enemies":"Jaw Worm","floor":1.0,"turns":2.0},{"damage":1.0,"enemies":"2 Louse","floor":2.0,"turns":2.0},{"damage":4.0,"enemies":"Small Slimes","floor":5.0,"turns":3.0},{"damage":16.0,"enemies":"Gremlin Nob","floor":7.0,"turns":3.0},{"damage":7.0,"enemies":"3 Sentries","floor":11.0,"turns":6.0},{"damage":1.0,"enemies":"Exordium Wildlife","floor":12.0,"turns":2.0},{"damage":16.0,"enemies":"Lagavulin Event","floor":14.0,"turns":4.0},{"damage":32.0,"enemies":"Fading Forest","floor":16.0,"turns":11.0},{"damage":10.0,"enemies":"Shell Parasite","floor":18.0,"turns":3.0},{"damage":6.0,"enemies":"3 Byrds","floor":21.0,"turns":4.0},{"damage":45.0,"enemies":"Slavers","floor":23.0,"turns":5.0},{"damage":15.0,"enemies":"Gremlin Leader","floor":25.0,"turns":4.0},{"damage":0.0,"enemies":"Centurion and Healer","floor":28.0,"turns":3.0},{"damage":25.0,"enemies":"Masked Bandits","floor":30.0,"turns":4.0},{"damage":8.0,"enemies":"Snake Plant","floor":31.0,"turns":3.0},{"damage":4.0,"enemies":"Pondfish","floor":33.0,"turns":5.0},{"damage":0.0,"enemies":"Orb Walker","floor":35.0,"turns":2.0},{"damage":1.0,"enemies":"3 Shapes","floor":36.0,"turns":3.0},{"damage":1.0,"enemies":"3 Darklings","floor":38.0,"turns":4.0},{"damage":0.0,"enemies":"Writhing Mass","floor":41.0,"turns":3.0},{"damage":0.0,"enemies":"Orin","floor":42.0,"turns":5.0},{"damage":0.0,"enemies":"Transient","floor":44.0,"turns":5.0},{"damage":19.0,"enemies":"R_Hoarder","floor":45.0,"turns":5.0},{"damage":6.0,"enemies":"Spire Growth","floor":47.0,"turns":3.0},{"damage":16,"enemies":"Awakened One","floor":50,"turns":6}],"seed_played":"-4683922640102199944","potions_obtained":[{"floor":2.0,"key":"Block Potion"},{"floor":11.0,"key":"Toxic Potion"},{"floor":16.0,"key":"SteroidPotion"},{"floor":28.0,"key":"SkillPotion"},{"floor":31.0,"key":"Reflective Coating"},{"floor":33.0,"key":"FearPotion"},{"floor":38.0,"key":"PowerPotion"},{"floor":45.0,"key":"LiquidMemories"},{"floor":45.0,"key":"LiquidMemories"}],"is_trial":false,"path_per_floor":["M","M","?","$","M","R","E","R","T","R","E","M","?","?","R","B",null,"M","?","?","M","$","E","R","E","T","R","M","R","?","M","R","B",null,"M","M","$","M","$","R","M","?","T","M","E","$","M","?","R","B",null],"character_chosen":"MARISA","items_purchased":["Singularity"],"campfire_rested":0,"item_purchase_floors":[39],"current_hp_per_floor":[61,60,60,60,56,56,40,40,40,40,45,44,44,40,40,20,61,51,51,75,69,69,30,30,35,35,35,41,41,22,20,20,22,72,72,71,71,70,70,70,70,70,70,70,51,51,45,45,45,29],"gold":157,"neow_bonus":"RANDOM_COLORLESS","is_daily":false,"chose_seed":false,"campfire_upgraded":9,"win_rate":0.0,"timestamp":1610355314,"path_taken":["M","M","?","$","M","R","E","R","T","R","E","M","?","?","R","BOSS","M","?","?","M","$","E","R","E","T","R","M","R","?","M","R","BOSS","M","M","$","M","$","R","M","?","T","M","E","$","M","?","R","BOSS"],"items_purchased_type":["Card"],"build_version":"2020-12-22","purchased_purges":5,"victory":true,"max_hp_per_floor":[75,75,75,75,75,75,75,75,75,75,75,75,75,75,75,75,75,75,75,75,75,75,75,75,89,89,89,89,89,89,89,89,89,89,89,89,89,89,89,89,89,89,89,89,89,89,89,89,89,89],"card_choices":[{"not_picked":["Trip","Forethought"],"picked":"Replay:BasicMightCard","floor":0.0},{"not_picked":["GasGiant","AsteroidBelt","SporeBomb"],"picked":"SKIP","floor":1.0},{"not_picked":["UnstableBomb","SporeBomb","DC"],"picked":"SKIP","floor":2.0},{"not_picked":["Acceleration","DoubleSpark","CasketOfStar"],"picked":"SKIP","floor":5.0},{"not_picked":["StarlightTyphoon","StarBarrage"],"picked":"6A","floor":7.0},{"not_picked":["GalacticHalo","PulseMagic"],"picked":"MilkyWay","floor":11.0},{"not_picked":["Acceleration","WitchOfGreed","WitchLeyline"],"picked":"SKIP","floor":12.0},{"not_picked":["NonDirectionalLaser","RefractionSpark"],"picked":"PowerUp","floor":13.0},{"not_picked":["BinaryStars","LuminesStrike"],"picked":"BlazeAway","floor":13.0},{"not_picked":["6A","SprinkleStarSeal"],"picked":"MagicChant","floor":14.0},{"not_picked":["JA","CollectingQuirk"],"picked":"EscapeVelocity","floor":16.0},{"not_picked":["Acceleration+1","Robbery"],"picked":"SuperPerseids+1","floor":18.0},{"not_picked":["NonDirectionalLaser+1","LuminesStrike","EnergyRecoil"],"picked":"SKIP","floor":21.0},{"not_picked":["DragonMeteor","WitchLeyline"],"picked":"AlicesGift+1","floor":23.0},{"not_picked":["DeepEcoloBomb+1","DC+1"],"picked":"UltimateShortwave","floor":25.0},{"not_picked":["GalacticHalo","AsteroidBelt","ShootTheMoon+1"],"picked":"SKIP","floor":28.0},{"not_picked":["DragonMeteor","GravityBeat+1"],"picked":"ShootingEcho","floor":30.0},{"not_picked":["Robbery+1","MysteriousBeam"],"picked":"PowerUp+1","floor":31.0},{"not_picked":["UnstableBomb+1","MysteriousBeam+1","DC+1"],"picked":"SKIP","floor":35.0},{"not_picked":["IllusionStar+1","ShootingEcho"],"picked":"GrandCross+1","floor":36.0},{"not_picked":["PropBag+1","SuperPerseids","DarkSpark"],"picked":"SKIP","floor":38.0},{"not_picked":["SprinkleStarSeal","GalacticHalo","ShootTheMoon"],"picked":"SKIP","floor":41.0},{"not_picked":["WitchOfGreed","RefractionSpark"],"picked":"6A","floor":42.0},{"not_picked":["NonDirectionalLaser+1","AsteroidBelt+1","WitchOfGreed+1"],"picked":"SKIP","floor":44.0},{"not_picked":["DoubleSpark+1","PowerUp","MeteoricShower"],"picked":"SKIP","floor":45.0},{"not_picked":["WitchLeyline+1","GalacticHalo+1","OrrerysSun+1"],"picked":"SKIP","floor":47.0}],"player_experience":91673,"relics_obtained":[{"floor":7.0,"key":"Replay:Accelerometer"},{"floor":9.0,"key":"Meat on the Bone"},{"floor":11.0,"key":"Bronze Scales"},{"floor":14.0,"key":"HornCleat"},{"floor":23.0,"key":"Lizard Tail"},{"floor":25.0,"key":"Mango"},{"floor":26.0,"key":"Tiny Chest"},{"floor":30.0,"key":"Red Mask"},{"floor":42.0,"key":"CatCart"},{"floor":43.0,"key":"Counterbalance"},{"floor":45.0,"key":"Happy Flower"},{"floor":49.0,"key":"Vajra"}],"event_choices":[{"cards_removed":["Strike_MRS"],"damage_healed":0.0,"max_hp_gain":0.0,"max_hp_loss":0.0,"gold_gain":0.0,"event_name":"The Cleric","player_choice":"Card Removal","floor":3.0,"gold_loss":50.0,"damage_taken":0.0},{"damage_healed":0.0,"max_hp_gain":0.0,"max_hp_loss":0.0,"gold_gain":0.0,"event_name":"Dead Adventurer","player_choice":"Searched \u00272\u0027 times","floor":14.0,"gold_loss":0.0,"damage_taken":0.0},{"damage_healed":25.0,"max_hp_gain":0.0,"max_hp_loss":0.0,"gold_gain":0.0,"event_name":"The Library","player_choice":"Heal","floor":20.0,"gold_loss":0.0,"damage_taken":0.0},{"damage_healed":0.0,"max_hp_gain":0.0,"max_hp_loss":0.0,"gold_gain":0.0,"event_name":"Masked Bandits","player_choice":"Fought Bandits","floor":30.0,"gold_loss":0.0,"damage_taken":0.0},{"damage_healed":0.0,"max_hp_gain":0.0,"max_hp_loss":0.0,"gold_gain":0.0,"event_name":"OrinTheCat","player_choice":"Fight","floor":42.0,"gold_loss":0.0,"damage_taken":0.0},{"damage_healed":0.0,"max_hp_gain":0.0,"max_hp_loss":0.0,"gold_gain":0.0,"event_name":"MindBloom","player_choice":"Upgrade","floor":48.0,"gold_loss":0.0,"damage_taken":0.0,"cards_upgraded":["UpSweep","UltimateShortwave","ShootingEcho","6A"],"relics_obtained":["Mark of the Bloom"]}],"is_beta":false,"boss_relics":[{"not_picked":["Replay:Drink Me","ChewingGum"],"picked":"ReplayTheSpireMod:DimensionalGlitch"},{"not_picked":["Runic Pyramid","SlaversCollar"],"picked":"Empty Cage"}],"items_purged_floors":[4,22,37,39,46],"is_endless":false,"potions_floor_spawned":[2,11,16,28,31,33,38,41,45],"ascension_level":7}}