{"host":"Connor","time":1610395233,"event":{"mods":["Aspiration","BaseMod","Downfall","Hubris","Marisa????????","Minty Spire (QoL Compilation)","Replay The Spire","StSLib","The Cursed","The Jungle","The Servant 0.9.4"],"gold_per_floor":[117,130,130,130,145,171,171,183,236,248,248,266,266,266,266],"floor_reached":14,"playtime":500,"items_purged":[],"score":222,"play_id":"63796931-212a-4e94-aac2-71338e46de48","local_time":"20210111120033","is_ascension_mode":true,"campfire_choices":[{"data":"hubris:ReadiedAction","floor":7,"key":"SMITH"},{"floor":13,"key":"RECALL"}],"circlet_count":0,"master_deck":["AscendersBane","Strike_R","Strike_R","Defend_R","Defend_R","Bash","Inflame","hubris:ReadiedAction+1","Hemokinesis","Rage","Rampage","Warcry","Juggernaut"],"relics":["Replay:Drink Me","ReplayTheSpireMod:Spearhead","hubris:TenFootPole"],"acts_visited":["Exordium"],"potions_floor_usage":[2,2,6,6,10,14],"damage_taken":[{"damage":12,"enemies":"Small Slimes","floor":1,"turns":6},{"damage":6,"enemies":"2 Louse","floor":2,"turns":5},{"damage":4,"enemies":"Jaw Worm","floor":5,"turns":6},{"damage":4,"enemies":"Gremlin Nob","floor":6,"turns":3},{"damage":3,"enemies":"Red Slaver","floor":8,"turns":5},{"damage":3,"enemies":"Exordium Thugs","floor":10,"turns":4},{"damage":0,"enemies":"2 Fungi Beasts","floor":12,"turns":4},{"damage":41,"enemies":"3 Sentries","floor":14,"turns":6}],"seed_played":"1808018516957198507","potions_obtained":[{"floor":1,"key":"EntropicBrew"},{"floor":5,"key":"Block Potion"},{"floor":8,"key":"Explosive Potion"},{"floor":10,"key":"Adrenaline Potion"},{"floor":12,"key":"Dexterity Potion"}],"is_trial":false,"path_per_floor":["M","M","?","?","M","E","R","M","T","M","T","M","R","E"],"character_chosen":"IRONCLAD","items_purchased":[],"campfire_rested":0,"item_purchase_floors":[],"current_hp_per_floor":[45,53,53,46,42,38,38,35,35,32,32,32,32,0,0],"gold":266,"neow_bonus":"BOSS_RELIC","is_daily":false,"chose_seed":false,"campfire_upgraded":1,"win_rate":0.0,"timestamp":1610395233,"path_taken":["M","M","?","?","M","E","R","M","T","M","?","M","R","E"],"items_purchased_type":[],"build_version":"2020-12-18","purchased_purges":0,"victory":false,"max_hp_per_floor":[57,57,57,57,57,57,57,57,57,57,57,57,57,57,57],"card_choices":[{"not_picked":["Clash","Pommel Strike"],"picked":"Inflame","floor":1},{"not_picked":["Clash","Life Link"],"picked":"hubris:ReadiedAction","floor":2},{"not_picked":["Burning Pact","Wild Strike"],"picked":"Hemokinesis","floor":5},{"not_picked":["Shrug It Off","hubris:ReadiedAction"],"picked":"Rage","floor":6},{"not_picked":["Clothesline","ReplayTheSpireMod:Strike From Hell"],"picked":"Rampage","floor":8},{"not_picked":["Thunderclap","Clash"],"picked":"Warcry","floor":10},{"not_picked":["ReplayTheSpireMod:Stacked","Sword Boomerang"],"picked":"Juggernaut","floor":12}],"player_experience":606338,"relics_obtained":[{"floor":6,"key":"ReplayTheSpireMod:Spearhead"},{"floor":9,"key":"hubris:TenFootPole"}],"event_choices":[{"cards_removed":["Defend_R"],"damage_healed":0,"gold_gain":0,"player_choice":"Card Removal","damage_taken":7,"max_hp_gain":0,"max_hp_loss":0,"event_name":"Golden Wing","floor":4,"gold_loss":0}],"is_beta":true,"boss_relics":[],"items_purged_floors":[],"is_endless":false,"potions_floor_spawned":[1,5,8,10,12],"killed_by":"3 Sentries","ascension_level":18}}