{"host":"t2li07c0j4v81685","time":1610377523,"event":{"mods":["BaseMod","Bestiary","Colored Map","Colored Powertips","Dark Map","DeckTracker","Downfall","Highlight Path","Hubris","Infinite Spire","Jorbs\u0027s Wanderer Trilogy","Minty Spire (QoL Compilation)","Permanent Neow","Relic Sorter","Relic Stats","Replay The Spire","StSLib","The Jungle"],"gold_per_floor":[117,133,29,41,107,107,118,118,118,118,172,184,212,226,259,274,274,274,274],"floor_reached":18,"playtime":1228,"items_purged":[],"score":124,"play_id":"76be38dc-3bf9-42fd-bec5-95b706a8890e","local_time":"20210111160523","is_ascension_mode":false,"campfire_choices":[{"floor":6,"key":"REST"},{"floor":10,"key":"REST"},{"floor":17,"key":"REST"}],"circlet_count":0,"master_deck":["Strike_B","Strike_B","Strike_B","Strike_B","Defend_B","Defend_B","Defend_B","Defend_B","Zap","Dualcast","Rainbow","Self Repair","Cold Snap","FIFO Queue+1","Redo","Streamline","Lockon","FTL","Crystallizer","Sweeping Beam","Panic Button","Barrage"],"relics":["Cracked Core","infinitespire:Freezer","hubris:BallOfYels","Replay:Wax Seal"],"acts_visited":["Exordium"],"potions_floor_usage":[],"damage_taken":[{"damage":6,"enemies":"Jaw Worm","floor":1,"turns":2},{"damage":15,"enemies":"2 Louse","floor":2,"turns":3},{"damage":20,"enemies":"Small Slimes","floor":4,"turns":4},{"damage":18,"enemies":"Looter","floor":7,"turns":3},{"damage":21,"enemies":"3 Louse","floor":12,"turns":3},{"damage":22,"enemies":"3 Sentries","floor":13,"turns":7},{"damage":18,"enemies":"2 Fungi Beasts","floor":14,"turns":3},{"damage":10,"enemies":"Replay:BlueRogue","floor":15,"turns":5},{"damage":15,"enemies":"Blue Slaver","floor":16,"turns":3},{"damage":38,"enemies":"The Guardian","floor":18,"turns":5}],"seed_played":"2925512850286250807","potions_obtained":[{"floor":1,"key":"Block Potion"},{"floor":4,"key":"EntropicBrew"},{"floor":13,"key":"SkillPotion"},{"floor":16,"key":"champ:CounterPotion"}],"is_trial":false,"path_per_floor":["M","M","$","M","?","R","M","PTL","PTL","R","T","M","E","M","E","M","R","B"],"character_chosen":"DEFECT","items_purchased":["FIFO Queue+1","Redo"],"campfire_rested":3,"item_purchase_floors":[3,3],"current_hp_per_floor":[69,61,61,48,48,70,52,52,52,74,74,53,38,27,24,16,38,0,0],"gold":274,"neow_bonus":"ONE_RANDOM_RARE_CARD","is_daily":false,"chose_seed":false,"campfire_upgraded":0,"win_rate":0.0,"timestamp":1610377523,"path_taken":["M","M","$","M","?","R","M","PTL","PTL","R","T","M","E","M","E","M","R","BOSS"],"items_purchased_type":["Card","Card"],"build_version":"2020-12-22","purchased_purges":0,"victory":false,"max_hp_per_floor":[75,75,75,75,75,75,75,75,75,75,75,75,75,75,75,75,75,75,75],"relic_stats":{"counters":[10,38],"obtain_stats":[{"hubris:BallOfYels":13,"Replay:Wax Seal":15,"Cracked Core":0,"infinitespire:Freezer":11},{"hubris:BallOfYels":6,"Replay:Wax Seal":8,"Cracked Core":0,"infinitespire:Freezer":4},{"hubris:BallOfYels":22,"Replay:Wax Seal":30,"Cracked Core":0,"infinitespire:Freezer":12}]},"card_choices":[{"not_picked":["Conserve Battery","Compile Driver"],"picked":"Self Repair","floor":1},{"not_picked":["Steam","Gash"],"picked":"Cold Snap","floor":2},{"not_picked":["Cold Snap","Conserve Battery"],"picked":"Streamline","floor":4},{"not_picked":["Stack","Compile Driver"],"picked":"Lockon","floor":7},{"not_picked":["Beam Cell","Gash"],"picked":"FTL","floor":12},{"not_picked":["Steam Power","Hello World"],"picked":"Crystallizer","floor":13},{"not_picked":["hubris:DoWhile","Hologram"],"picked":"Sweeping Beam","floor":14},{"not_picked":["Sweeping Beam","Aggregate"],"picked":"Panic Button","floor":15},{"not_picked":["Blizzard","Sweeping Beam"],"picked":"Barrage","floor":16}],"player_experience":9397,"relics_obtained":[{"floor":11,"key":"infinitespire:Freezer"},{"floor":13,"key":"hubris:BallOfYels"},{"floor":15,"key":"Replay:Wax Seal"}],"event_choices":[{"damage_healed":0,"gold_gain":66,"player_choice":"Gained Gold","damage_taken":0,"max_hp_gain":0,"max_hp_loss":0,"event_name":"Golden Wing","floor":5,"gold_loss":0}],"is_beta":false,"boss_relics":[],"items_purged_floors":[],"is_endless":false,"potions_floor_spawned":[1,4,13,16],"killed_by":"The Guardian","ascension_level":0}}