{"host":"fuszjwm6fqgjjp4d","time":1610381703,"event":{"mods":["BaseMod","Bestiary","Colored Map","DeckTracker","Minty Spire (QoL Compilation)","Permanent Neow","Relic Sorter","Relic Stats","StSLib"],"gold_per_floor":[117,117,43,57,67,99,99,99,147,161,195,195,226,238,238,310,310,330,41,41,52,66,66,91,104,155,155,184,234,287,287,287,362,362,374,374,374,374,387,387,387],"floor_reached":40,"playtime":1427,"items_purged":[],"score":911,"play_id":"1528552e-7e67-491e-9c36-69ad1cc038e4","local_time":"20210111101503","is_ascension_mode":true,"campfire_choices":[{"data":"Blasphemy","floor":7.0,"key":"SMITH"},{"data":"BattleHymn","floor":12.0,"key":"SMITH"},{"floor":15.0,"key":"REST"},{"floor":23.0,"key":"REST"},{"data":"SpiritShield","floor":27.0,"key":"SMITH"},{"floor":32.0,"key":"REST"}],"circlet_count":0,"master_deck":["AscendersBane","Strike_P","Strike_P","Strike_P","Strike_P","Defend_P+1","Defend_P+1","Defend_P","Defend_P+1","Eruption+1","Vigilance","Blasphemy+1","Evaluate+1","BattleHymn+1","Tantrum","FlurryOfBlows","FollowUp","SpiritShield+1","LessonLearned+1","CurseOfTheBell","Impatience+1"],"relics":["PureWater","Ancient Tea Set","The Courier","Strawberry","War Paint","Letter Opener","Calling Bell","Orichalcum","Singing Bowl","StoneCalendar","Membership Card","Vajra","Kunai","Toxic Egg 2","Blood Vial","Akabeko","Omamori","Regal Pillow","MutagenicStrength","Black Star"],"acts_visited":["Exordium","TheCity","TheBeyond"],"potions_floor_usage":[],"damage_taken":[{"damage":5.0,"enemies":"Small Slimes","floor":1.0,"turns":3.0},{"damage":0.0,"enemies":"Jaw Worm","floor":4.0,"turns":1.0},{"damage":0.0,"enemies":"Cultist","floor":5.0,"turns":3.0},{"damage":6.0,"enemies":"3 Sentries","floor":6.0,"turns":3.0},{"damage":0.0,"enemies":"Large Slime","floor":10.0,"turns":3.0},{"damage":0.0,"enemies":"Lagavulin","floor":11.0,"turns":4.0},{"damage":0.0,"enemies":"Gremlin Nob","floor":13.0,"turns":2.0},{"damage":2.0,"enemies":"Exordium Wildlife","floor":14.0,"turns":3.0},{"damage":36.0,"enemies":"The Guardian","floor":16.0,"turns":6.0},{"damage":5.0,"enemies":"2 Thieves","floor":18.0,"turns":3.0},{"damage":8.0,"enemies":"Shell Parasite","floor":21.0,"turns":3.0},{"damage":15.0,"enemies":"Snake Plant","floor":22.0,"turns":3.0},{"damage":16.0,"enemies":"Book of Stabbing","floor":24.0,"turns":4.0},{"damage":2.0,"enemies":"3 Cultists","floor":25.0,"turns":3.0},{"damage":25.0,"enemies":"Slavers","floor":28.0,"turns":4.0},{"damage":46.0,"enemies":"Automaton","floor":33.0,"turns":8.0},{"damage":9.0,"enemies":"Orb Walker","floor":35.0,"turns":3.0},{"damage":44,"enemies":"3 Darklings","floor":39,"turns":5},{"damage":63,"enemies":"Giant Head","floor":40,"turns":7}],"seed_played":"-472011408918290025","potions_obtained":[{"floor":1.0,"key":"BottledMiracle"},{"floor":6.0,"key":"Block Potion"},{"floor":16.0,"key":"Weak Potion"},{"floor":18.0,"key":"ColorlessPotion"},{"floor":21.0,"key":"LiquidBronze"},{"floor":33.0,"key":"SkillPotion"}],"is_trial":false,"path_per_floor":["M","?","$","M","M","E","R","?","T","M","E","R","E","M","R","B",null,"M","$","?","M","M","R","E","M","T","R","E","?","T","?","R","B",null,"M","?","?","?","M","E"],"character_chosen":"WATCHER","items_purchased":["BattleHymn","Membership Card","Vajra","Kunai"],"campfire_rested":3,"item_purchase_floors":[3,19,19,19],"current_hp_per_floor":[56,49,49,49,49,43,43,17,24,24,24,24,24,22,44,8,58,55,55,55,49,36,60,46,48,48,48,27,27,27,27,68,26,73,68,86,86,86,46,0,0],"gold":387,"neow_bonus":"THREE_RARE_CARDS","is_daily":false,"chose_seed":false,"campfire_upgraded":3,"win_rate":0.0,"timestamp":1610381703,"path_taken":["M","?","?","M","M","E","R","?","T","M","E","R","E","M","R","BOSS","M","$","?","M","M","R","E","?","T","R","E","?","?","?","R","BOSS","M","?","?","?","M","E"],"items_purchased_type":["Card","Relic","Relic","Relic"],"build_version":"2020-12-22","purchased_purges":0,"victory":false,"max_hp_per_floor":[68,68,68,68,68,68,68,68,75,75,75,75,75,75,75,75,75,77,77,77,79,81,81,83,85,85,85,87,87,87,87,87,89,89,91,91,91,91,93,93,93],"relic_stats":{"Blood Vial":12,"Regal Pillow":15,"Singing Bowl":18,"counters":[19,71],"StoneCalendar":[104],"Black Star":0,"Letter Opener":[38],"Kunai":[19],"War Paint":["Defend_P","Defend_P"],"Orichalcum":[54],"obtain_stats":[{"Regal Pillow":30,"Singing Bowl":17,"Vajra":19,"StoneCalendar":17,"The Courier":8,"Omamori":28,"Letter Opener":13,"War Paint":11,"Orichalcum":17,"Ancient Tea Set":6,"Akabeko":26,"Calling Bell":17,"Blood Vial":24,"Strawberry":9,"MutagenicStrength":31,"Black Star":34,"Membership Card":19,"Kunai":19,"PureWater":0,"Toxic Egg 2":20},{"Regal Pillow":15,"Singing Bowl":9,"Vajra":10,"StoneCalendar":9,"The Courier":4,"Omamori":15,"Letter Opener":7,"War Paint":6,"Orichalcum":9,"Ancient Tea Set":4,"Akabeko":14,"Calling Bell":9,"Blood Vial":13,"Strawberry":4,"MutagenicStrength":15,"Black Star":16,"Membership Card":10,"Kunai":10,"PureWater":0,"Toxic Egg 2":10},{"Regal Pillow":48,"Singing Bowl":28,"Vajra":31,"StoneCalendar":28,"The Courier":10,"Omamori":48,"Letter Opener":19,"War Paint":17,"Orichalcum":28,"Ancient Tea Set":10,"Akabeko":44,"Calling Bell":28,"Blood Vial":41,"Strawberry":10,"MutagenicStrength":48,"Black Star":56,"Membership Card":31,"Kunai":31,"PureWater":0,"Toxic Egg 2":31}]},"card_choices":[{"not_picked":["Alpha","MasterReality"],"picked":"Blasphemy","floor":0.0},{"not_picked":["EmptyBody","WindmillStrike"],"picked":"Evaluate","floor":1.0},{"not_picked":["Crescendo","JustLucky"],"picked":"Tantrum","floor":4.0},{"not_picked":["Prostrate","CrushJoints"],"picked":"FlurryOfBlows","floor":5.0},{"not_picked":["Collect","Judgement","Wallop"],"picked":"SKIP","floor":6.0},{"not_picked":["Halt","ReachHeaven"],"picked":"FollowUp","floor":10.0},{"not_picked":["FlurryOfBlows","Prostrate","Halt"],"picked":"SKIP","floor":11.0},{"not_picked":["CutThroughFate","Protect"],"picked":"SpiritShield","floor":13.0},{"not_picked":["Consecrate","Study","ClearTheMind"],"picked":"SKIP","floor":14.0},{"not_picked":["Blasphemy","Alpha"],"picked":"LessonLearned","floor":16.0},{"not_picked":["SandsOfTime","SpiritShield","Halt+1"],"picked":"Singing Bowl","floor":18.0},{"not_picked":["InnerPeace+1","FlyingSleeves","EmptyFist+1"],"picked":"Singing Bowl","floor":21.0},{"not_picked":["EmptyBody+1","Sanctity+1","Weave+1"],"picked":"Singing Bowl","floor":22.0},{"not_picked":["BattleHymn","WheelKick","ReachHeaven"],"picked":"Singing Bowl","floor":24.0},{"not_picked":["Weave","SashWhip","Conclude"],"picked":"Singing Bowl","floor":25.0},{"not_picked":["ClearTheMind+1","FollowUp","WaveOfTheHand+1"],"picked":"Singing Bowl","floor":28.0},{"not_picked":["Alpha+1","ConjureBlade+1","Blasphemy+1"],"picked":"Singing Bowl","floor":33.0},{"not_picked":["BowlingBash","DeceiveReality+1","CutThroughFate"],"picked":"Singing Bowl","floor":35.0},{"not_picked":["Swift Strike","Good Instincts+1"],"picked":"Impatience+1","floor":38},{"not_picked":["ClearTheMind+1","SashWhip+1","Nirvana"],"picked":"Singing Bowl","floor":39}],"player_experience":1269114,"relics_obtained":[{"floor":6.0,"key":"Ancient Tea Set"},{"floor":9.0,"key":"Strawberry"},{"floor":11.0,"key":"War Paint"},{"floor":13.0,"key":"Letter Opener"},{"floor":17.0,"key":"Orichalcum"},{"floor":17.0,"key":"Singing Bowl"},{"floor":17.0,"key":"StoneCalendar"},{"floor":24.0,"key":"Blood Vial"},{"floor":26.0,"key":"Akabeko"},{"floor":28.0,"key":"Omamori"},{"floor":30.0,"key":"Regal Pillow"}],"event_choices":[{"cards_removed":["Writhe"],"damage_healed":0.0,"max_hp_gain":0.0,"max_hp_loss":0.0,"gold_gain":0.0,"event_name":"Golden Wing","player_choice":"Card Removal","floor":2.0,"gold_loss":0.0,"damage_taken":7.0},{"damage_healed":0.0,"max_hp_gain":0.0,"max_hp_loss":0.0,"gold_gain":0.0,"event_name":"Scrap Ooze","player_choice":"Success","floor":8.0,"gold_loss":0.0,"damage_taken":26.0,"relics_obtained":["The Courier"]},{"damage_healed":0.0,"max_hp_gain":0.0,"max_hp_loss":0.0,"gold_gain":0.0,"event_name":"WeMeetAgain","player_choice":"Gave Potion","floor":20.0,"gold_loss":0.0,"damage_taken":0.0,"relics_obtained":["Toxic Egg 2"]},{"damage_healed":0.0,"max_hp_gain":0.0,"max_hp_loss":0.0,"gold_gain":50.0,"event_name":"Nest","player_choice":"Stole From Cult","floor":29.0,"gold_loss":0.0,"damage_taken":0.0},{"damage_healed":0.0,"max_hp_gain":0.0,"max_hp_loss":0.0,"gold_gain":0.0,"event_name":"Drug Dealer","player_choice":"Inject Mutagens","floor":31.0,"gold_loss":0.0,"damage_taken":0.0,"relics_obtained":["MutagenicStrength"]},{"damage_healed":18.0,"max_hp_gain":0.0,"max_hp_loss":0.0,"gold_gain":0.0,"event_name":"Winding Halls","player_choice":"Writhe","floor":36.0,"gold_loss":0.0,"damage_taken":0.0,"cards_obtained":["Writhe"]},{"damage_healed":0.0,"max_hp_gain":0.0,"max_hp_loss":0.0,"gold_gain":0.0,"event_name":"Tomb of Lord Red Mask","player_choice":"Ignored","floor":37.0,"gold_loss":0.0,"damage_taken":0.0},{"damage_healed":0,"gold_gain":0,"player_choice":"Memory 1","damage_taken":0,"max_hp_gain":0,"max_hp_loss":0,"event_name":"SensoryStone","floor":38,"gold_loss":0}],"is_beta":false,"boss_relics":[{"not_picked":["SacredBark","Snecko Eye"],"picked":"Calling Bell"},{"not_picked":["Pandora\u0027s Box","Runic Dome"],"picked":"Black Star"}],"items_purged_floors":[],"is_endless":false,"potions_floor_spawned":[1,6,10,16,18,21,33],"killed_by":"Giant Head","ascension_level":16}}