{"host":"vfg9szunmpjwj08o","time":1610404926,"event":{"mods":["Act Like it!","BaseMod","Challenge The Spire","Colored Map","Colored Powertips","Conspire","Dark Map","Fox Events","Minty Spire (QoL Compilation)","StSLib","Waifu the Spire"],"gold_per_floor":[110,145,145,95,20,20,50,50,75,75,93,93,131,149,149,166,166],"floor_reached":16,"playtime":489,"items_purged":["Strike_B"],"score":255,"play_id":"36b8f3bb-2d68-4e5f-8981-971eccbde385","local_time":"20210111234206","is_ascension_mode":true,"campfire_choices":[{"data":"Dualcast","floor":6,"key":"SMITH"},{"data":"Go for the Eyes","floor":10,"key":"SMITH"},{"data":"Tempest","floor":12,"key":"SMITH"},{"data":"Capacitor","floor":15,"key":"SMITH"}],"circlet_count":0,"master_deck":["AscendersBane","Strike_B","Strike_B","Strike_B","Defend_B","Defend_B","Defend_B","Defend_B","Zap+1","Dualcast+1","Go for the Eyes+1","Chill","conspire:SpireCoStock","All For One","Capacitor+1","Tempest+1","Storm","Capacitor"],"relics":["Cracked Core","NeowsBlessing","HornCleat","conspire:DecoderRing","Bronze Scales","Meat on the Bone"],"acts_visited":["Exordium"],"potions_floor_usage":[],"damage_taken":[{"damage":0,"enemies":"2 Louse","floor":1,"turns":1},{"damage":0,"enemies":"conspire:MimicChest","floor":2,"turns":1},{"damage":0,"enemies":"3 Sentries","floor":7,"turns":1},{"damage":5,"enemies":"Jaw Worm","floor":11,"turns":3},{"damage":5,"enemies":"Lagavulin","floor":13,"turns":7},{"damage":4,"enemies":"Small Slimes","floor":14,"turns":2},{"damage":53,"enemies":"Slime Boss","floor":16,"turns":9}],"seed_played":"-3562287822693492725","potions_obtained":[{"floor":7,"key":"SteroidPotion"},{"floor":13,"key":"LiquidMemories"}],"is_trial":false,"path_per_floor":["M","?","?","?","$","R","E","?","T","R","M","R","E","M","R","B"],"character_chosen":"DEFECT","items_purchased":[],"campfire_rested":0,"item_purchase_floors":[],"current_hp_per_floor":[64,64,64,64,64,64,64,64,64,64,59,59,54,50,50,0,0],"gold":166,"neow_bonus":"THREE_ENEMY_KILL","is_daily":false,"chose_seed":false,"campfire_upgraded":4,"win_rate":0.0,"timestamp":1610404926,"path_taken":["M","?","?","?","?","R","E","?","T","R","?","R","E","M","R","BOSS"],"items_purchased_type":[],"build_version":"2020-12-22","purchased_purges":1,"victory":false,"max_hp_per_floor":[71,71,71,71,71,71,71,71,71,71,71,71,71,71,71,71,71],"card_choices":[{"not_picked":["Cold Snap","Hologram"],"picked":"Go for the Eyes","floor":1},{"not_picked":["Melter","Rebound"],"picked":"Chill","floor":2},{"not_picked":["Meteor Strike","Steam"],"picked":"All For One","floor":7},{"not_picked":["Auto Shields","Steam"],"picked":"Tempest","floor":11},{"not_picked":["Hologram","Steam"],"picked":"Storm","floor":13},{"not_picked":["Rip and Tear","Barrage"],"picked":"Capacitor","floor":14}],"player_experience":1058225,"relics_obtained":[{"floor":2,"key":"HornCleat"},{"floor":7,"key":"conspire:DecoderRing"},{"floor":9,"key":"Bronze Scales"},{"floor":13,"key":"Meat on the Bone"}],"event_choices":[{"damage_healed":0,"gold_gain":0,"player_choice":"Grow","damage_taken":0,"max_hp_gain":0,"max_hp_loss":0,"event_name":"Living Wall","floor":3,"gold_loss":0,"cards_upgraded":["Zap"]},{"damage_healed":0,"gold_gain":0,"player_choice":"Invest 1","damage_taken":0,"max_hp_gain":0,"max_hp_loss":0,"event_name":"conspire:Investor","floor":4,"gold_loss":0},{"damage_healed":0,"gold_gain":0,"player_choice":"1 cards matched","damage_taken":0,"max_hp_gain":0,"max_hp_loss":0,"event_name":"Match and Keep!","floor":8,"gold_loss":0,"cards_obtained":["Capacitor"]}],"is_beta":false,"boss_relics":[],"items_purged_floors":[5],"is_endless":false,"potions_floor_spawned":[7,13],"killed_by":"Slime Boss","ascension_level":19}}