{"host":"ga4s3hj9m6nkn6gp","time":1610361669,"event":{"mods":["AchievementEnabler","BaseMod","Bestiary","Colored Powertips","Highlight Path","Minty Spire (QoL Compilation)","Relic Stats","everything is the same but u backflip on backflip"],"gold_per_floor":[116,130,147,157,157,157,192,203,203,203,237,68,68,84,84,162,162,177,187,107,125,125,125,125],"floor_reached":23,"playtime":1135,"items_purged":[],"score":406,"play_id":"1c23b277-650f-4028-a496-f8ea4815bb6e","local_time":"20210111114109","is_ascension_mode":true,"campfire_choices":[{"data":"Dash","floor":6.0,"key":"SMITH"},{"data":"Bouncing Flask","floor":10.0,"key":"SMITH"},{"floor":13.0,"key":"REST"},{"data":"Dodge and Roll","floor":15.0,"key":"SMITH"}],"circlet_count":0,"master_deck":["AscendersBane","Strike_G","Strike_G","Defend_G","Defend_G","Defend_G","Defend_G","Defend_G","Survivor","Neutralize","Choke","Dodge and Roll+1","Deadly Poison","Dash+1","Bouncing Flask+1","Malaise","Prepared+1","Cloak And Dagger+1","Escape Plan+1","Cloak And Dagger","Accuracy","Blur"],"relics":["Ring of the Snake","NeowsBlessing","Centennial Puzzle","Matryoshka","Boot","Kunai","TwistedFunnel","Astrolabe"],"acts_visited":["Exordium","TheCity"],"potions_floor_usage":[16,16,21],"damage_taken":[{"damage":0.0,"enemies":"Cultist","floor":1.0,"turns":1.0},{"damage":0.0,"enemies":"2 Louse","floor":2.0,"turns":1.0},{"damage":0.0,"enemies":"Small Slimes","floor":3.0,"turns":1.0},{"damage":8.0,"enemies":"Looter","floor":4.0,"turns":4.0},{"damage":14.0,"enemies":"3 Sentries","floor":7.0,"turns":12.0},{"damage":13.0,"enemies":"3 Louse","floor":8.0,"turns":4.0},{"damage":12.0,"enemies":"Lagavulin","floor":11.0,"turns":5.0},{"damage":3.0,"enemies":"Blue Slaver","floor":14.0,"turns":3.0},{"damage":23,"enemies":"Hexaghost","floor":16,"turns":8},{"damage":1,"enemies":"Chosen","floor":18,"turns":5},{"damage":8,"enemies":"3 Byrds","floor":19,"turns":4},{"damage":24,"enemies":"Cultist and Chosen","floor":21,"turns":6},{"damage":19,"enemies":"Book of Stabbing","floor":23,"turns":5}],"seed_played":"1729313402255255339","potions_obtained":[{"floor":1.0,"key":"EntropicBrew"},{"floor":8.0,"key":"EssenceOfSteel"},{"floor":11.0,"key":"Swift Potion"},{"floor":16,"key":"AttackPotion"},{"floor":21,"key":"SmokeBomb"}],"is_trial":false,"path_per_floor":["M","M","M","M","T","R","E","M","T","R","E","$","R","M","R","B",null,"M","M","$","M","$","E"],"character_chosen":"THE_SILENT","items_purchased":["TwistedFunnel","Accuracy"],"campfire_rested":1,"item_purchase_floors":[12,20],"current_hp_per_floor":[59,59,59,51,51,51,37,24,24,24,12,12,31,28,28,5,51,50,42,42,18,18,0,0],"gold":125,"neow_bonus":"THREE_ENEMY_KILL","is_daily":false,"chose_seed":false,"campfire_upgraded":3,"win_rate":0.0,"timestamp":1610361669,"path_taken":["M","?","M","?","?","R","E","M","T","R","E","$","R","M","R","BOSS","M","M","$","M","?","E"],"items_purchased_type":["Relic","Card"],"build_version":"2020-12-22","purchased_purges":0,"victory":false,"max_hp_per_floor":[66,66,66,66,66,66,66,66,66,66,66,66,66,66,66,66,66,66,66,66,66,66,66,66],"relic_stats":{"Centennial Puzzle":[27],"counters":[13,59],"Astrolabe":["Prepared","Cloak And Dagger","Escape Plan"],"Kunai":[6],"Boot":[43],"obtain_stats":[{"TwistedFunnel":12,"Centennial Puzzle":5,"Matryoshka":7,"NeowsBlessing":0,"Astrolabe":17,"Kunai":11,"Boot":9,"Ring of the Snake":0},{"TwistedFunnel":7,"Centennial Puzzle":4,"Matryoshka":5,"NeowsBlessing":0,"Astrolabe":9,"Kunai":7,"Boot":6,"Ring of the Snake":0},{"TwistedFunnel":28,"Centennial Puzzle":7,"Matryoshka":19,"NeowsBlessing":0,"Astrolabe":39,"Kunai":28,"Boot":23,"Ring of the Snake":0}],"Ring of the Snake":[26]},"card_choices":[{"not_picked":["Expertise","Slice"],"picked":"Choke","floor":1.0},{"not_picked":["Deflect","Outmaneuver"],"picked":"Dodge and Roll","floor":2.0},{"not_picked":["Backflip","PiercingWail"],"picked":"Deadly Poison","floor":3.0},{"not_picked":["A Thousand Cuts","Outmaneuver"],"picked":"Dash","floor":4.0},{"not_picked":["Concentrate","Dagger Spray"],"picked":"Bouncing Flask","floor":7.0},{"not_picked":["Slice","Acrobatics","Outmaneuver"],"picked":"SKIP","floor":8.0},{"not_picked":["Deflect","Leg Sweep","Dagger Spray"],"picked":"SKIP","floor":11.0},{"not_picked":["All Out Attack","Bane","Flying Knee"],"picked":"SKIP","floor":14.0},{"not_picked":["Venomology","Envenom"],"picked":"Malaise","floor":16},{"not_picked":["Bane","Deadly Poison","Flying Knee"],"picked":"SKIP","floor":18},{"not_picked":["Underhanded Strike","Deadly Poison"],"picked":"Cloak And Dagger","floor":19},{"not_picked":["Underhanded Strike","Acrobatics"],"picked":"Blur","floor":21}],"player_experience":608057,"relics_obtained":[{"floor":5.0,"key":"Centennial Puzzle"},{"floor":7.0,"key":"Matryoshka"},{"floor":9.0,"key":"Boot"},{"floor":11.0,"key":"Kunai"}],"event_choices":[],"is_beta":false,"boss_relics":[{"not_picked":["Velvet Choker","Black Star"],"picked":"Astrolabe"}],"items_purged_floors":[],"is_endless":false,"potions_floor_spawned":[1,8,11,16,21],"killed_by":"Book of Stabbing","ascension_level":20}}