{"host":"h4lp0eeso8a0ssq0","time":1610384458,"event":{"mods":["2.2 Compatiblity","AchievementEnabler","BaseMod","CapriCore","Colored Map","Minty Spire (QoL Compilation)","StSLib","SuperFastMode"],"gold_per_floor":[114,128,147,163,238,238,238,238,238,248,248,276,304,316,328,445,457,480,264,283,62,75,75,89,89,89,114,157,157,432,450,450,450,450],"floor_reached":33,"playtime":957,"items_purged":["Strike_G"],"score":390,"play_id":"724ac696-e232-4b18-a87f-674069a1e8c7","local_time":"20210112020058","is_ascension_mode":true,"campfire_choices":[{"data":"Blade Dance","floor":6.0,"key":"SMITH"},{"data":"Blade Dance","floor":8.0,"key":"SMITH"},{"data":"Crippling Poison","floor":11.0,"key":"SMITH"},{"floor":15.0,"key":"REST"},{"data":"Bullet Time","floor":23.0,"key":"SMITH"},{"data":"Acrobatics","floor":25.0,"key":"SMITH"},{"data":"Finisher","floor":29.0,"key":"SMITH"},{"data":"Terror","floor":32,"key":"SMITH"}],"circlet_count":0,"master_deck":["Strike_G","Strike_G","Strike_G","Defend_G","Defend_G","Defend_G","Defend_G","Defend_G","Survivor","Neutralize","Blade Dance+1","Blade Dance+1","Flying Knee","Acrobatics+1","Escape Plan","Crippling Poison+1","Finisher+1","Phantasmal Killer","Bullet Time+1","Backflip","Choke","Terror+1","Cloak And Dagger","Backflip+1","Tactician","Escape Plan"],"relics":["Ring of the Snake","The Specimen","HornCleat","MawBank","Black Star","Omamori","CeramicFish","Boot","Matryoshka"],"acts_visited":["Exordium","TheCity"],"potions_floor_usage":[33,33],"damage_taken":[{"damage":4.0,"enemies":"Cultist","floor":1.0,"turns":4.0},{"damage":2.0,"enemies":"Jaw Worm","floor":2.0,"turns":4.0},{"damage":5.0,"enemies":"Small Slimes","floor":3.0,"turns":3.0},{"damage":0.0,"enemies":"2 Fungi Beasts","floor":4.0,"turns":2.0},{"damage":12.0,"enemies":"Lots of Slimes","floor":10.0,"turns":3.0},{"damage":18.0,"enemies":"Gremlin Nob","floor":12.0,"turns":4.0},{"damage":0.0,"enemies":"3 Louse","floor":13.0,"turns":3.0},{"damage":21.0,"enemies":"The Guardian","floor":16.0,"turns":12.0},{"damage":2.0,"enemies":"Shell Parasite","floor":18.0,"turns":4.0},{"damage":0.0,"enemies":"3 Byrds","floor":20.0,"turns":4.0},{"damage":6.0,"enemies":"Snake Plant","floor":22.0,"turns":4.0},{"damage":0.0,"enemies":"Snecko","floor":24.0,"turns":3.0},{"damage":12.0,"enemies":"Cultist and Chosen","floor":27.0,"turns":6.0},{"damage":13.0,"enemies":"Slavers","floor":28.0,"turns":3.0},{"damage":0,"enemies":"Chosen and Byrds","floor":31,"turns":2},{"damage":28,"enemies":"Collector","floor":33,"turns":6}],"seed_played":"-7037514769153771768","potions_obtained":[{"floor":1.0,"key":"DistilledChaos"},{"floor":4.0,"key":"Strength Potion"},{"floor":16.0,"key":"CunningPotion"},{"floor":20.0,"key":"DuplicationPotion"},{"floor":22.0,"key":"Strength Potion"},{"floor":28.0,"key":"SpeedPotion"},{"floor":31,"key":"EssenceOfSteel"}],"is_trial":false,"path_per_floor":["M","M","M","M","?","R","?","R","T","M","R","E","M","?","R","B",null,"M","$","M","$","M","R","M","R","T","M","E","R","?","M","R","B"],"character_chosen":"THE_SILENT","items_purchased":["Fruit Juice","Backflip","Omamori","Terror"],"campfire_rested":1,"item_purchase_floors":[19,19,21,21],"current_hp_per_floor":[59,57,52,52,41,41,38,38,38,26,26,8,8,8,29,8,55,53,58,58,58,52,52,52,52,52,40,27,27,27,27,27,0,0],"gold":450,"neow_bonus":"THREE_CARDS","is_daily":false,"chose_seed":false,"campfire_upgraded":7,"win_rate":0.0,"timestamp":1610384458,"path_taken":["M","?","M","M","?","R","?","R","T","M","R","E","M","?","R","BOSS","M","$","M","$","?","R","M","R","T","M","E","R","?","?","R","BOSS"],"items_purchased_type":["Potion","Card","Relic","Card"],"build_version":"2020-12-22","purchased_purges":1,"victory":false,"max_hp_per_floor":[70,70,70,70,70,70,70,70,70,70,70,70,70,70,70,70,70,70,75,75,75,75,75,75,75,75,75,75,75,75,75,75,75,75],"card_choices":[{"not_picked":["Deadly Poison","Flying Knee"],"picked":"Blade Dance","floor":0.0},{"not_picked":["Well Laid Plans","Poisoned Stab"],"picked":"Blade Dance","floor":1.0},{"not_picked":["Flechettes","Deflect"],"picked":"Flying Knee","floor":2.0},{"not_picked":["Deadly Poison","Slice"],"picked":"Acrobatics","floor":3.0},{"not_picked":["Slice","Prepared"],"picked":"Escape Plan","floor":4.0},{"not_picked":["Prepared","Sucker Punch"],"picked":"Crippling Poison","floor":10.0},{"not_picked":["Deflect","Deadly Poison"],"picked":"Finisher","floor":12.0},{"not_picked":["Finisher","Caltrops"],"picked":"Phantasmal Killer","floor":13.0},{"not_picked":["Glass Knife","Venomology"],"picked":"Bullet Time","floor":16.0},{"not_picked":["Slice","Crippling Poison","Eviscerate+1"],"picked":"SKIP","floor":18.0},{"not_picked":["Dagger Spray","Outmaneuver+1"],"picked":"Choke","floor":20.0},{"not_picked":["Slice+1","Underhanded Strike"],"picked":"Cloak And Dagger","floor":22.0},{"not_picked":["Slice","Dodge and Roll+1"],"picked":"Backflip+1","floor":24.0},{"not_picked":["Tactician","Deadly Poison+1","Skewer"],"picked":"SKIP","floor":27.0},{"not_picked":["Deadly Poison+1","Skewer"],"picked":"Tactician","floor":27.0},{"not_picked":["Terror+1","Dodge and Roll"],"picked":"Escape Plan","floor":28.0},{"not_picked":["Masterful Stab","Dodge and Roll","Riddle With Holes"],"picked":"SKIP","floor":31}],"player_experience":137123,"relics_obtained":[{"floor":9.0,"key":"HornCleat"},{"floor":12.0,"key":"MawBank"},{"floor":26.0,"key":"CeramicFish"},{"floor":28.0,"key":"Boot"},{"floor":28.0,"key":"Matryoshka"}],"event_choices":[{"damage_healed":0.0,"max_hp_gain":0.0,"max_hp_loss":0.0,"gold_gain":75.0,"event_name":"World of Goop","player_choice":"Gather Gold","floor":5.0,"gold_loss":0.0,"damage_taken":11.0},{"damage_healed":0.0,"max_hp_gain":0.0,"max_hp_loss":0.0,"gold_gain":0.0,"event_name":"Scrap Ooze","player_choice":"Success","floor":7.0,"gold_loss":0.0,"damage_taken":3.0,"relics_obtained":["The Specimen"]},{"cards_removed":["Strike_G"],"damage_healed":0.0,"max_hp_gain":0.0,"max_hp_loss":0.0,"gold_gain":0.0,"event_name":"Wheel of Change","player_choice":"Card Removal","floor":14.0,"gold_loss":0.0,"damage_taken":0.0},{"damage_healed":0.0,"max_hp_gain":0.0,"max_hp_loss":0.0,"gold_gain":275.0,"event_name":"Golden Shrine","player_choice":"Desecrate","floor":30.0,"gold_loss":0.0,"damage_taken":0.0,"cards_obtained":["Regret"]}],"is_beta":false,"boss_relics":[{"not_picked":["Tiny House","Runic Dome"],"picked":"Black Star"}],"items_purged_floors":[19],"is_endless":false,"potions_floor_spawned":[1,4,16,20,22,28,31],"killed_by":"Collector","ascension_level":9}}