{"host":"xb8s6f94jxtwitgf","time":1610392068,"event":{"mods":["Act Like it!","BaseMod","Better Third Choice","BetterRewards","GifTheSpireLib","Hubris","Minty Spire (QoL Compilation)","Remove Card Discount Mod","Spicy Shops","Spikes Relics","StSLib","The Death Knight"],"gold_per_floor":[117,117,127,140,158,187,187,152,152,478,478,478,540,557,557,661,661,677,691,704,720,770,770,770],"floor_reached":23,"playtime":2047,"items_purged":[],"score":256,"play_id":"355a9de8-eea6-4f75-add6-fe49cf51e2be","local_time":"20210111190748","is_ascension_mode":true,"campfire_choices":[{"floor":7.0,"key":"REST"},{"data":"DeathKnight:Defile","floor":12.0,"key":"SMITH"},{"data":"DeathKnight:FesteringStrike","floor":15.0,"key":"SMITH"}],"circlet_count":0,"master_deck":["DeathKnight:Strike_DeathKnight","DeathKnight:Strike_DeathKnight","DeathKnight:Strike_DeathKnight","DeathKnight:Strike_DeathKnight","DeathKnight:Strike_DeathKnight","DeathKnight:Defend_DeathKnight","DeathKnight:Defend_DeathKnight","DeathKnight:Defend_DeathKnight","DeathKnight:Defend_DeathKnight","DeathKnight:Defend_DeathKnight","DeathKnight:RuneTap","DeathKnight:RuneStrike","DeathKnight:Culling","DeathKnight:FesteringStrike+1","DeathKnight:DancingRuneblade","DeathKnight:Defile+1","DeathKnight:Pestilence","DeathKnight:Pestilence","DeathKnight:UnholyExperiment","DeathKnight:Contagion","DeathKnight:DeathAndDecay"],"relics":["DeathKnight:BrokenRuneblade","BrokenLever","Shuriken","Old Coin","SsserpentHead","hubris:CrackedHourglass"],"acts_visited":["Exordium","TheCity"],"potions_floor_usage":[20,20,20,21,21,23,23,23],"damage_taken":[{"damage":4.0,"enemies":"Small Slimes","floor":1.0,"turns":4.0},{"damage":0.0,"enemies":"2 Louse","floor":3.0,"turns":2.0},{"damage":6.0,"enemies":"Cultist","floor":4.0,"turns":4.0},{"damage":40.0,"enemies":"Exordium Thugs","floor":5.0,"turns":7.0},{"damage":19.0,"enemies":"Gremlin Nob","floor":6.0,"turns":4.0},{"damage":6.0,"enemies":"Lagavulin","floor":10.0,"turns":5.0},{"damage":9.0,"enemies":"Red Slaver","floor":13.0,"turns":4.0},{"damage":9.0,"enemies":"Exordium Wildlife","floor":14.0,"turns":6.0},{"damage":1.0,"enemies":"The Guardian","floor":16.0,"turns":7.0},{"damage":29.0,"enemies":"Spheric Guardian","floor":18.0,"turns":5.0},{"damage":0.0,"enemies":"Chosen","floor":19.0,"turns":4.0},{"damage":12,"enemies":"Centurion and Healer","floor":20,"turns":4},{"damage":19,"enemies":"Snake Plant","floor":21,"turns":3},{"damage":19,"enemies":"Slavers","floor":23,"turns":1}],"seed_played":"1537975159805716370","potions_obtained":[{"floor":3.0,"key":"Weak Potion"},{"floor":5.0,"key":"EssenceOfSteel"},{"floor":6.0,"key":"AttackPotion"},{"floor":10.0,"key":"SpeedPotion"},{"floor":13.0,"key":"Dexterity Potion"},{"floor":16.0,"key":"Ancient Potion"},{"floor":18.0,"key":"SpeedPotion"},{"floor":20,"key":"DeathKnight:VirulencePotion"},{"floor":22,"key":"Regen Potion"},{"floor":22,"key":"FearPotion"}],"is_trial":false,"path_per_floor":["M","?","M","M","M","E","R","?","T","E","?","R","M","M","R","B",null,"M","M","M","M","?","E"],"character_chosen":"DEATH_KNIGHT","items_purchased":[],"campfire_rested":1,"item_purchase_floors":[],"current_hp_per_floor":[78,81,81,75,35,16,41,62,62,56,56,56,47,38,38,37,73,44,44,32,13,13,0,0],"gold":770,"neow_bonus":"TEN_PERCENT_HP_BONUS","is_daily":false,"chose_seed":false,"campfire_upgraded":2,"win_rate":0.0,"timestamp":1610392068,"path_taken":["M","?","M","M","M","E","R","?","T","E","?","R","?","M","R","BOSS","M","M","M","M","?","E"],"items_purchased_type":[],"build_version":"2020-12-22","purchased_purges":0,"victory":false,"max_hp_per_floor":[82,85,85,85,85,85,85,85,85,85,85,85,85,85,85,85,85,85,85,85,85,85,85,85],"card_choices":[{"not_picked":["DeathKnight:ChainsOfIce","DeathKnight:PillarOfFrost","DeathKnight:DreadStrike"],"picked":"SKIP","floor":1.0},{"not_picked":["DeathKnight:UnholyPresence","DeathKnight:FoulBulwark"],"picked":"DeathKnight:Culling","floor":3.0},{"not_picked":["DeathKnight:ChainsOfIce","DeathKnight:Obliterate"],"picked":"DeathKnight:FesteringStrike","floor":4.0},{"not_picked":["DeathKnight:HornOfWinter","DeathKnight:ScourgeStrike"],"picked":"DeathKnight:DancingRuneblade","floor":5.0},{"not_picked":["DeathKnight:FrosPresence","DeathKnight:RaiseAlly"],"picked":"DeathKnight:Defile","floor":6.0},{"not_picked":["DeathKnight:IceboundArmor","DeathKnight:BoneSpear"],"picked":"DeathKnight:Pestilence","floor":10.0},{"not_picked":["DeathKnight:Ossuary","DeathKnight:Marrowrend","DeathKnight:Parry"],"picked":"SKIP","floor":13.0},{"not_picked":["DeathKnight:DreadStrike","DeathKnight:MutagenicPlague"],"picked":"DeathKnight:Pestilence","floor":14.0},{"not_picked":["DeathKnight:Frostscythe","DeathKnight:RunicDetonation"],"picked":"DeathKnight:UnholyExperiment","floor":16.0},{"not_picked":["DeathKnight:GargoyleSkin","DeathKnight:Parry"],"picked":"DeathKnight:Contagion","floor":18.0},{"not_picked":["DeathKnight:BoneShield","DeathKnight:Runeguard","DeathKnight:RunicCorruption"],"picked":"SKIP","floor":19.0},{"not_picked":["DeathKnight:BloodStrike","DeathKnight:ShatteringStrikes+1"],"picked":"DeathKnight:DeathAndDecay","floor":20},{"not_picked":["DeathKnight:Razorice","DeathKnight:DeathsAdvance","DeathKnight:Ossuary"],"picked":"SKIP","floor":21}],"player_experience":999935,"relics_obtained":[{"floor":6.0,"key":"BrokenLever"},{"floor":9.0,"key":"Shuriken"},{"floor":10.0,"key":"Old Coin"}],"event_choices":[{"damage_healed":21.0,"max_hp_gain":0.0,"max_hp_loss":0.0,"gold_gain":0.0,"event_name":"The Cleric","player_choice":"Healed","floor":8.0,"gold_loss":35.0,"damage_taken":0.0},{"damage_healed":0.0,"max_hp_gain":0.0,"max_hp_loss":0.0,"gold_gain":0.0,"event_name":"FaceTrader","player_choice":"Trade","floor":11.0,"gold_loss":0.0,"damage_taken":0.0,"relics_obtained":["SsserpentHead"]},{"damage_healed":0,"gold_gain":0,"player_choice":"Got Potions","damage_taken":0,"max_hp_gain":0,"max_hp_loss":0,"event_name":"Lab","floor":22,"gold_loss":0}],"is_beta":false,"boss_relics":[{"not_picked":["hubris:TerracottaHorce","hubris:VirtuousBlindfold"],"picked":"hubris:CrackedHourglass"}],"items_purged_floors":[],"is_endless":false,"potions_floor_spawned":[3,5,6,10,13,16,18,19,20],"killed_by":"Slavers","ascension_level":5}}