{"host":"dlqyscxstsnu98l1","time":1610386103,"event":{"mods":["AchievementEnabler","BaseMod","Bestiary","Colored Map","Colored Powertips","Conspire","Downfall","GifTheSpireLib","Highlight Path","Minty Spire (QoL Compilation)","Random Character Button","Replay The Spire","SacredBarkPlus","StSLib","everything is the same but u backflip on backflip"],"gold_per_floor":[112,309,328,355,355,380,392,392,392,409,438,438,463,251,251,356,356,366,386,186,200,75,107,118,146,191,191,218,218,228,240,240,343,343,361,260,310,329,348,680,691,725,725,725,737,763,776,790,790,790],"floor_reached":51,"playtime":3114,"items_purged":["Strike_B","Strike_B","Strike_B","Strike_B"],"score":1219,"play_id":"4ef27ef1-c535-4fdc-b055-17b6ec886f0a","local_time":"20210111112823","is_ascension_mode":false,"campfire_choices":[{"data":"Lockon","floor":8,"key":"SMITH"},{"data":"Electrodynamics","floor":15,"key":"SMITH"},{"floor":27,"key":"REST"},{"data":"ReplayTheSpireMod:Fabricate Wheel","floor":29,"key":"SMITH"},{"floor":32,"key":"REST"},{"data":"Echo Form","floor":44,"key":"SMITH"},{"data":"Capacitor","floor":49,"key":"SMITH"}],"circlet_count":0,"master_deck":["Defend_B","Defend_B","Defend_B","Defend_B","Zap","Dualcast+1","Lockon+1","ReplayTheSpireMod:Splinters","FTL","Defragment","Cold Snap","Auto Shields","FTL","Electrodynamics+1","Storm+1","Auto Shields","FIFO Queue","FTL+1","Biased Cognition","Leap+1","Echo Form+1","Leap+1","Defragment","Consume+1","Consume","Defragment","Capacitor+1","Thunder Strike+1"],"relics":["Cracked Core","NeowsBlessing","TungstenRod","FossilizedHelix","Lizard Tail","Onion Ring","Pocketwatch","Philosopher\u0027s Stone","Membership Card","Molten Egg 2","Replay:Towering Pillar of Hats","Replay:Rubber Ducky","conspire:Dentures","Prayer Wheel","Black Star","Replay:Kaleidoscope","Mummified Hand","Old Coin","Peace Pipe","Carrot","Iron Hammer","ReplayTheSpireMod:TigerMarble","conspire:BottledYoYo"],"acts_visited":["Exordium","TheCity","TheBeyond"],"potions_floor_usage":[11,11,23,23,25,28,37,39,45,46,50,50],"damage_taken":[{"damage":0,"enemies":"Jaw Worm","floor":1,"turns":1},{"damage":0,"enemies":"2 Louse","floor":3,"turns":1},{"damage":0,"enemies":"conspire:MimicChest","floor":4,"turns":1},{"damage":27,"enemies":"3 Sentries","floor":6,"turns":7},{"damage":0,"enemies":"Small Slimes","floor":7,"turns":2},{"damage":1,"enemies":"Looter","floor":10,"turns":3},{"damage":0,"enemies":"Gremlin Nob","floor":11,"turns":4},{"damage":5,"enemies":"3 Sentries","floor":13,"turns":6},{"damage":10,"enemies":"Hexaghost","floor":16,"turns":8},{"damage":0,"enemies":"conspire:FuzzyDice","floor":18,"turns":3},{"damage":6,"enemies":"Shell Parasite","floor":19,"turns":3},{"damage":0,"enemies":"3 Cultists","floor":21,"turns":3},{"damage":20,"enemies":"Gremlin Leader","floor":23,"turns":4},{"damage":0,"enemies":"conspire:HollyBat","floor":24,"turns":6},{"damage":20,"enemies":"Slavers","floor":25,"turns":4},{"damage":23,"enemies":"Book of Stabbing","floor":28,"turns":5},{"damage":18,"enemies":"Snake Plant","floor":30,"turns":4},{"damage":0,"enemies":"Shelled Parasite and Fungi","floor":31,"turns":3},{"damage":0,"enemies":"Pondfish","floor":33,"turns":9},{"damage":9,"enemies":"3 Shapes","floor":35,"turns":4},{"damage":0,"enemies":"Mind Bloom Boss Battle","floor":37,"turns":5},{"damage":0,"enemies":"3 Darklings","floor":38,"turns":3},{"damage":21,"enemies":"Jaw Worm Horde","floor":39,"turns":2},{"damage":0,"enemies":"Giant Head","floor":40,"turns":6},{"damage":0,"enemies":"Sphere and 2 Shapes","floor":41,"turns":5},{"damage":0,"enemies":"R_Hoarder","floor":42,"turns":4},{"damage":0,"enemies":"Transient","floor":45,"turns":5},{"damage":0,"enemies":"Reptomancer","floor":46,"turns":4},{"damage":0,"enemies":"Writhing Mass","floor":47,"turns":2},{"damage":0,"enemies":"Maw","floor":48,"turns":5},{"damage":7,"enemies":"Donu and Deca","floor":50,"turns":4}],"seed_played":"-5882324426006621249","potions_obtained":[{"floor":1,"key":"Guardian:BlockOnCardUsePotion"},{"floor":10,"key":"LifebloodPotion"},{"floor":16,"key":"Swift Potion"},{"floor":18,"key":"PotionOfCapacity"},{"floor":21,"key":"Milkshake"},{"floor":24,"key":"Dexterity Potion"},{"floor":25,"key":"DistilledChaos"},{"floor":35,"key":"GamblersBrew"},{"floor":37,"key":"Death Potion"},{"floor":42,"key":"Fire Potion"},{"floor":45,"key":"Strength Potion"},{"floor":47,"key":"SpeedPotion"}],"is_trial":false,"path_per_floor":["M","?","M","?","?","E","M","R","T","M","E","?","E","$","R","B",null,"M","M","$","M","$","E","M","E","T","R","E","R","M","M","R","B",null,"M","$","?","M","M","E","M","E","T","R","M","E","M","M","R","B",null],"character_chosen":"DEFECT","items_purchased":["Storm+1","Auto Shields","Membership Card","Adrenaline Potion","FIFO Queue","Fire Potion"],"campfire_rested":2,"item_purchase_floors":[14,14,20,22,22,36],"current_hp_per_floor":[75,75,75,75,75,48,48,48,48,47,47,47,42,42,42,32,75,75,69,69,69,69,49,49,29,29,51,28,28,10,10,32,32,75,66,66,66,66,45,45,45,45,45,45,45,45,45,45,45,38],"gold":790,"neow_bonus":"THREE_ENEMY_KILL","is_daily":false,"chose_seed":false,"campfire_upgraded":5,"win_rate":0.0,"timestamp":1610386103,"path_taken":["M","?","M","?","?","E","M","R","T","M","E","?","E","$","R","BOSS","M","M","$","M","$","E","M","E","T","R","E","R","M","M","R","BOSS","M","$","?","M","M","E","M","E","T","R","M","E","M","M","R","BOSS"],"items_purchased_type":["Card","Card","Relic","Potion","Card","Potion"],"build_version":"2020-12-22","purchased_purges":4,"victory":true,"max_hp_per_floor":[75,75,75,75,75,75,75,75,75,75,75,75,75,75,75,75,75,75,75,75,75,75,75,75,75,75,75,75,75,75,75,75,75,75,75,75,75,75,75,75,75,75,75,75,75,75,75,75,75,75],"card_choices":[{"not_picked":["Barrage","Ball Lightning"],"picked":"Lockon","floor":1},{"not_picked":["Steam Power","Hologram"],"picked":"FTL","floor":3},{"not_picked":["Scrape","Auto Shields"],"picked":"Defragment","floor":4},{"not_picked":["Gash","Compile Driver"],"picked":"Cold Snap","floor":6},{"not_picked":["Melter","Leap"],"picked":"Auto Shields","floor":7},{"not_picked":["Hello World","Rip and Tear","Fusion"],"picked":"SKIP","floor":10},{"not_picked":["Force Field","Rebound"],"picked":"FTL","floor":11},{"not_picked":["Reinforced Body","Crystallizer"],"picked":"Electrodynamics","floor":13},{"not_picked":["Amplify","Mirror Shield"],"picked":"ReplayTheSpireMod:Fabricate Wheel","floor":16},{"not_picked":["Go for the Eyes","Hologram","Ball Lightning"],"picked":"SKIP","floor":18},{"not_picked":["Rebound","Conserve Battery","Reprogram"],"picked":"SKIP","floor":19},{"not_picked":["Steam","Coolheaded","Hologram"],"picked":"SKIP","floor":21},{"not_picked":["Go for the Eyes+1","Reboot","Leap"],"picked":"SKIP","floor":23},{"not_picked":["Go for the Eyes+1","Reboot","Leap"],"picked":"SKIP","floor":23},{"not_picked":["Cold Snap+1","Rebound+1","BasicCrystalCard"],"picked":"SKIP","floor":24},{"not_picked":["Chaos","Beam Cell+1"],"picked":"FTL+1","floor":25},{"not_picked":["Cold Snap+1","Panic Button","Ball Lightning+1"],"picked":"SKIP","floor":28},{"not_picked":["Steam","Ball Lightning+1","Streamline+1"],"picked":"SKIP","floor":30},{"not_picked":["ReplayRNGCard","Ball Lightning+1","ReplayTheSpireMod:Reroute Power"],"picked":"SKIP","floor":30},{"not_picked":["Streamline+1","Steam Power"],"picked":"Leap+1","floor":31},{"not_picked":["Compile Driver+1","Ball Lightning+1","Rebound+1"],"picked":"SKIP","floor":31},{"not_picked":["All For One+1","Multi-Cast"],"picked":"Echo Form","floor":33},{"not_picked":["Streamline+1","Ball Lightning+1"],"picked":"Leap+1","floor":35},{"not_picked":["Turbo","Steam+1","Cold Snap+1"],"picked":"SKIP","floor":35},{"not_picked":["FIFO Queue+1","Streamline+1"],"picked":"Defragment","floor":37},{"not_picked":["FTL+1","Streamline+1"],"picked":"Consume+1","floor":38},{"not_picked":["Sweeping Beam+1","Steam+1","Conserve Battery"],"picked":"SKIP","floor":38},{"not_picked":["ReplayTheSpireMod:Reroute Power","Double Energy"],"picked":"Consume","floor":39},{"not_picked":["Stack","conspire:Rain"],"picked":"Defragment","floor":39},{"not_picked":["ReplayTheSpireMod:Calculation Training+1","Genetic Algorithm","Hello World"],"picked":"SKIP","floor":40},{"not_picked":["Chaos","Barrage+1"],"picked":"Capacitor","floor":41},{"not_picked":["ReplayTheSpireMod:Fabricate Wheel","Steam","Leap+1"],"picked":"SKIP","floor":41},{"not_picked":["Glacier+1","ReplaySort"],"picked":"Thunder Strike+1","floor":42},{"not_picked":["Gash+1","Steam","Coolheaded"],"picked":"SKIP","floor":45},{"not_picked":["Ball Lightning+1","Reprogram+1","Rip and Tear+1"],"picked":"SKIP","floor":45},{"not_picked":["Redo+1","Compile Driver+1","Stack+1"],"picked":"SKIP","floor":46},{"not_picked":["Panic Button+1","Conserve Battery","Streamline+1"],"picked":"SKIP","floor":47},{"not_picked":["Self Repair","Go for the Eyes+1","ReplayTheSpireMod:Reroute Power+1"],"picked":"SKIP","floor":47},{"not_picked":["Streamline+1","Hologram+1","Go for the Eyes+1"],"picked":"SKIP","floor":48},{"not_picked":["Panic Button+1","ReplayTheSpireMod:Repulse","Chaos+1"],"picked":"SKIP","floor":48}],"player_experience":32023,"relics_obtained":[{"floor":4,"key":"TungstenRod"},{"floor":6,"key":"FossilizedHelix"},{"floor":9,"key":"Lizard Tail"},{"floor":11,"key":"Onion Ring"},{"floor":13,"key":"Pocketwatch"},{"floor":23,"key":"Molten Egg 2"},{"floor":25,"key":"Replay:Towering Pillar of Hats"},{"floor":26,"key":"Replay:Rubber Ducky"},{"floor":28,"key":"conspire:Dentures"},{"floor":37,"key":"Replay:Kaleidoscope"},{"floor":40,"key":"Mummified Hand"},{"floor":40,"key":"Old Coin"},{"floor":42,"key":"Peace Pipe"},{"floor":42,"key":"Carrot"},{"floor":43,"key":"Iron Hammer"},{"floor":46,"key":"ReplayTheSpireMod:TigerMarble"},{"floor":46,"key":"conspire:BottledYoYo"}],"event_choices":[{"damage_healed":0,"gold_gain":0,"player_choice":"Disagree","damage_taken":0,"max_hp_gain":0,"max_hp_loss":0,"event_name":"conspire:LoneGhost","floor":12,"gold_loss":0},{"damage_healed":0,"gold_gain":0,"player_choice":"Fight","damage_taken":0,"max_hp_gain":0,"max_hp_loss":0,"event_name":"MindBloom","floor":37,"gold_loss":0}],"is_beta":false,"boss_relics":[{"not_picked":["conspire:SeveredTorchhead","Coffee Dripper"],"picked":"Philosopher\u0027s Stone"},{"not_picked":["SacredBark","Nuclear Battery"],"picked":"Black Star"}],"items_purged_floors":[14,20,22,36],"is_endless":false,"potions_floor_spawned":[1,10,16,18,21,24,25,35,37,38,42,45,47],"ascension_level":0}}