{"host":"sav7uxregyirlf69","time":1610329036,"event":{"mods":["AchievementEnabler","BaseMod","Colored Map","DeckTracker","Keyboard Shortcuts","Minty Spire (QoL Compilation)","READ ME - Guardian Mod","StSLib","SuperFastMode"],"gold_per_floor":[115,115,131,149,163,195,195,50,50,83,93,93,93],"floor_reached":12,"playtime":266,"items_purged":["Normality"],"score":135,"play_id":"6f66067a-2a18-4918-9c7f-1aa6d3913802","local_time":"20210111103716","is_ascension_mode":true,"campfire_choices":[{"floor":7,"key":"REST"}],"circlet_count":0,"master_deck":["AscendersBane","Strike_P","Strike_P","Strike_P","Strike_P","Defend_P","Defend_P","Defend_P","Defend_P","Eruption+1","Vigilance","Tantrum","WreathOfFlame","EmptyBody","MentalFortress","CrushJoints"],"relics":["PureWater","Torii","PreservedInsect","Yang","GoldenEye"],"acts_visited":["Exordium"],"potions_floor_usage":[],"damage_taken":[{"damage":1.0,"enemies":"Small Slimes","floor":1.0,"turns":4.0},{"damage":0.0,"enemies":"Cultist","floor":3.0,"turns":3.0},{"damage":2.0,"enemies":"Jaw Worm","floor":4.0,"turns":4.0},{"damage":7.0,"enemies":"Exordium Thugs","floor":5.0,"turns":3.0},{"damage":38,"enemies":"Lagavulin","floor":6,"turns":5},{"damage":35,"enemies":"3 Sentries","floor":10,"turns":11},{"damage":0,"enemies":"Red Slaver","floor":11,"turns":5},{"damage":0,"enemies":"Gremlin Nob","floor":12,"turns":2}],"seed_played":"3571854523662372551","potions_obtained":[{"floor":3.0,"key":"GamblersBrew"},{"floor":10,"key":"BottledMiracle"}],"is_trial":false,"path_per_floor":["M","?","M","M","M","E","R","$","T","E","M","E"],"character_chosen":"WATCHER","items_purchased":["MentalFortress"],"campfire_rested":1,"item_purchase_floors":[8],"current_hp_per_floor":[64,64,64,62,55,17,38,38,38,3,3,3,3],"gold":93,"neow_bonus":"ONE_RARE_RELIC","is_daily":false,"chose_seed":false,"campfire_upgraded":0,"win_rate":0.0,"timestamp":1610329036,"path_taken":["M","?","M","?","M","E","R","$","T","E","M","E"],"items_purchased_type":["Card"],"build_version":"2020-12-22","purchased_purges":1,"victory":false,"max_hp_per_floor":[72,72,72,72,72,72,72,72,72,72,72,72,72],"card_choices":[{"not_picked":["FearNoEvil","Protect"],"picked":"Tantrum","floor":1.0},{"not_picked":["WaveOfTheHand","Wireheading"],"picked":"WreathOfFlame","floor":3.0},{"not_picked":["FlyingSleeves","ThirdEye","Protect"],"picked":"SKIP","floor":4.0},{"not_picked":["DeceiveReality","Pray"],"picked":"EmptyBody","floor":5.0},{"not_picked":["BattleHymn","DevaForm","FollowUp"],"picked":"SKIP","floor":6},{"not_picked":["BattleHymn","DevaForm","FollowUp"],"picked":"SKIP","floor":6},{"not_picked":["SashWhip","Protect"],"picked":"CrushJoints","floor":10},{"not_picked":["Consecrate","FollowUp","EmptyBody"],"picked":"SKIP","floor":11}],"player_experience":1234805,"relics_obtained":[{"floor":6,"key":"PreservedInsect"},{"floor":9,"key":"Yang"},{"floor":10,"key":"GoldenEye"}],"event_choices":[{"damage_healed":0.0,"max_hp_gain":0.0,"max_hp_loss":0.0,"gold_gain":0.0,"event_name":"Accursed Blacksmith","player_choice":"Forge","floor":2.0,"gold_loss":0.0,"damage_taken":0.0,"cards_upgraded":["Eruption"]}],"is_beta":false,"boss_relics":[],"items_purged_floors":[8],"is_endless":false,"potions_floor_spawned":[3,10],"killed_by":"Gremlin Nob","ascension_level":10}}