{"host":"ibckqdmmf9y74ymf","time":1610405838,"event":{"mods":["2.2 Compatiblity","Act Like it!","BaseMod","Minty Spire (QoL Compilation)","Quick Restart","Rare Cards Sparkle"],"gold_per_floor":[119,219,231,26,26,56,76,106,174,193,193,222,240,266,266,338,338,351,363,363,82,102,102,129,129,129,161,174,224,240,269,269,343,343,354,244,256,256,156,183,183,224,224,224,234,234,234,68,68,68,68],"floor_reached":50,"playtime":2389,"items_purged":["Strike_P","Strike_P"],"score":1572,"play_id":"ad64ec35-c265-4956-94fb-dcfe45e704c2","local_time":"20210111235718","is_ascension_mode":true,"campfire_choices":[{"data":"CrushJoints","floor":15.0,"key":"SMITH"},{"data":"LikeWater","floor":23.0,"key":"SMITH"},{"data":"MentalFortress","floor":25.0,"key":"SMITH"},{"floor":32,"key":"REST"},{"data":"WheelKick","floor":41,"key":"SMITH"},{"data":"Wallop","floor":44,"key":"SMITH"},{"data":"ReachHeaven","floor":49,"key":"SMITH"}],"circlet_count":0,"master_deck":["AscendersBane","Strike_P+1","Defend_P","Defend_P","Defend_P","Defend_P","Eruption","Vigilance","FearNoEvil","EmptyBody","SandsOfTime+1","CutThroughFate","FlyingSleeves","Vault","Tantrum","MentalFortress+1","CrushJoints+1","Vault+1","ReachHeaven+1","EmptyFist","LikeWater+1","SpiritShield","Wallop+1","Halt+1","Wallop+1","InnerPeace","FlurryOfBlows","WheelKick+1","Vault"],"relics":["PureWater","NeowsBlessing","Unceasing Top","Akabeko","Mummified Hand","Lantern","Juzu Bracelet","VioletLotus","HornCleat","Mercury Hourglass","StoneCalendar","Pantograph","Bag of Marbles","Busted Crown","CloakClasp","CeramicFish","OrangePellets"],"acts_visited":["Exordium","TheCity","TheBeyond"],"potions_floor_usage":[31,33],"damage_taken":[{"damage":0.0,"enemies":"Jaw Worm","floor":1.0,"turns":1.0},{"damage":0.0,"enemies":"Cultist","floor":3.0,"turns":1.0},{"damage":0.0,"enemies":"Gremlin Nob","floor":6.0,"turns":1.0},{"damage":1.0,"enemies":"Small Slimes","floor":7.0,"turns":3.0},{"damage":3.0,"enemies":"Lagavulin","floor":8.0,"turns":6.0},{"damage":0.0,"enemies":"Exordium Wildlife","floor":10.0,"turns":2.0},{"damage":0.0,"enemies":"3 Sentries","floor":12.0,"turns":3.0},{"damage":0.0,"enemies":"Lots of Slimes","floor":13.0,"turns":3.0},{"damage":0.0,"enemies":"Gremlin Nob","floor":14.0,"turns":4.0},{"damage":0.0,"enemies":"Slime Boss","floor":16.0,"turns":8.0},{"damage":9.0,"enemies":"2 Thieves","floor":18.0,"turns":3.0},{"damage":7.0,"enemies":"Chosen","floor":19.0,"turns":3.0},{"damage":10.0,"enemies":"Snake Plant","floor":22.0,"turns":3.0},{"damage":4.0,"enemies":"Book of Stabbing","floor":24.0,"turns":4.0},{"damage":10.0,"enemies":"Gremlin Leader","floor":27.0,"turns":5.0},{"damage":13.0,"enemies":"Centurion and Healer","floor":28.0,"turns":2.0},{"damage":12.0,"enemies":"Shelled Parasite and Fungi","floor":30.0,"turns":3.0},{"damage":6,"enemies":"Slavers","floor":31,"turns":4},{"damage":24,"enemies":"Champ","floor":33,"turns":14},{"damage":0,"enemies":"Orb Walker","floor":35,"turns":4},{"damage":0,"enemies":"3 Shapes","floor":37,"turns":4},{"damage":0,"enemies":"Reptomancer","floor":40,"turns":6},{"damage":0,"enemies":"Giant Head","floor":42,"turns":5},{"damage":6,"enemies":"Spire Growth","floor":45,"turns":4},{"damage":59,"enemies":"Awakened One","floor":50,"turns":16}],"seed_played":"-7027063248841338098","potions_obtained":[{"floor":1.0,"key":"LiquidBronze"},{"floor":3.0,"key":"EssenceOfSteel"},{"floor":8.0,"key":"Regen Potion"},{"floor":12.0,"key":"PowerPotion"},{"floor":14.0,"key":"DuplicationPotion"},{"floor":27.0,"key":"Dexterity Potion"},{"floor":30.0,"key":"Weak Potion"},{"floor":33,"key":"Ancient Potion"},{"floor":35,"key":"DuplicationPotion"},{"floor":42,"key":"PowerPotion"}],"is_trial":false,"path_per_floor":["M","?","M","$","$","E","M","E","T","M","?","E","M","E","R","B",null,"M","M","?","$","M","R","E","R","T","E","M","?","M","E","R","B",null,"M","?","M","?","$","E","R","E","T","R","M","?","?","$","R","B"],"character_chosen":"WATCHER","items_purchased":["SandsOfTime","CutThroughFate","HornCleat","OrangePellets"],"campfire_rested":1,"item_purchase_floors":[4,4,21,48],"current_hp_per_floor":[61,61,61,61,61,61,60,57,57,57,57,57,57,57,57,57,65,56,49,49,49,39,39,35,35,35,39,26,26,14,8,28,29,58,58,58,58,58,58,58,58,58,58,58,52,52,52,52,52,6,6],"gold":68,"neow_bonus":"THREE_ENEMY_KILL","is_daily":false,"chose_seed":false,"campfire_upgraded":6,"win_rate":0.0,"timestamp":1610405838,"path_taken":["M","?","M","?","$","E","M","E","T","M","?","E","?","E","R","BOSS","M","M","?","$","M","R","E","R","T","E","M","?","M","E","R","BOSS","M","?","M","?","$","E","R","E","T","R","M","?","?","$","R","BOSS"],"items_purchased_type":["Card","Card","Relic","Relic"],"build_version":"2020-12-22","purchased_purges":2,"victory":false,"max_hp_per_floor":[68,68,68,68,68,68,68,68,68,68,68,68,68,68,68,68,68,68,68,68,68,68,68,68,68,68,68,68,68,68,68,68,68,68,68,68,68,68,68,68,68,68,68,68,68,65,65,65,65,65,65],"card_choices":[{"not_picked":["WreathOfFlame","Swivel"],"picked":"FearNoEvil","floor":1.0},{"not_picked":["JustLucky","WaveOfTheHand"],"picked":"EmptyBody","floor":3.0},{"not_picked":["Protect","Worship"],"picked":"FlyingSleeves","floor":6.0},{"not_picked":["EmptyMind","ThirdEye"],"picked":"Vault","floor":7.0},{"not_picked":["Prostrate","JustLucky"],"picked":"Tantrum","floor":8.0},{"not_picked":["Crescendo","DeceiveReality"],"picked":"MentalFortress","floor":10.0},{"not_picked":["Halt","Nirvana"],"picked":"CrushJoints","floor":12.0},{"not_picked":["FollowUp","Sanctity"],"picked":"Vault","floor":13.0},{"not_picked":["JustLucky","WreathOfFlame","Sanctity"],"picked":"SKIP","floor":14.0},{"not_picked":["Perseverance","FollowUp"],"picked":"ReachHeaven","floor":18.0},{"not_picked":["CrushJoints","Evaluate+1"],"picked":"EmptyFist","floor":19.0},{"not_picked":["EmptyFist","Evaluate"],"picked":"LikeWater","floor":22.0},{"not_picked":["MentalFortress","Halt"],"picked":"SpiritShield","floor":24.0},{"not_picked":["Tantrum+1","Vengeance"],"picked":"Wallop+1","floor":27.0},{"not_picked":["EmptyBody","SashWhip+1"],"picked":"Halt+1","floor":28.0},{"not_picked":["Protect","Crescendo"],"picked":"Wallop","floor":30.0},{"not_picked":["Halt","SashWhip+1","Weave"],"picked":"SKIP","floor":31},{"not_picked":[],"picked":"InnerPeace","floor":35},{"not_picked":[],"picked":"FlurryOfBlows","floor":37},{"not_picked":[],"picked":"WheelKick","floor":40},{"not_picked":[],"picked":"Vault","floor":42},{"not_picked":["Protect"],"picked":"SKIP","floor":45}],"player_experience":897070,"relics_obtained":[{"floor":6.0,"key":"Unceasing Top"},{"floor":8.0,"key":"Akabeko"},{"floor":9.0,"key":"Mummified Hand"},{"floor":12.0,"key":"Lantern"},{"floor":14.0,"key":"Juzu Bracelet"},{"floor":24.0,"key":"Mercury Hourglass"},{"floor":26.0,"key":"StoneCalendar"},{"floor":27.0,"key":"Pantograph"},{"floor":31,"key":"Bag of Marbles"},{"floor":40,"key":"CloakClasp"},{"floor":42,"key":"CeramicFish"}],"event_choices":[{"damage_healed":0.0,"max_hp_gain":0.0,"max_hp_loss":0.0,"gold_gain":100.0,"event_name":"Wheel of Change","player_choice":"Gold","floor":2.0,"gold_loss":0.0,"damage_taken":0.0},{"damage_healed":0.0,"max_hp_gain":0.0,"max_hp_loss":0.0,"gold_gain":0.0,"event_name":"Accursed Blacksmith","player_choice":"Forge","floor":11.0,"gold_loss":0.0,"damage_taken":0.0,"cards_upgraded":["SandsOfTime"]},{"damage_healed":0.0,"max_hp_gain":0.0,"max_hp_loss":0.0,"gold_gain":0.0,"event_name":"Upgrade Shrine","player_choice":"Upgraded","floor":20.0,"gold_loss":0.0,"damage_taken":0.0,"cards_upgraded":["Vault"]},{"damage_healed":0.0,"max_hp_gain":0.0,"max_hp_loss":0.0,"gold_gain":50.0,"event_name":"Golden Shrine","player_choice":"Pray","floor":29.0,"gold_loss":0.0,"damage_taken":0.0},{"cards_removed":["Strike_P"],"damage_healed":0,"gold_gain":0,"player_choice":"Upgrade and Remove","damage_taken":0,"max_hp_gain":0,"max_hp_loss":0,"event_name":"Designer","floor":36,"gold_loss":110,"cards_upgraded":["Strike_P"]},{"damage_healed":0,"gold_gain":0,"player_choice":"Ignored","damage_taken":0,"max_hp_gain":0,"max_hp_loss":0,"event_name":"Tomb of Lord Red Mask","floor":38,"gold_loss":0},{"damage_healed":0,"gold_gain":0,"player_choice":"Max HP","damage_taken":0,"max_hp_gain":0,"max_hp_loss":3,"event_name":"Winding Halls","floor":46,"gold_loss":0},{"damage_healed":0,"gold_gain":0,"player_choice":"Got Potions","damage_taken":0,"max_hp_gain":0,"max_hp_loss":0,"event_name":"Lab","floor":47,"gold_loss":0}],"is_beta":false,"boss_relics":[{"not_picked":["Tiny House","Astrolabe"],"picked":"VioletLotus"},{"not_picked":["Pandora\u0027s Box","Black Star"],"picked":"Busted Crown"}],"items_purged_floors":[4,39],"is_endless":false,"potions_floor_spawned":[1,3,8,12,13,14,19,27,30,33,35,42],"killed_by":"Awakened One","ascension_level":20}}