{"host":"8fuipfsvjht9cgcs","time":1610406656,"event":{"mods":["AchievementEnabler","BaseMod","Colored Map","Colored Powertips","DeckTracker","Minty Spire (QoL Compilation)","Replay The Spire","StSLib","SuperFastMode","The Gatherer"],"gold_per_floor":[117,137,29,48,238,238,255,255,255,255,287,287,287,303,303,400,400,417,417,434,533,433,468,468,468,468],"floor_reached":25,"playtime":785,"items_purged":["Decay","Strike_R"],"score":339,"play_id":"aba4538b-e02d-4dd4-9590-8b55e8db73af","local_time":"20210112121056","is_ascension_mode":true,"campfire_choices":[{"data":"Armaments","floor":6.0,"key":"SMITH"},{"data":"Battle Trance","floor":8.0,"key":"SMITH"},{"data":"Master of Strategy","floor":10.0,"key":"SMITH"},{"floor":15.0,"key":"REST"},{"data":"Body Slam","floor":24,"key":"SMITH"}],"circlet_count":0,"master_deck":["AscendersBane","Strike_R+1","Strike_R","Strike_R","Defend_R","Defend_R","Defend_R","Defend_R+1","Bash","Master of Strategy+1","Armaments+1","Body Slam+1","Body Slam","Rage","Battle Trance+1","ReplayTheSpireMod:Stacked","Exhume","Rampage","Abandon+1"],"relics":["Burning Blood","Letter Opener","Replay:Bottled Snecko","Electric Blood","Potion Belt"],"acts_visited":["Exordium","TheCity"],"potions_floor_usage":[25],"damage_taken":[{"damage":3.0,"enemies":"Cultist","floor":1.0,"turns":3.0},{"damage":9.0,"enemies":"2 Louse","floor":2.0,"turns":3.0},{"damage":10.0,"enemies":"Small Slimes","floor":4.0,"turns":3.0},{"damage":2.0,"enemies":"3 Louse","floor":7.0,"turns":3.0},{"damage":25.0,"enemies":"Gremlin Nob","floor":11.0,"turns":4.0},{"damage":0.0,"enemies":"Large Slime","floor":14.0,"turns":4.0},{"damage":4.0,"enemies":"Slime Boss","floor":16.0,"turns":10.0},{"damage":11.0,"enemies":"3 Byrds","floor":18.0,"turns":4.0},{"damage":32.0,"enemies":"2 Thieves","floor":20.0,"turns":4.0},{"damage":24,"enemies":"Book of Stabbing","floor":23,"turns":4},{"damage":21,"enemies":"Gremlin Leader","floor":25,"turns":6}],"seed_played":"2887387238127809741","potions_obtained":[{"floor":2.0,"key":"Reflective Coating"},{"floor":7.0,"key":"SteroidPotion"},{"floor":14.0,"key":"HeartOfIron"},{"floor":18.0,"key":"Weak Potion"}],"is_trial":false,"path_per_floor":["M","M","$","M","?","R","M","R","T","R","E","?","?","M","R","B",null,"M","?","M","?","$","E","R","E"],"character_chosen":"IRONCLAD","items_purchased":["Body Slam"],"campfire_rested":1,"item_purchase_floors":[3],"current_hp_per_floor":[75,72,72,68,36,36,40,40,40,40,21,5,5,11,35,37,69,64,64,38,38,38,20,20,0,0],"gold":468,"neow_bonus":"RANDOM_COLORLESS_2","is_daily":false,"chose_seed":false,"campfire_upgraded":4,"win_rate":0.0,"timestamp":1610406656,"path_taken":["M","?","$","M","?","R","M","R","T","R","E","?","?","M","R","BOSS","M","?","?","?","$","E","R","E"],"items_purchased_type":["Card"],"build_version":"2020-12-22","purchased_purges":2,"victory":false,"max_hp_per_floor":[80,80,80,80,80,80,80,80,80,80,80,80,80,80,80,80,80,80,80,80,80,80,80,80,80,80],"card_choices":[{"not_picked":["Magnetism","ReplayUltimateDefense"],"picked":"Master of Strategy","floor":0.0},{"not_picked":["Anger","Carnage","Warcry"],"picked":"SKIP","floor":1.0},{"not_picked":["Reckless Charge","Defy Death"],"picked":"Armaments","floor":2.0},{"not_picked":["Twin Strike","ReplayTheSpireMod:Muscle Training"],"picked":"Rage","floor":4.0},{"not_picked":["Body Slam","Run Through"],"picked":"Battle Trance","floor":7.0},{"not_picked":["Blood for Blood","Heavy Blade","Warcry"],"picked":"SKIP","floor":11.0},{"not_picked":["Iron Wave","Massacre"],"picked":"ReplayTheSpireMod:Stacked","floor":14.0},{"not_picked":["Immolate","Eclipse"],"picked":"Exhume","floor":16.0},{"not_picked":["Sever Soul","Sword Boomerang","Run Through+1"],"picked":"SKIP","floor":18.0},{"not_picked":["Wild Strike","Dark Embrace","Carnage"],"picked":"SKIP","floor":20.0},{"not_picked":["Clothesline","Warcry+1"],"picked":"Abandon+1","floor":23}],"player_experience":371835,"relics_obtained":[{"floor":9.0,"key":"Letter Opener"},{"floor":11.0,"key":"Replay:Bottled Snecko"},{"floor":23,"key":"Potion Belt"}],"event_choices":[{"damage_healed":0.0,"max_hp_gain":0.0,"max_hp_loss":0.0,"gold_gain":0.0,"event_name":"Shining Light","player_choice":"Entered Light","floor":12.0,"gold_loss":0.0,"damage_taken":16.0,"cards_upgraded":["Defend_R","Strike_R"]},{"damage_healed":0.0,"max_hp_gain":0.0,"max_hp_loss":0.0,"gold_gain":0.0,"event_name":"Golden Wing","player_choice":"Ignored","floor":13.0,"gold_loss":0.0,"damage_taken":0.0},{"damage_healed":0.0,"max_hp_gain":0.0,"max_hp_loss":0.0,"gold_gain":0.0,"cards_transformed":["Strike_R"],"event_name":"Transmorgrifier","player_choice":"Transformed","floor":19.0,"gold_loss":0.0,"damage_taken":0.0,"cards_obtained":["Rampage"]},{"damage_healed":0.0,"max_hp_gain":0.0,"max_hp_loss":0.0,"gold_gain":99.0,"event_name":"Nest","player_choice":"Stole From Cult","floor":21.0,"gold_loss":0.0,"damage_taken":0.0}],"is_beta":false,"boss_relics":[{"not_picked":["Runic Cube","Snecko Eye"],"picked":"Electric Blood"}],"items_purged_floors":[3,22],"is_endless":false,"potions_floor_spawned":[2,7,14,18],"killed_by":"Gremlin Leader","ascension_level":11}}