{"host":"obplhmlw33xb91v8","time":1610360203,"event":{"mods":["BaseMod","Block Reminder","Curses Come First","Evolution","Minty Spire (QoL Compilation)","Quick Restart","Relic Stats","Spicy Shops","StSLib","Uncapped","Waifu the Spire","slay the spire mod where everything is the same but ironclad has a cowboy hat"],"gold_per_floor":[113,38,213,230,230,257,257,269,269,24,50,50,70,2,2,99,99,88,88,103,119,137,170,185,100,100,117,137,137,137],"floor_reached":29,"playtime":1066,"items_purged":["Defend_B","Doubt"],"score":310,"play_id":"0b5915ef-b638-492c-ac0c-1e8c2f16dead","local_time":"20210111051643","is_ascension_mode":true,"campfire_choices":[{"data":"Core Surge","floor":7,"key":"SMITH"},{"data":"Consume","floor":12,"key":"SMITH"},{"data":"Loop","floor":15,"key":"SMITH"}],"circlet_count":0,"master_deck":["Cold Snap","Strike_B","Strike_B","Strike_B","Defend_B","Defend_B","Defend_B+1","Zap+1","Dualcast","Cold Snap","Core Surge+1","Consume+1","Cold Snap","Loop+1","Buffer","Self Repair","Leap","Echo Form","Glacier"],"relics":["Cracked Core","EVO:Axolotl","NeowsBlessing","CaptainsWheel","Pantograph","Runic Capacitor","PreservedInsect","Nuclear Battery","Toy Ornithopter","Kunai","Shovel"],"acts_visited":["Exordium","TheCity"],"potions_floor_usage":[16,18,22,23,24,27],"damage_taken":[{"damage":0,"enemies":"Jaw Worm","floor":1,"turns":1},{"damage":0,"enemies":"Small Slimes","floor":4,"turns":1},{"damage":0,"enemies":"Gremlin Nob","floor":6,"turns":1},{"damage":0,"enemies":"2 Louse","floor":8,"turns":2},{"damage":9,"enemies":"Lagavulin","floor":11,"turns":6},{"damage":2,"enemies":"2 Fungi Beasts","floor":13,"turns":3},{"damage":46,"enemies":"The Guardian","floor":16,"turns":7},{"damage":13,"enemies":"2 Thieves","floor":18,"turns":4},{"damage":11,"enemies":"3 Byrds","floor":20,"turns":5},{"damage":19,"enemies":"Snake Plant","floor":21,"turns":5},{"damage":10,"enemies":"Shelled Parasite and Fungi","floor":22,"turns":5},{"damage":40,"enemies":"Gremlin Leader","floor":23,"turns":8},{"damage":0,"enemies":"Sentry and Sphere","floor":24,"turns":5},{"damage":3,"enemies":"Snecko","floor":27,"turns":5},{"damage":22,"enemies":"Centurion and Healer","floor":28,"turns":7},{"damage":16,"enemies":"Snake Plant","floor":29,"turns":1}],"seed_played":"-4065992367484465088","potions_obtained":[{"floor":1,"key":"BlessingOfTheForge"},{"floor":6,"key":"Weak Potion"},{"floor":13,"key":"LiquidMemories"},{"floor":21,"key":"LiquidBronze"},{"floor":22,"key":"Ancient Potion"},{"floor":23,"key":"AttackPotion"}],"is_trial":false,"path_per_floor":["M","$","?","M","?","E","R","M","T","$","E","R","M","$","R","B",null,"M","?","M","M","M","E","M","?","T","M","M","M"],"character_chosen":"DEFECT","items_purchased":["Runic Capacitor","Loop"],"campfire_rested":0,"item_purchase_floors":[10,14],"current_hp_per_floor":[75,75,75,75,60,60,60,60,60,60,51,51,49,49,49,28,75,62,62,58,46,43,10,22,22,22,31,16,0,0],"gold":137,"neow_bonus":"THREE_ENEMY_KILL","is_daily":false,"chose_seed":false,"campfire_upgraded":3,"win_rate":0.0,"timestamp":1610360203,"path_taken":["M","$","?","M","?","E","R","M","T","$","E","R","M","$","R","BOSS","M","?","M","M","M","E","M","?","T","M","M","M"],"items_purchased_type":["Relic","Card"],"build_version":"2020-12-22","purchased_purges":2,"victory":false,"max_hp_per_floor":[75,75,75,75,75,75,75,75,75,75,75,75,75,75,75,75,75,75,75,75,75,75,75,75,75,75,75,75,75,75],"relic_stats":{"Shovel":0,"counters":[16,65],"Pantograph":25,"PreservedInsect":46,"Kunai":[2],"obtain_stats":[{"CaptainsWheel":6,"Shovel":26,"NeowsBlessing":0,"Pantograph":9,"PreservedInsect":11,"Runic Capacitor":10,"EVO:Axolotl":0,"Kunai":25,"Cracked Core":0,"Toy Ornithopter":23,"Nuclear Battery":17},{"CaptainsWheel":3,"Shovel":13,"NeowsBlessing":0,"Pantograph":4,"PreservedInsect":5,"Runic Capacitor":4,"EVO:Axolotl":0,"Kunai":13,"Cracked Core":0,"Toy Ornithopter":12,"Nuclear Battery":7},{"CaptainsWheel":3,"Shovel":52,"NeowsBlessing":0,"Pantograph":5,"PreservedInsect":11,"Runic Capacitor":5,"EVO:Axolotl":0,"Kunai":52,"Cracked Core":0,"Toy Ornithopter":47,"Nuclear Battery":20}],"Toy Ornithopter":10},"card_choices":[{"not_picked":["Chill","Steam","Go for the Eyes"],"picked":"SKIP","floor":1},{"not_picked":["Compile Driver","Beam Cell"],"picked":"Cold Snap","floor":4},{"not_picked":["Ball Lightning","Steam Power"],"picked":"Core Surge","floor":6},{"not_picked":["Aggregate","Hologram","Scrape"],"picked":"SKIP","floor":8},{"not_picked":["Leap","Turbo"],"picked":"Consume","floor":11},{"not_picked":["Lockon","Skim"],"picked":"Cold Snap","floor":13},{"not_picked":["Amplify","Core Surge"],"picked":"Buffer","floor":16},{"not_picked":["Hologram","Loop","Sweeping Beam+1"],"picked":"SKIP","floor":18},{"not_picked":["Conserve Battery","Rip and Tear","Tempest"],"picked":"SKIP","floor":20},{"not_picked":["Hologram","Steam"],"picked":"Leap","floor":21},{"not_picked":["Sunder","Self Repair","FTL"],"picked":"SKIP","floor":22},{"not_picked":["Beam Cell","Undo"],"picked":"Echo Form","floor":23},{"not_picked":["Turbo","Sweeping Beam","Steam"],"picked":"SKIP","floor":24},{"not_picked":["Conserve Battery","Stack","Sunder+1"],"picked":"SKIP","floor":27},{"not_picked":["Redo","Steam"],"picked":"Glacier","floor":28}],"player_experience":159743,"relics_obtained":[{"floor":6,"key":"CaptainsWheel"},{"floor":9,"key":"Pantograph"},{"floor":11,"key":"PreservedInsect"},{"floor":23,"key":"Toy Ornithopter"},{"floor":26,"key":"Shovel"}],"event_choices":[{"damage_healed":0,"gold_gain":175,"player_choice":"AGREE","damage_taken":0,"max_hp_gain":0,"max_hp_loss":0,"event_name":"Liars Game","floor":3,"gold_loss":0,"cards_obtained":["Doubt"]},{"damage_healed":0,"gold_gain":0,"player_choice":"Entered Light","damage_taken":15,"max_hp_gain":0,"max_hp_loss":0,"event_name":"Shining Light","floor":5,"gold_loss":0,"cards_upgraded":["Zap","Defend_B"]},{"damage_healed":0,"gold_gain":0,"player_choice":"Read","damage_taken":0,"max_hp_gain":0,"max_hp_loss":0,"event_name":"The Library","floor":19,"gold_loss":0,"cards_obtained":["Self Repair"]},{"damage_healed":0,"gold_gain":0,"player_choice":"Obtained Relic","damage_taken":0,"relics_obtained":["Kunai"],"max_hp_gain":0,"max_hp_loss":0,"event_name":"Addict","floor":25,"gold_loss":85}],"is_beta":false,"boss_relics":[{"not_picked":["Coffee Dripper","Fusion Hammer"],"picked":"Nuclear Battery"}],"items_purged_floors":[2,10],"is_endless":false,"potions_floor_spawned":[1,6,13,21,22,23],"killed_by":"Snake Plant","ascension_level":2}}