{"host":"sdjng9zhqonqi3uc","time":1610366464,"event":{"mods":["2.2 Compatiblity","AchievementEnabler","BaseMod","BetterRewards","Colored Powertips","Hero for Fun","Minty Spire (QoL Compilation)","Shop Mod","StSLib","Td1madao Mod","The Animator","The Cursed","The Servant 0.9.4"],"gold_per_floor":[112,128,141,141,91,91,129,129,129,144,162,183,199,213,213,344,344,357,357,357,357,370,395,395,409,409,45,79,79,98,198,198,299,299,315,315,315,315,54,85,85,85,85,85,112,112,123,135,135,135,135,135,2,27,27,27],"floor_reached":55,"playtime":2510,"items_purged":["Pain","animator:Curse_Nutcracker"],"score":765,"play_id":"5c1bcc6a-66e0-4b87-b9c5-283c3ebdb81c","local_time":"20210111130104","is_ascension_mode":false,"campfire_choices":[{"floor":6,"key":"RECALL"},{"data":"Inflame","floor":8,"key":"SMITH"},{"data":"Infernal Blade","floor":15,"key":"SMITH"},{"data":"Combust","floor":24,"key":"SMITH"},{"data":"Warcry","floor":32,"key":"SMITH"},{"data":"Spot Weakness","floor":41,"key":"SMITH"},{"data":"Mayhem","floor":46,"key":"SMITH"},{"data":"Burning Pact","floor":49,"key":"SMITH"},{"data":"Madness","floor":52,"key":"SMITH"}],"circlet_count":0,"master_deck":["Strike_R+1","Strike_R+1","Strike_R+1","Defend_R+1","Defend_R+1","Bash","Clothesline","Pommel Strike+1","Rampage+1","Inflame+1","Wild Strike+1","Power Through","Sword Boomerang+1","Dropkick+1","Infernal Blade+1","Feed+1","Uppercut+1","Necronomicurse","Metallicize+1","Combust+1","Feel No Pain+1","Warcry+1","Dropkick+1","Immolate+1","Metallicize","Iron Wave+1","Uppercut+1","Spot Weakness+1","Bludgeon+1","Mayhem+1","Swift Strike+1","Discovery","Madness","Madness+1","Heavy Blade+1","Burning Pact+1","Dual Wield","Infernal Blade+1"],"relics":["Black Blood","Strawberry","Incense Burner","Molten Egg 2","Bloody Idol","White Beast Statue","Paper Frog","Cursed Key","Necronomicon","Juzu Bracelet","Potion Belt","Boot","Akabeko","Orichalcum","Ice Cream","Matryoshka","Red Skull","Ornamental Fan","Bag of Marbles","Meat on the Bone","Oddly Smooth Stone","Bronze Scales"],"acts_visited":["Exordium","TheCity","TheBeyond","TheEnding"],"potions_floor_usage":[7,22,28,30,31,45,48,50,50,50,55,55,55],"damage_taken":[{"damage":0,"enemies":"Cultist","floor":1,"turns":3},{"damage":1,"enemies":"Jaw Worm","floor":2,"turns":3},{"damage":0,"enemies":"2 Louse","floor":3,"turns":2},{"damage":20,"enemies":"Lagavulin","floor":7,"turns":5},{"damage":5,"enemies":"Looter","floor":10,"turns":3},{"damage":1,"enemies":"2 Fungi Beasts","floor":11,"turns":4},{"damage":20,"enemies":"Exordium Wildlife","floor":12,"turns":5},{"damage":0,"enemies":"Large Slime","floor":13,"turns":3},{"damage":5,"enemies":"Red Slaver","floor":14,"turns":3},{"damage":34,"enemies":"The Guardian","floor":16,"turns":8},{"damage":1,"enemies":"Chosen","floor":18,"turns":3},{"damage":7,"enemies":"Shell Parasite","floor":22,"turns":2},{"damage":8,"enemies":"Book of Stabbing","floor":23,"turns":2},{"damage":22,"enemies":"Snake Plant","floor":25,"turns":2},{"damage":17,"enemies":"Slavers","floor":28,"turns":3},{"damage":4,"enemies":"3 Cultists","floor":30,"turns":4},{"damage":2,"enemies":"Colosseum Slavers","floor":31,"turns":4},{"damage":2,"enemies":"Colosseum Nobs","floor":31,"turns":3},{"damage":43,"enemies":"Automaton","floor":33,"turns":7},{"damage":3,"enemies":"3 Shapes","floor":35,"turns":3},{"damage":13,"enemies":"Nemesis","floor":40,"turns":5},{"damage":8,"enemies":"Giant Head","floor":45,"turns":5},{"damage":0,"enemies":"3 Darklings","floor":47,"turns":1},{"damage":5,"enemies":"Maw","floor":48,"turns":5},{"damage":47,"enemies":"Time Eater","floor":50,"turns":5},{"damage":39,"enemies":"Shield and Spear","floor":54,"turns":4},{"damage":99,"enemies":"The Heart","floor":55,"turns":6}],"seed_played":"4604033576329950247","potions_obtained":[{"floor":2,"key":"FearPotion"},{"floor":7,"key":"SteroidPotion"},{"floor":10,"key":"DuplicationPotion"},{"floor":11,"key":"Ancient Potion"},{"floor":12,"key":"ColorlessPotion"},{"floor":16,"key":"Energy Potion"},{"floor":18,"key":"BloodPotion"},{"floor":22,"key":"Fire Potion"},{"floor":28,"key":"Dexterity Potion"},{"floor":30,"key":"Fire Potion"},{"floor":31,"key":"Block Potion"},{"floor":33,"key":"Weak Potion"},{"floor":35,"key":"Weak Potion"},{"floor":40,"key":"SteroidPotion"},{"floor":45,"key":"ColorlessPotion"},{"floor":47,"key":"FearPotion"},{"floor":48,"key":"Regen Potion"},{"floor":54,"key":"Dexterity Potion"}],"is_trial":false,"path_per_floor":["M","M","M","?","?","R","E","R","T","M","M","M","M","M","R","B",null,"M","?","?","?","M","E","R","M","T","$","E","?","M","?","R","B",null,"M","?","?","?","$","E","R","?","T","?","E","R","M","M","R","B",null,"R","$","E","B"],"character_chosen":"IRONCLAD","items_purchased":["Strawberry","Molten Egg 2","Potion Belt","Boot","Red Skull","Uppercut+1","Spot Weakness","Dual Wield"],"campfire_rested":0,"item_purchase_floors":[0,0,27,27,39,39,39,53],"current_hp_per_floor":[57,62,68,68,68,68,54,54,54,55,60,46,52,53,53,25,87,87,87,87,71,91,95,95,84,84,84,78,78,89,99,99,67,99,99,99,99,99,99,99,99,89,89,77,86,86,99,103,103,77,103,103,103,85,0,0],"gold":27,"neow_bonus":"","is_daily":false,"chose_seed":false,"campfire_upgraded":8,"win_rate":0.0,"timestamp":1610366464,"path_taken":["M","?","?","?","?","R","E","R","T","M","M","M","M","M","R","BOSS","M","?","?","?","M","E","R","M","T","$","E","?","M","?","R","BOSS","M","?","?","?","$","E","R","?","T","?","E","R","M","M","R","BOSS","R","$","E","BOSS"],"items_purchased_type":["Relic","Relic","Relic","Relic","Relic","Card","Card","Card"],"build_version":"2020-12-22","purchased_purges":2,"victory":false,"max_hp_per_floor":[87,87,87,87,87,87,87,87,87,87,87,87,87,87,87,87,87,87,87,87,87,91,95,95,95,95,95,95,95,99,99,99,99,99,99,99,99,99,99,99,99,99,99,99,99,99,99,103,103,103,103,103,103,107,107,107],"card_choices":[{"not_picked":["Anger+1","Wild Strike+1"],"picked":"Pommel Strike+1","floor":1},{"not_picked":["Rage","Infernal Blade"],"picked":"Rampage+1","floor":2},{"not_picked":["True Grit","Second Wind"],"picked":"Inflame","floor":3},{"not_picked":["Twin Strike+1","Pommel Strike+1"],"picked":"Wild Strike+1","floor":7},{"not_picked":["Cleave+1","Havoc"],"picked":"Power Through","floor":10},{"not_picked":["Armaments","Rage"],"picked":"Sword Boomerang+1","floor":11},{"not_picked":["Clothesline+1","Thunderclap+1"],"picked":"Dropkick+1","floor":12},{"not_picked":["Warcry","Thunderclap+1"],"picked":"Infernal Blade","floor":13},{"not_picked":["Warcry","Clothesline+1","Anger+1"],"picked":"SKIP","floor":14},{"not_picked":["Berserk","Barricade"],"picked":"Feed+1","floor":16},{"not_picked":["Rampage+1","Thunderclap+1"],"picked":"Uppercut+1","floor":18},{"not_picked":["Shrug It Off+1","Clash+1"],"picked":"Metallicize+1","floor":22},{"not_picked":["Wild Strike+1","Corruption"],"picked":"Combust","floor":23},{"not_picked":["Ghostly Armor","Shockwave"],"picked":"Feel No Pain+1","floor":25},{"not_picked":["Metallicize+1","Anger+1"],"picked":"Impervious","floor":28},{"not_picked":["True Grit+1","Thunderclap+1"],"picked":"Warcry","floor":30},{"not_picked":["Perfected Strike+1","Power Through"],"picked":"Dropkick+1","floor":31},{"not_picked":["Fiend Fire+1","Juggernaut"],"picked":"Immolate+1","floor":33},{"not_picked":["True Grit","Headbutt+1"],"picked":"Metallicize","floor":35},{"not_picked":["Intimidate+1","Seeing Red+1"],"picked":"Bludgeon+1","floor":40},{"not_picked":["Thinking Ahead","Jack Of All Trades"],"picked":"Mayhem","floor":42},{"not_picked":["Good Instincts","Impatience"],"picked":"Swift Strike+1","floor":42},{"not_picked":["Good Instincts","Trip"],"picked":"Discovery","floor":42},{"not_picked":["Flex","Carnage+1"],"picked":"Heavy Blade+1","floor":45},{"not_picked":["Heavy Blade+1","Thunderclap+1"],"picked":"Burning Pact","floor":47},{"not_picked":["Anger+1","Headbutt+1","Perfected Strike+1"],"picked":"SKIP","floor":48},{"not_picked":["Impervious","Havoc+1"],"picked":"Infernal Blade+1","floor":54}],"player_experience":305168,"relics_obtained":[{"floor":7,"key":"White Beast Statue"},{"floor":9,"key":"Paper Frog"},{"floor":21,"key":"Necronomicon"},{"floor":23,"key":"Juzu Bracelet"},{"floor":28,"key":"Akabeko"},{"floor":31,"key":"Ice Cream"},{"floor":31,"key":"Matryoshka"},{"floor":40,"key":"Ornamental Fan"},{"floor":43,"key":"Bag of Marbles"},{"floor":43,"key":"Meat on the Bone"},{"floor":45,"key":"Oddly Smooth Stone"},{"floor":54,"key":"Bronze Scales"}],"event_choices":[{"damage_healed":0,"gold_gain":0,"player_choice":"Take Wound","damage_taken":0,"relics_obtained":["Golden Idol"],"max_hp_gain":0,"max_hp_loss":0,"event_name":"Golden Idol","floor":4,"gold_loss":0,"cards_obtained":["Injury"]},{"cards_removed":["Defend_R"],"damage_healed":0,"gold_gain":0,"player_choice":"Card Removal","damage_taken":0,"max_hp_gain":0,"max_hp_loss":0,"event_name":"The Cleric","floor":5,"gold_loss":50},{"damage_healed":0,"gold_gain":0,"player_choice":"Simplicity","damage_taken":0,"max_hp_gain":0,"max_hp_loss":0,"event_name":"Back to Basics","floor":19,"gold_loss":0,"cards_upgraded":["Strike_R","Strike_R","Strike_R","Defend_R","Defend_R","Defend_R"]},{"damage_healed":0,"gold_gain":0,"player_choice":"Gave Idol","damage_taken":0,"relics_obtained":["Bloody Idol"],"max_hp_gain":0,"max_hp_loss":0,"event_name":"Forgotten Altar","floor":20,"relics_lost":["Golden Idol"],"gold_loss":0},{"damage_healed":0,"gold_gain":0,"player_choice":"Obtained Book","damage_taken":16,"max_hp_gain":0,"max_hp_loss":0,"event_name":"Cursed Tome","floor":21,"gold_loss":0},{"damage_healed":0,"gold_gain":0,"player_choice":"Stole Relic","damage_taken":0,"relics_obtained":["Orichalcum"],"max_hp_gain":0,"max_hp_loss":0,"event_name":"Addict","floor":29,"gold_loss":0,"cards_obtained":["Shame"]},{"damage_healed":0,"gold_gain":0,"player_choice":"Fight","damage_taken":0,"max_hp_gain":0,"max_hp_loss":0,"event_name":"Colosseum","floor":31,"gold_loss":0},{"damage_healed":0,"gold_gain":0,"player_choice":"Fought Nobs","damage_taken":0,"max_hp_gain":0,"max_hp_loss":0,"event_name":"Colosseum","floor":31,"gold_loss":0},{"cards_removed":["Impervious"],"damage_healed":0,"gold_gain":0,"player_choice":"Took Card","damage_taken":0,"max_hp_gain":0,"max_hp_loss":0,"event_name":"NoteForYourself","floor":36,"gold_loss":0,"cards_obtained":["Iron Wave"]},{"cards_removed":["Defend_R"],"damage_healed":0,"gold_gain":0,"player_choice":"Removed Skill","damage_taken":0,"max_hp_gain":0,"max_hp_loss":0,"event_name":"Falling","floor":37,"gold_loss":0},{"cards_removed":["Shame","Injury"],"damage_healed":0,"gold_gain":0,"player_choice":"Removed Curses","damage_taken":0,"max_hp_gain":0,"max_hp_loss":0,"event_name":"Fountain of Cleansing","floor":38,"gold_loss":0},{"damage_healed":0,"gold_gain":0,"player_choice":"Memory 3","damage_taken":10,"max_hp_gain":0,"max_hp_loss":0,"event_name":"SensoryStone","floor":42,"gold_loss":0},{"damage_healed":0,"gold_gain":0,"player_choice":"Embrace Madness","damage_taken":12,"max_hp_gain":0,"max_hp_loss":0,"event_name":"Winding Halls","floor":44,"gold_loss":0,"cards_obtained":["Madness","Madness"]}],"is_beta":false,"boss_relics":[{"not_picked":["Runic Dome","Empty Cage"],"picked":"Cursed Key"},{"not_picked":["SlaversCollar","Runic Cube"],"picked":"Black Blood"}],"items_purged_floors":[27,53],"is_endless":false,"potions_floor_spawned":[2,7,10,11,12,13,14,16,18,22,23,25,28,30,31,31,33,35,40,45,47,48,54],"killed_by":"The Heart","ascension_level":0}}