{"host":"h0xw20cia6ppa69g","time":1610351792,"event":{"mods":["AchievementEnabler","BaseMod","Colored Map","Filter the Spire","Googly Eyes","Minty Spire (QoL Compilation)","Relic Stats","StSLib","The Awakened One except there are too many feathers","everything is the same but u backflip on backflip"],"gold_per_floor":[118,118,135,151,226,255,22,36,62,77,77,77,111,111,111,235,235,258,258,438,458,481,520,101,101,101,101,114,137,175,175,175,296,296,317,317,317,144,158,158,193,193,261,261,594,927,273,284,284,284,284,284,62,93,93],"floor_reached":56,"playtime":4003,"items_purged":[],"score":1376,"play_id":"cacd41b5-503b-4304-8841-37b06a6e07e7","local_time":"20210111015632","is_ascension_mode":true,"campfire_choices":[{"data":"Recycle","floor":15,"key":"SMITH"},{"data":"Amplify","floor":25,"key":"SMITH"},{"data":"Creative AI","floor":32,"key":"SMITH"},{"floor":40,"key":"RECALL"},{"data":"Panacea","floor":42,"key":"SMITH"},{"data":"Force Field","floor":44,"key":"SMITH"},{"data":"Deep Breath","floor":49,"key":"SMITH"},{"data":"Loop","floor":52,"key":"SMITH"}],"circlet_count":0,"master_deck":["Dualcast","Chill","Hologram","Loop+1","Creative AI+1","Steam Power","Sunder","Beam Cell","Capacitor","Rainbow","Genetic Algorithm","Self Repair","Cold Snap","Recycle+1","Force Field+1","Amplify+1","Barrage+1","Deep Breath+1","Storm","Conserve Battery","All For One","BootSequence","Glacier","Doom and Gloom","Turbo","Turbo+1","Creative AI","Turbo","Panacea+1","Defragment","Leap+1","Chaos+1","Meteor Strike","Stack","Compile Driver","Capacitor","Echo Form"],"relics":["Pandora\u0027s Box","MealTicket","Chemical X","PreservedInsect","Runic Pyramid","MutagenicStrength","Bird Faced Urn","Anchor","Oddly Smooth Stone","Cables","Bronze Scales","Sozu","Orichalcum","StrikeDummy","Old Coin","Medical Kit","Toy Ornithopter","HornCleat","OrangePellets","Pantograph"],"acts_visited":["Exordium","TheCity","TheBeyond","TheEnding"],"potions_floor_usage":[6,16,16,16,21,23,55,55,55],"damage_taken":[{"damage":6,"enemies":"Jaw Worm","floor":1,"turns":5},{"damage":1,"enemies":"Cultist","floor":3,"turns":3},{"damage":1,"enemies":"Small Slimes","floor":4,"turns":4},{"damage":20,"enemies":"Gremlin Nob","floor":6,"turns":4},{"damage":12,"enemies":"3 Louse","floor":8,"turns":5},{"damage":2,"enemies":"Exordium Thugs","floor":10,"turns":5},{"damage":9,"enemies":"Lagavulin","floor":13,"turns":9},{"damage":0,"enemies":"The Guardian","floor":16,"turns":13},{"damage":7,"enemies":"3 Byrds","floor":18,"turns":7},{"damage":6,"enemies":"2 Thieves","floor":21,"turns":4},{"damage":14,"enemies":"Snake Plant","floor":22,"turns":14},{"damage":2,"enemies":"Slavers","floor":23,"turns":5},{"damage":1,"enemies":"Centurion and Healer","floor":28,"turns":18},{"damage":7,"enemies":"Chosen and Byrds","floor":29,"turns":6},{"damage":16,"enemies":"Gremlin Leader","floor":30,"turns":6},{"damage":9,"enemies":"Collector","floor":33,"turns":9},{"damage":13,"enemies":"3 Darklings","floor":35,"turns":4},{"damage":0,"enemies":"Orb Walker","floor":39,"turns":6},{"damage":0,"enemies":"Nemesis","floor":41,"turns":7},{"damage":3,"enemies":"Giant Head","floor":45,"turns":8},{"damage":7,"enemies":"Sphere and 2 Shapes","floor":48,"turns":8},{"damage":36,"enemies":"Time Eater","floor":50,"turns":9},{"damage":44,"enemies":"Shield and Spear","floor":54,"turns":6},{"damage":85,"enemies":"The Heart","floor":55,"turns":8}],"seed_played":"4865109237376182136","potions_obtained":[{"floor":2,"key":"SneckoOil"},{"floor":2,"key":"Explosive Potion"},{"floor":2,"key":"LiquidMemories"},{"floor":3,"key":"SteroidPotion"},{"floor":13,"key":"PowerPotion"},{"floor":22,"key":"GamblersBrew"},{"floor":28,"key":"Dexterity Potion"},{"floor":33,"key":"Explosive Potion"}],"is_trial":false,"path_per_floor":["M","?","M","M","?","E","$","M","T","M","?","?","E","?","R","B",null,"M","?","?","M","M","E","$","R","T","?","M","M","E","?","R","B",null,"M","?","?","$","M","R","E","R","T","R","E","?","$","M","R","B",null,"R","$","E","B",null],"character_chosen":"DEFECT","items_purchased":["Chemical X","Self Repair","BootSequence","SteroidPotion","Anchor","Oddly Smooth Stone","Panacea","Defragment","Medical Kit","Toy Ornithopter","Meteor Strike","HornCleat","Stack","OrangePellets","Capacitor"],"campfire_rested":0,"item_purchase_floors":[7,7,24,24,24,24,38,38,47,47,47,47,47,53,53],"current_hp_per_floor":[69,69,68,67,56,36,51,46,46,51,33,26,24,24,24,31,75,75,75,44,45,45,57,72,72,72,72,75,75,71,71,71,75,75,68,68,68,75,75,75,75,75,75,75,75,75,75,75,75,75,75,75,75,53,29],"gold":93,"neow_bonus":"BOSS_RELIC","is_daily":false,"chose_seed":false,"campfire_upgraded":7,"win_rate":0.0,"timestamp":1610351792,"path_taken":["M","?","?","M","?","E","$","M","T","M","?","?","E","?","R","BOSS","M","?","?","?","?","E","$","R","T","?","M","M","E","?","R","BOSS","M","?","?","?","M","R","E","R","T","R","E","?","$","?","R","BOSS","R","$","E","BOSS"],"items_purchased_type":["Relic","Card","Card","Potion","Relic","Relic","Card","Card","Relic","Relic","Card","Relic","Card","Relic","Card"],"build_version":"2020-12-22","purchased_purges":0,"victory":true,"max_hp_per_floor":[75,75,75,75,75,75,75,75,75,75,75,75,75,75,75,75,75,75,75,75,75,75,75,75,75,75,75,75,75,75,75,75,75,75,75,75,75,75,75,75,75,75,75,75,75,75,75,75,75,75,75,75,75,75,75],"relic_stats":{"counters":[24,172],"PreservedInsect":322,"Orichalcum":[42],"Medical Kit":[15],"Cables":[81,28,35,4,14],"Sozu":1,"OrangePellets":[4],"Bird Faced Urn":[130],"Bronze Scales":[239],"Pantograph":22,"Pandora\u0027s Box":["Chill","Rebound","Hologram","Loop","Creative AI","Steam Power","Undo","Sunder"],"MealTicket":37,"Chemical X":[1],"obtain_stats":[{"Golden Idol":11,"Oddly Smooth Stone":24,"PreservedInsect":13,"Orichalcum":41,"Medical Kit":47,"Cables":26,"Old Coin":45,"Sozu":34,"OrangePellets":53,"Anchor":24,"HornCleat":47,"MutagenicStrength":19,"Bird Faced Urn":23,"Bronze Scales":30,"Pantograph":54,"Pandora\u0027s Box":0,"MealTicket":6,"Chemical X":7,"Cracked Core":0,"StrikeDummy":43,"Toy Ornithopter":47,"Runic Pyramid":17},{"Golden Idol":6,"Oddly Smooth Stone":12,"PreservedInsect":7,"Orichalcum":19,"Medical Kit":20,"Cables":12,"Old Coin":20,"Sozu":16,"OrangePellets":22,"Anchor":12,"HornCleat":20,"MutagenicStrength":9,"Bird Faced Urn":12,"Bronze Scales":15,"Pantograph":23,"Pandora\u0027s Box":0,"MealTicket":4,"Chemical X":4,"Cracked Core":0,"StrikeDummy":19,"Toy Ornithopter":20,"Runic Pyramid":8},{"Golden Idol":26,"Oddly Smooth Stone":78,"PreservedInsect":35,"Orichalcum":133,"Medical Kit":141,"Cables":78,"Old Coin":141,"Sozu":117,"OrangePellets":158,"Anchor":78,"HornCleat":141,"MutagenicStrength":55,"Bird Faced Urn":78,"Bronze Scales":108,"Pantograph":164,"Pandora\u0027s Box":0,"MealTicket":16,"Chemical X":16,"Cracked Core":0,"StrikeDummy":133,"Toy Ornithopter":141,"Runic Pyramid":48}],"Toy Ornithopter":0},"card_choices":[{"not_picked":["Sweeping Beam","Redo"],"picked":"Beam Cell","floor":1},{"not_picked":["Coolheaded","Beam Cell"],"picked":"Capacitor","floor":3},{"not_picked":["Steam","Compile Driver"],"picked":"Rainbow","floor":4},{"not_picked":["Blizzard","Chaos"],"picked":"Genetic Algorithm","floor":6},{"not_picked":["Streamline","Loop"],"picked":"Cold Snap","floor":8},{"not_picked":["Glacier","Skim"],"picked":"Recycle","floor":10},{"not_picked":["Auto Shields","Beam Cell"],"picked":"Force Field","floor":13},{"not_picked":["Rainbow","Reboot"],"picked":"Amplify","floor":16},{"not_picked":["Blizzard","Glacier"],"picked":"Barrage+1","floor":18},{"not_picked":["Streamline","Rebound"],"picked":"Storm","floor":21},{"not_picked":["Steam Power","Hologram"],"picked":"Conserve Battery","floor":22},{"not_picked":["Double Energy","Cold Snap"],"picked":"All For One","floor":23},{"not_picked":["Ball Lightning","Barrage"],"picked":"Doom and Gloom","floor":28},{"not_picked":["Defragment+1","Self Repair"],"picked":"Turbo","floor":29},{"not_picked":["BootSequence","Reprogram+1"],"picked":"Turbo+1","floor":30},{"not_picked":["Reboot","Machine Learning"],"picked":"Creative AI","floor":33},{"not_picked":["Conserve Battery+1","Rebound+1"],"picked":"Turbo","floor":35},{"not_picked":["Gash+1","BootSequence","Beam Cell"],"picked":"SKIP","floor":39},{"not_picked":["Streamline","Melter+1"],"picked":"Leap+1","floor":41},{"not_picked":["Fusion+1","Lockon"],"picked":"Chaos+1","floor":45},{"not_picked":["Leap+1","Melter+1"],"picked":"Compile Driver","floor":48},{"not_picked":["Gash+1","Scrape"],"picked":"Echo Form","floor":54}],"player_experience":3681622,"relics_obtained":[{"floor":6,"key":"MealTicket"},{"floor":13,"key":"PreservedInsect"},{"floor":23,"key":"Bird Faced Urn"},{"floor":26,"key":"Cables"},{"floor":30,"key":"Bronze Scales"},{"floor":41,"key":"Orichalcum"},{"floor":43,"key":"StrikeDummy"},{"floor":45,"key":"Old Coin"},{"floor":54,"key":"Pantograph"}],"event_choices":[{"damage_healed":0,"gold_gain":0,"player_choice":"Got Potions","damage_taken":0,"max_hp_gain":0,"max_hp_loss":0,"event_name":"Lab","floor":2,"gold_loss":0},{"damage_healed":0,"gold_gain":75,"player_choice":"Gather Gold","damage_taken":11,"max_hp_gain":0,"max_hp_loss":0,"event_name":"World of Goop","floor":5,"gold_loss":0},{"damage_healed":0,"gold_gain":0,"player_choice":"Take Damage","damage_taken":18,"relics_obtained":["Golden Idol"],"max_hp_gain":0,"max_hp_loss":0,"event_name":"Golden Idol","floor":11,"gold_loss":0},{"cards_removed":["Zap"],"damage_healed":0,"gold_gain":0,"player_choice":"Card Removal","damage_taken":7,"max_hp_gain":0,"max_hp_loss":0,"event_name":"Golden Wing","floor":12,"gold_loss":0},{"cards_removed":["Rebound"],"damage_healed":0,"gold_gain":0,"player_choice":"Card Removal","damage_taken":0,"max_hp_gain":0,"max_hp_loss":0,"event_name":"Wheel of Change","floor":14,"gold_loss":0},{"damage_healed":0,"gold_gain":0,"player_choice":"Inject Mutagens","damage_taken":0,"relics_obtained":["MutagenicStrength"],"max_hp_gain":0,"max_hp_loss":0,"event_name":"Drug Dealer","floor":19,"gold_loss":0},{"damage_healed":0,"gold_gain":180,"player_choice":"POTION GOLD GOLD CARD ","damage_taken":31,"max_hp_gain":0,"max_hp_loss":0,"event_name":"Knowing Skull","floor":20,"potions_obtained":["SteroidPotion"],"gold_loss":0,"cards_obtained":["Deep Breath"]},{"damage_healed":0,"gold_gain":0,"player_choice":"Read","damage_taken":0,"max_hp_gain":0,"max_hp_loss":0,"event_name":"The Library","floor":27,"gold_loss":0,"cards_obtained":["Glacier"]},{"damage_healed":0,"gold_gain":0,"player_choice":"Ignored","damage_taken":0,"max_hp_gain":0,"max_hp_loss":0,"event_name":"Ghosts","floor":31,"gold_loss":0},{"damage_healed":0,"gold_gain":0,"player_choice":"Ignored","damage_taken":0,"max_hp_gain":0,"max_hp_loss":0,"event_name":"Tomb of Lord Red Mask","floor":36,"gold_loss":0},{"cards_removed":["Undo"],"damage_healed":0,"gold_gain":0,"player_choice":"Removed Skill","damage_taken":0,"max_hp_gain":0,"max_hp_loss":0,"event_name":"Falling","floor":37,"gold_loss":0},{"damage_healed":0,"gold_gain":333,"player_choice":"Gave Idol","damage_taken":0,"max_hp_gain":0,"max_hp_loss":0,"event_name":"The Moai Head","floor":46,"relics_lost":["Golden Idol"],"gold_loss":0}],"is_beta":false,"boss_relics":[{"not_picked":["Nuclear Battery","Runic Dome"],"picked":"Runic Pyramid"},{"not_picked":["Fusion Hammer","Calling Bell"],"picked":"Sozu"}],"items_purged_floors":[],"is_endless":false,"potions_floor_spawned":[3,4,13,22,28,33,48],"ascension_level":1}}