{"host":"q206iib20se9i6w7","time":1610388275,"event":{"mods":["AchievementEnabler","BaseMod","Bestiary","Block Reminder","Colored Map","Colored Powertips","Curses Come First","Highlight Path","Key Reminder","Minty Spire (QoL Compilation)","Quick Restart","Random Character Button","Relic Stats","StSLib","SuperFastMode","Unceasing Turn Reminder"],"gold_per_floor":[99,99,99,99,99,99,99,99,99,99,99,99,99,99,99,99,99,54,54,54,54,54,54,54,54,54,54,54],"floor_reached":27,"playtime":1655,"items_purged":[],"score":303,"play_id":"e3a407f6-7ae1-4131-bf3a-f13f4989d8ac","local_time":"20210111120435","is_ascension_mode":true,"campfire_choices":[{"data":"ClearTheMind","floor":6,"key":"SMITH"},{"data":"Eruption","floor":8,"key":"SMITH"},{"data":"EmptyMind","floor":10,"key":"SMITH"},{"data":"InnerPeace","floor":13,"key":"SMITH"},{"floor":15,"key":"REST"},{"floor":24,"key":"REST"}],"circlet_count":0,"master_deck":["Strike_P+1","Strike_P+1","Strike_P","Strike_P","Defend_P","Defend_P","Defend_P","Defend_P","Eruption+1","Vigilance","JustLucky","Wireheading","ClearTheMind+1","EmptyMind+1","InnerPeace+1","Adaptation","Establishment","CrushJoints","EmptyMind+1","Vengeance","WheelKick","CutThroughFate+1","BattleHymn","Consecrate+1"],"relics":["Ectoplasm","Centennial Puzzle","Bronze Scales","Matryoshka","Velvet Choker","Ancient Tea Set","PreservedInsect","keyreminder:keyreminder"],"acts_visited":["Exordium","TheCity"],"potions_floor_usage":[18,21,22,23,23],"damage_taken":[{"damage":0,"enemies":"2 Louse","floor":1,"turns":1},{"damage":0,"enemies":"Jaw Worm","floor":3,"turns":3},{"damage":7,"enemies":"Small Slimes","floor":5,"turns":3},{"damage":5,"enemies":"Gremlin Nob","floor":7,"turns":3},{"damage":0,"enemies":"2 Fungi Beasts","floor":11,"turns":4},{"damage":8,"enemies":"3 Sentries","floor":12,"turns":6},{"damage":10,"enemies":"The Guardian","floor":16,"turns":10},{"damage":18,"enemies":"2 Thieves","floor":18,"turns":3},{"damage":8,"enemies":"3 Byrds","floor":20,"turns":3},{"damage":10,"enemies":"Cultist and Chosen","floor":21,"turns":4},{"damage":7,"enemies":"Snake Plant","floor":22,"turns":2},{"damage":30,"enemies":"Slavers","floor":23,"turns":6},{"damage":17,"enemies":"3 Cultists","floor":25,"turns":4},{"damage":17,"enemies":"Gremlin Leader","floor":27,"turns":3}],"seed_played":"3489590714587064544","potions_obtained":[{"floor":3,"key":"GamblersBrew"},{"floor":5,"key":"Regen Potion"},{"floor":12,"key":"SmokeBomb"},{"floor":16,"key":"AttackPotion"},{"floor":21,"key":"Block Potion"},{"floor":22,"key":"SkillPotion"}],"is_trial":false,"path_per_floor":["M","?","M","?","M","R","E","R","T","R","M","?","R","?","R","B",null,"M","?","M","M","M","E","R","M","T","E"],"character_chosen":"WATCHER","items_purchased":[],"campfire_rested":2,"item_purchase_floors":[],"current_hp_per_floor":[65,70,70,70,63,63,58,58,58,58,58,50,50,35,58,48,70,52,52,44,46,39,9,32,15,15,0,0],"gold":54,"neow_bonus":"BOSS_RELIC","is_daily":false,"chose_seed":false,"campfire_upgraded":4,"win_rate":0.0,"timestamp":1610388275,"path_taken":["M","?","M","?","M","R","E","R","T","R","?","?","R","?","R","BOSS","M","?","M","M","M","E","R","?","T","E"],"items_purchased_type":[],"build_version":"2020-12-22","purchased_purges":0,"victory":false,"max_hp_per_floor":[72,77,77,77,77,77,77,77,77,77,77,77,77,77,77,77,77,77,77,77,77,77,77,77,77,77,77,77],"relic_stats":{"Centennial Puzzle":[27],"counters":[14,55],"Bronze Scales":[182],"Ectoplasm":509,"PreservedInsect":44,"obtain_stats":[{"keyreminder:keyreminder":26,"Centennial Puzzle":7,"Matryoshka":12,"Bronze Scales":9,"Velvet Choker":17,"Ectoplasm":0,"PreservedInsect":26,"PureWater":0,"Ancient Tea Set":23},{"keyreminder:keyreminder":13,"Centennial Puzzle":4,"Matryoshka":5,"Bronze Scales":4,"Velvet Choker":7,"Ectoplasm":0,"PreservedInsect":13,"PureWater":0,"Ancient Tea Set":12},{"keyreminder:keyreminder":52,"Centennial Puzzle":10,"Matryoshka":14,"Bronze Scales":10,"Velvet Choker":30,"Ectoplasm":0,"PreservedInsect":52,"PureWater":0,"Ancient Tea Set":48}]},"card_choices":[{"not_picked":["EmptyBody","SashWhip"],"picked":"JustLucky","floor":1},{"not_picked":["EmptyBody","JustLucky"],"picked":"Wireheading","floor":3},{"not_picked":["Alpha","PathToVictory"],"picked":"ClearTheMind","floor":5},{"not_picked":["CutThroughFate","Halt"],"picked":"EmptyMind","floor":7},{"not_picked":["SandsOfTime","CutThroughFate"],"picked":"InnerPeace","floor":11},{"not_picked":["SashWhip","SignatureMove"],"picked":"Adaptation","floor":12},{"not_picked":["Brilliance","MasterReality"],"picked":"Establishment","floor":16},{"not_picked":["FollowUp+1","ClearTheMind"],"picked":"CrushJoints","floor":18},{"not_picked":["JustLucky+1","Crescendo"],"picked":"Vengeance","floor":20},{"not_picked":["EmptyBody","Crescendo"],"picked":"WheelKick","floor":21},{"not_picked":["ClearTheMind+1","Consecrate"],"picked":"CutThroughFate+1","floor":22},{"not_picked":["LikeWater+1","Crescendo"],"picked":"BattleHymn","floor":23},{"not_picked":["Crescendo","Prostrate+1"],"picked":"Consecrate+1","floor":25}],"player_experience":229409,"relics_obtained":[{"floor":7,"key":"Centennial Puzzle"},{"floor":9,"key":"Bronze Scales"},{"floor":23,"key":"Ancient Tea Set"},{"floor":26,"key":"PreservedInsect"}],"event_choices":[{"damage_healed":0,"gold_gain":0,"player_choice":"Donut","damage_taken":0,"max_hp_gain":5,"max_hp_loss":0,"event_name":"Big Fish","floor":2,"gold_loss":0},{"damage_healed":0,"gold_gain":0,"player_choice":"Ignored","damage_taken":0,"max_hp_gain":0,"max_hp_loss":0,"event_name":"Golden Idol","floor":4,"gold_loss":0},{"damage_healed":0,"gold_gain":0,"player_choice":"Searched \u00272\u0027 times","damage_taken":0,"relics_obtained":["Matryoshka"],"max_hp_gain":0,"max_hp_loss":0,"event_name":"Dead Adventurer","floor":12,"gold_loss":0},{"damage_healed":0,"gold_gain":0,"player_choice":"Entered Light","damage_taken":15,"max_hp_gain":0,"max_hp_loss":0,"event_name":"Shining Light","floor":14,"gold_loss":0,"cards_upgraded":["Strike_P","Strike_P"]},{"damage_healed":0,"gold_gain":0,"player_choice":"Copied","damage_taken":0,"max_hp_gain":0,"max_hp_loss":0,"event_name":"Duplicator","floor":19,"gold_loss":0,"cards_obtained":["EmptyMind"]}],"is_beta":false,"boss_relics":[{"not_picked":["Pandora\u0027s Box","Empty Cage"],"picked":"Velvet Choker"}],"items_purged_floors":[],"is_endless":false,"potions_floor_spawned":[3,5,12,16,21,22],"killed_by":"Gremlin Leader","ascension_level":6}}