{"host":"ruhvfxfzllvxorj7","time":1610343650,"event":{"mods":["AchievementEnabler","BaseMod","Beaked The Cultist","BetterRewards","Colored Map","Colored Powertips","Downfall","Hermit","Hubris","Lobotomy","Minty Spire (QoL Compilation)","Quick Restart","Replay The Spire","StSLib","The Cursed","The Disciple","The Jungle","The Poker Player"],"gold_per_floor":[99,156,331,345,360,360,360,389,403,403,403,206,237,237,247,347,347,347,366,383,383,383,383,383,383],"floor_reached":23,"playtime":2279,"items_purged":[],"score":197,"play_id":"e121b6f4-5445-4d1e-bd70-c637d19cc3d4","local_time":"20210110234050","is_ascension_mode":false,"campfire_choices":[{"data":"Slimebound:CorrosiveSpit","floor":1,"key":"SMITH"},{"floor":6,"key":"REST"},{"floor":11,"key":"REST"},{"floor":18,"key":"REST"}],"circlet_count":0,"master_deck":["Slimebound:Tackle","Slimebound:Defend_Slimebound","Slimebound:Defend_Slimebound","Slimebound:Defend_Slimebound","Slimebound:Defend_Slimebound","Slimebound:Split+1","Slimebound:CorrosiveSpit+1","Slimebound:RollThrough","Slimebound:SlimeSpikes","Slimebound:FlameTackle","Slimebound:ComboTackle","Slimebound:FinishingTackle","Slimebound:SpikyOuterGoop","Slimebound:ForwardTackle","Slimebound:LeechEnergy","Slimebound:FinishingTackle","Slimebound:RallyTheTroops","hubris:Wrath","Slimebound:GrowthPunch+1","Slimebound:Overexert+1","Slimebound:ViciousTackle","Slimebound:SplitLeeching"],"relics":["Slimebound:AbsorbEndCombat","Strawberry","StoneCalendar","hubris:PeanutButter","Vajra","Ancient Tea Set","hubris:ToyBattleship","Astrolabe"],"acts_visited":["Exordium","TheCity"],"potions_floor_usage":[15,16,16,16],"damage_taken":[{"damage":64,"enemies":"Gremlin Nob","floor":2,"turns":5},{"damage":11,"enemies":"2 Louse","floor":4,"turns":2},{"damage":9,"enemies":"Jaw Worm","floor":5,"turns":5},{"damage":39,"enemies":"Lagavulin","floor":8,"turns":6},{"damage":1,"enemies":"Cultist","floor":9,"turns":3},{"damage":4,"enemies":"downfall:FleeingMerchant","floor":12,"turns":4},{"damage":40,"enemies":"Gremlin Nob","floor":13,"turns":5},{"damage":19,"enemies":"Large Slime","floor":15,"turns":5},{"damage":38,"enemies":"downfall:Silent","floor":16,"turns":7},{"damage":14,"enemies":"Shell Parasite","floor":19,"turns":4},{"damage":43,"enemies":"Sentry and Sphere","floor":20,"turns":6},{"damage":34,"enemies":"Snake Plant","floor":23,"turns":4}],"seed_played":"-4877412759020592524","potions_obtained":[{"floor":2,"key":"Energy Potion"},{"floor":8,"key":"Regen Potion"},{"floor":13,"key":"Energy Potion"},{"floor":15,"key":"SteroidPotion"}],"is_trial":false,"path_per_floor":["R","?","?","M","M","R","T","E","M","?","R","$","E","T","M","B",null,"R","M","M","PTL","PTL","M"],"character_chosen":"SLIMEBOUND","items_purchased":["Vajra","Slimebound:ForwardTackle"],"campfire_rested":3,"item_purchase_floors":[12,12],"current_hp_per_floor":[60,23,23,24,31,51,51,28,39,39,59,63,27,27,32,26,67,67,66,31,31,31,0,0,0],"gold":383,"neow_bonus":"UPGRADE_CARD","is_daily":false,"chose_seed":false,"campfire_upgraded":1,"win_rate":0.0,"timestamp":1610343650,"path_taken":["R","?","?","M","M","R","T","E","M","?","R","$","E","?","M","BOSS","R","?","M","PTL","PTL","M"],"items_purchased_type":["Relic","Card"],"build_version":"2020-12-22","purchased_purges":0,"victory":false,"max_hp_per_floor":[60,67,67,67,67,67,67,67,67,67,67,67,67,67,67,67,67,67,67,67,67,67,67,67,67],"card_choices":[{"not_picked":["Slimebound:TongueLash","Slimebound:ComboTackle"],"picked":"Slimebound:RollThrough","floor":2},{"not_picked":["Slimebound:Repurpose","Slimebound:ProtectTheBoss"],"picked":"Slimebound:SlimeSpikes","floor":4},{"not_picked":["Slimebound:SlimeSpikes","Slimebound:ViciousTackle"],"picked":"Slimebound:FlameTackle","floor":5},{"not_picked":["Slimebound:ItLooksTasty","Slimebound:SamplingLick"],"picked":"Slimebound:ComboTackle","floor":8},{"not_picked":["Slimebound:PressTheAttack","Slimebound:SlimeSlap"],"picked":"Slimebound:FinishingTackle","floor":9},{"not_picked":["Slimebound:AcidTongue","Slimebound:ViciousTackle"],"picked":"Slimebound:SpikyOuterGoop","floor":12},{"not_picked":["Slimebound:SlimeTap","Slimebound:DisruptingSlam"],"picked":"Slimebound:LeechEnergy","floor":13},{"not_picked":["Slimebound:SplitMire","Slimebound:MegaLick"],"picked":"Slimebound:FinishingTackle","floor":15},{"not_picked":["Slimebound:PrepareCrush","Slimebound:DuplicatedForm"],"picked":"Slimebound:RallyTheTroops","floor":16},{"not_picked":["Slimebound:ProtectTheBoss","Slimebound:FinishingTackle"],"picked":"Slimebound:ViciousTackle","floor":19},{"not_picked":["Slimebound:PressTheAttack+1","Slimebound:SlimeSpikes"],"picked":"Slimebound:SplitLeeching","floor":20}],"player_experience":86585,"relics_obtained":[{"floor":7,"key":"StoneCalendar"},{"floor":8,"key":"hubris:PeanutButter"},{"floor":13,"key":"Ancient Tea Set"},{"floor":14,"key":"hubris:ToyBattleship"}],"event_choices":[],"is_beta":false,"boss_relics":[{"not_picked":["SacredBark","Kintsugi"],"picked":"Astrolabe"}],"items_purged_floors":[],"is_endless":false,"potions_floor_spawned":[2,8,13,15],"killed_by":"Snake Plant","ascension_level":0}}