{"host":"5x08nt64u3vxxcfi","time":1610366441,"event":{"mods":["BaseMod","Minty Spire (QoL Compilation)","StSLib","SuperFastMode"],"gold_per_floor":[117,192,209,209,209,244,259,274,322,322,322,322],"floor_reached":11,"playtime":213,"items_purged":[],"score":120,"play_id":"42ae0d70-b377-4c6f-86f6-52628bfe58a5","local_time":"20210111210041","is_ascension_mode":true,"campfire_choices":[],"circlet_count":0,"master_deck":["AscendersBane","Strike_G","Strike_G","Strike_G","Strike_G","Strike_G","Defend_G","Defend_G","Defend_G","Defend_G","Defend_G","Survivor","Neutralize","Night Terror","Noxious Fumes+1","Caltrops","Die Die Die","Infinite Blades","PiercingWail","Dagger Throw","Dodge and Roll","Blade Dance"],"relics":["Ring of the Snake","Eternal Feather","Boot"],"acts_visited":[],"potions_floor_usage":[6,11],"damage_taken":[{"damage":1.0,"enemies":"Cultist","floor":1.0,"turns":4.0},{"damage":7.0,"enemies":"2 Louse","floor":3.0,"turns":4.0},{"damage":33,"enemies":"Gremlin Nob","floor":6,"turns":6},{"damage":1,"enemies":"Small Slimes","floor":7,"turns":4},{"damage":10,"enemies":"3 Louse","floor":8,"turns":3},{"damage":23,"enemies":"3 Sentries","floor":11,"turns":4}],"seed_played":"2734838572648541581","potions_obtained":[{"floor":1.0,"key":"Weak Potion"},{"floor":8,"key":"Weak Potion"}],"is_trial":false,"path_per_floor":["M","?","M","?","?","E","M","M","T","?","E"],"character_chosen":"THE_SILENT","items_purchased":[],"campfire_rested":0,"item_purchase_floors":[],"current_hp_per_floor":[62,51,44,67,67,34,33,23,23,23,0,0],"gold":322,"neow_bonus":"ONE_RANDOM_RARE_CARD","is_daily":false,"chose_seed":false,"campfire_upgraded":0,"win_rate":0.0,"timestamp":1610366441,"path_taken":["M","?","M","?","?","E","M","?","T","?","E"],"items_purchased_type":[],"build_version":"2020-12-22","purchased_purges":0,"victory":false,"max_hp_per_floor":[70,70,70,70,70,70,70,70,70,70,70,70],"card_choices":[{"not_picked":["Underhanded Strike","Dagger Throw"],"picked":"Noxious Fumes","floor":1.0},{"not_picked":["Slice","Flechettes"],"picked":"Caltrops","floor":3.0},{"not_picked":["Expertise","Bouncing Flask"],"picked":"Dagger Throw","floor":6},{"not_picked":["PiercingWail","Calculated Gamble"],"picked":"Dodge and Roll","floor":7},{"not_picked":["Cloak And Dagger","Outmaneuver"],"picked":"Blade Dance","floor":8}],"player_experience":95062,"relics_obtained":[{"floor":6,"key":"Eternal Feather"},{"floor":9,"key":"Boot"}],"event_choices":[{"damage_healed":0.0,"max_hp_gain":0.0,"max_hp_loss":0.0,"gold_gain":75.0,"event_name":"World of Goop","player_choice":"Gather Gold","floor":2.0,"gold_loss":0.0,"damage_taken":11.0},{"damage_healed":23.0,"max_hp_gain":0.0,"max_hp_loss":0.0,"gold_gain":0.0,"event_name":"Big Fish","player_choice":"Banana","floor":4.0,"gold_loss":0.0,"damage_taken":0.0},{"damage_healed":0,"gold_gain":0,"player_choice":"3 cards matched","damage_taken":0,"max_hp_gain":0,"max_hp_loss":0,"event_name":"Match and Keep!","floor":5,"gold_loss":0,"cards_obtained":["Die Die Die","Infinite Blades","PiercingWail"]},{"damage_healed":0,"gold_gain":0,"player_choice":"Grow","damage_taken":0,"max_hp_gain":0,"max_hp_loss":0,"event_name":"Living Wall","floor":10,"gold_loss":0,"cards_upgraded":["Noxious Fumes"]}],"is_beta":false,"boss_relics":[],"items_purged_floors":[],"is_endless":false,"potions_floor_spawned":[1,8],"killed_by":"3 Sentries","ascension_level":13}}