{"host":"ss2ocoam53r2lno0","time":1610359620,"event":{"mods":["Act Like it!","BaseMod","ChefMod","Clockwork Mod","Colored Powertips","Curses Come First","Dark Map","Displayed Cursed Tome","Downfall","Evolution","Googly Eyes","Hallownest","Highlight Path","Minty Spire (QoL Compilation)","Poor People Problems","Rare Cards Sparkle","Robot Space Explorer","Shade Mod","Shop Mod","Spicy Shops","StSLib","The Marked"],"gold_per_floor":[110,110,110,110,122,134,173,185,197,221,233,277,289,313,325,434,446,468,480,492,429,366,393,425,437,449,473,518,530,542,542],"floor_reached":30,"playtime":2844,"items_purged":[],"score":304,"play_id":"76b622d9-44d4-4870-b3e2-81c0b40126a3","local_time":"20210111110700","is_ascension_mode":false,"campfire_choices":[{"data":"Clockwork:Tinker","floor":6.0,"key":"SMITH"},{"data":"Clockwork:PerfectedShield","floor":8.0,"key":"SMITH"},{"data":"Clockwork:CraftSomewhatSmoothStone","floor":13.0,"key":"SMITH"},{"data":"Clockwork:Handicap","floor":15.0,"key":"SMITH"},{"floor":25.0,"key":"REST"},{"data":"Clockwork:SystemHardening","floor":29.0,"key":"SMITH"}],"circlet_count":0,"master_deck":["Clockwork:Strike+1","Clockwork:Shield","Clockwork:Shield+1","Clockwork:Shield","Clockwork:Shield","Clockwork:Tinker+1","Clockwork:WarmUp+1","Clockwork:ChargingShield+1","Clockwork:PerfectedShield+1","Clockwork:SmithsMallet","Clockwork:AssemblyLine+1","Clockwork:CogToss","Clockwork:SystemHardening+1","Clockwork:ReactiveNanites+1","Clockwork:RampUp","Clockwork:LogisticRegression+1"],"relics":["Clockwork:MomentumEngine","EVO:Axolotl","NeowsBlessing","Frozen Egg 2","MawBank","Bag of Preparation","Darkstone Periapt","Sundial","Clockwork:SomewhatSmoothStone","Empty Cage","Clockwork:QuicksilverHourglass","Clockwork:GoldenCog","HornCleat","Clockwork:BloodPhial","Girya"],"acts_visited":["Exordium","TheCity"],"potions_floor_usage":[30],"damage_taken":[{"damage":0.0,"enemies":"Cultist","floor":1.0,"turns":1.0},{"damage":3.0,"enemies":"3 Sentries","floor":7.0,"turns":5.0},{"damage":0.0,"enemies":"Jaw Worm","floor":10.0,"turns":6.0},{"damage":0.0,"enemies":"Lagavulin","floor":12.0,"turns":19.0},{"damage":1.0,"enemies":"2 Louse","floor":14.0,"turns":6.0},{"damage":44.0,"enemies":"Hexaghost","floor":16.0,"turns":17.0},{"damage":8.0,"enemies":"Shell Parasite","floor":18.0,"turns":14.0},{"damage":15.0,"enemies":"2 Thieves","floor":21.0,"turns":5.0},{"damage":63.0,"enemies":"Chosen and Byrds","floor":23.0,"turns":18.0},{"damage":8.0,"enemies":"Centurion and Healer","floor":24.0,"turns":11.0},{"damage":1.0,"enemies":"Snake Plant","floor":27.0,"turns":7.0},{"damage":2.0,"enemies":"Gremlin Leader","floor":28.0,"turns":10.0},{"damage":35,"enemies":"Slavers","floor":30,"turns":5}],"seed_played":"-3025861539373594354","potions_obtained":[{"floor":14.0,"key":"Fruit Juice"},{"floor":16.0,"key":"Energy Potion"},{"floor":18.0,"key":"DuplicationPotion"},{"floor":27.0,"key":"sneckomod:MuddlingPotion"},{"floor":28.0,"key":"Swift Potion"}],"is_trial":false,"path_per_floor":["M","T","?","?","$","R","E","R","T","M","?","E","R","M","R","B",null,"M","?","?","M","?","M","M","R","T","M","E","R","E"],"character_chosen":"CLOCKWORK","items_purchased":[],"campfire_rested":1,"item_purchase_floors":[],"current_hp_per_floor":[85,85,68,56,56,56,53,53,53,53,58,58,58,62,62,18,95,87,87,87,72,72,13,5,33,33,32,32,32,0,0],"gold":542,"neow_bonus":"THREE_ENEMY_KILL","is_daily":false,"chose_seed":false,"campfire_upgraded":5,"win_rate":0.0,"timestamp":1610359620,"path_taken":["M","?","?","?","$","R","E","R","T","M","?","E","R","M","R","BOSS","M","?","?","M","?","M","M","R","T","M","E","R","E"],"items_purchased_type":[],"build_version":"2020-12-22","purchased_purges":0,"victory":false,"max_hp_per_floor":[85,85,85,85,85,85,85,85,85,85,90,90,90,95,95,95,95,95,95,95,95,95,95,95,95,95,95,95,95,95,95],"card_choices":[{"not_picked":["Clockwork:ForgeStrike","Clockwork:AdaptiveCannon"],"picked":"Clockwork:ChargingShield","floor":1.0},{"not_picked":["Clockwork:Redundancy","Clockwork:SystemScan"],"picked":"Clockwork:PerfectedShield","floor":7.0},{"not_picked":["Clockwork:AdaptiveShield","Clockwork:SearingStrike"],"picked":"Clockwork:SmithsMallet","floor":10.0},{"not_picked":["Clockwork:ReserveSystems","Clockwork:SnapKeep"],"picked":"Clockwork:CraftSomewhatSmoothStone","floor":12.0},{"not_picked":["Clockwork:Minimalism","Clockwork:Friction"],"picked":"Clockwork:AssemblyLine+1","floor":14.0},{"not_picked":["Clockwork:Inspiration","Clockwork:AeonShield"],"picked":"Clockwork:CraftQuicksilverHourglass","floor":16.0},{"not_picked":["Clockwork:Redundancy+1","Clockwork:SystemScan"],"picked":"Clockwork:CogToss","floor":18.0},{"not_picked":["Clockwork:SnapKeep","Clockwork:Improve"],"picked":"Clockwork:SystemHardening","floor":21.0},{"not_picked":["Clockwork:Enhance","Clockwork:SnapKeep"],"picked":"Clockwork:ReactiveNanites+1","floor":23.0},{"not_picked":["Clockwork:Minimalism","Clockwork:SnapKeep"],"picked":"Clockwork:RampUp","floor":24.0},{"not_picked":["Clockwork:TestingEnvironment","Clockwork:Minimalism+1","Clockwork:Efficiency"],"picked":"SKIP","floor":27.0},{"not_picked":["Clockwork:SiegeStrike","Clockwork:Enhance+1"],"picked":"Clockwork:LogisticRegression+1","floor":28.0}],"player_experience":650041,"relics_obtained":[{"floor":2.0,"key":"Frozen Egg 2"},{"floor":7.0,"key":"Bag of Preparation"},{"floor":9.0,"key":"Darkstone Periapt"},{"floor":12.0,"key":"Sundial"},{"floor":26.0,"key":"HornCleat"},{"floor":28.0,"key":"Girya"}],"event_choices":[{"damage_healed":0.0,"max_hp_gain":0.0,"max_hp_loss":0.0,"gold_gain":0.0,"event_name":"Shining Light","player_choice":"Entered Light","floor":3.0,"gold_loss":0.0,"damage_taken":17.0,"cards_upgraded":["Clockwork:ChargingShield","Clockwork:Strike"]},{"damage_healed":0.0,"max_hp_gain":0.0,"max_hp_loss":0.0,"gold_gain":0.0,"event_name":"Scrap Ooze","player_choice":"Success","floor":4.0,"gold_loss":0.0,"damage_taken":12.0,"relics_obtained":["MawBank"]},{"damage_healed":0.0,"max_hp_gain":5.0,"max_hp_loss":0.0,"gold_gain":0.0,"event_name":"Big Fish","player_choice":"Donut","floor":11.0,"gold_loss":0.0,"damage_taken":0.0},{"damage_healed":0.0,"max_hp_gain":0.0,"max_hp_loss":0.0,"gold_gain":0.0,"event_name":"The Library","player_choice":"Read","floor":19.0,"gold_loss":0.0,"damage_taken":0.0,"cards_obtained":["Clockwork:CraftBloodPhial"]},{"damage_healed":0.0,"max_hp_gain":0.0,"max_hp_loss":0.0,"gold_gain":0.0,"event_name":"Ghosts","player_choice":"Ignored","floor":20.0,"gold_loss":0.0,"damage_taken":0.0},{"cards_removed":["Clockwork:Strike"],"damage_healed":0.0,"max_hp_gain":0.0,"max_hp_loss":0.0,"gold_gain":0.0,"event_name":"Beggar","player_choice":"Gave Gold","floor":22.0,"gold_loss":75.0,"damage_taken":0.0}],"is_beta":false,"boss_relics":[{"not_picked":["Fusion Hammer","sneckomod:SneckoTalon"],"picked":"Empty Cage"}],"items_purged_floors":[],"is_endless":false,"potions_floor_spawned":[14,16,18,27,28],"killed_by":"Slavers","ascension_level":0}}