{"host":"n7aywsqehmyjh5xy","time":1610323938,"event":{"mods":["BaseMod","Colored Map","Downfall","Minty Spire (QoL Compilation)","StSLib"],"gold_per_floor":[110,110,110,110,90,129,129,145,170,170,205,218,262,282,282,410,410,425,425,468,487,252,291,291,332,385,401,420,196,196,196,196],"floor_reached":31,"playtime":13809,"items_purged":["Defend_B","Defend_B"],"score":452,"play_id":"9a58fba0-ab1e-4c6a-aec0-c4cdf9b1e79c","local_time":"20210110191218","is_ascension_mode":true,"campfire_choices":[{"floor":7,"key":"REST"},{"data":"Redo","floor":10,"key":"SMITH"},{"data":"Coolheaded","floor":15,"key":"SMITH"},{"floor":24,"key":"REST"}],"circlet_count":0,"master_deck":["Strike_B","Strike_B","Defend_B","Zap","Dualcast","Rebound","Conserve Battery","Leap","Redo+1","Coolheaded+1","Redo","Leap+1","Hologram+1","Fission+1","Redo+1","Redo+1","Hologram+1","Chaos+1","Capacitor","White Noise+1","Consume+1","Loop","Glacier+1","Go for the Eyes","Defragment"],"relics":["Cracked Core","NeowsBlessing","Golden Idol","Oddly Smooth Stone","Bronze Scales","Nunchaku","Meat on the Bone","Toxic Egg 2","Empty Cage","Red Mask","Strawberry","Smiling Mask","Runic Capacitor"],"acts_visited":["Exordium","TheCity"],"potions_floor_usage":[21,23,27,27],"damage_taken":[{"damage":0,"enemies":"Small Slimes","floor":1,"turns":1},{"damage":0,"enemies":"Lagavulin","floor":6,"turns":1},{"damage":0,"enemies":"2 Louse","floor":8,"turns":1},{"damage":20,"enemies":"Gremlin Nob","floor":11,"turns":4},{"damage":0,"enemies":"Jaw Worm","floor":12,"turns":3},{"damage":13,"enemies":"Lagavulin","floor":13,"turns":9},{"damage":0,"enemies":"Large Slime","floor":14,"turns":8},{"damage":19,"enemies":"Slime Boss","floor":16,"turns":14},{"damage":10,"enemies":"Chosen","floor":18,"turns":6},{"damage":46,"enemies":"Masked Bandits","floor":20,"turns":9},{"damage":0,"enemies":"Shell Parasite","floor":21,"turns":5},{"damage":29,"enemies":"Gremlin Leader","floor":23,"turns":6},{"damage":26,"enemies":"Slavers","floor":25,"turns":5},{"damage":32,"enemies":"3 Cultists","floor":27,"turns":6},{"damage":13,"enemies":"Sentry and Sphere","floor":28,"turns":7},{"damage":20,"enemies":"Gremlin Leader","floor":31,"turns":5}],"seed_played":"3641905310148771426","potions_obtained":[{"floor":6,"key":"Explosive Potion"},{"floor":11,"key":"SpeedPotion"},{"floor":13,"key":"Swift Potion"},{"floor":21,"key":"ColorlessPotion"},{"floor":23,"key":"Block Potion"}],"is_trial":false,"path_per_floor":["M","?","?","?","?","E","R","M","T","R","E","M","E","M","R","B",null,"M","?","?","M","$","E","R","E","T","M","M","$","?","E"],"character_chosen":"DEFECT","items_purchased":["Chaos+1","Capacitor","Runic Capacitor","Go for the Eyes"],"campfire_rested":2,"item_purchase_floors":[22,22,29,29],"current_hp_per_floor":[68,50,32,32,32,32,54,54,54,54,34,46,45,45,45,38,66,56,56,22,34,34,24,48,34,34,14,13,13,13,0,0],"gold":196,"neow_bonus":"THREE_ENEMY_KILL","is_daily":false,"chose_seed":false,"campfire_upgraded":2,"win_rate":0.0,"timestamp":1610323938,"path_taken":["M","?","?","?","?","E","R","M","T","R","E","M","E","M","R","BOSS","M","?","?","M","$","E","R","E","T","M","M","?","?","E"],"items_purchased_type":["Card","Card","Relic","Card"],"build_version":"2020-12-22","purchased_purges":2,"victory":false,"max_hp_per_floor":[75,75,75,75,75,75,75,75,75,75,75,75,75,75,75,75,75,75,75,75,75,75,82,82,82,82,82,82,82,82,82,82],"card_choices":[{"not_picked":["Barrage","Turbo"],"picked":"Rebound","floor":1},{"not_picked":["Meteor Strike","Sunder"],"picked":"Leap","floor":6},{"not_picked":["Melter","Blizzard"],"picked":"Redo","floor":8},{"not_picked":["Stack","Meteor Strike"],"picked":"Coolheaded","floor":11},{"not_picked":["Steam","Rebound"],"picked":"Redo","floor":12},{"not_picked":["Turbo+1","Streamline"],"picked":"Leap+1","floor":13},{"not_picked":["Recycle+1","Leap+1"],"picked":"Hologram+1","floor":14},{"not_picked":["Hyperbeam","Multi-Cast+1"],"picked":"Fission+1","floor":16},{"not_picked":["Beam Cell","Sweeping Beam"],"picked":"Redo+1","floor":18},{"not_picked":["Sweeping Beam","Reprogram+1"],"picked":"Redo+1","floor":20},{"not_picked":["Go for the Eyes","Blizzard"],"picked":"Hologram+1","floor":21},{"not_picked":["Steam+1","Turbo+1"],"picked":"White Noise+1","floor":23},{"not_picked":["Beam Cell","Reprogram+1"],"picked":"Consume+1","floor":25},{"not_picked":["Compile Driver","Hologram+1"],"picked":"Loop","floor":27},{"not_picked":["Hyperbeam","Hologram+1"],"picked":"Glacier+1","floor":28}],"player_experience":152994,"relics_obtained":[{"floor":6,"key":"Bronze Scales"},{"floor":9,"key":"Nunchaku"},{"floor":11,"key":"Meat on the Bone"},{"floor":13,"key":"Toxic Egg 2"},{"floor":20,"key":"Red Mask"},{"floor":23,"key":"Strawberry"},{"floor":25,"key":"Smiling Mask"}],"event_choices":[{"damage_healed":0,"gold_gain":0,"player_choice":"Take Damage","damage_taken":18,"relics_obtained":["Golden Idol"],"max_hp_gain":0,"max_hp_loss":0,"event_name":"Golden Idol","floor":2,"gold_loss":0},{"damage_healed":0,"gold_gain":0,"player_choice":"Success","damage_taken":18,"relics_obtained":["Oddly Smooth Stone"],"max_hp_gain":0,"max_hp_loss":0,"event_name":"Scrap Ooze","floor":3,"gold_loss":0},{"damage_healed":0,"gold_gain":0,"cards_transformed":["Strike_B"],"player_choice":"Change","damage_taken":0,"max_hp_gain":0,"max_hp_loss":0,"event_name":"Living Wall","floor":4,"gold_loss":0,"cards_obtained":["Conserve Battery"]},{"damage_healed":0,"gold_gain":0,"player_choice":"Left Gold","damage_taken":0,"max_hp_gain":0,"max_hp_loss":0,"event_name":"World of Goop","floor":5,"gold_loss":20},{"damage_healed":0,"gold_gain":0,"player_choice":"Ignored","damage_taken":0,"max_hp_gain":0,"max_hp_loss":0,"event_name":"Vampires","floor":19,"gold_loss":0},{"damage_healed":0,"gold_gain":0,"player_choice":"Fought Bandits","damage_taken":0,"max_hp_gain":0,"max_hp_loss":0,"event_name":"Masked Bandits","floor":20,"gold_loss":0},{"damage_healed":0,"gold_gain":0,"player_choice":"Read","damage_taken":0,"max_hp_gain":0,"max_hp_loss":0,"event_name":"The Library","floor":30,"gold_loss":0,"cards_obtained":["Defragment"]}],"is_beta":false,"boss_relics":[{"not_picked":["Black Star","Runic Dome"],"picked":"Empty Cage"}],"items_purged_floors":[22,29],"is_endless":false,"potions_floor_spawned":[6,11,13,18,21,23,25],"killed_by":"Gremlin Leader","ascension_level":7}}