{"host":"pzq1vc4uuxkm5fg8","time":1610323903,"event":{"mods":["BaseMod","BetterRewards","Downfall","Hermit","Minty Spire (QoL Compilation)","Shop Mod","StSLib","The Cursed"],"gold_per_floor":[115,130,95,108,108,142,159,159,159,2,34,48,48,67,67,67,67],"floor_reached":16,"playtime":1308,"items_purged":[],"score":162,"play_id":"1881a388-5053-4af2-89ca-64809a82c184","local_time":"20210110191143","is_ascension_mode":false,"campfire_choices":[{"floor":8,"key":"REST"},{"floor":13,"key":"REST"},{"data":"hermit:DeadOrAlive","floor":15,"key":"SMITH"}],"circlet_count":0,"master_deck":["hermit:Strike_Hermit","hermit:Strike_Hermit","hermit:Strike_Hermit","hermit:Strike_Hermit","hermit:Defend_Hermit","hermit:Defend_Hermit","hermit:Defend_Hermit","hermit:Defend_Hermit","hermit:Snapshot","hermit:Covet","hermit:Snipe","hermit:Grudge","hermit:BlackWind+1","hermit:Virtue","hermit:WideOpen","hermit:DeadOrAlive+1","hermit:EyeOfTheStorm","hermit:ShadowCloak"],"relics":["hermit:Momento","Du-Vu Doll","Akabeko","StrikeDummy","Toolbox","Unceasing Top"],"acts_visited":["Exordium"],"potions_floor_usage":[16],"damage_taken":[{"damage":1,"enemies":"Cultist","floor":1,"turns":4},{"damage":5,"enemies":"Small Slimes","floor":2,"turns":4},{"damage":3,"enemies":"Jaw Worm","floor":4,"turns":4},{"damage":30,"enemies":"3 Sentries","floor":6,"turns":7},{"damage":3,"enemies":"Lots of Slimes","floor":7,"turns":4},{"damage":30,"enemies":"Lagavulin","floor":11,"turns":8},{"damage":0,"enemies":"Red Slaver","floor":12,"turns":2},{"damage":0,"enemies":"Looter","floor":14,"turns":1},{"damage":54,"enemies":"Hexaghost","floor":16,"turns":11}],"seed_played":"-8050069690031998939","potions_obtained":[{"floor":1,"key":"Guardian:BlockOnCardUsePotion"},{"floor":4,"key":"Ancient Potion"},{"floor":6,"key":"Strength Potion"}],"is_trial":false,"path_per_floor":["M","M","?","M","?","E","M","R","T","$","E","M","R","M","R","B"],"character_chosen":"HERMIT","items_purchased":["Toolbox"],"campfire_rested":2,"item_purchase_floors":[10],"current_hp_per_floor":[65,60,75,72,72,42,39,61,61,61,31,31,53,53,53,0,0],"gold":67,"neow_bonus":"","is_daily":false,"chose_seed":false,"campfire_upgraded":1,"win_rate":0.0,"timestamp":1610323903,"path_taken":["M","M","?","M","?","E","M","R","T","?","E","M","R","M","R","BOSS"],"items_purchased_type":["Relic"],"build_version":"2020-12-22","purchased_purges":0,"victory":false,"max_hp_per_floor":[75,75,75,75,75,75,75,75,75,75,75,75,75,75,75,75,75],"card_choices":[{"not_picked":["hermit:Glare","hermit:Vantage"],"picked":"hermit:Snipe","floor":1},{"not_picked":["hermit:WideOpen","hermit:Snipe"],"picked":"hermit:Grudge","floor":2},{"not_picked":["hermit:WideOpen","hermit:Misfire"],"picked":"hermit:BlackWind","floor":4},{"not_picked":["hermit:Cheat","hermit:TrackingShot"],"picked":"hermit:Virtue","floor":6},{"not_picked":["hermit:CalledShot","hermit:TrackingShot"],"picked":"hermit:WideOpen","floor":7},{"not_picked":["hermit:Maintenance","hermit:LowProfile"],"picked":"hermit:DeadOrAlive","floor":11},{"not_picked":["hermit:Feint","hermit:Coalescence"],"picked":"hermit:EyeOfTheStorm","floor":12},{"not_picked":["hermit:Snipe","hermit:HighCaliber"],"picked":"hermit:ShadowCloak","floor":14}],"player_experience":296131,"relics_obtained":[{"floor":6,"key":"Akabeko"},{"floor":9,"key":"StrikeDummy"},{"floor":11,"key":"Unceasing Top"}],"event_choices":[{"damage_healed":18,"gold_gain":0,"player_choice":"Healed","damage_taken":0,"max_hp_gain":0,"max_hp_loss":0,"event_name":"The Cleric","floor":3,"gold_loss":35},{"damage_healed":0,"gold_gain":0,"player_choice":"Grow","damage_taken":0,"max_hp_gain":0,"max_hp_loss":0,"event_name":"Living Wall","floor":5,"gold_loss":0,"cards_upgraded":["hermit:BlackWind"]}],"is_beta":false,"boss_relics":[],"items_purged_floors":[],"is_endless":false,"potions_floor_spawned":[1,4,6,12],"killed_by":"Hexaghost","ascension_level":0}}