{"host":"k4e2h7whcx77u7lq","time":1610350792,"event":{"mods":["Act Like it!","Ascension Reborn","Aspiration","BaseMod","Better-Laid Plans","Conspire","Downfall","Gremlin Mod","KomeijiMod","Lobotomy","LobotomyExtend","Minty Spire (QoL Compilation)","Pale of the Ancients","Replay The Spire","RumiaBox-露米娅的神秘盒子","Spicy Shops","StSLib","TestMod","The Jungle","[IsaacMod]以撒尖塔","vexMod","【功能Mod】混沌之环修复补丁","【遗物卡牌】REMEMod","篝火指南"],"gold_per_floor":[116,8888,8888,8908,7298,5720,4365,3251,3332,3332,3332,3342,3342,3356,2121,2222,2222,8888,8960,8960,7874,7341,7367,6292,6292,6292,6303,6317,6328,6345,5776,5875,5972,5972,5988,6006,4637,4656,4672,4699,3004,3017,3096,3106,1899,1915,2015,2027,1187,1187],"floor_reached":51,"playtime":3802,"items_purged":["Strike_B","Parasite","Strike_B","SingingMachine","Defend_B","Pride","Defend_B"],"score":870,"play_id":"fcdca6c4-e5a1-492b-ac80-8e595dbfb040","local_time":"20210111153952","is_ascension_mode":false,"campfire_choices":[],"circlet_count":0,"master_deck":["Woodsman","CENSORED","Funeral","LongBird","BigBird","ApocalypseBird","PunishingBird","Strike_B","Strike_B","Defend_B","Defend_B","Zap+1","Dualcast","BettingIsNotGood","testmod-Collector","expansioncontent:PrepareCrush","Wellcheers","Cancel","Gash","Cold Snap","Doom and Gloom","Panic Button","Static Discharge","Static Discharge","expansioncontent:Flail","REME_Flogging","REME_DataAnalysis+1","Capacitor","testmod-EnhanceArmerment","Dark Shackles","ReplaySolidLightProjector","Tempest+1","Blizzard","Compile Driver+1","testmod-Reflect","expansioncontent:Hexaburn","testmod-Recap","Skim+1","Bloodbath","Aggregate","Leap","Swift Strike","Streamline","REME_BattleFury","testmod-LimitFlipper","ReplayUltimateDefense","ReplayTheSpireMod:Fabricate Wheel","Go for the Eyes","Steam Power","expansioncontent:TimeRipple","Sweeping Beam","Beam Cell","Scrape","Beam Cell+1","Sweeping Beam","FIFO Queue","Coolheaded+1","Replay:SS_fish_3","Capacitor","Redo","EpicFetus","Rip and Tear","Machine Learning","testmod-PerfectCombo","testmod-Wormhole","Skim","Streamline","Sweeping Beam","Gash","Loop","testmod-PocketStoneCalender","Reboot","LittleHelper","Rip and Tear+1","OldLady","Go for the Eyes+1","Dark Shackles","Hello World","BasicCrystalCard","testmod-ChaoticCore","FTL+1","Cold Snap+1","Tempest","Panic Button+1","Aggregate","Master of Strategy","expansioncontent:Hexaburn","ApocalypseBird","Reboot","FTL","testmod-HeadAttack","BasicCrystalCard","Coolheaded+1","Coolheaded","Stack","BasicCrystalCard","SpiderBud","expansioncontent:PrepareCrush","FIFO Queue","Go for the Eyes+1"],"relics":["Cracked Core","REME_ComplimentaryCards","HushsDoor","testmod-TestBox","GuppysTail","CogitoBucket","RabbitCall","LetterFromLob","NineVolt","vexMod:ScavengeHelm","Nunchaku","REME_HandOfSuture","HoshigumaDish","vexMod:Spyglass","Pear","Habit","Mirror","Quantum Egg","Sling","conspire:IceCreamScoop","testmod-Brilliant","Regal Pillow","Lee\u0027s Waffle","vexMod:GhostlyGear","aspiration:FaultyCoupler","LastBattle","vexMod:PaidLearning","AdjustmentMirror","BookOfRevelations","aspiration:SeaSaltIceCream","Juzu Bracelet","Toolbox","ReplayTheSpireMod:ShopPack","testmod-CyclicPeriapt","Black Star","Twilight","REME_LimitBreaker","Iron Hammer","Orrery","aspiration:FetidBarrel","vexMod:TimeEaterHat","ZombieArmy","Boot","GodSword4","Kunai","GodSword7","Theresia","Replay:Baseball","Replay:Frozen Program","testmod-EnergyCheck","AtMidnight","AspirationHeart","Vajra","testmod-Register","aspiration:FrozenJewel","InkBottle","WantedRequest","Lamp_r","Justitia_r","SolemnVow_r","aspiration:EnhancedActuators","Onion Ring","Pen Nib","MagicDraw2","Chemical X","MealTicket","Bottled Flame","DollysMirror","CENSORED_r","SatanicBible","Molten Egg 2","War Paint","PlanX","Medical Kit","SteamSale","Logging_r","Strawberry","Incense Burner","OrangePellets","Oddly Smooth Stone","PrismaticShard","TheBible"],"acts_visited":["TheBeyond"],"potions_floor_usage":[51,51],"damage_taken":[{"damage":2.0,"enemies":"conspire:RoseBush","floor":1.0,"turns":1.0},{"damage":2.0,"enemies":"2 Louse","floor":2.0,"turns":3.0},{"damage":1.0,"enemies":"Cultist","floor":4.0,"turns":3.0},{"damage":0.0,"enemies":"Looter","floor":10.0,"turns":1.0},{"damage":0.0,"enemies":"Gremlin Gang","floor":11.0,"turns":1.0},{"damage":0.0,"enemies":"3 Louse","floor":12.0,"turns":1.0},{"damage":0.0,"enemies":"conspire:2 RoseBushes","floor":14.0,"turns":1.0},{"damage":1.0,"enemies":"Slime Boss","floor":16.0,"turns":3.0},{"damage":0.0,"enemies":"Chosen","floor":18.0,"turns":1.0},{"damage":4.0,"enemies":"2 Thieves","floor":20.0,"turns":2.0},{"damage":0.0,"enemies":"Book of Stabbing","floor":23.0,"turns":1.0},{"damage":0.0,"enemies":"2 Thieves","floor":27.0,"turns":1.0},{"damage":0.0,"enemies":"Snecko","floor":28.0,"turns":1.0},{"damage":0.0,"enemies":"Snake Plant","floor":29.0,"turns":1.0},{"damage":0.0,"enemies":"Centurion and Healer","floor":30.0,"turns":1.0},{"damage":4.0,"enemies":"Automaton","floor":33.0,"turns":3.0},{"damage":5,"enemies":"3 Shapes","floor":35,"turns":2},{"damage":0,"enemies":"3 Darklings","floor":36,"turns":1},{"damage":0,"enemies":"Sphere and 2 Shapes","floor":38,"turns":1},{"damage":0,"enemies":"Jaw Worm Horde","floor":39,"turns":1},{"damage":29,"enemies":"R_Hoarder","floor":40,"turns":1},{"damage":18,"enemies":"Writhing Mass","floor":42,"turns":3},{"damage":3,"enemies":"Spire Growth","floor":44,"turns":2},{"damage":10,"enemies":"Transient","floor":46,"turns":4},{"damage":0,"enemies":"Sphere and 2 Shapes","floor":48,"turns":1},{"damage":29,"enemies":"Awakened One","floor":50,"turns":4},{"damage":0,"enemies":"Malkuth","floor":51,"turns":1},{"damage":38,"enemies":"Hod","floor":51,"turns":5},{"damage":119,"enemies":"Geburah","floor":51,"turns":4},{"damage":0,"enemies":"Binah","floor":51,"turns":4},{"damage":35,"enemies":"Angela","floor":51,"turns":6}],"seed_played":"7597138528047574591","potions_obtained":[{"floor":2.0,"key":"Languid Potion"},{"floor":14.0,"key":"Fire Potion"}],"is_trial":false,"path_per_floor":["M","M","?","M","$","R","$","R","T","M","M","M","?","M","R","B",null,"M","?","M","$","$","E","R","T","T","M","M","M","M","$","R","B",null,"M","M","$","M","M","E","R","M","T","M","$","M","?","M","R","B",null],"character_chosen":"DEFECT","items_purchased":["NineVolt","vexMod:ScavengeHelm","Nunchaku","REME_HandOfSuture","HoshigumaDish","vexMod:Spyglass","CalmPotion","Doom and Gloom","Panic Button","Static Discharge","expansioncontent:Flail","REME_Flogging","REME_DataAnalysis","Pear","Habit","Mirror","Quantum Egg","Sling","Capacitor","testmod-EnhanceArmerment","Dark Shackles","ReplaySolidLightProjector","Tempest","Blizzard","conspire:IceCreamScoop","testmod-Brilliant","Regal Pillow","Lee\u0027s Waffle","Compile Driver+1","testmod-Reflect","expansioncontent:Hexaburn","testmod-Recap","Skim+1","vexMod:GhostlyGear","aspiration:FaultyCoupler","LastBattle","vexMod:PaidLearning","Leap","Swift Strike","BookOfRevelations","aspiration:SeaSaltIceCream","Streamline","Toolbox","ReplayTheSpireMod:ShopPack","testmod-CyclicPeriapt","expansioncontent:TimeRipple","Sweeping Beam","Beam Cell","REME_LimitBreaker","Iron Hammer","Orrery","Replay:SS_fish_3","Capacitor","Redo","EpicFetus","Rip and Tear","vexMod:TimeEaterHat","ZombieArmy","Boot","GodSword4","testmod-PerfectCombo","testmod-Wormhole","Replay:Baseball","Replay:Frozen Program","Loop","testmod-PocketStoneCalender","Dark Shackles","Vajra","testmod-Register","aspiration:FrozenJewel","InkBottle","Hello World","BasicCrystalCard","testmod-ChaoticCore","Pen Nib","MagicDraw2","Chemical X","MealTicket","Panic Button+1","Aggregate","Master of Strategy","expansioncontent:Hexaburn","Bottled Flame","DollysMirror","testmod-HeadAttack","BasicCrystalCard","Coolheaded","Molten Egg 2","War Paint","PlanX","Medical Kit","SteamSale","expansioncontent:PrepareCrush","FIFO Queue","Go for the Eyes+1","Strawberry","Incense Burner","OrangePellets","Oddly Smooth Stone","PrismaticShard","TheBible"],"campfire_rested":0,"item_purchase_floors":[5,5,5,5,5,5,5,5,5,5,5,5,6,6,6,6,6,6,6,6,6,6,6,6,7,7,7,7,7,7,8,8,8,8,8,8,8,15,15,15,15,15,15,15,15,21,21,21,21,21,21,22,22,22,22,22,24,24,24,24,24,24,31,31,31,31,37,37,37,37,37,37,37,37,41,41,41,41,41,41,41,41,41,41,45,45,45,45,45,45,45,45,49,49,49,49,49,49,49,49,49],"current_hp_per_floor":[73,74,67,74,74,82,89,89,89,89,89,89,89,89,89,88,89,89,74,70,70,70,70,70,70,70,70,70,76,88,88,88,89,89,96,96,96,96,96,67,67,51,51,49,64,69,69,87,94,106],"gold":1202,"neow_bonus":"","is_daily":false,"chose_seed":false,"campfire_upgraded":0,"win_rate":0.0,"timestamp":1610350792,"path_taken":["M","M","?","?","$","R","$","R","T","M","?","M","?","M","R","BOSS","M","?","M","$","?","E","R","?","T","M","?","?","M","?","R","BOSS","M","M","$","M","?","E","R","M","T","?","?","M","?","M","R","BOSS"],"items_purchased_type":["Relic","Relic","Relic","Relic","Relic","Relic","Potion","Card","Card","Card","Card","Card","Card","Relic","Relic","Relic","Relic","Relic","Card","Card","Card","Card","Card","Card","Relic","Relic","Relic","Relic","Card","Card","Card","Card","Card","Relic","Relic","Relic","Relic","Card","Card","Relic","Relic","Card","Relic","Relic","Relic","Card","Card","Card","Relic","Relic","Relic","Card","Card","Card","Card","Card","Relic","Relic","Relic","Relic","Card","Card","Relic","Relic","Card","Card","Card","Relic","Relic","Relic","Relic","Card","Card","Card","Relic","Relic","Relic","Relic","Card","Card","Card","Card","Relic","Relic","Card","Card","Card","Relic","Relic","Relic","Relic","Relic","Card","Card","Card","Relic","Relic","Relic","Relic","Relic","Relic"],"build_version":"2020-12-22","purchased_purges":7,"victory":true,"max_hp_per_floor":[75,75,75,75,75,82,89,89,89,89,89,89,89,89,89,89,89,89,89,89,89,89,89,89,89,89,89,89,89,89,89,89,89,89,99,99,99,99,99,99,99,99,99,99,99,99,99,99,106,106],"card_choices":[{"not_picked":[],"picked":"BettingIsNotGood","floor":0.0},{"not_picked":["MeatLantern","LaLuna"],"picked":"Wellcheers","floor":1.0},{"not_picked":["BasicCrystalCard","Stack"],"picked":"Cancel","floor":1.0},{"not_picked":["SpiderBud","BlackSwan"],"picked":"PunishingBird","floor":2.0},{"not_picked":["Consume","Machine Learning"],"picked":"Gash","floor":2.0},{"not_picked":["OldLady","FieryBird","WallGazer"],"picked":"Singing Bowl","floor":4.0},{"not_picked":["OSAHOGD","MHz"],"picked":"LongBird","floor":4.0},{"not_picked":["ReplayTheSpireMod:System Scan","Rip and Tear"],"picked":"Cold Snap","floor":4.0},{"not_picked":["CrumblingArmor","BlackSwan","WhitesApple"],"picked":"Singing Bowl","floor":10.0},{"not_picked":["conspire:Rain","Creative AI","Gash"],"picked":"SKIP","floor":10.0},{"not_picked":["FairyFestival","Bloodbath","ShyLook"],"picked":"Singing Bowl","floor":11.0},{"not_picked":["Time Bomb","Panic Button","Leap"],"picked":"SKIP","floor":11.0},{"not_picked":["SingingMachine","RedShoes","NakedNest"],"picked":"Singing Bowl","floor":12.0},{"not_picked":["Scarecrow","Alriune"],"picked":"Bloodbath","floor":12.0},{"not_picked":["Genetic Algorithm","Darkness","Go for the Eyes"],"picked":"SKIP","floor":12.0},{"not_picked":["CrumblingArmor","Woodsman","NakedNest"],"picked":"Singing Bowl","floor":14.0},{"not_picked":["Doom and Gloom","Steam Power"],"picked":"Aggregate","floor":14.0},{"not_picked":["BloodyBrimstone","testmod-Reverberation"],"picked":"REME_BattleFury","floor":15.0},{"not_picked":["Secret Technique","Master of Strategy"],"picked":"testmod-LimitFlipper","floor":15.0},{"not_picked":["ReplayTheSpireMod:Trickstab","Enlightenment"],"picked":"ReplayUltimateDefense","floor":15.0},{"not_picked":["CherryBlossoms","DespairKnight","Funeral"],"picked":"Singing Bowl","floor":16.0},{"not_picked":["Seek","Multi-Cast"],"picked":"ReplayTheSpireMod:Fabricate Wheel","floor":16.0},{"not_picked":["FairyFestival","Alriune","UniverseFragment"],"picked":"Singing Bowl","floor":18.0},{"not_picked":["VoidDream","UniverseFragment"],"picked":"BigBird","floor":18.0},{"not_picked":["Skim","Streamline+1"],"picked":"Go for the Eyes","floor":18.0},{"not_picked":["Freischutz","Scarecrow"],"picked":"SingingMachine","floor":20.0},{"not_picked":["BasicCrystalCard","Compile Driver+1"],"picked":"Steam Power","floor":20.0},{"not_picked":["aspiration:Polymerization","Distribution+1"],"picked":"Scrape","floor":21.0},{"not_picked":["Redo","Cold Snap+1"],"picked":"Beam Cell+1","floor":21.0},{"not_picked":["Compile Driver","Panic Button+1"],"picked":"Sweeping Beam","floor":21.0},{"not_picked":["Lockon","aspiration:Polymerization"],"picked":"FIFO Queue","floor":21.0},{"not_picked":["Streamline","Hologram+1"],"picked":"Coolheaded+1","floor":21.0},{"not_picked":["Freischutz","LittleHelper","LaLuna"],"picked":"Singing Bowl","floor":23.0},{"not_picked":["Reinforced Body","Fan"],"picked":"Machine Learning","floor":23.0},{"not_picked":["Woodsman","BigBadWolf","WallGazer"],"picked":"Singing Bowl","floor":27.0},{"not_picked":["BlackArmy","OldLady"],"picked":"CENSORED","floor":27.0},{"not_picked":["BasicCrystalCard","ReplayTheSpireMod:Calculation Training"],"picked":"Skim","floor":27.0},{"not_picked":["UniverseFragment","FairyFestival","Laetitia"],"picked":"Singing Bowl","floor":28.0},{"not_picked":["UniverseFragment","SpiderBud"],"picked":"Woodsman","floor":28.0},{"not_picked":["Stack","REME_ForAll"],"picked":"Streamline","floor":28.0},{"not_picked":["LaLuna","Scarecrow"],"picked":"DespairKnight","floor":29.0},{"not_picked":["Double Energy","Steam"],"picked":"Sweeping Beam","floor":29.0},{"not_picked":["MHz","Funeral"],"picked":"Mercenary","floor":30.0},{"not_picked":["Pulse","Go for the Eyes+1"],"picked":"Gash","floor":30.0},{"not_picked":["NakedNest","BeautyBeast","GreedKing"],"picked":"Singing Bowl","floor":33.0},{"not_picked":["REME_ForAll","ReplayTheSpireMod:Omega Cannon"],"picked":"Reboot","floor":33.0},{"not_picked":["CrumblingArmor","NakedNest","DreamingCurrent"],"picked":"Singing Bowl","floor":35},{"not_picked":["VoidDream","WhitesApple"],"picked":"LittleHelper","floor":35},{"not_picked":["Time Bomb","Hologram+1"],"picked":"Rip and Tear+1","floor":35},{"not_picked":["Scorched","HeroicMonk","HappyTeddy"],"picked":"Singing Bowl","floor":36},{"not_picked":["SnowQueen","Rudolta"],"picked":"OldLady","floor":36},{"not_picked":["BootSequence+1","ReplayTheSpireMod:Reroute Power+1"],"picked":"Go for the Eyes+1","floor":36},{"not_picked":["SingingMachine","QueenBee"],"picked":"Funeral","floor":38},{"not_picked":["Streamline","Barrage+1"],"picked":"FTL+1","floor":38},{"not_picked":["Amplify","Stack+1"],"picked":"Cold Snap+1","floor":39},{"not_picked":["NakedNest","WhitesApple","BeautyBeast"],"picked":"Singing Bowl","floor":39},{"not_picked":["Ball Lightning+1","Leap+1"],"picked":"Tempest","floor":40},{"not_picked":["RedShoes","Scarecrow"],"picked":"QueenOfHatred","floor":40},{"not_picked":["Go for the Eyes","REME_Whirling"],"picked":"Reboot","floor":42},{"not_picked":["OSAHOGD","Alriune","RedShoes"],"picked":"Singing Bowl","floor":42},{"not_picked":["Laetitia","Scarecrow","WhitesApple"],"picked":"Singing Bowl","floor":44},{"not_picked":["Hologram","Cold Snap+1"],"picked":"FTL","floor":44},{"not_picked":["Scarecrow","Mercenary","OSAHOGD"],"picked":"Singing Bowl","floor":46},{"not_picked":["Go for the Eyes+1","Leap+1"],"picked":"Stack","floor":46},{"not_picked":["Gash+1","Steam"],"picked":"BasicCrystalCard","floor":47},{"not_picked":["Laetitia","LaLuna","WallGazer"],"picked":"Singing Bowl","floor":48},{"not_picked":["HappyTeddy","HeroicMonk"],"picked":"SpiderBud","floor":48},{"not_picked":["Doom and Gloom+1","Scrape+1","Cold Snap+1"],"picked":"SKIP","floor":48}],"player_experience":63767,"relics_obtained":[{"floor":1.0,"key":"LetterFromLob"},{"floor":20.0,"key":"Twilight"},{"floor":23.0,"key":"aspiration:FetidBarrel"},{"floor":25.0,"key":"Kunai"},{"floor":26.0,"key":"GodSword7"},{"floor":35,"key":"AtMidnight"},{"floor":40,"key":"aspiration:EnhancedActuators"},{"floor":40,"key":"Onion Ring"},{"floor":43,"key":"SatanicBible"}],"event_choices":[{"damage_healed":0.0,"max_hp_gain":0.0,"max_hp_loss":0.0,"gold_gain":0.0,"event_name":"恩洛斯的盘子","player_choice":"Ignored","floor":3.0,"gold_loss":0.0,"damage_taken":7.0},{"damage_healed":0.0,"max_hp_gain":0.0,"max_hp_loss":0.0,"gold_gain":0.0,"event_name":"conspire:Investor","player_choice":"Leave","floor":13.0,"gold_loss":0.0,"damage_taken":0.0},{"damage_healed":0.0,"max_hp_gain":0.0,"max_hp_loss":0.0,"gold_gain":99.0,"event_name":"Nest","player_choice":"Stole From Cult","floor":32.0,"gold_loss":0.0,"damage_taken":0.0}],"is_beta":false,"boss_relics":[{"not_picked":["Ectoplasm","testmod-Prudence"],"picked":"Black Star"},{"not_picked":[]},{"not_picked":["testmod-NegativeEmotionEnhancer","aspiration:IroncladSkillbook"],"picked":"testmod-EnergyCheck"},{"not_picked":[]}],"items_purged_floors":[5,6,7,21,37,41,49],"is_endless":false,"potions_floor_spawned":[2,10,11,12,14,29,30,35,38,39,46],"ascension_level":0}}