{"host":"fx1msjnmzlhlr397","time":1610384508,"event":{"mods":["AchievementEnabler","Act Like it!","Astrologer","BaseMod","Better Third Choice","Colored Map","Colored Powertips","Downfall","Duelist Mod","Friendly Minions","Gensokyo","GifTheSpireLib","Googly Eyes","Hermit","Highlight Path","LagranYue(???·?)","Marisa????????","Minty Spire (QoL Compilation)","Permanent Neow","Prisma Mod","Quick Restart","Rare Cards Sparkle","Replay The Spire","SOS???????","Shop Mod","StSLib","SuperFastMode","Td1madao Mod","The Alterego","The Animator","The Hierophant","The Jungle","The Wild Card"],"gold_per_floor":[114,289,289,289,299,299,349,375,399,41,58,13,30,46,46,46,46],"floor_reached":16,"playtime":421,"items_purged":[],"score":90,"play_id":"5cd18a00-35f4-4896-8b39-ec779412d1d3","local_time":"20210111120148","is_ascension_mode":false,"campfire_choices":[{"data":"alterego_mod:Strike","floor":6,"key":"SMITH"},{"data":"alterego_mod:Belts","floor":15,"key":"SMITH"}],"circlet_count":0,"master_deck":["alterego_mod:Strike+1","alterego_mod:Strike+1","alterego_mod:Strike","alterego_mod:Strike","alterego_mod:Defend","alterego_mod:Defend","alterego_mod:Defend","alterego_mod:Impale","alterego_mod:BigMeatyClaws","alterego_mod:BrynhildrsRune","alterego_mod:Belts+1","Doubt","alterego_mod:Punishment","Hallucinations","Metamorphosis+1","alterego_mod:Swimsuit+1","ReplayTheSpireMod:Private Reserves+1","alterego_mod:1TonWallop+1","alterego_mod:Cushion","alterego_mod:1TonWallop+1","alterego_mod:Skirt","alterego_mod:Alter+1","theDuelist:PsiCurse"],"relics":["alterego_mod:MasochisticConstitution","LagranYue:RandomDrawCardRelic","Ring of Greed","Golden Egg","Replay:Wax Seal","ReplayTheSpireMod:Ring of Challenge","MealTicket","Bag of Marbles"],"acts_visited":["Exordium"],"potions_floor_usage":[],"damage_taken":[{"damage":8,"enemies":"Small Slimes","floor":1,"turns":5},{"damage":5,"enemies":"2 Louse","floor":5,"turns":3},{"damage":4,"enemies":"Cultist","floor":11,"turns":1},{"damage":11,"enemies":"3 Louse","floor":13,"turns":4},{"damage":21,"enemies":"Blue Slaver","floor":14,"turns":3},{"damage":45,"enemies":"Slime Boss","floor":16,"turns":5}],"seed_played":"833111928824786310","potions_obtained":[{"floor":4,"key":"Explosive Potion"},{"floor":4,"key":"Guardian:BlockOnCardUsePotion"},{"floor":4,"key":"Slimebound:ThreeZeroPotion"}],"is_trial":false,"path_per_floor":["M","?","?","?","M","R","?","T","T","$","M","$","M","M","R","B"],"character_chosen":"The_Alterego","items_purchased":["Metamorphosis","alterego_mod:Swimsuit","ReplayTheSpireMod:Private Reserves","alterego_mod:1TonWallop","alterego_mod:1TonWallop"],"campfire_rested":0,"item_purchase_floors":[10,10,10,10,12],"current_hp_per_floor":[63,63,63,63,66,66,66,66,66,72,69,73,63,43,43,0,0],"gold":46,"neow_bonus":"TRANSFORM_CARD","is_daily":false,"chose_seed":false,"campfire_upgraded":2,"win_rate":0.0,"timestamp":1610384508,"path_taken":["M","?","?","?","?","R","?","?","T","$","M","?","?","M","R","BOSS"],"items_purchased_type":["Card","Card","Card","Card","Card"],"build_version":"2020-12-22","purchased_purges":0,"victory":false,"max_hp_per_floor":[71,71,71,71,72,72,72,72,72,72,73,73,74,75,75,75,75],"card_choices":[{"not_picked":["alterego_mod:MagicResistance","alterego_mod:Jiggle"],"picked":"alterego_mod:Belle","floor":1},{"not_picked":["alterego_mod:Mirror","alterego_mod:Pet"],"picked":"alterego_mod:Punishment","floor":5},{"not_picked":["alterego_mod:IndependentAction","alterego_mod:ChallengeComplete"],"picked":"alterego_mod:Cushion","floor":11},{"not_picked":["alterego_mod:SuperDuperMasochism","alterego_mod:IndependentAction"],"picked":"alterego_mod:Skirt","floor":13},{"not_picked":["alterego_mod:Punishment","alterego_mod:Swimsuit"],"picked":"alterego_mod:Alter","floor":14}],"player_experience":11832,"relics_obtained":[{"floor":7,"key":"Ring of Greed"},{"floor":7,"key":"Golden Egg"},{"floor":7,"key":"Replay:Wax Seal"},{"floor":7,"key":"ReplayTheSpireMod:Ring of Challenge"},{"floor":8,"key":"MealTicket"},{"floor":9,"key":"Bag of Marbles"}],"event_choices":[{"damage_healed":0,"gold_gain":175,"player_choice":"AGREE","damage_taken":114,"max_hp_gain":0,"max_hp_loss":0,"event_name":"betterThird:BetterSerpent","floor":2,"gold_loss":0},{"damage_healed":0,"gold_gain":0,"player_choice":"Grow","damage_taken":0,"max_hp_gain":0,"max_hp_loss":0,"event_name":"Living Wall","floor":3,"gold_loss":0,"cards_upgraded":["alterego_mod:Strike"]},{"damage_healed":0,"gold_gain":0,"player_choice":"Got Potions","damage_taken":0,"max_hp_gain":0,"max_hp_loss":0,"event_name":"Lab","floor":4,"gold_loss":0}],"is_beta":false,"boss_relics":[],"items_purged_floors":[],"is_endless":false,"potions_floor_spawned":[14],"killed_by":"Slime Boss","ascension_level":0}}