{"host":"sav7uxregyirlf69","time":1610331210,"event":{"mods":["AchievementEnabler","BaseMod","Colored Map","DeckTracker","Keyboard Shortcuts","Minty Spire (QoL Compilation)","READ ME - Guardian Mod","StSLib","SuperFastMode"],"gold_per_floor":[119,134,144,155,155,155,169,186,186,214,214,230,84,34,34,133,133,121,121,121,133,24,49,49,59,59,85,105,105,123,123,123,222,222,238,238,218,232,245,245,245],"floor_reached":40,"playtime":1013,"items_purged":["Strike_R"],"score":708,"play_id":"4004976f-0c44-4fdf-8a4a-12152e9c423d","local_time":"20210111111330","is_ascension_mode":true,"campfire_choices":[{"data":"Carnage","floor":6,"key":"SMITH"},{"data":"Evolve","floor":15,"key":"SMITH"},{"floor":24,"key":"REST"},{"floor":29,"key":"REST"},{"data":"Fire Breathing","floor":32,"key":"SMITH"}],"circlet_count":0,"master_deck":["AscendersBane","Strike_R","Strike_R","Strike_R+1","Defend_R","Defend_R","Defend_R","Bash+1","Carnage+1","Armaments","Pommel Strike","Evolve+1","Reckless Charge","Feel No Pain","Power Through","Immolate","Body Slam+1","Second Wind","Burning Pact","Feel No Pain+1","Fire Breathing+1","Parasite","Shrug It Off"],"relics":["Burning Blood","Boot","Whetstone","Ancient Tea Set","Black Star","Matryoshka","Akabeko","HornCleat","Singing Bowl","InkBottle","Ornamental Fan","Velvet Choker"],"acts_visited":["Exordium","TheCity","TheBeyond"],"potions_floor_usage":[10,16,23,25,28,33,40],"damage_taken":[{"damage":15,"enemies":"2 Louse","floor":1,"turns":3},{"damage":16,"enemies":"Jaw Worm","floor":2,"turns":4},{"damage":8,"enemies":"Small Slimes","floor":3,"turns":5},{"damage":17,"enemies":"Exordium Wildlife","floor":4,"turns":4},{"damage":8,"enemies":"Blue Slaver","floor":7,"turns":3},{"damage":9,"enemies":"Red Slaver","floor":8,"turns":4},{"damage":25,"enemies":"3 Sentries","floor":10,"turns":6},{"damage":6,"enemies":"Looter","floor":12,"turns":2},{"damage":11,"enemies":"Slime Boss","floor":16,"turns":11},{"damage":19,"enemies":"2 Thieves","floor":18,"turns":4},{"damage":11,"enemies":"Spheric Guardian","floor":21,"turns":3},{"damage":48,"enemies":"Gremlin Leader","floor":23,"turns":8},{"damage":0,"enemies":"3 Cultists","floor":25,"turns":5},{"damage":41,"enemies":"Slavers","floor":27,"turns":7},{"damage":0,"enemies":"Centurion and Healer","floor":28,"turns":7},{"damage":22,"enemies":"Cultist and Chosen","floor":30,"turns":5},{"damage":14,"enemies":"Collector","floor":33,"turns":8},{"damage":4,"enemies":"3 Shapes","floor":35,"turns":5},{"damage":26,"enemies":"3 Darklings","floor":38,"turns":6},{"damage":25,"enemies":"Writhing Mass","floor":39,"turns":8},{"damage":69,"enemies":"Giant Head","floor":40,"turns":10}],"seed_played":"-8941652319857864252","potions_obtained":[{"floor":1,"key":"AttackPotion"},{"floor":4,"key":"Block Potion"},{"floor":7,"key":"DuplicationPotion"},{"floor":10,"key":"Strength Potion"},{"floor":16,"key":"LiquidMemories"},{"floor":25,"key":"SteroidPotion"},{"floor":27,"key":"ColorlessPotion"},{"floor":33,"key":"Ancient Potion"},{"floor":37,"key":"Weak Potion"}],"is_trial":false,"path_per_floor":["M","M","M","M","?","R","M","M","T","E","?","M","$","?","R","B",null,"M","?","?","M","$","E","R","M","T","E","M","R","M","?","R","B",null,"M","?","?","M","M","E"],"character_chosen":"IRONCLAD","items_purchased":["Power Through","Second Wind","Burning Pact"],"campfire_rested":2,"item_purchase_floors":[13,22,22],"current_hp_per_floor":[71,61,59,48,45,45,43,40,40,21,26,26,26,26,26,21,75,62,62,62,57,57,15,42,48,48,15,23,52,36,36,36,30,82,86,82,82,64,45,0,0],"gold":245,"neow_bonus":"TEN_PERCENT_HP_BONUS","is_daily":false,"chose_seed":false,"campfire_upgraded":3,"win_rate":0.0,"timestamp":1610331210,"path_taken":["M","M","M","M","?","R","M","M","T","E","?","M","$","?","R","BOSS","M","?","?","M","?","E","R","?","T","E","M","R","M","?","R","BOSS","M","?","?","?","?","E"],"items_purchased_type":["Card","Card","Card"],"build_version":"2020-12-22","purchased_purges":1,"victory":false,"max_hp_per_floor":[88,88,88,88,88,88,88,88,88,88,93,93,93,93,93,93,93,93,93,93,93,93,93,93,93,93,95,97,97,97,97,97,99,99,101,107,107,109,109,109,109],"card_choices":[{"not_picked":["Feel No Pain","Metallicize","Flex"],"picked":"SKIP","floor":1},{"not_picked":["Body Slam","Pommel Strike"],"picked":"Carnage","floor":2},{"not_picked":["Searing Blow","Clash"],"picked":"Armaments","floor":3},{"not_picked":["Second Wind","True Grit"],"picked":"Pommel Strike","floor":4},{"not_picked":["Hemokinesis","Combust"],"picked":"Evolve","floor":7},{"not_picked":["Pommel Strike","Havoc","Demon Form"],"picked":"SKIP","floor":8},{"not_picked":["Iron Wave","Dual Wield"],"picked":"Reckless Charge","floor":10},{"not_picked":["Anger","Havoc"],"picked":"Feel No Pain","floor":12},{"not_picked":["Juggernaut","Demon Form"],"picked":"Immolate","floor":16},{"not_picked":["Iron Wave+1","Clash"],"picked":"Body Slam+1","floor":18},{"not_picked":["Armaments","Blood for Blood+1","Thunderclap"],"picked":"SKIP","floor":21},{"not_picked":["Twin Strike+1","Iron Wave"],"picked":"Feel No Pain+1","floor":23},{"not_picked":["Armaments","Flex","Perfected Strike"],"picked":"SKIP","floor":25},{"not_picked":["Warcry","Armaments","Cleave"],"picked":"Singing Bowl","floor":27},{"not_picked":["Body Slam+1","Thunderclap","Hemokinesis"],"picked":"Singing Bowl","floor":28},{"not_picked":["Second Wind+1","Shrug It Off+1"],"picked":"Fire Breathing","floor":30},{"not_picked":["Berserk","Feed","Brutality"],"picked":"Singing Bowl","floor":33},{"not_picked":["Armaments+1","Anger+1","Twin Strike"],"picked":"Singing Bowl","floor":35},{"not_picked":["Blind","Madness","Thinking Ahead"],"picked":"Singing Bowl","floor":36},{"not_picked":["Secret Weapon","Violence","Metamorphosis"],"picked":"Singing Bowl","floor":36},{"not_picked":["Apotheosis","Finesse","Deep Breath"],"picked":"Singing Bowl","floor":36},{"not_picked":["Feel No Pain+1","Twin Strike","Wild Strike"],"picked":"Singing Bowl","floor":38},{"not_picked":["Headbutt+1","Havoc+1"],"picked":"Shrug It Off","floor":39}],"player_experience":1236161,"relics_obtained":[{"floor":9,"key":"Whetstone"},{"floor":10,"key":"Ancient Tea Set"},{"floor":23,"key":"Matryoshka"},{"floor":23,"key":"Akabeko"},{"floor":26,"key":"HornCleat"},{"floor":26,"key":"Singing Bowl"},{"floor":27,"key":"InkBottle"},{"floor":27,"key":"Ornamental Fan"}],"event_choices":[{"damage_healed":0,"gold_gain":0,"player_choice":"Success","damage_taken":3,"relics_obtained":["Boot"],"max_hp_gain":0,"max_hp_loss":0,"event_name":"Scrap Ooze","floor":5,"gold_loss":0},{"damage_healed":0,"gold_gain":0,"player_choice":"Donut","damage_taken":0,"max_hp_gain":5,"max_hp_loss":0,"event_name":"Big Fish","floor":11,"gold_loss":0},{"cards_removed":["Defend_R"],"damage_healed":0,"gold_gain":0,"player_choice":"Card Removal","damage_taken":0,"max_hp_gain":0,"max_hp_loss":0,"event_name":"The Cleric","floor":14,"gold_loss":50},{"damage_healed":0,"gold_gain":0,"player_choice":"Ignored","damage_taken":0,"max_hp_gain":0,"max_hp_loss":0,"event_name":"Vampires","floor":19,"gold_loss":0},{"cards_removed":["Strike_R"],"damage_healed":0,"gold_gain":0,"player_choice":"Elegance","damage_taken":0,"max_hp_gain":0,"max_hp_loss":0,"event_name":"Back to Basics","floor":20,"gold_loss":0},{"damage_healed":0,"gold_gain":0,"player_choice":"Ignored","damage_taken":0,"max_hp_gain":0,"max_hp_loss":0,"event_name":"Ghosts","floor":31,"gold_loss":0},{"damage_healed":0,"gold_gain":0,"player_choice":"Memory 3","damage_taken":10,"max_hp_gain":0,"max_hp_loss":0,"event_name":"SensoryStone","floor":36,"gold_loss":0},{"damage_healed":0,"gold_gain":0,"player_choice":"Bought 1 Potion","damage_taken":0,"max_hp_gain":0,"max_hp_loss":0,"event_name":"The Woman in Blue","floor":37,"gold_loss":0}],"is_beta":false,"boss_relics":[{"not_picked":["Snecko Eye","Ectoplasm"],"picked":"Black Star"},{"not_picked":["Cursed Key","Empty Cage"],"picked":"Velvet Choker"}],"items_purged_floors":[13],"is_endless":false,"potions_floor_spawned":[1,4,7,10,16,18,21,25,27,33,39],"killed_by":"Giant Head","ascension_level":10}}