{"host":"kig4ty9d1aubg29s","time":1610365477,"event":{"mods":["BaseMod","Minty Spire (QoL Compilation)","READ ME - Guardian Mod","READ ME - Snecko Mod","StSLib","The Cursed","The Gatherer","The Hierophant","The Runesmith"],"gold_per_floor":[118,131,131,131,143,143,143],"floor_reached":6,"playtime":84,"items_purged":[],"score":72,"play_id":"5678649b-b7c8-4653-9cce-9514a8be2d89","local_time":"20210111204437","is_ascension_mode":true,"campfire_choices":[],"circlet_count":0,"master_deck":["AscendersBane","Strike_B","Strike_B","Strike_B","Strike_B","Defend_B","Defend_B","Defend_B","Defend_B","Zap","Dualcast","Heatsinks","Defragment","Regret","Pain","Amplify"],"relics":["Cracked Core","NeowsBlessing","Blue Candle","WarpedTongs"],"acts_visited":["Exordium"],"potions_floor_usage":[6],"damage_taken":[{"damage":0,"enemies":"2 Louse","floor":1,"turns":1},{"damage":0,"enemies":"Jaw Worm","floor":2,"turns":1},{"damage":0,"enemies":"Cultist","floor":5,"turns":1},{"damage":76,"enemies":"Gremlin Nob","floor":6,"turns":4}],"seed_played":"-6709086919131998550","potions_obtained":[{"floor":2,"key":"Swift Potion"}],"is_trial":false,"path_per_floor":["M","M","?","?","M","E"],"character_chosen":"DEFECT","items_purchased":[],"campfire_rested":0,"item_purchase_floors":[],"current_hp_per_floor":[64,64,64,64,64,0,0],"gold":143,"neow_bonus":"THREE_ENEMY_KILL","is_daily":false,"chose_seed":false,"campfire_upgraded":0,"win_rate":0.0,"timestamp":1610365477,"path_taken":["M","M","?","?","?","E"],"items_purchased_type":[],"build_version":"2020-12-22","purchased_purges":0,"victory":false,"max_hp_per_floor":[71,71,71,71,71,71,71],"card_choices":[{"not_picked":["Sweeping Beam","Skim"],"picked":"Heatsinks","floor":1},{"not_picked":["Steam","Cold Snap"],"picked":"Defragment","floor":2},{"not_picked":["Ball Lightning","Gash"],"picked":"Amplify","floor":5}],"player_experience":1933751,"relics_obtained":[],"event_choices":[{"damage_healed":0,"gold_gain":0,"player_choice":"Box","damage_taken":0,"relics_obtained":["Blue Candle"],"max_hp_gain":0,"max_hp_loss":0,"event_name":"Big Fish","floor":3,"gold_loss":0,"cards_obtained":["Regret"]},{"damage_healed":0,"gold_gain":0,"player_choice":"Rummage","damage_taken":0,"relics_obtained":["WarpedTongs"],"max_hp_gain":0,"max_hp_loss":0,"event_name":"Accursed Blacksmith","floor":4,"gold_loss":0,"cards_obtained":["Pain"]}],"is_beta":false,"boss_relics":[],"items_purged_floors":[],"is_endless":false,"potions_floor_spawned":[2],"killed_by":"Gremlin Nob","ascension_level":20}}