{"host":"cv77zuuuekizn3ic","time":1610366594,"event":{"mods":["AchievementEnabler","BaseMod","Marisa£®ÏF”Í°°ƒß¿Ì…≥£©","Minty Spire (QoL Compilation)","StSLib","Waifu the Spire","everything is the same but u backflip on backflip","slay the spire mod where everything is the same but ironclad has a cowboy hat"],"gold_per_floor":[117,117,131,81,35,35,70,70,70,70,95,95,124,0,0,75,75,88,138,158,31,46,80,80,107,107,7,37,52,52,68,68,141,141,152,169,185,65,65,99,113,145,145,178,228,239,266,29,29,29],"floor_reached":51,"playtime":3025,"items_purged":["Strike_G","Strike_G","Strike_G","Defend_G","Defend_G"],"score":1986,"play_id":"63ee79a2-af65-46b4-991f-cda1c10ded13","local_time":"20210111200314","is_ascension_mode":true,"campfire_choices":[{"data":"Footwork","floor":6.0,"key":"SMITH"},{"data":"Well Laid Plans","floor":8.0,"key":"SMITH"},{"data":"Acrobatics","floor":10.0,"key":"SMITH"},{"floor":12,"key":"REST"},{"data":"Neutralize","floor":15,"key":"SMITH"},{"data":"Flechettes","floor":24,"key":"SMITH"},{"data":"Grand Finale","floor":32,"key":"SMITH"},{"data":"Wraith Form v2","floor":49,"key":"SMITH"}],"circlet_count":0,"master_deck":["AscendersBane","Defend_G","Defend_G","Survivor","Neutralize+1","Footwork+1","Acrobatics+1","Well Laid Plans+1","Terror+1","Prepared+1","Acrobatics+1","Adrenaline+1","Backflip+1","Flechettes+1","Acrobatics+1","Phantasmal Killer+1","Grand Finale+1","Acrobatics+1","PiercingWail+1","Grand Finale+1","Tactician+1","Wraith Form v2+1","Concentrate+1","Setup+1"],"relics":["Ring of the Snake","NeowsBlessing","Lantern","Pear","Toxic Egg 2","Sundial","Ornamental Fan","SlaversCollar","The Courier","InkBottle","Orichalcum","Empty Cage","Mummified Hand","Prayer Wheel","Shovel","Whetstone","CatCart","Eternal Feather"],"acts_visited":["Exordium","TheCity","TheBeyond"],"potions_floor_usage":[11,16,28],"damage_taken":[{"damage":0.0,"enemies":"2 Louse","floor":1.0,"turns":1.0},{"damage":0.0,"enemies":"Small Slimes","floor":3.0,"turns":1.0},{"damage":0.0,"enemies":"3 Sentries","floor":7.0,"turns":1.0},{"damage":43,"enemies":"Gremlin Nob","floor":11,"turns":7},{"damage":0,"enemies":"Lagavulin","floor":13,"turns":10},{"damage":16,"enemies":"Hexaghost","floor":16,"turns":13},{"damage":0,"enemies":"Chosen","floor":18,"turns":5},{"damage":4,"enemies":"Shell Parasite","floor":20,"turns":5},{"damage":0,"enemies":"Centurion and Healer","floor":22,"turns":4},{"damage":0,"enemies":"Book of Stabbing","floor":23,"turns":3},{"damage":0,"enemies":"Gremlin Leader","floor":25,"turns":2},{"damage":9,"enemies":"Slavers","floor":28,"turns":2},{"damage":0,"enemies":"Shelled Parasite and Fungi","floor":29,"turns":1},{"damage":0,"enemies":"Snecko","floor":31,"turns":2},{"damage":0,"enemies":"Champ","floor":33,"turns":4},{"damage":0,"enemies":"3 Shapes","floor":35,"turns":1},{"damage":0,"enemies":"3 Darklings","floor":36,"turns":1},{"damage":0,"enemies":"4 Shapes","floor":37,"turns":1},{"damage":0,"enemies":"Reptomancer","floor":40,"turns":2},{"damage":0,"enemies":"Jaw Worm Horde","floor":41,"turns":1},{"damage":0,"enemies":"Giant Head","floor":42,"turns":1},{"damage":0,"enemies":"Nemesis","floor":44,"turns":3},{"damage":0,"enemies":"Orin","floor":45,"turns":2},{"damage":0,"enemies":"Writhing Mass","floor":46,"turns":1},{"damage":0,"enemies":"Reptomancer","floor":47,"turns":1},{"damage":0,"enemies":"Awakened One","floor":50,"turns":3}],"seed_played":"3321075761399834903","potions_obtained":[{"floor":1.0,"key":"Weak Potion"},{"floor":13,"key":"CunningPotion"},{"floor":18,"key":"Strength Potion"},{"floor":20,"key":"Swift Potion"},{"floor":29,"key":"ColorlessPotion"}],"is_trial":false,"path_per_floor":["M","?","M","?","$","R","E","R","T","R","E","R","E","$","R","B",null,"M","?","M","$","M","E","R","E","T","$","E","M","?","M","R","B",null,"M","M","M","$","?","E","M","E","T","E","?","M","E","$","R","B",null],"character_chosen":"THE_SILENT","items_purchased":["Acrobatics","Acrobatics+1","Acrobatics+1","Concentrate+1","Setup+1"],"campfire_rested":1,"item_purchase_floors":[5,14,21,48,48],"current_hp_per_floor":[59,41,41,41,41,41,51,51,51,51,8,30,30,30,30,14,61,61,61,57,57,57,57,57,57,57,57,48,48,48,48,48,48,69,69,69,69,69,69,69,69,69,69,69,69,69,69,69,76,76],"gold":29,"neow_bonus":"THREE_ENEMY_KILL","is_daily":false,"chose_seed":false,"campfire_upgraded":7,"win_rate":0.0,"timestamp":1610366594,"path_taken":["M","?","M","?","$","R","E","R","T","R","E","R","E","$","R","BOSS","M","?","?","?","?","E","R","E","T","?","E","M","?","M","R","BOSS","M","M","?","$","?","E","?","E","T","E","?","M","E","$","R","BOSS"],"items_purchased_type":["Card","Card","Card","Card","Card"],"build_version":"2020-12-22","purchased_purges":5,"victory":true,"max_hp_per_floor":[66,66,66,66,66,66,76,76,76,76,76,76,76,76,76,76,76,76,76,76,76,76,76,76,76,76,76,76,76,76,76,76,76,76,76,76,76,76,76,76,76,76,76,76,76,76,76,76,76,76],"card_choices":[{"not_picked":["Terror","Flying Knee"],"picked":"Footwork","floor":1.0},{"not_picked":["Outmaneuver","Setup","Poisoned Stab"],"picked":"SKIP","floor":3.0},{"not_picked":["Eviscerate","Terror"],"picked":"Well Laid Plans","floor":7.0},{"not_picked":["Concentrate+1","Die Die Die"],"picked":"Terror+1","floor":11},{"not_picked":["Deflect+1","Bane"],"picked":"Prepared+1","floor":13},{"not_picked":["Tools of the Trade","Storm of Steel+1"],"picked":"Adrenaline+1","floor":16},{"not_picked":["Bane","Dagger Throw"],"picked":"Backflip+1","floor":18},{"not_picked":["Noxious Fumes","Escape Plan+1"],"picked":"Flechettes","floor":20},{"not_picked":["Deflect+1","Dagger Spray"],"picked":"Phantasmal Killer+1","floor":22},{"not_picked":["All Out Attack","Escape Plan+1"],"picked":"Grand Finale","floor":23},{"not_picked":["Flying Knee","Skewer","Outmaneuver+1"],"picked":"SKIP","floor":25},{"not_picked":["Slice+1","Deflect+1"],"picked":"Acrobatics+1","floor":28},{"not_picked":["Deadly Poison+1","Bane"],"picked":"PiercingWail+1","floor":29},{"not_picked":["PiercingWail+1","Dagger Spray","Quick Slash"],"picked":"SKIP","floor":31},{"not_picked":["Unload","Envenom"],"picked":"Grand Finale","floor":33},{"not_picked":["Blade Dance+1","Poisoned Stab","Cloak And Dagger+1"],"picked":"SKIP","floor":35},{"not_picked":["Dagger Throw","Leg Sweep+1","Backflip+1"],"picked":"SKIP","floor":36},{"not_picked":["Expertise+1","Poisoned Stab+1","Dodge and Roll+1"],"picked":"SKIP","floor":37},{"not_picked":["Phantasmal Killer+1","Underhanded Strike","Flying Knee+1"],"picked":"SKIP","floor":40},{"not_picked":["Phantasmal Killer+1","Underhanded Strike","Flying Knee+1"],"picked":"SKIP","floor":40},{"not_picked":["Dash+1","Choke"],"picked":"Tactician+1","floor":41},{"not_picked":["Deadly Poison+1","Crippling Poison+1","Underhanded Strike"],"picked":"SKIP","floor":42},{"not_picked":["Dagger Throw+1","Caltrops+1","Predator"],"picked":"SKIP","floor":44},{"not_picked":["Underhanded Strike+1","Dagger Spray"],"picked":"Wraith Form v2","floor":46},{"not_picked":["Leg Sweep+1","Heel Hook","Poisoned Stab"],"picked":"SKIP","floor":46},{"not_picked":["Malaise+1","Backflip+1","Acrobatics+1"],"picked":"SKIP","floor":47}],"player_experience":868749,"relics_obtained":[{"floor":7.0,"key":"Pear"},{"floor":9.0,"key":"Toxic Egg 2"},{"floor":11,"key":"Sundial"},{"floor":13,"key":"Ornamental Fan"},{"floor":23,"key":"The Courier"},{"floor":25,"key":"InkBottle"},{"floor":28,"key":"Orichalcum"},{"floor":40,"key":"Mummified Hand"},{"floor":42,"key":"Prayer Wheel"},{"floor":43,"key":"Shovel"},{"floor":44,"key":"Whetstone"},{"floor":45,"key":"CatCart"},{"floor":47,"key":"Eternal Feather"}],"event_choices":[{"damage_healed":0.0,"max_hp_gain":0.0,"max_hp_loss":0.0,"gold_gain":0.0,"event_name":"Scrap Ooze","player_choice":"Success","floor":2.0,"gold_loss":0.0,"damage_taken":18.0,"relics_obtained":["Lantern"]},{"cards_removed":["Strike_G"],"damage_healed":0.0,"max_hp_gain":0.0,"max_hp_loss":0.0,"gold_gain":0.0,"event_name":"The Cleric","player_choice":"Card Removal","floor":4.0,"gold_loss":50.0,"damage_taken":0.0},{"damage_healed":0,"gold_gain":100,"player_choice":"Bet on Murderer","damage_taken":0,"max_hp_gain":0,"max_hp_loss":0,"event_name":"The Joust","floor":19,"gold_loss":50},{"damage_healed":0,"gold_gain":0,"player_choice":"Bought 0 Potions","damage_taken":0,"max_hp_gain":0,"max_hp_loss":0,"event_name":"The Woman in Blue","floor":30,"gold_loss":0},{"damage_healed":0,"gold_gain":0,"player_choice":"Got Potions","damage_taken":0,"max_hp_gain":0,"max_hp_loss":0,"event_name":"Lab","floor":39,"gold_loss":0},{"damage_healed":0,"gold_gain":0,"player_choice":"Fight","damage_taken":0,"max_hp_gain":0,"max_hp_loss":0,"event_name":"OrinTheCat","floor":45,"gold_loss":0}],"is_beta":false,"boss_relics":[{"not_picked":["Philosopher\u0027s Stone","WristBlade"],"picked":"SlaversCollar"},{"not_picked":["Tiny House","Ring of the Serpent"],"picked":"Empty Cage"}],"items_purged_floors":[14,21,27,38,48],"is_endless":false,"potions_floor_spawned":[1,13,18,20,29,35,37,44,46,47],"ascension_level":14}}