{"host":"xnrw1j8ho83czkv7","time":1610324462,"event":{"mods":["AchievementEnabler","BaseMod","Colored Map","Colored Powertips","Minty Spire (QoL Compilation)","Quick Restart","StSLib"],"gold_per_floor":[16,16,40,40,65,65,99,99,153,153,167,180,215,233,233,362,362,378,378,378,378,172,188,62,105,105,105,105,119,163,179,179,304,304,319,94,94,108,108,108,126,161,185,245,281,281,281,281,281,281,281,281,110,148,148,148],"floor_reached":55,"playtime":3370,"items_purged":["Strike_G+1","Defend_G","Terror"],"score":958,"play_id":"5203ae41-1be1-4897-9676-1d071c06b3bc","local_time":"20210111002102","is_ascension_mode":true,"campfire_choices":[{"data":"Bouncing Flask","floor":6,"key":"SMITH"},{"data":"Noxious Fumes","floor":8,"key":"SMITH"},{"data":"Noxious Fumes","floor":10,"key":"SMITH"},{"data":"Strike_G","floor":15,"key":"PURGE"},{"data":"Defend_G","floor":32,"key":"PURGE"},{"data":"Cloak And Dagger+1","floor":40,"key":"PURGE"},{"data":"Survivor+1","floor":47,"key":"PURGE"},{"floor":49,"key":"RECALL"},{"floor":52,"key":"REST"}],"circlet_count":0,"master_deck":["Neutralize+1","Blur+1","Noxious Fumes+1","Bouncing Flask+1","Noxious Fumes+1","Escape Plan+1","Blur+1","Noxious Fumes+1","Blur+1","Catalyst+1","Escape Plan+1","Footwork+1","Catalyst+1","Footwork"],"relics":["Ring of the Snake","Golden Idol","Whetstone","Peace Pipe","Velvet Choker","Membership Card","TwistedFunnel","Ninja Scroll","Oddly Smooth Stone","Molten Egg 2","Shuriken","HoveringKite","HornCleat","Mark of the Bloom","Eternal Feather","PreservedInsect","Calipers","Happy Flower","Mummified Hand","Sling","Vajra"],"acts_visited":["Exordium","TheCity","TheBeyond","TheEnding"],"potions_floor_usage":[13,16,18,25,33,44,55],"damage_taken":[{"damage":0,"enemies":"Cultist","floor":1,"turns":6},{"damage":0,"enemies":"Small Slimes","floor":3,"turns":6},{"damage":0,"enemies":"2 Louse","floor":5,"turns":3},{"damage":11,"enemies":"3 Sentries","floor":7,"turns":9},{"damage":0,"enemies":"Large Slime","floor":11,"turns":5},{"damage":7,"enemies":"3 Louse","floor":12,"turns":4},{"damage":2,"enemies":"Lagavulin","floor":13,"turns":6},{"damage":0,"enemies":"2 Fungi Beasts","floor":14,"turns":3},{"damage":0,"enemies":"Slime Boss","floor":16,"turns":7},{"damage":0,"enemies":"Chosen","floor":18,"turns":4},{"damage":1,"enemies":"Shell Parasite","floor":23,"turns":5},{"damage":7,"enemies":"Gremlin Leader","floor":25,"turns":5},{"damage":0,"enemies":"Centurion and Healer","floor":29,"turns":5},{"damage":23,"enemies":"Slavers","floor":30,"turns":5},{"damage":3,"enemies":"Chosen and Byrds","floor":31,"turns":4},{"damage":0,"enemies":"Automaton","floor":33,"turns":7},{"damage":0,"enemies":"3 Shapes","floor":35,"turns":4},{"damage":0,"enemies":"3 Darklings","floor":38,"turns":4},{"damage":0,"enemies":"Spire Growth","floor":41,"turns":4},{"damage":0,"enemies":"Nemesis","floor":42,"turns":3},{"damage":0,"enemies":"2 Orb Walkers","floor":44,"turns":5},{"damage":21,"enemies":"Reptomancer","floor":45,"turns":4},{"damage":14,"enemies":"Donu and Deca","floor":50,"turns":7},{"damage":33,"enemies":"Shield and Spear","floor":54,"turns":4},{"damage":2,"enemies":"The Heart","floor":55,"turns":1}],"seed_played":"-5104070316413307000","potions_obtained":[{"floor":1,"key":"SkillPotion"},{"floor":5,"key":"EssenceOfSteel"},{"floor":13,"key":"SkillPotion"},{"floor":14,"key":"GhostInAJar"},{"floor":16,"key":"AttackPotion"},{"floor":23,"key":"GhostInAJar"},{"floor":31,"key":"Regen Potion"},{"floor":42,"key":"Weak Potion"}],"is_trial":false,"path_per_floor":["M","?","M","?","M","R","E","R","T","R","M","M","E","M","R","B",null,"M","?","?","?","$","M","$","E","T","?","?","M","E","M","R","B",null,"M","$","?","M","?","R","M","E","T","?","E","T","R","$","R","B",null,"R","$","E","B"],"character_chosen":"THE_SILENT","items_purchased":["Membership Card","Noxious Fumes","TwistedFunnel","HornCleat","Footwork","Footwork","Sling","FairyPotion"],"campfire_rested":1,"item_purchase_floors":[22,22,24,36,36,53,53,53],"current_hp_per_floor":[70,53,53,46,46,46,35,35,35,35,35,28,26,26,26,26,70,70,70,70,70,70,69,69,62,62,62,62,62,39,36,36,36,70,70,70,70,70,70,70,70,70,70,70,49,49,49,49,49,35,35,35,35,2,0,0],"gold":148,"neow_bonus":"TRANSFORM_TWO_CARDS","is_daily":false,"chose_seed":false,"campfire_upgraded":3,"win_rate":0.0,"timestamp":1610324462,"path_taken":["M","?","M","?","M","R","E","R","T","R","M","M","E","M","R","BOSS","M","?","?","?","$","M","$","E","T","?","?","?","E","M","R","BOSS","M","$","?","M","?","R","?","E","T","?","E","?","R","?","R","BOSS","R","$","E","BOSS"],"items_purchased_type":["Relic","Card","Relic","Relic","Card","Card","Relic","Potion"],"build_version":"2020-12-22","purchased_purges":3,"victory":false,"max_hp_per_floor":[70,70,70,70,70,70,70,70,70,70,70,70,70,70,70,70,70,70,70,70,70,70,70,70,70,70,70,70,70,70,70,70,70,70,70,70,70,70,70,70,70,70,70,70,70,70,70,70,70,70,70,70,70,70,70,70],"card_choices":[{"not_picked":["Poisoned Stab","Outmaneuver"],"picked":"Noxious Fumes","floor":1},{"not_picked":["Prepared","Tactician","Flying Knee"],"picked":"SKIP","floor":3},{"not_picked":["Terror","Bane"],"picked":"Bouncing Flask","floor":5},{"not_picked":["Sucker Punch","Underhanded Strike"],"picked":"Noxious Fumes","floor":7},{"not_picked":["Outmaneuver","Riddle With Holes","Quick Slash"],"picked":"SKIP","floor":11},{"not_picked":["Backflip","Underhanded Strike","Cloak And Dagger"],"picked":"SKIP","floor":12},{"not_picked":["Bane","Outmaneuver","Die Die Die"],"picked":"SKIP","floor":13},{"not_picked":["Expertise","Bane"],"picked":"Escape Plan","floor":14},{"not_picked":["Bane","Distraction","Acrobatics"],"picked":"SKIP","floor":18},{"not_picked":["Acrobatics","Backflip","Accuracy"],"picked":"SKIP","floor":23},{"not_picked":["Wraith Form v2","Acrobatics","Bane"],"picked":"SKIP","floor":25},{"not_picked":["Footwork","Dagger Throw+1"],"picked":"Catalyst+1","floor":29},{"not_picked":["Envenom","Choke+1"],"picked":"Escape Plan","floor":30},{"not_picked":["Deadly Poison","Sucker Punch+1","Quick Slash+1"],"picked":"SKIP","floor":31},{"not_picked":["Dodge and Roll","Choke+1","Deflect"],"picked":"SKIP","floor":35},{"not_picked":["Acrobatics","Dagger Spray+1"],"picked":"Catalyst+1","floor":38},{"not_picked":["Well Laid Plans+1","Dodge and Roll+1","Escape Plan+1"],"picked":"SKIP","floor":41},{"not_picked":["Deflect","Sucker Punch+1","Acrobatics"],"picked":"SKIP","floor":42},{"not_picked":["Predator+1","Caltrops+1","Dodge and Roll+1"],"picked":"SKIP","floor":45},{"not_picked":["Quick Slash+1","Outmaneuver+1","Envenom"],"picked":"SKIP","floor":54}],"player_experience":28681,"relics_obtained":[{"floor":7,"key":"Whetstone"},{"floor":13,"key":"Peace Pipe"},{"floor":25,"key":"Ninja Scroll"},{"floor":26,"key":"Oddly Smooth Stone"},{"floor":30,"key":"Shuriken"},{"floor":42,"key":"Eternal Feather"},{"floor":43,"key":"PreservedInsect"},{"floor":44,"key":"Calipers"},{"floor":45,"key":"Happy Flower"},{"floor":46,"key":"Mummified Hand"},{"floor":54,"key":"Vajra"}],"event_choices":[{"damage_healed":0,"gold_gain":0,"player_choice":"Take Damage","damage_taken":17,"relics_obtained":["Golden Idol"],"max_hp_gain":0,"max_hp_loss":0,"event_name":"Golden Idol","floor":2,"gold_loss":0},{"cards_removed":["Strike_G"],"damage_healed":0,"gold_gain":0,"player_choice":"Card Removal","damage_taken":7,"max_hp_gain":0,"max_hp_loss":0,"event_name":"Golden Wing","floor":4,"gold_loss":0},{"cards_removed":["Defend_G"],"damage_healed":0,"gold_gain":0,"player_choice":"Elegance","damage_taken":0,"max_hp_gain":0,"max_hp_loss":0,"event_name":"Back to Basics","floor":19,"gold_loss":0},{"damage_healed":0,"gold_gain":0,"player_choice":"Ignored","damage_taken":0,"max_hp_gain":0,"max_hp_loss":0,"event_name":"Vampires","floor":20,"gold_loss":0},{"damage_healed":0,"gold_gain":0,"player_choice":"Read","damage_taken":0,"max_hp_gain":0,"max_hp_loss":0,"event_name":"The Library","floor":21,"gold_loss":0,"cards_obtained":["Blur"]},{"damage_healed":0,"gold_gain":0,"cards_transformed":["Defend_G","Defend_G"],"player_choice":"Became Test Subject","damage_taken":0,"max_hp_gain":0,"max_hp_loss":0,"event_name":"Drug Dealer","floor":27,"gold_loss":0,"cards_obtained":["Blur","Terror"]},{"damage_healed":0,"gold_gain":0,"player_choice":"Opened","damage_taken":0,"relics_obtained":["Molten Egg 2"],"max_hp_gain":0,"max_hp_loss":0,"event_name":"The Mausoleum","floor":28,"gold_loss":0},{"damage_healed":0,"gold_gain":0,"player_choice":"Upgrade","damage_taken":0,"relics_obtained":["Mark of the Bloom"],"max_hp_gain":0,"max_hp_loss":0,"event_name":"MindBloom","floor":37,"gold_loss":0,"cards_upgraded":["Survivor","Blur","Cloak And Dagger","Escape Plan","Blur","Noxious Fumes","Blur","Escape Plan","Footwork"]},{"damage_healed":0,"gold_gain":0,"player_choice":"Ignored","damage_taken":0,"max_hp_gain":0,"max_hp_loss":0,"event_name":"Upgrade Shrine","floor":39,"gold_loss":0},{"damage_healed":0,"gold_gain":0,"player_choice":"Fight","damage_taken":0,"max_hp_gain":0,"max_hp_loss":0,"event_name":"Mysterious Sphere","floor":44,"gold_loss":0}],"is_beta":false,"boss_relics":[{"not_picked":["Tiny House","Runic Pyramid"],"picked":"Velvet Choker"},{"not_picked":["Sozu","WristBlade"],"picked":"HoveringKite"}],"items_purged_floors":[22,24,36],"is_endless":false,"potions_floor_spawned":[1,5,13,14,16,23,31,42],"killed_by":"The Heart","ascension_level":2}}