{"host":"obza8r4x8ovwwhn2","time":1610352786,"event":{"mods":["BaseMod","BetterRewards","Colored Map","Downfall","Highlight Path","Infinite Spire","Minty Spire (QoL Compilation)","Permanent Neow","Quick Restart","Replay The Spire","StSLib","SuperFastMode"],"gold_per_floor":[99,119,49,59,75,75,75,94,106,119,18,52,52,82,94,194,194,44,64,79,79,98,133,156,156,156,184,284,302,328,328,341,438,438,438,449,462,509,523,523,523,557,441,441,441,441],"floor_reached":44,"playtime":2153,"items_purged":[],"score":662,"play_id":"e7abdb82-d85b-4241-8e0b-60d96a54aa31","local_time":"20210111001306","is_ascension_mode":true,"campfire_choices":[{"data":"Slimebound:Split","floor":1,"key":"SMITH"},{"data":"Slimebound:AcidTongue","floor":6,"key":"SMITH"},{"floor":13,"key":"RECALL"},{"data":"Slimebound:SlimeSlap","floor":18,"key":"SMITH"},{"floor":26,"key":"REST"},{"floor":35,"key":"REST"},{"floor":40,"key":"REST"}],"circlet_count":0,"master_deck":["Slimebound:Strike_Slimebound","Slimebound:Strike_Slimebound","Slimebound:Strike_Slimebound","Slimebound:Tackle","Slimebound:Defend_Slimebound","Slimebound:Defend_Slimebound","Slimebound:Defend_Slimebound","Slimebound:Defend_Slimebound","Slimebound:Split+1","Slimebound:CorrosiveSpit","Slimebound:RejuvenatingLick","Slimebound:LeechEnergy","Slimebound:LeadByExample+1","Slimebound:GoopSpray","Slimebound:AcidTongue+1","Slimebound:ViciousTackle","Slimebound:ItLooksTasty","Slimebound:SlimeSlap+1","Slimebound:Gluttony","Slimebound:PressTheAttack+1","Slimebound:SplitMire","Slimebound:SplitMire","Slimebound:RollThrough","Slimebound:WasteNot","Slimebound:ComboTackle","Slimebound:GoopTackle","Slimebound:GrowthPunch+1","Slimebound:Schlurp","Slimebound:SamplingLick","Slimebound:Nibble","Slimebound:ItLooksTasty+1","Replay:Fractal Strike","Slimebound:SamplingLick","Pain","Slimebound:RainOfGoop","Slimebound:RallyTheTroops","Slimebound:RejuvenatingLick+1","Slimebound:SamplingLick","Slimebound:PressTheAttack","Slimebound:LeechingTouch+1","Slimebound:SplitAcid","Slimebound:SamplingLick"],"relics":["Slimebound:AbsorbEndCombat","Mummified Hand","ReplayTheSpireMod:Ninjato","Regal Pillow","Painkiller Herb","downfall:HeartBlessingRed","downfall:HeartBlessingGreen","Simple Rune","Strawberry","Lantern","Slimebound:SlimedSkullRelic","InkBottle","Pet Ghost","WarpedTongs","Fusion Hammer","WingedGreaves","Matryoshka","Slimebound:SelfDamagePreventRelic","Slimebound:MaxSlimesRelic"],"acts_visited":["Exordium","TheCity","TheBeyond"],"potions_floor_usage":[8,8,8,23],"damage_taken":[{"damage":8,"enemies":"Cultist","floor":2,"turns":3},{"damage":11,"enemies":"downfall:FleeingMerchant","floor":3,"turns":4},{"damage":2,"enemies":"2 Louse","floor":4,"turns":3},{"damage":4,"enemies":"Jaw Worm","floor":5,"turns":3},{"damage":14,"enemies":"Large Slime","floor":8,"turns":4},{"damage":11,"enemies":"2 Fungi Beasts","floor":9,"turns":2},{"damage":24,"enemies":"Exordium Thugs","floor":10,"turns":3},{"damage":14,"enemies":"downfall:FleeingMerchant","floor":11,"turns":4},{"damage":12,"enemies":"Lagavulin","floor":12,"turns":4},{"damage":15,"enemies":"Gremlin Nob","floor":14,"turns":3},{"damage":27,"enemies":"Large Slime","floor":15,"turns":4},{"damage":71,"enemies":"downfall:Defect","floor":16,"turns":5},{"damage":45,"enemies":"3 Byrds","floor":19,"turns":5},{"damage":15,"enemies":"Chosen","floor":20,"turns":3},{"damage":41,"enemies":"Snake Plant","floor":22,"turns":3},{"damage":49,"enemies":"Book of Stabbing","floor":23,"turns":4},{"damage":33,"enemies":"Gremlin Leader","floor":27,"turns":5},{"damage":38,"enemies":"Colosseum Nobs","floor":28,"turns":4},{"damage":23,"enemies":"Cultist and Chosen","floor":29,"turns":4},{"damage":74,"enemies":"Nightmare","floor":30,"turns":5},{"damage":11,"enemies":"Snecko","floor":32,"turns":3},{"damage":44,"enemies":"downfall:Silent","floor":33,"turns":5},{"damage":23,"enemies":"3 Darklings","floor":36,"turns":3},{"damage":12,"enemies":"3 Shapes","floor":37,"turns":2},{"damage":22,"enemies":"2 Orb Walkers","floor":38,"turns":2},{"damage":20,"enemies":"Jaw Worm Horde","floor":39,"turns":3},{"damage":66,"enemies":"Giant Head","floor":42,"turns":6},{"damage":34,"enemies":"downfall:FleeingMerchant","floor":43,"turns":4},{"damage":22,"enemies":"infinitespire:Three Voidlings","floor":44,"turns":2},{"damage":111,"enemies":"Nightmare_Alpha","floor":44,"turns":4}],"seed_played":"5748763953041428301","potions_obtained":[{"floor":4,"key":"EntropicBrew"},{"floor":5,"key":"Weak Potion"},{"floor":8,"key":"BlessingOfTheForge"},{"floor":15,"key":"DuplicationPotion"},{"floor":23,"key":"Adrenaline Potion"},{"floor":28,"key":"Explosive Potion"},{"floor":36,"key":"Slimebound:ThreeZeroPotion"}],"is_trial":false,"path_per_floor":["R","M","$","M","M","R","T","M","M","M","$","E","R","E","M","B",null,"T","?","?","?","?","E","T","?","T","E","?","?","NM","?","?","B",null,"T","?","?","?","?","T","T","E","T","?"],"character_chosen":"SLIMEBOUND","items_purchased":["Slimebound:LeadByExample+1","Slimebound:PressTheAttack+1","Slimebound:SplitMire","Slimebound:SelfDamagePreventRelic","Slimebound:MaxSlimesRelic","Slimebound:SamplingLick"],"campfire_rested":3,"item_purchase_floors":[3,11,11,43,43,43],"current_hp_per_floor":[66,66,66,66,66,66,66,63,66,60,66,66,66,64,61,24,66,66,63,66,54,33,18,25,25,63,74,64,69,25,25,34,58,78,78,74,78,72,72,78,78,51,55,0,0,0],"gold":441,"neow_bonus":"TEN_PERCENT_HP_BONUS","is_daily":false,"chose_seed":false,"campfire_upgraded":3,"win_rate":0.0,"timestamp":1610352786,"path_taken":["R","M","$","M","?","R","T","M","M","M","$","E","R","E","M","BOSS","T","?","?","?","?","E","T","?","T","E","?","?","NM","?","?","BOSS","T","?","?","?","?","T","T","E","T","?"],"items_purchased_type":["Card","Card","Card","Relic","Relic","Card"],"build_version":"2020-12-22","purchased_purges":0,"victory":false,"max_hp_per_floor":[66,66,66,66,66,66,66,66,66,66,66,66,66,66,66,66,66,66,66,66,71,71,71,78,78,78,78,78,78,78,78,78,78,78,78,78,78,78,78,78,78,78,78,78,78,78],"card_choices":[{"not_picked":["Slimebound:SplitAcid","Slimebound:LeechingTouch"],"picked":"Slimebound:RejuvenatingLick","floor":2},{"not_picked":["Slimebound:Schlurp","Slimebound:FinishingTackle"],"picked":"Slimebound:LeechEnergy","floor":3},{"not_picked":["Slimebound:SlimeSpikes","Slimebound:Overexert"],"picked":"Slimebound:GoopSpray","floor":4},{"not_picked":["Slimebound:SplitBruiser","Slimebound:FinishingTackle"],"picked":"Slimebound:AcidTongue","floor":5},{"not_picked":["Slimebound:SlimeTap","Slimebound:GoopSpray"],"picked":"Slimebound:ViciousTackle","floor":8},{"not_picked":["Slimebound:ForwardTackle","Slimebound:SplitAcid"],"picked":"Slimebound:ItLooksTasty","floor":9},{"not_picked":["Slimebound:Replication","Slimebound:SamplingLick"],"picked":"Slimebound:SlimeSlap","floor":10},{"not_picked":["Slimebound:ProtectTheBoss","Slimebound:FinishingTackle"],"picked":"Slimebound:Gluttony","floor":11},{"not_picked":["Slimebound:SplitLeeching","Slimebound:Replication"],"picked":"Slimebound:SplitMire","floor":12},{"not_picked":["Slimebound:FormOfPuddle","Slimebound:Grow","Slimebound:SlimeSpikes"],"picked":"SKIP","floor":14},{"not_picked":["Slimebound:SplitLeeching","Slimebound:SplitMire"],"picked":"Slimebound:RollThrough","floor":15},{"not_picked":["Slimebound:RallyTheTroops","Slimebound:DouseInSlime"],"picked":"Slimebound:WasteNot","floor":16},{"not_picked":["Slimebound:Grow","Slimebound:ViciousTackle"],"picked":"Slimebound:ComboTackle","floor":19},{"not_picked":["Slimebound:Grow","Slimebound:Prepare"],"picked":"Slimebound:GoopTackle","floor":20},{"not_picked":["Slimebound:LeechEnergy+1","Slimebound:Equalize"],"picked":"Slimebound:GrowthPunch+1","floor":22},{"not_picked":["Slimebound:LeadByExample","Slimebound:CheckThePlaybook"],"picked":"Slimebound:Schlurp","floor":23},{"not_picked":["Slimebound:LivingWall","Slimebound:SlimeSlap"],"picked":"Slimebound:SamplingLick","floor":27},{"not_picked":["Slimebound:SplitMire","Slimebound:GrowthPunch"],"picked":"Slimebound:Nibble","floor":28},{"not_picked":["Slimebound:SplitAcid","Slimebound:GoopSpray"],"picked":"Slimebound:ItLooksTasty+1","floor":29},{"not_picked":["infinitespire:Fortify","infinitespire:Oblivion"],"picked":"Replay:Fractal Strike","floor":30},{"not_picked":["Slimebound:FirmFortitude","Slimebound:SplitLeeching"],"picked":"Slimebound:SamplingLick","floor":30},{"not_picked":["Slimebound:GoopSpray","Slimebound:SplitAcid+1"],"picked":"Slimebound:RainOfGoop","floor":32},{"not_picked":["Slimebound:SlimeSlap","Slimebound:Teamwork"],"picked":"Slimebound:RallyTheTroops","floor":33},{"not_picked":["Slimebound:FormOfPuddle+1","Slimebound:Dissolve+1"],"picked":"Slimebound:RejuvenatingLick+1","floor":36},{"not_picked":["Slimebound:SplitMire","Slimebound:ViciousTackle","Slimebound:Grow+1"],"picked":"SKIP","floor":37},{"not_picked":["Slimebound:Dissolve","Slimebound:SplitBruiser"],"picked":"Slimebound:SamplingLick","floor":38},{"not_picked":["Slimebound:SlimeSlap","Slimebound:ComboTackle"],"picked":"Slimebound:PressTheAttack","floor":39},{"not_picked":["Slimebound:SpikyOuterGoop","Slimebound:SlimeSpikes"],"picked":"Slimebound:LeechingTouch+1","floor":42},{"not_picked":["Slimebound:Repurpose","Slimebound:ViciousTackle"],"picked":"Slimebound:SplitAcid","floor":43}],"player_experience":598300,"relics_obtained":[{"floor":7,"key":"Mummified Hand"},{"floor":12,"key":"ReplayTheSpireMod:Ninjato"},{"floor":14,"key":"Regal Pillow"},{"floor":23,"key":"Simple Rune"},{"floor":24,"key":"Strawberry"},{"floor":27,"key":"Lantern"},{"floor":28,"key":"Slimebound:SlimedSkullRelic"},{"floor":28,"key":"InkBottle"},{"floor":30,"key":"Pet Ghost"},{"floor":38,"key":"WingedGreaves"},{"floor":42,"key":"Matryoshka"}],"event_choices":[{"damage_healed":0,"gold_gain":0,"player_choice":"Simplicity","damage_taken":0,"max_hp_gain":0,"max_hp_loss":0,"event_name":"Back to Basics","floor":25,"gold_loss":0,"cards_upgraded":["Slimebound:Strike_Slimebound","Slimebound:Strike_Slimebound","Slimebound:Strike_Slimebound","Slimebound:Defend_Slimebound","Slimebound:Defend_Slimebound","Slimebound:Defend_Slimebound","Slimebound:Defend_Slimebound"]},{"damage_healed":0,"gold_gain":0,"player_choice":"Rummage","damage_taken":0,"relics_obtained":["WarpedTongs"],"max_hp_gain":0,"max_hp_loss":0,"event_name":"Accursed Blacksmith","floor":31,"gold_loss":0,"cards_obtained":["Pain"]},{"damage_healed":0,"gold_gain":0,"player_choice":"Fight","damage_taken":0,"max_hp_gain":0,"max_hp_loss":0,"event_name":"Mysterious Sphere","floor":38,"gold_loss":0}],"is_beta":false,"boss_relics":[{"not_picked":["Pandora\u0027s Box","Replay:Drink Me"],"picked":"Painkiller Herb"},{"not_picked":["Astrolabe","Runic Pyramid"],"picked":"Fusion Hammer"}],"items_purged_floors":[],"is_endless":true,"potions_floor_spawned":[4,5,8,12,15,23,27,28,29,32,33,36,37,42],"killed_by":"Nightmare_Alpha","ascension_level":1}}