{"host":"xkmvu47k9fdstweo","time":1610324128,"event":{"mods":["BaseMod","Colored Map","Conspire","Hubris","Minty Spire (QoL Compilation)","Quick Restart","Railgun Mod","Shop Mod","StSLib","The Alterego","The Servant 0.9.4","The Wild Card","TheBandit","WarShipGirlsR/??è≠èóR mod","vexMod"],"gold_per_floor":[115,115,138,62,162,189,189,224,251,270,285,305,325,24,24,124,124],"floor_reached":16,"playtime":435,"items_purged":["Strike_G"],"score":315,"play_id":"67c6315a-7ae3-4c7e-a2f8-4eb771228ef9","local_time":"20210110191528","is_ascension_mode":true,"campfire_choices":[{"data":"All Out Attack","floor":7.0,"key":"SMITH"},{"data":"Glass Knife","floor":15.0,"key":"SMITH"}],"circlet_count":0,"master_deck":["AscendersBane","Strike_G","Strike_G","Strike_G","Strike_G","Defend_G","Defend_G","Defend_G","Defend_G","Defend_G","Survivor+1","Neutralize","Backflip+1","All Out Attack+1","Noxious Fumes","Backflip","Crippling Poison","Caltrops","Dagger Spray","Glass Knife+1"],"relics":["Ring of the Snake","NeowsBlessing","conspire:TopHat","Omamori","Centennial Puzzle","hubris:TenFootPole","MerchantsRug"],"acts_visited":["Exordium"],"potions_floor_usage":[],"damage_taken":[{"damage":0.0,"enemies":"2 Louse","floor":1.0,"turns":1.0},{"damage":0.0,"enemies":"3 Sentries","floor":6.0,"turns":1.0},{"damage":0.0,"enemies":"Lagavulin","floor":8.0,"turns":1.0},{"damage":1.0,"enemies":"Jaw Worm","floor":10.0,"turns":4.0},{"damage":0.0,"enemies":"Cultist","floor":11.0,"turns":5.0},{"damage":0.0,"enemies":"3 Louse","floor":12.0,"turns":1.0},{"damage":3.0,"enemies":"Blue Slaver","floor":13.0,"turns":4.0},{"damage":25.0,"enemies":"The Guardian","floor":16.0,"turns":12.0}],"seed_played":"4962115625597382598","potions_obtained":[{"floor":6.0,"key":"SkillPotion"},{"floor":8.0,"key":"Dexterity Potion"},{"floor":11.0,"key":"DuplicationPotion"},{"floor":16,"key":"Dexterity Potion"}],"is_trial":false,"path_per_floor":["M","?","T","$","?","E","R","E","T","M","M","M","M","$","R","B"],"character_chosen":"THE_SILENT","items_purchased":["All Out Attack","MerchantsRug","Glass Knife"],"campfire_rested":0,"item_purchase_floors":[4,14,14],"current_hp_per_floor":[63,49,49,49,49,49,49,49,49,48,48,48,45,45,45,20,20],"gold":124,"neow_bonus":"THREE_ENEMY_KILL","is_daily":false,"chose_seed":false,"campfire_upgraded":2,"win_rate":0.0,"timestamp":1610324128,"path_taken":["M","?","?","$","?","E","R","E","T","M","M","?","M","$","R","BOSS","BOSS"],"items_purchased_type":["Card","Relic","Card"],"build_version":"2020-12-22","purchased_purges":1,"victory":false,"max_hp_per_floor":[70,70,70,70,70,70,70,70,70,70,70,70,70,70,70,70,70],"card_choices":[{"not_picked":["Setup","Deflect"],"picked":"Backflip","floor":1.0},{"not_picked":["Slice","hubris:Sniper"],"picked":"Noxious Fumes","floor":6.0},{"not_picked":["Concentrate","Escape Plan"],"picked":"Backflip","floor":8.0},{"not_picked":["conspire:PoisonWeapons","Blade Dance","Eviscerate"],"picked":"SKIP","floor":10.0},{"not_picked":["Caltrops","Bouncing Flask"],"picked":"Crippling Poison","floor":11.0},{"not_picked":["Bane","Riddle With Holes"],"picked":"Caltrops","floor":12.0},{"not_picked":["hubris:Counter","Slice"],"picked":"Dagger Spray","floor":13.0}],"player_experience":299224,"relics_obtained":[{"floor":3.0,"key":"conspire:TopHat"},{"floor":6.0,"key":"Omamori"},{"floor":8.0,"key":"Centennial Puzzle"},{"floor":9.0,"key":"hubris:TenFootPole"}],"event_choices":[{"damage_healed":0.0,"max_hp_gain":0.0,"max_hp_loss":0.0,"gold_gain":0.0,"event_name":"Shining Light","player_choice":"Entered Light","floor":2.0,"gold_loss":0.0,"damage_taken":14.0,"cards_upgraded":["Backflip","Survivor"]},{"damage_healed":0.0,"max_hp_gain":0.0,"max_hp_loss":0.0,"gold_gain":100.0,"event_name":"Wheel of Change","player_choice":"Gold","floor":5.0,"gold_loss":0.0,"damage_taken":0.0}],"is_beta":false,"boss_relics":[],"items_purged_floors":[14],"is_endless":false,"potions_floor_spawned":[6,8,11,16],"killed_by":"The Guardian","ascension_level":10}}