{"host":"cjhtzh7tp54jdfyv","time":1610348775,"event":{"mods":["AchievementEnabler","BaseMod","Colored Map","Colored Powertips","Curses Come First","DeckTracker","Filter the Spire","Minty Spire (QoL Compilation)","RNG Fix","Relic Sorter","Relic Stats","StSLib","UnlockEverythingMod","ojb\u0027s Better Paths Mod","ojb\u0027s Info Mod"],"gold_per_floor":[112,123,123,123,198,231,245,313,313,342,356,386,386,386],"floor_reached":13,"playtime":697,"items_purged":[],"score":186,"play_id":"61f7e2a9-db05-48d3-a08b-fde765d934ac","local_time":"20210111020615","is_ascension_mode":true,"campfire_choices":[],"circlet_count":0,"master_deck":["AscendersBane","Strike_P","Strike_P","Strike_P","Strike_P","Defend_P","Defend_P+1","Defend_P","Defend_P","Eruption","Vigilance","TalkToTheHand+1","Tantrum+1","CrushJoints","Swivel"],"relics":["Snecko Eye","Singing Bowl","Pantograph","StrikeDummy","Boot"],"acts_visited":["Exordium"],"potions_floor_usage":[6,6,13],"damage_taken":[{"damage":1,"enemies":"2 Louse","floor":1,"turns":3},{"damage":4,"enemies":"Small Slimes","floor":2,"turns":3},{"damage":13,"enemies":"3 Sentries","floor":6,"turns":9},{"damage":0,"enemies":"Cultist","floor":7,"turns":2},{"damage":10,"enemies":"Gremlin Nob","floor":10,"turns":3},{"damage":0,"enemies":"Large Slime","floor":11,"turns":1},{"damage":9,"enemies":"3 Sentries","floor":13,"turns":4}],"seed_played":"-928065524820515248","potions_obtained":[{"floor":1,"key":"DistilledChaos"},{"floor":2,"key":"EssenceOfSteel"},{"floor":10,"key":"BlessingOfTheForge"}],"is_trial":false,"path_per_floor":["M","M","?","?","?","E","M","T","T","E","M","?","E"],"character_chosen":"WATCHER","items_purchased":[],"campfire_rested":0,"item_purchase_floors":[],"current_hp_per_floor":[60,56,36,36,25,14,14,14,14,6,6,6,0,0],"gold":386,"neow_bonus":"BOSS_RELIC","is_daily":false,"chose_seed":false,"campfire_upgraded":0,"win_rate":0.0,"timestamp":1610348775,"path_taken":["M","M","?","?","?","E","?","?","T","E","M","?","E"],"items_purchased_type":[],"build_version":"2020-12-22","purchased_purges":0,"victory":false,"max_hp_per_floor":[68,68,68,68,68,70,70,70,70,72,72,72,72,72],"relic_stats":{"Singing Bowl":4,"counters":[7,25],"Pantograph":0,"Snecko Eye":[36,35,33,37],"Boot":[4],"obtain_stats":[{"Singing Bowl":6,"Pantograph":8,"Snecko Eye":0,"PureWater":0,"StrikeDummy":9,"Boot":10},{"Singing Bowl":3,"Pantograph":4,"Snecko Eye":0,"PureWater":0,"StrikeDummy":4,"Boot":5},{"Singing Bowl":15,"Pantograph":17,"Snecko Eye":0,"PureWater":0,"StrikeDummy":17,"Boot":20}]},"card_choices":[{"not_picked":["Evaluate","SignatureMove"],"picked":"TalkToTheHand","floor":1},{"not_picked":["SandsOfTime","BattleHymn"],"picked":"Tantrum","floor":2},{"not_picked":["Crescendo","FollowUp","Evaluate"],"picked":"Singing Bowl","floor":6},{"not_picked":["Prostrate","Crescendo"],"picked":"CrushJoints","floor":7},{"not_picked":["WreathOfFlame","Tantrum","Evaluate"],"picked":"Singing Bowl","floor":10},{"not_picked":["Prostrate","EmptyMind"],"picked":"Swivel","floor":11}],"player_experience":4442027,"relics_obtained":[{"floor":6,"key":"Singing Bowl"},{"floor":8,"key":"Pantograph"},{"floor":9,"key":"StrikeDummy"},{"floor":10,"key":"Boot"}],"event_choices":[{"damage_healed":0,"gold_gain":0,"player_choice":"Entered Light","damage_taken":20,"max_hp_gain":0,"max_hp_loss":0,"event_name":"Shining Light","floor":3,"gold_loss":0,"cards_upgraded":["TalkToTheHand","Defend_P"]},{"damage_healed":0,"gold_gain":0,"player_choice":"Upgraded","damage_taken":0,"max_hp_gain":0,"max_hp_loss":0,"event_name":"Upgrade Shrine","floor":4,"gold_loss":0,"cards_upgraded":["Tantrum"]},{"damage_healed":0,"gold_gain":75,"player_choice":"Gather Gold","damage_taken":11,"max_hp_gain":0,"max_hp_loss":0,"event_name":"World of Goop","floor":5,"gold_loss":0},{"damage_healed":0,"gold_gain":30,"player_choice":"Searched \u00272\u0027 times","damage_taken":0,"max_hp_gain":0,"max_hp_loss":0,"event_name":"Dead Adventurer","floor":12,"gold_loss":0}],"is_beta":false,"boss_relics":[],"items_purged_floors":[],"is_endless":false,"potions_floor_spawned":[1,2,10],"killed_by":"3 Sentries","ascension_level":20}}