{"host":"8h3glbk9j4k4ylc4","time":1610386300,"event":{"mods":["AchievementEnabler","Act Like it!","BaseMod","Colored Map","Colored Powertips","Downfall","Energized Spire","Gensokyo","Hallownest","Hermit","Hubris","Infinite Spire","Jorbs\u0027s Wanderer Trilogy","Lobotomy","Marisa????????","Minty Spire (QoL Compilation)","Replay The Spire","Somnambulant","StSLib","The Animator","The Bug Knight","The Judge"],"gold_per_floor":[99,99,291,19,19,19,19,19],"floor_reached":6,"playtime":336,"items_purged":["hexamod:Strike"],"score":30,"play_id":"71e0ce07-88f6-4996-a6b3-64fb1a3d52bc","local_time":"20210111193140","is_ascension_mode":false,"campfire_choices":[{"data":"hexamod:Float","floor":1,"key":"SMITH"}],"circlet_count":0,"master_deck":["hexamod:Strike","hexamod:Strike","hexamod:Strike","hexamod:Defend","hexamod:Defend","hexamod:Defend","hexamod:Defend","hexamod:Sear","hexamod:Float+1","hexamod:ChargedBarrage","hexamod:FirstSeal","hexamod:SecondSeal","hexamod:BurningTouch","hexamod:TimeOfNeed","hexamod:TimeWarp"],"relics":["hexamod:SpiritBrand","downfall:HeartsMalice"],"acts_visited":["Exordium"],"potions_floor_usage":[],"damage_taken":[{"damage":0,"enemies":"Jaw Worm","floor":2,"turns":1},{"damage":0,"enemies":"downfall:FleeingMerchant","floor":4,"turns":1},{"damage":0,"enemies":"Small Slimes","floor":5,"turns":1},{"damage":58,"enemies":"Gremlin Nob","floor":6,"turns":5}],"seed_played":"2751608114487225427","potions_obtained":[],"is_trial":false,"path_per_floor":["R","M","?","$","M","E"],"character_chosen":"THE_SPIRIT","items_purchased":["hexamod:BurningTouch","hexamod:TimeOfNeed"],"campfire_rested":0,"item_purchase_floors":[4,4],"current_hp_per_floor":[70,70,42,42,42,0,0,0],"gold":19,"neow_bonus":"THREE_ENEMY_KILL","is_daily":false,"chose_seed":false,"campfire_upgraded":1,"win_rate":0.0,"timestamp":1610386300,"path_taken":["R","M","?","?","M","E"],"items_purchased_type":["Card","Card"],"build_version":"2020-12-22","purchased_purges":1,"victory":false,"max_hp_per_floor":[70,70,70,70,70,70,70,70],"card_choices":[{"not_picked":["hexamod:CatchUp","hexamod:RecurringNightmare"],"picked":"hexamod:ChargedBarrage","floor":2},{"not_picked":["hexamod:NightmareStrike","hexamod:RainOfEmbers"],"picked":"hexamod:FirstSeal","floor":3},{"not_picked":["hexamod:InspiringFlames","hexamod:Haunt"],"picked":"hexamod:SecondSeal","floor":4},{"not_picked":["hexamod:SoulSteal","hexamod:GhostShield"],"picked":"hexamod:TimeWarp","floor":5}],"player_experience":373320,"relics_obtained":[],"event_choices":[],"is_beta":false,"boss_relics":[],"items_purged_floors":[4],"is_endless":false,"potions_floor_spawned":[],"killed_by":"Gremlin Nob","ascension_level":0}}