{"host":"4cz9gr89nglr7k8k","time":1610397762,"event":{"mods":["BaseMod","Minty Spire (QoL Compilation)","Relic Stats","Slay-I"],"gold_per_floor":[116,0,0,17,17,17,78,94,94,94,113,113,29,179,179,275,275,295,53,72,72,97,97,97],"floor_reached":23,"playtime":921,"items_purged":[],"score":383,"play_id":"c5145b1e-9b10-45ff-9a60-5266a57c747c","local_time":"20210111214242","is_ascension_mode":true,"campfire_choices":[{"floor":6,"key":"REST"},{"data":"Cleave","floor":12,"key":"SMITH"},{"floor":15,"key":"REST"}],"circlet_count":0,"master_deck":["AscendersBane","Bash","Wild Strike","Infernal Blade","Shrug It Off","Seeing Red","Infernal Blade","Cleave+1","Flex","Iron Wave","Doubt","Bludgeon","Infernal Blade","Heavy Blade","Infernal Blade","Infernal Blade","Entrench","Shockwave","Disarm","Sever Soul","Pummel","Spot Weakness","Flex","Heavy Blade","Bludgeon","Flex","Shrug It Off"],"relics":["Burning Blood","Bag of Preparation","Turnip","Golden Idol","HornCleat","Pandora\u0027s Box","DollysMirror"],"acts_visited":["Exordium","TheCity"],"potions_floor_usage":[16,20,22,23,23],"damage_taken":[{"damage":6,"enemies":"Cultist","floor":1,"turns":3},{"damage":12,"enemies":"Jaw Worm","floor":4,"turns":2},{"damage":5,"enemies":"Small Slimes","floor":8,"turns":3},{"damage":0,"enemies":"3 Louse","floor":11,"turns":3},{"damage":69,"enemies":"Slime Boss","floor":16,"turns":11},{"damage":2,"enemies":"Spheric Guardian","floor":18,"turns":3},{"damage":24,"enemies":"Shell Parasite","floor":20,"turns":4},{"damage":40,"enemies":"Snake Plant","floor":22,"turns":5},{"damage":29,"enemies":"Book of Stabbing","floor":23,"turns":4}],"seed_played":"-7000803922107051625","potions_obtained":[{"floor":4,"key":"Energy Potion"},{"floor":8,"key":"PowerPotion"},{"floor":16,"key":"SteroidPotion"},{"floor":20,"key":"BloodPotion"},{"floor":21,"key":"Strength Potion"},{"floor":22,"key":"AttackPotion"}],"is_trial":false,"path_per_floor":["M","$","?","M","?","R","?","M","T","?","M","R","$","?","R","B",null,"M","$","M","?","M","E"],"character_chosen":"IRONCLAD","items_purchased":["Infernal Blade","Shrug It Off","Flex","Iron Wave","Flex","Heavy Blade","DollysMirror"],"campfire_rested":2,"item_purchase_floors":[2,2,13,13,19,19,19],"current_hp_per_floor":[68,68,57,51,25,47,47,48,48,44,50,50,50,50,72,9,59,63,63,45,45,26,0,0],"gold":97,"neow_bonus":"RANDOM_COMMON_RELIC","is_daily":false,"chose_seed":false,"campfire_upgraded":1,"win_rate":0.0,"timestamp":1610397762,"path_taken":["M","?","?","M","?","R","?","M","T","?","?","R","$","?","R","BOSS","M","$","M","?","?","E"],"items_purchased_type":["Card","Card","Card","Card","Card","Card","Relic"],"build_version":"2020-12-22","purchased_purges":0,"victory":false,"max_hp_per_floor":[75,75,75,75,75,75,75,75,75,75,75,75,75,75,75,75,75,75,75,75,75,75,75,75],"relic_stats":{"counters":[9,38],"Golden Idol":39,"Pandora\u0027s Box":["Infernal Blade","Heavy Blade","Infernal Blade","Infernal Blade","Entrench","Shockwave","Disarm","Sever Soul","Pummel"],"Turnip":[14],"Bag of Preparation":[18],"obtain_stats":[{"HornCleat":9,"Golden Idol":5,"DollysMirror":19,"Pandora\u0027s Box":17,"Turnip":3,"Bag of Preparation":0,"Burning Blood":0},{"HornCleat":3,"Golden Idol":2,"DollysMirror":6,"Pandora\u0027s Box":5,"Turnip":1,"Bag of Preparation":0,"Burning Blood":0},{"HornCleat":8,"Golden Idol":5,"DollysMirror":25,"Pandora\u0027s Box":22,"Turnip":3,"Bag of Preparation":0,"Burning Blood":0}],"Burning Blood":48},"card_choices":[{"not_picked":["True Grit","Havoc"],"picked":"Wild Strike","floor":1},{"not_picked":["Bloodletting","True Grit"],"picked":"Seeing Red","floor":4},{"not_picked":["Pommel Strike","Iron Wave"],"picked":"Infernal Blade","floor":8},{"not_picked":["Pommel Strike","Dropkick"],"picked":"Cleave","floor":11},{"not_picked":["Fiend Fire","Berserk"],"picked":"Bludgeon","floor":16},{"not_picked":["Rupture","Battle Trance"],"picked":"Spot Weakness","floor":18},{"not_picked":["Thunderclap","Shockwave"],"picked":"Flex","floor":20},{"not_picked":["Intimidate","Warcry+1"],"picked":"Shrug It Off","floor":22}],"player_experience":1488886,"relics_obtained":[{"floor":9,"key":"HornCleat"}],"event_choices":[{"damage_healed":0,"gold_gain":0,"player_choice":"Success","damage_taken":11,"relics_obtained":["Turnip"],"max_hp_gain":0,"max_hp_loss":0,"event_name":"Scrap Ooze","floor":3,"gold_loss":0},{"damage_healed":0,"gold_gain":0,"player_choice":"Take Damage","damage_taken":26,"relics_obtained":["Golden Idol"],"max_hp_gain":0,"max_hp_loss":0,"event_name":"Golden Idol","floor":5,"gold_loss":0},{"damage_healed":0,"gold_gain":61,"player_choice":"Gained Gold","damage_taken":0,"max_hp_gain":0,"max_hp_loss":0,"event_name":"Golden Wing","floor":7,"gold_loss":0},{"damage_healed":0,"gold_gain":0,"player_choice":"Bought 0 Potions","damage_taken":0,"max_hp_gain":0,"max_hp_loss":0,"event_name":"The Woman in Blue","floor":10,"gold_loss":0},{"damage_healed":0,"gold_gain":150,"player_choice":"AGREE","damage_taken":0,"max_hp_gain":0,"max_hp_loss":0,"event_name":"Liars Game","floor":14,"gold_loss":0,"cards_obtained":["Doubt"]},{"damage_healed":0,"gold_gain":0,"player_choice":"Got Potions","damage_taken":0,"max_hp_gain":0,"max_hp_loss":0,"event_name":"Lab","floor":21,"gold_loss":0}],"is_beta":false,"boss_relics":[{"not_picked":["Runic Cube","Runic Pyramid"],"picked":"Pandora\u0027s Box"}],"items_purged_floors":[],"is_endless":false,"potions_floor_spawned":[4,8,16,20,22],"killed_by":"Book of Stabbing","ascension_level":20}}