{"host":"kdt6w7ix8lwe69i9","time":1610409053,"event":{"mods":["100% Spire Juice","Bartender","BaseMod","ChefMod","Downfall","Evolution","Fiend Mod","Jorbs\u0027s Wanderer Trilogy","Minty Spire (QoL Compilation)","Reimu（博丽灵梦）","Robot Space Explorer","Shade Mod","StSLib","The Caster","The Cursed","The Disciple","The Dragon Tamer","The Druid","The Fake Hero","The Forsaken","The Gatherer","The Marked","TheBandit","TheSwordswoman"],"gold_per_floor":[515,532,548,565,530,530,530,530,530,530,23,36,36,33,33,108,108,108,108,108,108],"floor_reached":20,"playtime":1458,"items_purged":["luka_mod:Surrender"],"score":164,"play_id":"df4b20e2-059f-4870-8d46-e14d79d5eb5a","local_time":"20210111185053","is_ascension_mode":false,"campfire_choices":[{"floor":6,"key":"REST"},{"data":"luka_mod:FlailWildly","floor":10,"key":"SMITH"},{"data":"luka_mod:Gnome","floor":15,"key":"SMITH"}],"circlet_count":0,"master_deck":["luka_mod:StrikeLukaOne","luka_mod:StrikeLukaTwo","luka_mod:StrikeLukaThree","luka_mod:StrikeLukaFour","luka_mod:StrikeLukaFive","luka_mod:StrikeLukaSix","luka_mod:Salt","luka_mod:FlailWildly+1","luka_mod:Meditation","luka_mod:OiAlice","luka_mod:EarthSlash","luka_mod:FlashKill","luka_mod:Salamander","luka_mod:Gnome+1","luka_mod:Calm","luka_mod:Salamander","Poor:ReiMu","luka_mod:Struggle","luka_mod:NoDebuffs","luka_mod:Optimistic+1","luka_mod:Sara+1","luka_mod:EarthRumblingDecapitation+1","luka_mod:UnusedPoison+1"],"relics":["luka_mod:KeepsakeRing","EVO:Axolotl","Choco_Feather","Bag of Marbles","Protect_Vest","YidongShenshe:ReiMu","Astrolabe"],"acts_visited":["Exordium","TheCity"],"potions_floor_usage":[2,14,18,18,18,18],"damage_taken":[{"damage":6,"enemies":"Cultist","floor":1,"turns":4},{"damage":11,"enemies":"Jaw Worm","floor":2,"turns":3},{"damage":10,"enemies":"Small Slimes","floor":3,"turns":2},{"damage":12,"enemies":"Looter","floor":4,"turns":3},{"damage":3,"enemies":"Blue Slaver","floor":12,"turns":2},{"damage":0,"enemies":"Lots of Slimes","floor":14,"turns":3},{"damage":21,"enemies":"Hexaghost","floor":16,"turns":10},{"damage":31,"enemies":"3 Byrds","floor":18,"turns":5}],"seed_played":"7196577327427893536","potions_obtained":[{"floor":1,"key":"DistilledChaos"},{"floor":12,"key":"Strength Potion"},{"floor":14,"key":"MagicPotion:ReiMu"},{"floor":16,"key":"EntropicBrew"}],"is_trial":false,"path_per_floor":["M","M","M","M","?","R","?","?","T","R","$","M","?","M","R","B",null,"M","?","?"],"character_chosen":"LUKA_CLASS","items_purchased":["Bag of Marbles","Protect_Vest","luka_mod:Gnome","luka_mod:Calm"],"campfire_rested":1,"item_purchase_floors":[11,11,11,11],"current_hp_per_floor":[40,29,19,7,17,29,29,29,29,29,29,26,26,26,26,5,40,15,15,0,0],"gold":108,"neow_bonus":"ONE_RARE_RELIC","is_daily":false,"chose_seed":false,"campfire_upgraded":2,"win_rate":0.0,"timestamp":1610409053,"path_taken":["M","M","?","M","?","R","?","?","T","R","?","?","?","M","R","BOSS","M","?","?"],"items_purchased_type":["Relic","Relic","Card","Card"],"build_version":"2020-12-22","purchased_purges":1,"victory":false,"max_hp_per_floor":[40,40,40,40,40,40,40,40,40,40,40,40,40,40,40,40,40,40,40,40,40],"card_choices":[{"not_picked":["luka_mod:Struggle","luka_mod:DemonDecapitation"],"picked":"luka_mod:OiAlice","floor":1},{"not_picked":["luka_mod:Calm","luka_mod:AlicesGuard"],"picked":"luka_mod:EarthSlash","floor":2},{"not_picked":["luka_mod:HeroicStrike","luka_mod:Intense"],"picked":"luka_mod:FlashKill","floor":3},{"not_picked":["luka_mod:HeroicStrike","luka_mod:CriticalHit"],"picked":"luka_mod:Salamander","floor":4},{"not_picked":["luka_mod:Calm","luka_mod:DemonSkullBeheading"],"picked":"luka_mod:Salamander","floor":12},{"not_picked":["luka_mod:GuardTraining","luka_mod:StrikeLuka"],"picked":"luka_mod:Struggle","floor":14},{"not_picked":["luka_mod:Alice","luka_mod:SpoilerDance"],"picked":"luka_mod:NoDebuffs","floor":16},{"not_picked":["luka_mod:HeroicStrike","luka_mod:Intense"],"picked":"luka_mod:UnusedPoison+1","floor":18}],"player_experience":1746503,"relics_obtained":[],"event_choices":[{"damage_healed":10,"gold_gain":0,"player_choice":"Healed","damage_taken":0,"max_hp_gain":0,"max_hp_loss":0,"event_name":"The Cleric","floor":5,"gold_loss":35},{"cards_removed":["luka_mod:Surrender"],"damage_healed":0,"gold_gain":0,"player_choice":"Forget","damage_taken":0,"max_hp_gain":0,"max_hp_loss":0,"event_name":"Living Wall","floor":7,"gold_loss":0},{"damage_healed":0,"gold_gain":0,"player_choice":"Take Tiny Shrine away","damage_taken":0,"relics_obtained":["YidongShenshe:ReiMu"],"max_hp_gain":0,"max_hp_loss":0,"event_name":"yidonshenshe","floor":13,"gold_loss":0,"cards_obtained":["Poor:ReiMu"]}],"is_beta":false,"boss_relics":[{"not_picked":["Runic Pyramid","SlaversCollar"],"picked":"Astrolabe"}],"items_purged_floors":[11],"is_endless":false,"potions_floor_spawned":[1,12,14,16],"ascension_level":0}}