{"host":"vh84ep2bvzg72dp7","time":1610393104,"event":{"mods":["2.2 Compatiblity","AchievementEnabler","Act Like it!","Aspiration","Astrologer","Bard","BaseMod","Beaked The Cultist","Better Altar","Better Match","Better Note","Better Sensory Stone","Better Skull","Better Third Choice","BetterRewards","Conspire","Downfall","Gensokyo","Halation","Hermit","Hubris","Infinite Spire","Jorbs\u0027s Wanderer Trilogy","Marisa（霧雨　魔理沙）","Minty Spire (QoL Compilation)","MostiFishMod","Replay The Spire","Shop Mod","Spicy Shops","StSLib","The Alterego","The Animator","The Construct","The Cursed","The Disciple","The Hierophant","The Jungle","The Poker Player","The Runesmith","The Servant 0.9.4","The Wild Card","TheArtist","WarShipGirlsR/战舰少女R mod"],"gold_per_floor":[117,128,146,159,178,205,217,167,194,194,227,245,261,281,281,385,385,395,405,424,10,68,76,76],"floor_reached":23,"playtime":1554,"items_purged":[],"score":286,"play_id":"d5dcc656-b8dc-48a8-bc1c-fe72bae6752b","local_time":"20210112022504","is_ascension_mode":false,"campfire_choices":[{"floor":15,"key":"REST"}],"circlet_count":0,"master_deck":["Allegro","Strike_Br","Strike_Br","Strike_Br","Defend_Br","Defend_Br","Defend_Br","Defend_Br","SecondHand","PatternShift","Parity","Echoward","ReapSow","HandsUpB","Accruing","LockedAnchor","TickedOff","ReapSow","BiteCommand","Parity","Parity","OldTimer","Echoward","LockedThread+1","Echoward","BeatsPerMinute","WatchCommand"],"relics":["Chronometer","DaveBox","FeatherPendant","SynthV:TestCard","Replay:Baseball","Replay:Rubber Ducky","FaceOfCleric","Turnip","halation:HeavySnake","Replay:Bandana","HeavySwitch"],"acts_visited":["Exordium","TheCity"],"potions_floor_usage":[3],"damage_taken":[{"damage":0,"enemies":"2 Louse","floor":1,"turns":3},{"damage":1,"enemies":"Jaw Worm","floor":2,"turns":4},{"damage":0,"enemies":"Cultist","floor":3,"turns":4},{"damage":0,"enemies":"Gremlin Gang","floor":4,"turns":3},{"damage":6,"enemies":"conspire:2 RoseBushes","floor":5,"turns":3},{"damage":0,"enemies":"Gremlin Nob","floor":6,"turns":2},{"damage":0,"enemies":"Large Slime","floor":7,"turns":4},{"damage":10,"enemies":"3 Sentries","floor":11,"turns":9},{"damage":6,"enemies":"Gremlin Gang","floor":12,"turns":6},{"damage":3,"enemies":"Exordium Thugs","floor":13,"turns":3},{"damage":0,"enemies":"3 Louse","floor":14,"turns":4},{"damage":20,"enemies":"Hexaghost","floor":16,"turns":9},{"damage":0,"enemies":"Spheric Guardian","floor":18,"turns":4},{"damage":2,"enemies":"Shell Parasite","floor":19,"turns":2},{"damage":0,"enemies":"conspire:HollyBat","floor":20,"turns":6},{"damage":6,"enemies":"3 Cultists","floor":22,"turns":3},{"damage":2,"enemies":"conspire:SneckoGhost","floor":23,"turns":6}],"seed_played":"7956268958666480699","potions_obtained":[{"floor":2,"key":"ColorlessPotion"},{"floor":3,"key":"Fruit Juice"},{"floor":5,"key":"SpeedPotion"},{"floor":7,"key":"Flashbang"}],"is_trial":false,"path_per_floor":["M","M","M","M","M","E","M","?","T","?","E","M","M","M","R","B",null,"M","M","M","$","M","E"],"character_chosen":"CHRONO_CLASS","items_purchased":["BeatsPerMinute","Replay:Bandana","HeavySwitch"],"campfire_rested":1,"item_purchase_floors":[21,21,21],"current_hp_per_floor":[71,70,75,75,69,69,69,69,69,69,60,55,53,54,78,59,81,82,81,82,82,77,75,75],"gold":76,"neow_bonus":"TEN_PERCENT_HP_BONUS","is_daily":false,"chose_seed":false,"campfire_upgraded":0,"win_rate":0.0,"timestamp":1610393104,"path_taken":["M","M","M","M","M","E","M","?","T","?","E","?","M","M","R","BOSS","M","M","M","$","?","E"],"items_purchased_type":["Card","Relic","Relic"],"build_version":"2020-12-22","purchased_purges":0,"victory":false,"max_hp_per_floor":[71,71,76,76,76,76,76,76,76,76,77,78,79,80,80,81,81,82,83,84,84,85,85,85],"card_choices":[{"not_picked":["BlueShift","HandsUpB"],"picked":"Parity","floor":1},{"not_picked":["EscortCommand","Parity","BlueShift","Stagnate"],"picked":"Echoward","floor":2},{"not_picked":["Engulf","EscortCommand","Parity","LockedUrn"],"picked":"ReapSow","floor":3},{"not_picked":["Goo","LockedThread","AlternateTimeline","CrunchTime"],"picked":"HandsUpB","floor":4},{"not_picked":["LockedWarPaint","AlternateTimeline","LockedAnchor","Backlash"],"picked":"Accruing","floor":5},{"not_picked":["PrimeTime","BackFourSeconds","Chronoelasticity","Parity"],"picked":"LockedAnchor","floor":6},{"not_picked":["Tempo","Stagnate","HandsUpC","LockedAnchor"],"picked":"TickedOff","floor":7},{"not_picked":["Goo","LockedScales","Engulf","AlternateTimeline"],"picked":"ReapSow","floor":11},{"not_picked":["LockedScales","AlternateTimeline","LockedWhetstone","LockedMercury"],"picked":"BiteCommand","floor":12},{"not_picked":["LockedAnchor","LockedThread","Analog","AlternateTimeline"],"picked":"Parity","floor":13},{"not_picked":["Fragmentalize","LockedMedicine","WindUp","ExoVibe"],"picked":"Parity","floor":14},{"not_picked":["LockedFlame","Echonomics","RageCommand","MasterKey"],"picked":"OldTimer","floor":16},{"not_picked":["CrunchTime","Tempo","Stagnate+1","LockedBlood"],"picked":"Echoward","floor":18},{"not_picked":["Recurrance+1","WindUp","LockedMedicine","TiringSlam+1"],"picked":"LockedThread+1","floor":19},{"not_picked":["ExoVibe+1","DaylightSavings","Facsimile+1","Analog"],"picked":"Echoward","floor":20},{"not_picked":["BlueShift","LockedMedicine","Tempo","LockedBlood"],"picked":"WatchCommand","floor":22}],"player_experience":343526,"relics_obtained":[{"floor":1,"key":"SynthV:TestCard"},{"floor":6,"key":"Replay:Baseball"},{"floor":9,"key":"Replay:Rubber Ducky"},{"floor":11,"key":"Turnip"}],"event_choices":[{"cards_removed":["Strike_Br"],"damage_healed":0,"gold_gain":0,"player_choice":"Card Removal","damage_taken":0,"max_hp_gain":0,"max_hp_loss":0,"event_name":"The Cleric","floor":8,"gold_loss":50},{"damage_healed":0,"gold_gain":0,"player_choice":"Trade","damage_taken":0,"relics_obtained":["FaceOfCleric"],"max_hp_gain":0,"max_hp_loss":0,"event_name":"FaceTrader","floor":10,"gold_loss":0}],"is_beta":false,"boss_relics":[{"not_picked":["Runic Dome","infinitespire:Cupcake"],"picked":"halation:HeavySnake"}],"items_purged_floors":[],"is_endless":false,"potions_floor_spawned":[2,3,5,7,14,18,19,20],"killed_by":"conspire:SneckoGhost","ascension_level":0}}