{"host":"eu5wvbbtjeiar27l","time":1610391163,"event":{"mods":["BaseMod","Colored Powertips","Infinite Spire","Minty Spire (QoL Compilation)","Rare Cards Sparkle","StSLib","vexMod"],"gold_per_floor":[112,112,112,112,129,154,154,185,230,240,240,271,283,299,299,404,404,414,389,409,409,425,425,455,455,503,514,527,539,555,571,571,674,674,691,746,766,766,777,810,810,838,838,872,886,886,921,921,921,921],"floor_reached":51,"playtime":5105,"items_purged":["Strike_B"],"score":876,"play_id":"5f5ae718-dc53-4e3a-83f5-afce07b10778","local_time":"20210111185243","is_ascension_mode":true,"campfire_choices":[{"data":"infinitespire:NeuralNetwork","floor":7,"key":"SMITH"},{"data":"Sunder","floor":15,"key":"SMITH"},{"data":"Hologram","floor":23,"key":"SMITH"},{"floor":32,"key":"REST"},{"data":"Consume","floor":41,"key":"SMITH"},{"floor":46,"key":"REST"},{"data":"Capacitor","floor":49,"key":"SMITH"}],"circlet_count":0,"master_deck":["Defend_B","Defend_B","Defend_B","Defend_B","Zap+1","Dualcast","Coolheaded+1","infinitespire:NeuralNetwork+1","Turbo+1","Leap","Cold Snap","Sunder+1","Hologram+1","Electrodynamics","Streamline+1","Meteor Strike+1","Cold Snap","Conserve Battery+1","Hologram+1","Capacitor+1","White Noise+1","Echo Form","Rainbow","Turbo+1","Conserve Battery","Consume+1","infinitespire:DeathsTouch","Blizzard+1","Redo+1","Loop+1","Skim+1"],"relics":["PureWater","NeowsBlessing","Art of War","Blood Vial","Matryoshka","Kunai","infinitespire:Lucky Rock","infinitespire:Cubic Diamond","Toy Ornithopter","vexMod:ImprovementManual","Cracked Core","Dream Catcher","Happy Flower","Anchor","Empty Cage","WingedGreaves","infinitespire:BottledMercury","The Courier","Lantern","Strawberry"],"acts_visited":["Exordium","TheCity","TheBeyond"],"potions_floor_usage":[8,12,24,33,39,44,44,47],"damage_taken":[{"damage":0,"enemies":"Jaw Worm","floor":1,"turns":1},{"damage":0,"enemies":"2 Louse","floor":5,"turns":1},{"damage":0,"enemies":"Gremlin Nob","floor":6,"turns":1},{"damage":0,"enemies":"3 Sentries","floor":8,"turns":10},{"damage":1,"enemies":"Small Slimes","floor":10,"turns":3},{"damage":0,"enemies":"Gremlin Nob","floor":12,"turns":3},{"damage":2,"enemies":"2 Fungi Beasts","floor":13,"turns":2},{"damage":3,"enemies":"Large Slime","floor":14,"turns":4},{"damage":26,"enemies":"The Guardian","floor":16,"turns":11},{"damage":0,"enemies":"Spheric Guardian","floor":18,"turns":3},{"damage":10,"enemies":"Chosen","floor":20,"turns":4},{"damage":12,"enemies":"Centurion and Healer","floor":22,"turns":4},{"damage":20,"enemies":"Gremlin Leader","floor":24,"turns":5},{"damage":0,"enemies":"Snecko","floor":27,"turns":4},{"damage":2,"enemies":"Snake Plant","floor":28,"turns":3},{"damage":13,"enemies":"Sentry and Sphere","floor":29,"turns":5},{"damage":0,"enemies":"Chosen and Byrds","floor":30,"turns":3},{"damage":0,"enemies":"Cultist and Chosen","floor":31,"turns":4},{"damage":37,"enemies":"Automaton","floor":33,"turns":9},{"damage":14,"enemies":"3 Darklings","floor":35,"turns":3},{"damage":43,"enemies":"2 Orb Walkers","floor":36,"turns":5},{"damage":0,"enemies":"Orb Walker","floor":37,"turns":3},{"damage":11,"enemies":"3 Darklings","floor":39,"turns":4},{"damage":14,"enemies":"Nemesis","floor":40,"turns":5},{"damage":4,"enemies":"Reptomancer","floor":42,"turns":4},{"damage":19,"enemies":"Nemesis","floor":44,"turns":5},{"damage":0,"enemies":"Maw","floor":45,"turns":6},{"damage":6,"enemies":"Giant Head","floor":47,"turns":6},{"damage":29,"enemies":"Time Eater","floor":50,"turns":12}],"seed_played":"-8311025075437618484","potions_obtained":[{"floor":1,"key":"SkillPotion"},{"floor":8,"key":"Explosive Potion"},{"floor":10,"key":"Fire Potion"},{"floor":13,"key":"DistilledChaos"},{"floor":14,"key":"FocusPotion"},{"floor":22,"key":"BlessingOfTheForge"},{"floor":25,"key":"Regen Potion"},{"floor":25,"key":"DuplicationPotion"},{"floor":30,"key":"Regen Potion"},{"floor":33,"key":"PowerPotion"},{"floor":40,"key":"ColorlessPotion"},{"floor":45,"key":"PowerPotion"}],"is_trial":false,"path_per_floor":["M","?","?","?","M","E","R","E","T","M","?","E","M","M","R","B",null,"M","?","M","?","M","R","E","?","T","M","M","M","M","M","R","B",null,"M","?","M","AVR","M","E","R","E","T","E","M","R","E","?","R","B",null],"character_chosen":"DEFECT","items_purchased":[],"campfire_rested":2,"item_purchase_floors":[],"current_hp_per_floor":[75,58,51,39,39,39,39,41,41,42,42,44,44,43,43,19,75,75,75,65,51,41,41,28,28,28,30,30,19,21,23,47,32,80,66,25,27,27,35,23,23,21,21,14,16,40,48,48,48,21],"gold":921,"neow_bonus":"THREE_ENEMY_KILL","is_daily":false,"chose_seed":false,"campfire_upgraded":5,"win_rate":0.0,"timestamp":1610391163,"path_taken":["M","?","?","?","M","E","R","E","T","M","?","E","M","M","R","BOSS","M","?","?","?","M","R","E","?","T","M","M","M","M","?","R","BOSS","M","?","M","AVR","M","E","R","E","T","E","M","R","E","?","R","BOSS"],"items_purchased_type":[],"build_version":"2020-12-22","purchased_purges":1,"victory":true,"max_hp_per_floor":[75,75,75,75,75,75,75,75,75,75,75,75,75,75,75,75,75,75,75,75,80,80,80,80,80,80,80,80,80,80,80,80,80,80,80,80,80,80,80,80,80,80,80,80,80,80,87,87,87,87],"card_choices":[{"not_picked":["Compile Driver","Melter"],"picked":"Coolheaded","floor":1},{"not_picked":["infinitespire:Execution","infinitespire:FutureSight"],"picked":"infinitespire:NeuralNetwork","floor":2},{"not_picked":["Steam","Gash"],"picked":"Turbo","floor":5},{"not_picked":["Fusion","BootSequence"],"picked":"Leap","floor":6},{"not_picked":["Undo","Reinforced Body"],"picked":"Cold Snap","floor":8},{"not_picked":["Stack","Go for the Eyes"],"picked":"Sunder","floor":10},{"not_picked":["Redo","Stack"],"picked":"Hologram","floor":12},{"not_picked":["Capacitor","Stack"],"picked":"Electrodynamics","floor":13},{"not_picked":["Steam","Stack"],"picked":"Streamline","floor":14},{"not_picked":["Reboot","Core Surge"],"picked":"Meteor Strike","floor":16},{"not_picked":["Rebound","Beam Cell"],"picked":"Cold Snap","floor":18},{"not_picked":["Reinforced Body","Reprogram+1"],"picked":"Compile Driver+1","floor":20},{"not_picked":["Gash","Barrage","Go for the Eyes"],"picked":"SKIP","floor":22},{"not_picked":["Fusion+1","Go for the Eyes"],"picked":"Conserve Battery+1","floor":24},{"not_picked":["Barrage+1","Rebound"],"picked":"Hologram+1","floor":27},{"not_picked":["Storm","Go for the Eyes"],"picked":"Capacitor","floor":28},{"not_picked":["Chaos","Barrage+1","Reinforced Body+1"],"picked":"SKIP","floor":29},{"not_picked":["Cold Snap","Gash","Melter"],"picked":"SKIP","floor":30},{"not_picked":["Coolheaded","Compile Driver"],"picked":"White Noise+1","floor":31},{"not_picked":["Sweeping Beam","Conserve Battery"],"picked":"Echo Form","floor":32},{"not_picked":["Buffer","Reboot"],"picked":"Rainbow","floor":33},{"not_picked":["Heatsinks+1","Stack+1"],"picked":"Turbo+1","floor":35},{"not_picked":["Sweeping Beam+1","Compile Driver"],"picked":"Conserve Battery","floor":36},{"not_picked":["Leap+1","Beam Cell+1"],"picked":"Consume","floor":37},{"not_picked":["Chaos","Coolheaded","Sweeping Beam"],"picked":"SKIP","floor":39},{"not_picked":["Darkness+1","Rebound"],"picked":"Blizzard+1","floor":40},{"not_picked":["BootSequence+1","Biased Cognition","Streamline"],"picked":"SKIP","floor":42},{"not_picked":["Sweeping Beam","Heatsinks"],"picked":"Redo+1","floor":44},{"not_picked":["Genetic Algorithm","Redo+1"],"picked":"Loop+1","floor":45},{"not_picked":["Coolheaded","Auto Shields"],"picked":"Skim+1","floor":46},{"not_picked":["Beam Cell+1","Hyperbeam","Coolheaded+1"],"picked":"SKIP","floor":47}],"player_experience":64046,"relics_obtained":[{"floor":6,"key":"Blood Vial"},{"floor":8,"key":"Matryoshka"},{"floor":9,"key":"Kunai"},{"floor":9,"key":"infinitespire:Lucky Rock"},{"floor":12,"key":"Toy Ornithopter"},{"floor":24,"key":"Dream Catcher"},{"floor":26,"key":"Happy Flower"},{"floor":26,"key":"Anchor"},{"floor":36,"key":"WingedGreaves"},{"floor":40,"key":"infinitespire:BottledMercury"},{"floor":42,"key":"The Courier"},{"floor":44,"key":"Lantern"},{"floor":47,"key":"Strawberry"}],"event_choices":[{"cards_removed":["Strike_B"],"damage_healed":0,"gold_gain":0,"player_choice":"Card Removal","damage_taken":7,"max_hp_gain":0,"max_hp_loss":0,"event_name":"Golden Wing","floor":3,"gold_loss":0},{"damage_healed":0,"gold_gain":0,"player_choice":"Success","damage_taken":12,"relics_obtained":["Art of War"],"max_hp_gain":0,"max_hp_loss":0,"event_name":"Scrap Ooze","floor":4,"gold_loss":0},{"damage_healed":0,"gold_gain":0,"player_choice":"Shed Blood","damage_taken":19,"max_hp_gain":5,"max_hp_loss":0,"event_name":"Forgotten Altar","floor":21,"gold_loss":0},{"damage_healed":0,"gold_gain":0,"player_choice":"Got Potions","damage_taken":0,"max_hp_gain":0,"max_hp_loss":0,"event_name":"Lab","floor":25,"gold_loss":0},{"damage_healed":0,"gold_gain":0,"player_choice":"Fight","damage_taken":0,"max_hp_gain":0,"max_hp_loss":0,"event_name":"Mysterious Sphere","floor":36,"gold_loss":0},{"cards_removed":["Compile Driver"],"damage_healed":0,"gold_gain":0,"player_choice":"Purged","damage_taken":0,"max_hp_gain":0,"max_hp_loss":0,"event_name":"Purifier","floor":48,"gold_loss":0}],"is_beta":false,"boss_relics":[{"not_picked":["Pandora\u0027s Box","SacredBark"],"picked":"vexMod:ImprovementManual"},{"not_picked":["Busted Crown","vexMod:DeviousBotling"],"picked":"Empty Cage"}],"items_purged_floors":[38],"is_endless":false,"potions_floor_spawned":[1,8,10,13,14,22,27,29,30,33,35,40,45],"ascension_level":1}}