{"host":"2obc3yw68hb857j8","time":1610370563,"event":{"mods":["BaseMod","Friendly Minions","HornydragonMod","Kiyohime¡]²M®V¡^","Marisa¡]Ãú«B¡@Å]²z¨F¡^","Minty Spire (QoL Compilation)","Prisma Mod","Remilia¡]Á¢¦Ì²ú?¡^","StSLib","Td1madao Mod","The Senshi","The Servant 0.9.4","Youmu¡]»î¾z§¯?¡^"],"gold_per_floor":[210,210,210,109,122,156,156,156,156,167,167,167,18,38,38,143,143,160,160,187,207,38,67,67,84,157,257,271,287,105,119,119,218,218,236,251,298,298,150,150,150,165,165,180,200,18,28,44,44,44],"floor_reached":51,"playtime":2237,"items_purged":["Strike_R"],"score":694,"play_id":"47e5590e-6586-430e-b385-a2ae44bb622a","local_time":"20210111210923","is_ascension_mode":false,"campfire_choices":[{"data":"Bash","floor":7.0,"key":"SMITH"},{"data":"Metallicize","floor":12.0,"key":"SMITH"},{"floor":15.0,"key":"REST"},{"data":"Barricade","floor":24.0,"key":"SMITH"},{"data":"Body Slam","floor":32.0,"key":"SMITH"},{"data":"True Grit","floor":40.0,"key":"SMITH"},{"data":"Apotheosis","floor":49,"key":"SMITH"}],"circlet_count":0,"master_deck":["Strike_R","Strike_R","Defend_R","Defend_R","Defend_R","Bash+1","Iron Wave","Feel No Pain","Iron Wave","Metallicize+1","True Grit+1","Flash of Steel","Metallicize","Barricade+1","Clothesline","Ghostly Armor","Fire Breathing+1","Mayhem","Power Through+1","Body Slam+1","Flame Barrier","Pummel","Disarm","Seeing Red+1","Writhe","Metallicize","Apotheosis+1","Rage","Shrug It Off","Fire Breathing+1"],"relics":["Black Blood","Mercury Hourglass","Paper Frog","Kunai","Mark of Pain","Red Mask","Red Skull","Bottled Tornado","Oddly Smooth Stone","Membership Card","Bottled Lightning"],"acts_visited":[],"potions_floor_usage":[50,50,50],"damage_taken":[{"damage":5.0,"enemies":"Small Slimes","floor":1.0,"turns":3.0},{"damage":6.0,"enemies":"Jaw Worm","floor":5.0,"turns":3.0},{"damage":48.0,"enemies":"Lagavulin","floor":6.0,"turns":7.0},{"damage":0.0,"enemies":"Cultist","floor":10.0,"turns":3.0},{"damage":0.0,"enemies":"2 Fungi Beasts","floor":14.0,"turns":4.0},{"damage":20.0,"enemies":"The Guardian","floor":16.0,"turns":13.0},{"damage":44.0,"enemies":"2 Thieves","floor":18.0,"turns":5.0},{"damage":20.0,"enemies":"Masked Bandits","floor":20.0,"turns":5.0},{"damage":6.0,"enemies":"Chosen","floor":21.0,"turns":6.0},{"damage":4.0,"enemies":"Gremlin Leader","floor":23.0,"turns":9.0},{"damage":22.0,"enemies":"3 Cultists","floor":25.0,"turns":6.0},{"damage":0.0,"enemies":"Centurion and Healer","floor":28.0,"turns":9.0},{"damage":0.0,"enemies":"Shelled Parasite and Fungi","floor":29.0,"turns":7.0},{"damage":0.0,"enemies":"Sentry and Sphere","floor":31.0,"turns":9.0},{"damage":5.0,"enemies":"Automaton","floor":33.0,"turns":9.0},{"damage":5.0,"enemies":"3 Darklings","floor":35.0,"turns":7.0},{"damage":0.0,"enemies":"3 Shapes","floor":36.0,"turns":4.0},{"damage":64.0,"enemies":"2 Orb Walkers","floor":37.0,"turns":6.0},{"damage":6.0,"enemies":"Sphere and 2 Shapes","floor":42.0,"turns":9.0},{"damage":42.0,"enemies":"Transient","floor":44.0,"turns":5.0},{"damage":8.0,"enemies":"3 Darklings","floor":45.0,"turns":6.0},{"damage":5,"enemies":"Jaw Worm Horde","floor":47,"turns":7},{"damage":0,"enemies":"Spire Growth","floor":48,"turns":6},{"damage":25,"enemies":"Donu and Deca","floor":50,"turns":7}],"seed_played":"-1855071802064038856","potions_obtained":[{"floor":10.0,"key":"ColorlessPotion"},{"floor":14.0,"key":"AttackPotion"},{"floor":18.0,"key":"Block Potion"},{"floor":20.0,"key":"Strength Potion"},{"floor":28.0,"key":"Regen Potion"},{"floor":29.0,"key":"ColorlessPotion"},{"floor":35.0,"key":"ElixirPotion"},{"floor":44.0,"key":"PowerPotion"}],"is_trial":false,"path_per_floor":["M","?","?","$","M","E","R","?","T","M","?","R","$","M","R","B",null,"M","$","?","M","$","E","R","M","T","?","M","M","$","M","R","B",null,"M","M","?","?","$","R","?","M","T","M","M","$","M","M","R","B",null],"character_chosen":"IRONCLAD","items_purchased":["Iron Wave","True Grit","Flash of Steel","Mayhem","Oddly Smooth Stone","Flame Barrier","Membership Card","Apotheosis","Rage","Shrug It Off","PowerPotion"],"campfire_rested":1,"item_purchase_floors":[4,13,13,22,30,30,39,46,46,46,46],"current_hp_per_floor":[80,62,62,62,62,20,20,20,20,26,26,26,26,32,56,42,80,42,42,28,28,28,30,30,14,14,14,20,26,26,32,32,33,80,80,80,28,28,28,28,48,54,54,24,28,28,35,47,47,34],"gold":44,"neow_bonus":"HUNDRED_GOLD","is_daily":false,"chose_seed":false,"campfire_upgraded":6,"win_rate":0.0,"timestamp":1610370563,"path_taken":["M","?","?","$","?","E","R","?","T","?","?","R","$","M","R","BOSS","M","?","?","M","$","E","R","M","T","?","M","?","$","M","R","BOSS","M","M","?","?","$","R","?","M","T","M","M","$","M","M","R","BOSS"],"items_purchased_type":["Card","Card","Card","Card","Relic","Card","Relic","Card","Card","Card","Potion"],"build_version":"2020-12-22","purchased_purges":1,"victory":true,"max_hp_per_floor":[80,80,80,80,80,80,80,80,80,80,80,80,80,80,80,80,80,80,80,80,80,80,80,80,80,80,80,80,80,80,80,80,80,80,80,80,80,80,80,80,80,80,80,80,80,80,80,80,80,80],"card_choices":[{"not_picked":["Sword Boomerang","Burning Pact","Havoc"],"picked":"SKIP","floor":1.0},{"not_picked":["Dual Wield","Cleave","Body Slam"],"picked":"SKIP","floor":5.0},{"not_picked":["Berserk","Battle Trance"],"picked":"Feel No Pain","floor":6.0},{"not_picked":["Shockwave","Pommel Strike"],"picked":"Metallicize","floor":10.0},{"not_picked":["Clothesline","Perfected Strike"],"picked":"Metallicize","floor":14.0},{"not_picked":["Berserk","Feed"],"picked":"Barricade","floor":16.0},{"not_picked":["Pommel Strike","Perfected Strike"],"picked":"Clothesline","floor":18.0},{"not_picked":["Iron Wave","Sword Boomerang"],"picked":"Ghostly Armor","floor":20.0},{"not_picked":["Rampage","Clothesline+1"],"picked":"Fire Breathing+1","floor":21.0},{"not_picked":["Bloodletting+1","Feed"],"picked":"Power Through+1","floor":23.0},{"not_picked":["Dropkick+1","Anger","Warcry"],"picked":"SKIP","floor":25.0},{"not_picked":["Shrug It Off","Warcry"],"picked":"Body Slam","floor":28.0},{"not_picked":["Twin Strike","Sword Boomerang+1","Headbutt"],"picked":"SKIP","floor":29.0},{"not_picked":["Anger","Dark Embrace"],"picked":"Pummel","floor":31.0},{"not_picked":["Sword Boomerang+1","Feel No Pain","Thunderclap+1"],"picked":"SKIP","floor":35.0},{"not_picked":["Warcry+1","Rupture+1"],"picked":"Disarm","floor":36.0},{"not_picked":["Dropkick+1","Bloodletting"],"picked":"Seeing Red+1","floor":37.0},{"not_picked":["Dark Embrace","Pommel Strike"],"picked":"Metallicize","floor":42.0},{"not_picked":["Offering","Blood for Blood","Clash+1"],"picked":"SKIP","floor":44.0},{"not_picked":["Heavy Blade+1","Searing Blow+1","Dual Wield+1"],"picked":"SKIP","floor":45.0},{"not_picked":["Headbutt","Anger"],"picked":"Fire Breathing+1","floor":47},{"not_picked":["Pommel Strike","Headbutt","Dropkick"],"picked":"SKIP","floor":48}],"player_experience":40856,"relics_obtained":[{"floor":6.0,"key":"Paper Frog"},{"floor":9.0,"key":"Kunai"},{"floor":20.0,"key":"Red Mask"},{"floor":23.0,"key":"Red Skull"},{"floor":26.0,"key":"Bottled Tornado"},{"floor":43.0,"key":"Bottled Lightning"}],"event_choices":[{"damage_healed":0.0,"max_hp_gain":0.0,"max_hp_loss":0.0,"gold_gain":0.0,"event_name":"Scrap Ooze","player_choice":"Success","floor":2.0,"gold_loss":0.0,"damage_taken":18.0,"relics_obtained":["Mercury Hourglass"]},{"damage_healed":0.0,"max_hp_gain":0.0,"max_hp_loss":0.0,"gold_gain":0.0,"event_name":"The Woman in Blue","player_choice":"Bought 0 Potions","floor":3.0,"gold_loss":0.0,"damage_taken":0.0},{"cards_removed":["Strike_R"],"damage_healed":0.0,"max_hp_gain":0.0,"max_hp_loss":0.0,"gold_gain":0.0,"event_name":"NoteForYourself","player_choice":"Took Card","floor":8.0,"gold_loss":0.0,"damage_taken":0.0,"cards_obtained":["Iron Wave"]},{"cards_removed":["Defend_R"],"damage_healed":0.0,"max_hp_gain":0.0,"max_hp_loss":0.0,"gold_gain":0.0,"event_name":"Bonfire Elementals","player_choice":"Offered Basic","floor":11.0,"gold_loss":0.0,"damage_taken":0.0},{"damage_healed":0.0,"max_hp_gain":0.0,"max_hp_loss":0.0,"gold_gain":0.0,"event_name":"Masked Bandits","player_choice":"Fought Bandits","floor":20.0,"gold_loss":0.0,"damage_taken":0.0},{"damage_healed":0.0,"max_hp_gain":0.0,"max_hp_loss":0.0,"gold_gain":100.0,"event_name":"Golden Shrine","player_choice":"Pray","floor":27.0,"gold_loss":0.0,"damage_taken":0.0},{"damage_healed":0.0,"max_hp_gain":0.0,"max_hp_loss":0.0,"gold_gain":0.0,"event_name":"Mysterious Sphere","player_choice":"Fight","floor":37.0,"gold_loss":0.0,"damage_taken":0.0},{"cards_removed":["Strike_R"],"damage_healed":0.0,"max_hp_gain":0.0,"max_hp_loss":0.0,"gold_gain":0.0,"event_name":"Falling","player_choice":"Removed Attack","floor":38.0,"gold_loss":0.0,"damage_taken":0.0},{"damage_healed":20.0,"max_hp_gain":0.0,"max_hp_loss":0.0,"gold_gain":0.0,"event_name":"Winding Halls","player_choice":"Writhe","floor":41.0,"gold_loss":0.0,"damage_taken":0.0,"cards_obtained":["Writhe"]}],"is_beta":false,"boss_relics":[{"not_picked":["Black Star","SlaversCollar"],"picked":"Mark of Pain"},{"not_picked":["Runic Pyramid","SacredBark"],"picked":"Black Blood"}],"items_purged_floors":[4],"is_endless":false,"potions_floor_spawned":[10,14,18,20,28,29,35,44,45,48],"ascension_level":0}}