{"host":"yo9wwslrag05lh37","time":1610346922,"event":{"mods":["AchievementEnabler","BaseMod","Block Reminder","Colored Map","Colored Powertips","GifTheSpireLib","HexUI Lib","Highlight Path","Minty Spire (QoL Compilation)","Rare Cards Sparkle","Relic Stats","StSLib","everything is the same but u backflip on backflip"],"gold_per_floor":[112,112,112,28,53,53,70,97,120,148,158,158,172,182,182,259,259,275,291,114,114,131,131,166,176,176,176,176],"floor_reached":27,"playtime":1040,"items_purged":["Defend_B"],"score":536,"play_id":"8111b7b1-face-464f-9d63-af3980272eb7","local_time":"20210111073522","is_ascension_mode":true,"campfire_choices":[{"data":"Sunder","floor":6.0,"key":"SMITH"},{"data":"Multi-Cast","floor":15.0,"key":"SMITH"},{"floor":23.0,"key":"REST"}],"circlet_count":0,"master_deck":["AscendersBane","Strike_B","Strike_B","Strike_B","Defend_B","Defend_B+1","Defend_B","Zap","Dualcast","Melter+1","Sunder+1","Cold Snap","Darkness","Coolheaded","Multi-Cast+1","Chill","Core Surge","Genetic Algorithm","Glacier","Defragment","Lockon+1","Steam"],"relics":["Cracked Core","NeowsBlessing","Smiling Mask","Strawberry","Art of War","Ancient Tea Set","Runic Pyramid","Enchiridion","Dream Catcher","Meat on the Bone"],"acts_visited":["Exordium","TheCity"],"potions_floor_usage":[27],"damage_taken":[{"damage":0.0,"enemies":"2 Louse","floor":1.0,"turns":1.0},{"damage":0.0,"enemies":"Small Slimes","floor":7.0,"turns":1.0},{"damage":0.0,"enemies":"Lagavulin","floor":8.0,"turns":1.0},{"damage":26.0,"enemies":"3 Sentries","floor":10.0,"turns":6.0},{"damage":0.0,"enemies":"Jaw Worm","floor":11.0,"turns":3.0},{"damage":7.0,"enemies":"Blue Slaver","floor":13.0,"turns":4.0},{"damage":2.0,"enemies":"2 Fungi Beasts","floor":14.0,"turns":2.0},{"damage":6.0,"enemies":"Hexaghost","floor":16.0,"turns":8.0},{"damage":11.0,"enemies":"2 Thieves","floor":18.0,"turns":4.0},{"damage":8.0,"enemies":"3 Byrds","floor":19.0,"turns":5.0},{"damage":0.0,"enemies":"Sentry and Sphere","floor":22.0,"turns":3.0},{"damage":32.0,"enemies":"Book of Stabbing","floor":24.0,"turns":5.0},{"damage":2.0,"enemies":"Centurion and Healer","floor":25.0,"turns":7.0},{"damage":13,"enemies":"Gremlin Leader","floor":27,"turns":1}],"seed_played":"-5874038193466017208","potions_obtained":[{"floor":1.0,"key":"AttackPotion"},{"floor":13.0,"key":"SteroidPotion"},{"floor":16.0,"key":"Energy Potion"},{"floor":19.0,"key":"SneckoOil"},{"floor":22.0,"key":"Strength Potion"}],"is_trial":false,"path_per_floor":["M","?","?","$","T","R","M","E","T","E","M","?","M","M","R","B",null,"M","M","$","?","M","R","E","M","T","E"],"character_chosen":"DEFECT","items_purchased":["Sunder","Glacier","Defragment"],"campfire_rested":1,"item_purchase_floors":[4,20,20],"current_hp_per_floor":[64,57,36,36,36,36,36,43,43,17,17,17,10,8,8,2,59,48,40,40,19,19,42,10,8,8,0,0],"gold":176,"neow_bonus":"THREE_ENEMY_KILL","is_daily":false,"chose_seed":false,"campfire_upgraded":2,"win_rate":0.0,"timestamp":1610346922,"path_taken":["M","?","?","?","?","R","?","E","T","E","M","?","M","M","R","BOSS","M","M","$","?","M","R","E","M","T","E"],"items_purchased_type":["Card","Card","Card"],"build_version":"2020-12-22","purchased_purges":1,"victory":false,"max_hp_per_floor":[71,71,71,71,71,71,71,78,78,78,78,78,78,78,78,78,78,78,78,78,78,78,78,78,78,78,78,78],"relic_stats":{"Dream Catcher":0,"counters":[14,51],"Art of War":[6],"Smiling Mask":25,"obtain_stats":[{"Dream Catcher":24,"NeowsBlessing":0,"Strawberry":8,"Enchiridion":21,"Art of War":9,"Cracked Core":0,"Smiling Mask":5,"Ancient Tea Set":10,"Runic Pyramid":17,"Meat on the Bone":26},{"Dream Catcher":12,"NeowsBlessing":0,"Strawberry":3,"Enchiridion":10,"Art of War":3,"Cracked Core":0,"Smiling Mask":1,"Ancient Tea Set":4,"Runic Pyramid":8,"Meat on the Bone":13},{"Dream Catcher":43,"NeowsBlessing":0,"Strawberry":3,"Enchiridion":35,"Art of War":3,"Cracked Core":0,"Smiling Mask":1,"Ancient Tea Set":9,"Runic Pyramid":26,"Meat on the Bone":50}],"Meat on the Bone":0},"card_choices":[{"not_picked":["Rip and Tear","Blizzard"],"picked":"Melter","floor":1.0},{"not_picked":["Rebound","Fusion"],"picked":"Cold Snap","floor":7.0},{"not_picked":["Turbo","Aggregate"],"picked":"Darkness","floor":8.0},{"not_picked":["Skim","Redo"],"picked":"Coolheaded","floor":10.0},{"not_picked":["Conserve Battery","Sweeping Beam"],"picked":"Multi-Cast","floor":11.0},{"not_picked":["Hello World","Sunder","Steam"],"picked":"SKIP","floor":13.0},{"not_picked":["Hello World","Sunder","Steam"],"picked":"SKIP","floor":13.0},{"not_picked":["Blizzard","Go for the Eyes"],"picked":"Chill","floor":14.0},{"not_picked":["Meteor Strike","Machine Learning"],"picked":"Core Surge","floor":16.0},{"not_picked":["Scrape","Undo+1"],"picked":"Genetic Algorithm","floor":18.0},{"not_picked":["Rebound","Go for the Eyes","Darkness"],"picked":"SKIP","floor":19.0},{"not_picked":["Beam Cell","Doom and Gloom+1"],"picked":"Lockon+1","floor":22.0},{"not_picked":["Gash","Sweeping Beam","Skim"],"picked":"SKIP","floor":24.0},{"not_picked":["Static Discharge","Turbo"],"picked":"Steam","floor":25.0}],"player_experience":1487338,"relics_obtained":[{"floor":5.0,"key":"Smiling Mask"},{"floor":8.0,"key":"Strawberry"},{"floor":9.0,"key":"Art of War"},{"floor":10.0,"key":"Ancient Tea Set"},{"floor":21.0,"key":"Enchiridion"},{"floor":24.0,"key":"Dream Catcher"},{"floor":26.0,"key":"Meat on the Bone"}],"event_choices":[{"cards_removed":["Strike_B"],"damage_healed":0.0,"max_hp_gain":0.0,"max_hp_loss":0.0,"gold_gain":0.0,"event_name":"Golden Wing","player_choice":"Card Removal","floor":2.0,"gold_loss":0.0,"damage_taken":7.0},{"damage_healed":0.0,"max_hp_gain":0.0,"max_hp_loss":0.0,"gold_gain":0.0,"event_name":"Shining Light","player_choice":"Entered Light","floor":3.0,"gold_loss":0.0,"damage_taken":21.0,"cards_upgraded":["Defend_B","Melter"]},{"damage_healed":0.0,"max_hp_gain":0.0,"max_hp_loss":0.0,"gold_gain":0.0,"event_name":"Liars Game","player_choice":"Ignored","floor":12.0,"gold_loss":0.0,"damage_taken":0.0},{"damage_healed":0.0,"max_hp_gain":0.0,"max_hp_loss":0.0,"gold_gain":0.0,"event_name":"Cursed Tome","player_choice":"Obtained Book","floor":21.0,"gold_loss":0.0,"damage_taken":21.0}],"is_beta":false,"boss_relics":[{"not_picked":["Runic Dome","SlaversCollar"],"picked":"Runic Pyramid"}],"items_purged_floors":[20],"is_endless":false,"potions_floor_spawned":[1,13,16,18,19,22],"killed_by":"Gremlin Leader","ascension_level":20}}