{"host":"bpkhhmvsfrvlto2l","time":1610338787,"event":{"mods":["2.2 Compatiblity","AchievementEnabler","Act Like it!","AlwaysNeverKeys","Aspiration","BaseMod","Better Silent Start","Challenge The Spire","Colored Map","Colored Powertips","Custom Start","Downfall","Energized Spire","Friendly Minions","GifTheSpireLib","Halation","Hubris","Infinite Spire","Ironclad Rager","Mimic Mod","Minty Spire (QoL Compilation)","Permanent Neow","Quick Restart","Random Character Button","Relic Sorter","Replay The Spire","Spikes Relics","StSLib","Stuff the Spire","Swap Starting Deck Mod","Trackpad"],"gold_per_floor":[113,130,185,196,222,256,270,270,303,344,356,70,88,114,114,216,216,236,236,236,236,254,254,273,273,296,296,310,345,445,479,479,576,576,586,596,631,631,643,643,658,690,729,740,770,820,316,328,328,328],"floor_reached":51,"playtime":1552,"items_purged":[],"score":1244,"play_id":"4fa92543-dbe9-40dd-8edd-9451abec31f0","local_time":"20210110231947","is_ascension_mode":true,"campfire_choices":[{"floor":8,"key":"REST"},{"data":"Pray","floor":11,"key":"SMITH"},{"data":"BowlingBash","floor":15,"key":"SMITH"},{"data":"Brilliance","floor":23,"key":"SMITH"},{"data":"Pray","floor":25,"key":"SMITH"},{"data":"Prostrate","floor":27,"key":"SMITH"},{"data":"Prostrate","floor":32,"key":"SMITH"},{"data":"Brilliance","floor":40,"key":"SMITH"},{"data":"MasterReality","floor":49,"key":"SMITH"}],"circlet_count":0,"master_deck":["ReachHeaven","ReachHeaven","ReachHeaven","ReachHeaven","Prostrate+1","Prostrate+1","Prostrate","Prostrate","Prostrate","Pray+1","Pray+1","ReachHeaven","Brilliance+1","Brilliance+1","Prostrate+1","MasterReality+1"],"relics":["PureWater","trackpad:WindUpAutoDealer","aspiration:HiddenCompartment","Bronze Scales","Bag of Preparation","MawBank","ReplayTheSpireMod:Lightbulb","Lee\u0027s Waffle","StuffTheSpire:Mouthbags","halation:OrihimeAndHikoboshiSamaAndTears","Empty Cage","aspiration:Headhunter","Regal Pillow","hubris:TenFootPole","halation:Trompette","ReplayTheSpireMod:Ninjato","ReplayTheSpireMod:TigerMarble","Kunai","SnailShell","Shovel","trackpad:ByrdCharm","halation:PrussianBluePaint"],"acts_visited":["Exordium","TheCity","TheBeyond"],"potions_floor_usage":[6,29,30,30,33,35,36,36,48,50],"damage_taken":[{"damage":4,"enemies":"Jaw Worm","floor":1,"turns":2},{"damage":0,"enemies":"2 Louse","floor":2,"turns":2},{"damage":0,"enemies":"Cultist","floor":4,"turns":3},{"damage":2,"enemies":"Lagavulin","floor":6,"turns":3},{"damage":0,"enemies":"Large Slime","floor":7,"turns":2},{"damage":0,"enemies":"3 Louse","floor":9,"turns":3},{"damage":0,"enemies":"Gremlin Nob","floor":10,"turns":2},{"damage":0,"enemies":"3 Louse","floor":13,"turns":1},{"damage":0,"enemies":"3 Sentries","floor":14,"turns":2},{"damage":0,"enemies":"The Guardian","floor":16,"turns":3},{"damage":0,"enemies":"Chosen","floor":18,"turns":2},{"damage":0,"enemies":"2 Thieves","floor":22,"turns":3},{"damage":0,"enemies":"Centurion and Healer","floor":24,"turns":2},{"damage":0,"enemies":"Snake Plant","floor":28,"turns":1},{"damage":0,"enemies":"Replay:Snechameleon","floor":29,"turns":2},{"damage":0,"enemies":"Colosseum Slavers","floor":30,"turns":1},{"damage":0,"enemies":"Colosseum Nobs","floor":30,"turns":2},{"damage":0,"enemies":"Slavers","floor":31,"turns":2},{"damage":0,"enemies":"Collector","floor":33,"turns":1},{"damage":1,"enemies":"3 Shapes","floor":35,"turns":2},{"damage":7,"enemies":"3 Darklings","floor":36,"turns":3},{"damage":1,"enemies":"Transient","floor":37,"turns":5},{"damage":0,"enemies":"Spire Growth","floor":39,"turns":2},{"damage":0,"enemies":"4 Shapes","floor":41,"turns":1},{"damage":0,"enemies":"R_Hoarder","floor":42,"turns":6},{"damage":0,"enemies":"Maw","floor":43,"turns":2},{"damage":0,"enemies":"Maw","floor":44,"turns":2},{"damage":0,"enemies":"Reptomancer","floor":45,"turns":2},{"damage":0,"enemies":"2 Orb Walkers","floor":46,"turns":3},{"damage":0,"enemies":"Sphere and 2 Shapes","floor":48,"turns":2},{"damage":9,"enemies":"Time Eater","floor":50,"turns":3}],"seed_played":"661234213328351583","potions_obtained":[{"floor":3,"key":"LifebloodPotion"},{"floor":4,"key":"Dexterity Potion"},{"floor":10,"key":"SteroidPotion"},{"floor":14,"key":"Weak Potion"},{"floor":16,"key":"EntropicBrew"},{"floor":22,"key":"Adrenaline Potion"},{"floor":33,"key":"SkillPotion"},{"floor":35,"key":"PowerPotion"},{"floor":37,"key":"sneckomod:MuddlingPotion"},{"floor":42,"key":"Swift Potion"},{"floor":48,"key":"BlessingOfTheForge"}],"is_trial":false,"path_per_floor":["M","M","?","M","T","E","M","R","MIM","E","R","$","M","E","R","B",null,"M","HB","AVR","?","M","R","M","R","T","R","M","E","?","E","R_BF","B",null,"M","M","M","AVR","M","R","M","E","MIM","M","E","?","$","M","R","B",null],"character_chosen":"WATCHER","items_purchased":["Lee\u0027s Waffle","StuffTheSpire:Mouthbags","trackpad:ByrdCharm","halation:PrussianBluePaint","Adrenaline Potion","BottledMiracle"],"campfire_rested":1,"item_purchase_floors":[12,12,47,47,47,47],"current_hp_per_floor":[32,32,32,32,32,30,30,51,51,51,51,79,79,79,79,79,79,79,40,40,40,40,40,40,40,40,40,40,40,40,40,40,40,40,39,36,35,35,35,35,35,35,35,35,35,35,35,35,35,26],"gold":328,"neow_bonus":"","is_daily":false,"chose_seed":false,"campfire_upgraded":8,"win_rate":0.0,"timestamp":1610338787,"path_taken":["M","M","?","M","?","E","M","R","MIM","E","R","$","M","E","R","BOSS","M","HB","AVR","?","M","R","M","R","T","R","M","E","?","E","R_BF","BOSS","M","M","M","AVR","M","R","M","E","MIM","M","E","?","$","M","R","BOSS"],"items_purchased_type":["Relic","Relic","Relic","Relic","Potion","Potion"],"build_version":"2020-12-22","purchased_purges":0,"victory":true,"max_hp_per_floor":[72,72,72,72,72,72,72,72,72,72,72,79,79,79,79,79,79,79,40,40,40,40,40,40,40,40,40,40,40,40,40,40,40,40,40,40,40,40,40,40,40,40,40,40,40,40,40,40,40,40],"card_choices":[{"not_picked":["Crescendo","Halt"],"picked":"BowlingBash","floor":3},{"not_picked":["ConjureBlade","EmptyBody","FearNoEvil"],"picked":"SKIP","floor":4},{"not_picked":["Conclude","FollowUp"],"picked":"Pray","floor":6},{"not_picked":["EmptyFist","Swivel"],"picked":"ReachHeaven","floor":14},{"not_picked":["SpiritShield","Wish"],"picked":"Brilliance","floor":16},{"not_picked":["Collect","Replay:Anticipation","Evaluate+1"],"picked":"SKIP","floor":18},{"not_picked":["EmptyFist","Crescendo","EmptyBody"],"picked":"SKIP","floor":22},{"not_picked":["Conclude","Pray","FollowUp"],"picked":"SKIP","floor":31},{"not_picked":["Devotion","SpiritShield"],"picked":"Brilliance","floor":33},{"not_picked":["BowlingBash+1","FlurryOfBlows+1"],"picked":"Prostrate+1","floor":36},{"not_picked":["Protect","Replay:AtTheReady+1","EmptyMind+1"],"picked":"SKIP","floor":42},{"not_picked":["WaveOfTheHand+1","WindmillStrike"],"picked":"MasterReality","floor":45}],"player_experience":61883,"relics_obtained":[{"floor":3,"key":"aspiration:HiddenCompartment"},{"floor":5,"key":"Bronze Scales"},{"floor":6,"key":"Bag of Preparation"},{"floor":9,"key":"MawBank"},{"floor":10,"key":"ReplayTheSpireMod:Lightbulb"},{"floor":14,"key":"halation:OrihimeAndHikoboshiSamaAndTears"},{"floor":26,"key":"Regal Pillow"},{"floor":29,"key":"hubris:TenFootPole"},{"floor":30,"key":"halation:Trompette"},{"floor":30,"key":"ReplayTheSpireMod:Ninjato"},{"floor":42,"key":"Kunai"},{"floor":43,"key":"trackpad:WindUpAutoDealer"},{"floor":45,"key":"SnailShell"},{"floor":46,"key":"Shovel"}],"event_choices":[{"damage_healed":0,"gold_gain":0,"player_choice":"Ignored","damage_taken":0,"max_hp_gain":0,"max_hp_loss":0,"event_name":"Vampires","floor":21,"gold_loss":0},{"damage_healed":0,"gold_gain":0,"player_choice":"Fight","damage_taken":0,"max_hp_gain":0,"max_hp_loss":0,"event_name":"Colosseum","floor":30,"gold_loss":0},{"damage_healed":0,"gold_gain":0,"player_choice":"Fought Nobs","damage_taken":0,"max_hp_gain":0,"max_hp_loss":0,"event_name":"Colosseum","floor":30,"gold_loss":0},{"damage_healed":0,"gold_gain":0,"player_choice":"Fight","damage_taken":0,"max_hp_gain":0,"max_hp_loss":0,"event_name":"Mysterious Sphere","floor":46,"gold_loss":0}],"is_beta":false,"boss_relics":[{"not_picked":["energizedSpire:CursedPentagram","trackpad:Coffee"],"picked":"Empty Cage"},{"not_picked":["Velvet Choker","energizedSpire:EnergizedDie","Painkiller Herb"]}],"items_purged_floors":[],"is_endless":false,"potions_floor_spawned":[4,10,14,16,18,22,24,30,33,35,37,42,46,48],"ascension_level":2}}