{"host":"7rmsgc3rayi00cdt","time":1610394950,"event":{"mods":["BaseMod","Minty Spire (QoL Compilation)"],"gold_per_floor":[20,20,31,106,106,106,140,140,140,150,183,203,12,12,12,83,83,23,23,41,41,41,41,41,41],"floor_reached":24,"playtime":920,"items_purged":[],"score":360,"play_id":"04980045-c2fb-4a88-bf37-4dd88fbcaaea","local_time":"20210111195550","is_ascension_mode":true,"campfire_choices":[{"floor":6,"key":"REST"},{"floor":8,"key":"REST"},{"floor":15,"key":"REST"},{"floor":23,"key":"REST"}],"circlet_count":0,"master_deck":["AscendersBane","Strike_B","Strike_B","Strike_B","Defend_B","Defend_B","Defend_B","Defend_B+1","Zap","Dualcast","Go for the Eyes","Beam Cell+1","Gash","Redo+1","Leap+1","Steam+1","Chrysalis+1","Seek+1","Redo+1","Conserve Battery+1"],"relics":["Cracked Core","Oddly Smooth Stone","Toxic Egg 2","Centennial Puzzle","Nuclear Battery"],"acts_visited":["Exordium","TheCity"],"potions_floor_usage":[7,11,16],"damage_taken":[{"damage":10,"enemies":"Small Slimes","floor":1,"turns":4},{"damage":1,"enemies":"Cultist","floor":3,"turns":3},{"damage":26,"enemies":"Gremlin Nob","floor":7,"turns":4},{"damage":6,"enemies":"Jaw Worm","floor":10,"turns":3},{"damage":16,"enemies":"3 Sentries","floor":11,"turns":7},{"damage":6,"enemies":"Large Slime","floor":12,"turns":4},{"damage":24,"enemies":"Hexaghost","floor":16,"turns":12},{"damage":7,"enemies":"2 Thieves","floor":18,"turns":4},{"damage":10,"enemies":"Shell Parasite","floor":20,"turns":9},{"damage":97,"enemies":"Slavers","floor":24,"turns":16}],"seed_played":"-2618007728556343350","potions_obtained":[{"floor":2,"key":"AttackPotion"},{"floor":2,"key":"SmokeBomb"},{"floor":3,"key":"FairyPotion"},{"floor":7,"key":"EssenceOfSteel"},{"floor":11,"key":"SpeedPotion"}],"is_trial":false,"path_per_floor":["M","?","M","?","?","R","E","R","T","M","E","M","$","?","R","B",null,"M","?","M","?","?","R","E"],"character_chosen":"DEFECT","items_purchased":["Chrysalis+1"],"campfire_rested":4,"item_purchase_floors":[13],"current_hp_per_floor":[68,68,67,56,30,55,29,54,54,48,32,26,26,19,44,20,69,62,62,52,52,40,65,0,0],"gold":41,"neow_bonus":"TWENTY_PERCENT_HP_BONUS","is_daily":false,"chose_seed":false,"campfire_upgraded":0,"win_rate":0.0,"timestamp":1610394950,"path_taken":["M","?","?","?","?","R","E","R","T","M","E","M","$","?","R","BOSS","M","?","M","?","?","R","E"],"items_purchased_type":["Card"],"build_version":"2020-12-22","purchased_purges":0,"victory":false,"max_hp_per_floor":[85,85,85,85,85,85,85,85,85,85,85,85,85,85,85,85,85,85,85,85,85,85,85,85,85],"card_choices":[{"not_picked":["Barrage","Ball Lightning"],"picked":"Go for the Eyes","floor":1},{"not_picked":["Redo","Auto Shields"],"picked":"Beam Cell","floor":3},{"not_picked":["Turbo","Streamline"],"picked":"Gash","floor":7},{"not_picked":["Recycle+1","Streamline"],"picked":"Redo+1","floor":10},{"not_picked":["Scrape","Chaos+1"],"picked":"Leap+1","floor":11},{"not_picked":["Recycle+1","Biased Cognition"],"picked":"Steam+1","floor":12},{"not_picked":["Machine Learning","Meteor Strike"],"picked":"Seek+1","floor":16},{"not_picked":["Steam+1","Darkness+1"],"picked":"Redo+1","floor":18},{"not_picked":["Go for the Eyes","Compile Driver"],"picked":"Conserve Battery+1","floor":20}],"player_experience":757892,"relics_obtained":[{"floor":7,"key":"Oddly Smooth Stone"},{"floor":9,"key":"Toxic Egg 2"},{"floor":11,"key":"Centennial Puzzle"}],"event_choices":[{"damage_healed":0,"gold_gain":0,"player_choice":"Got Potions","damage_taken":0,"max_hp_gain":0,"max_hp_loss":0,"event_name":"Lab","floor":2,"gold_loss":0},{"damage_healed":0,"gold_gain":75,"player_choice":"Gather Gold","damage_taken":11,"max_hp_gain":0,"max_hp_loss":0,"event_name":"World of Goop","floor":4,"gold_loss":0},{"damage_healed":0,"gold_gain":0,"player_choice":"Entered Light","damage_taken":26,"max_hp_gain":0,"max_hp_loss":0,"event_name":"Shining Light","floor":5,"gold_loss":0,"cards_upgraded":["Beam Cell","Defend_B"]},{"cards_removed":["Strike_B"],"damage_healed":0,"gold_gain":0,"player_choice":"Card Removal","damage_taken":7,"max_hp_gain":0,"max_hp_loss":0,"event_name":"Golden Wing","floor":14,"gold_loss":0},{"damage_healed":0,"gold_gain":0,"player_choice":"Ignored","damage_taken":0,"max_hp_gain":0,"max_hp_loss":0,"event_name":"Vampires","floor":19,"gold_loss":0},{"damage_healed":0,"gold_gain":0,"player_choice":"Ignored","damage_taken":0,"max_hp_gain":0,"max_hp_loss":0,"event_name":"Cursed Tome","floor":21,"gold_loss":0},{"damage_healed":0,"gold_gain":0,"player_choice":"Damaged","damage_taken":12,"max_hp_gain":0,"max_hp_loss":0,"event_name":"Wheel of Change","floor":22,"gold_loss":0}],"is_beta":false,"boss_relics":[{"not_picked":["Astrolabe","Runic Pyramid"],"picked":"Nuclear Battery"}],"items_purged_floors":[],"is_endless":false,"potions_floor_spawned":[3,7,11],"killed_by":"Slavers","ascension_level":16}}