{"host":"uvd23xk3ig6bv7xx","time":1610336990,"event":{"mods":["BaseMod","Colored Powertips","Minty Spire (QoL Compilation)","Quick Restart","StSLib","SuperFastMode","¡¾ÒÅÎï¿¨ÅÆ¡¿REMEMod"],"gold_per_floor":[216,228,242,253,151,151,179,179,255,255,255,255,347,367,367,469,469,484,18,68,148,148],"floor_reached":21,"playtime":672,"items_purged":["Strike_R","Strike_R"],"score":179,"play_id":"609f9599-9a65-4ab2-91dd-9d560688b4e7","local_time":"20210111114950","is_ascension_mode":false,"campfire_choices":[{"data":"Armaments","floor":6,"key":"SMITH"},{"data":"Body Slam","floor":8,"key":"SMITH"},{"data":"Uppercut","floor":10,"key":"SMITH"},{"data":"Shockwave","floor":12,"key":"SMITH"},{"data":"Fire Breathing","floor":15,"key":"SMITH"}],"circlet_count":0,"master_deck":["Strike_R+1","Strike_R","Strike_R+1","Defend_R","Defend_R","Defend_R","Defend_R","Bash","Backstab","Armaments+1","Shockwave+1","Clash","Uppercut+1","Body Slam+1","Fire Breathing+1","Reaper","REME_WheelOfFate","Shrug It Off","J.A.X."],"relics":["Burning Blood","REME_ComplimentaryCards","Thread and Needle","Mercury Hourglass","SsserpentHead","Sozu","Whetstone"],"acts_visited":["Exordium","TheCity"],"potions_floor_usage":[13,16,16,16],"damage_taken":[{"damage":0,"enemies":"Small Slimes","floor":1,"turns":4},{"damage":6,"enemies":"Cultist","floor":2,"turns":3},{"damage":12,"enemies":"Jaw Worm","floor":3,"turns":4},{"damage":5,"enemies":"Looter","floor":4,"turns":3},{"damage":25,"enemies":"3 Sentries","floor":7,"turns":9},{"damage":0,"enemies":"Lots of Slimes","floor":13,"turns":3},{"damage":0,"enemies":"Exordium Wildlife","floor":14,"turns":3},{"damage":20,"enemies":"Hexaghost","floor":16,"turns":8},{"damage":6,"enemies":"2 Thieves","floor":18,"turns":3},{"damage":6,"enemies":"Chosen","floor":21,"turns":2}],"seed_played":"-8786451485208055068","potions_obtained":[{"floor":1,"key":"Weak Potion"},{"floor":2,"key":"GamblersBrew"},{"floor":7,"key":"REME_GoldPotion"},{"floor":16,"key":"REME_GoldPotion"}],"is_trial":false,"path_per_floor":["M","M","M","M","$","R","E","R","T","R","?","R","M","M","R","B",null,"M","$","?","M"],"character_chosen":"IRONCLAD","items_purchased":["Body Slam","Whetstone","REME_WheelOfFate","Shrug It Off"],"campfire_rested":0,"item_purchase_floors":[5,19,19,19],"current_hp_per_floor":[80,80,74,75,75,75,56,56,56,56,56,56,62,68,68,54,80,80,80,80,74,74],"gold":148,"neow_bonus":"HUNDRED_GOLD","is_daily":false,"chose_seed":false,"campfire_upgraded":5,"win_rate":0.0,"timestamp":1610336990,"path_taken":["M","M","M","M","$","R","E","R","T","R","?","R","?","M","R","BOSS","M","$","?","M"],"items_purchased_type":["Card","Relic","Card","Card"],"build_version":"2020-12-22","purchased_purges":2,"victory":false,"max_hp_per_floor":[80,80,80,80,80,80,80,80,80,80,80,80,80,80,80,80,80,80,80,80,80,80],"card_choices":[{"not_picked":["Sword Boomerang","Seeing Red"],"picked":"Armaments","floor":1},{"not_picked":["Clothesline","Wild Strike"],"picked":"Shockwave","floor":2},{"not_picked":["Warcry","Seeing Red"],"picked":"Clash","floor":3},{"not_picked":["REME_Fury","Heavy Blade"],"picked":"Uppercut","floor":4},{"not_picked":["Sword Boomerang","Headbutt","Havoc"],"picked":"SKIP","floor":7},{"not_picked":["Havoc","Seeing Red","Clothesline"],"picked":"SKIP","floor":13},{"not_picked":["Rupture","Pommel Strike"],"picked":"Fire Breathing","floor":14},{"not_picked":["Juggernaut","Brutality"],"picked":"Reaper","floor":16},{"not_picked":["Twin Strike","Carnage","Pummel+1"],"picked":"SKIP","floor":18}],"player_experience":327729,"relics_obtained":[{"floor":7,"key":"Thread and Needle"},{"floor":9,"key":"Mercury Hourglass"}],"event_choices":[{"damage_healed":0,"gold_gain":0,"player_choice":"Trade","damage_taken":0,"relics_obtained":["SsserpentHead"],"max_hp_gain":0,"max_hp_loss":0,"event_name":"FaceTrader","floor":11,"gold_loss":0},{"damage_healed":0,"gold_gain":0,"player_choice":"Obtain J.A.X.","damage_taken":0,"max_hp_gain":0,"max_hp_loss":0,"event_name":"Drug Dealer","floor":20,"gold_loss":0,"cards_obtained":["J.A.X."]}],"is_beta":false,"boss_relics":[{"not_picked":["SlaversCollar","REME_DuelDisc"],"picked":"Sozu"}],"items_purged_floors":[5,19],"is_endless":false,"potions_floor_spawned":[1,2,7,16],"killed_by":"Chosen","ascension_level":0}}