{"host":"4lxzgdqpvzyot39g","time":1610330528,"event":{"mods":["100% Spire Juice","Abigail Mod","Act Like it!","Aspiration","BaseMod","Beaked The Cultist","Better Altar","Better Match","Better Note","Better Sensory Stone","Better Skull","Better Third Choice","CCEM","Colored Map","Colored Powertips","Conspire","Dark Map","Displayed Cursed Tome","Dota2Spire","Energized Spire","Fox Events","Friendly Minions","Gensokyo","GifTheSpireLib","Halation","Hallownest","Hermit","Highlight Path","Hubris","Infinite Spire","Jedi Mod","JesterMod","Mari Mod (Legacy)","Mari\u0027s V1 Patch","MarisaÅiñ∂âJÅ@ñÇóùçπÅj","Minty Spire (QoL Compilation)","Prisma Mod","Quarter Circle Forward PUNCH!","Relic Filter","Replay The Spire","Robot Space Explorer","SCP261 Mod","Small Relic Pack","Spicy Shops","Spikes Relics","StSLib","Stuff the Spire","The Alterego","The Blue Laboratory","The Bug Knight","The Cursed","The Fake Hero","The Servant 0.9.4","The Wild Card","Trackpad","Waifu the Spire","WarShipGirlsR/??è≠èóR mod","vexMod","Åy?ï®?îvÅzREMEMod"],"gold_per_floor":[516,441,452,467,467,494,53,78,102,118,130,140,167,167,167,271,271,290,155,166,166,166,198,198,212,212,247,247,247,247,283,283,388,388,405,478,490,508,522,550,564,599,599,599,599,619,657,657,670,13,13,13,13,13,13,43,43],"floor_reached":58,"playtime":3261,"items_purged":["luka_mod:Surrender","luka_mod:Edging","luka_mod:Wait","luka_mod:FlailWildly","luka_mod:Guard","luka_mod:RestrictedStrike"],"score":2126,"play_id":"7c3218ab-871f-4669-aeea-c41de667f40b","local_time":"20210110210208","is_ascension_mode":true,"campfire_choices":[{"data":"StuffTheSpire:PestControl","floor":28,"key":"SMITH"},{"data":"luka_mod:PrayToIlias","floor":30,"key":"SMITH"},{"data":"luka_mod:NinefoldRakshasa","floor":32,"key":"SMITH"},{"data":"luka_mod:Granberia","floor":48,"key":"SMITH"},{"floor":51,"key":"RECALL"},{"data":"luka_mod:Salt","floor":54,"key":"SMITH"}],"circlet_count":0,"master_deck":["AscendersBane","luka_mod:StrikeLukaOne+1","luka_mod:StrikeLukaTwo+1","luka_mod:StrikeLukaThree+1","luka_mod:StrikeLukaFour+1","luka_mod:StrikeLukaFive+1","luka_mod:StrikeLukaSix+1","luka_mod:Salt+1","luka_mod:Meditation","luka_mod:StrikeLuka+1","luka_mod:AngryLuka+1","luka_mod:Sylph+1","luka_mod:OiAlice+1","luka_mod:CriticalHit","luka_mod:Salamander","luka_mod:AlmaElma+1","luka_mod:Salamander","luka_mod:NinefoldRakshasa+1","StuffTheSpire:PestControl+1","luka_mod:Request+1","luka_mod:PrayToIlias+1","luka_mod:Gnome+1","luka_mod:Erubetie+1","luka_mod:Granberia+1","Master of Strategy","luka_mod:CriticalHit"],"relics":["luka_mod:KeepsakeRing","REME_ComplimentaryCards","NeowsBlessing","Dota2Spire:ShadowBlade","Centennial Puzzle","Ice Cream","Replay:Rubber Ducky","aspiration:HatOfInfinitePower","ReplayTheSpireMod:Lightbulb","StuffTheSpire:GrapeVine","qcfpunch:Necklace_of_Skulls","halation:PinkAlligatorPlush","Dota2Spire:HeartOfTarrasque","ReplayFunnel","Replay:Mystery Machine","CeramicFish","Replay:Drink Me","jedi:heavyjacket","trackpad:PetRock","jedi:shrinkray","hubris:TinFlute","REME_HandOfSuture","qcfpunch:Combat_Fatigues","StuffTheSpire:Gunfinga"],"acts_visited":[],"potions_floor_usage":[23,27,38,56],"damage_taken":[{"damage":0.0,"enemies":"Gensokyo:Gryphon","floor":1.0,"turns":1.0},{"damage":0.0,"enemies":"Gensokyo:Python","floor":3.0,"turns":1.0},{"damage":0.0,"enemies":"Gensokyo:3_Fairies","floor":4.0,"turns":1.0},{"damage":6.0,"enemies":"Gensokyo:Cirno","floor":6.0,"turns":5.0},{"damage":16.0,"enemies":"Gensokyo:Aya","floor":8.0,"turns":5.0},{"damage":13.0,"enemies":"Gensokyo:Kitsune","floor":10.0,"turns":3.0},{"damage":3.0,"enemies":"Gensokyo:Python_and_Kodama","floor":11.0,"turns":3.0},{"damage":9.0,"enemies":"Gensokyo:5_Fairies","floor":12.0,"turns":4.0},{"damage":0.0,"enemies":"Gensokyo:Cirno","floor":13.0,"turns":5.0},{"damage":12.0,"enemies":"Gensokyo:Kokoro","floor":16.0,"turns":5.0},{"damage":16.0,"enemies":"2 Thieves","floor":18.0,"turns":2.0},{"damage":4,"enemies":"Spheric Guardian","floor":20,"turns":2},{"damage":19,"enemies":"Slavers","floor":23,"turns":2},{"damage":6,"enemies":"Centurion and Healer","floor":25,"turns":3},{"damage":14,"enemies":"Book of Stabbing","floor":27,"turns":3},{"damage":0,"enemies":"conspire:Head Lice","floor":31,"turns":3},{"damage":14,"enemies":"Champ","floor":33,"turns":6},{"damage":0,"enemies":"Hallownest:Shield_Heavy","floor":35,"turns":2},{"damage":0,"enemies":"Hallownest:2_Littles","floor":37,"turns":2},{"damage":5,"enemies":"Hallownest:2_Soldiers_and_1_Guardian","floor":38,"turns":3},{"damage":0,"enemies":"Hallownest:2_Wandering_and_1_Horned","floor":39,"turns":4},{"damage":0,"enemies":"Hallownest:eliteHiveKnight","floor":40,"turns":2},{"damage":0,"enemies":"Hallownest:2_Wing_and_1_Kings","floor":41,"turns":3},{"damage":0,"enemies":"Hallownest:eliteCollector","floor":42,"turns":2},{"damage":1,"enemies":"Hallownest:2_Soldiers_and_1_Guardian","floor":46,"turns":3},{"damage":0,"enemies":"Hallownest:StalkingDevout","floor":47,"turns":3},{"damage":7,"enemies":"Hallownest:monsterPrimalAspid","floor":49,"turns":2},{"damage":0,"enemies":"Hallownest:Radiance","floor":52,"turns":3},{"damage":0,"enemies":"Shield and Spear","floor":56,"turns":3},{"damage":22,"enemies":"The Heart","floor":57,"turns":5}],"seed_played":"-1148993613730244044","potions_obtained":[{"floor":1.0,"key":"Toxic Potion"},{"floor":3.0,"key":"ColorlessPotion"},{"floor":10.0,"key":"blueLaboratory:BottledHope"},{"floor":12.0,"key":"Milkshake"},{"floor":13.0,"key":"blueLaboratory:Moonshine"},{"floor":18.0,"key":"blueLaboratory:FruitPunch"},{"floor":25,"key":"blueLaboratory:HorrorPotion"},{"floor":31,"key":"blueLaboratory:ForbiddenFruitJuice"},{"floor":35,"key":"jedi:StrikingPotion"},{"floor":39,"key":"ColorlessPotion"},{"floor":41,"key":"ColorlessPotion"},{"floor":46,"key":"GamblersBrew"}],"is_trial":false,"path_per_floor":["M","?","M","M","?","E","$","E","T","M","M","M","E","$","R_BF","B",null,"M","$","M","?","?","E","?","M","T","E","R","T","R","E","R","B",null,"M","T","M","M","M","E","M","E","T","PTL","PTL","M","E","R","M","$","R","B",null,"R","$","E","B",null],"character_chosen":"LUKA_CLASS","items_purchased":["luka_mod:Sylph","Replay:Rubber Ducky","luka_mod:OiAlice","qcfpunch:Necklace_of_Skulls","luka_mod:NinefoldRakshasa","qcfpunch:Combat_Fatigues","Master of Strategy","luka_mod:CriticalHit"],"campfire_rested":0,"item_purchase_floors":[7,7,7,14,19,50,50,50],"current_hp_per_floor":[36,36,36,36,15,29,29,33,33,20,37,40,40,4,16,35,39,40,40,36,36,16,50,50,50,50,50,50,50,50,50,50,50,38,38,38,38,38,38,38,38,38,38,38,38,37,37,37,30,30,30,30,36,36,36,36,38],"gold":43,"neow_bonus":"THREE_ENEMY_KILL","is_daily":false,"chose_seed":false,"campfire_upgraded":5,"win_rate":0.0,"timestamp":1610330528,"path_taken":["M","?","?","M","?","E","$","E","T","M","?","M","E","?","R_BF","BOSS","M","$","M","?","?","E","?","?","T","E","R","?","R","E","R","BOSS","M","?","M","M","M","E","?","E","T","PTL","PTL","M","E","R","M","$","R","BOSS","R","$","E","BOSS"],"items_purchased_type":["Card","Relic","Card","Relic","Card","Relic","Card","Card"],"build_version":"2020-12-22","purchased_purges":6,"victory":true,"max_hp_per_floor":[40,40,40,40,40,40,40,40,40,40,40,40,40,40,40,40,40,40,40,40,40,40,50,50,50,50,50,50,50,50,50,50,50,38,38,38,38,38,38,38,38,38,38,38,38,38,38,38,38,38,38,38,38,38,38,38,38],"card_choices":[{"not_picked":["luka_mod:WaterSlash","luka_mod:BladeOfRagingFire","luka_mod:FlashKill"],"picked":"SKIP","floor":1.0},{"not_picked":["luka_mod:ThunderThrust+1","luka_mod:FireSlash+1"],"picked":"luka_mod:StrikeLuka+1","floor":2.0},{"not_picked":["luka_mod:FireSlash+1","luka_mod:Overexert+1"],"picked":"luka_mod:GuardedStrike+1","floor":2.0},{"not_picked":["luka_mod:SereneDemonSword","luka_mod:ThunderThrust"],"picked":"luka_mod:AngryLuka","floor":3.0},{"not_picked":["luka_mod:EndlessGuard","luka_mod:Struggle"],"picked":"luka_mod:RestrictedStrike","floor":4.0},{"not_picked":["luka_mod:WaterSlash","luka_mod:Calm","luka_mod:PerfectTiming"],"picked":"SKIP","floor":6.0},{"not_picked":["luka_mod:HeroicStrike","luka_mod:EarthRumblingDecapitation"],"picked":"luka_mod:Determination","floor":8.0},{"not_picked":["luka_mod:IliasesJudgement","luka_mod:Feel"],"picked":"luka_mod:CriticalHit","floor":10.0},{"not_picked":["luka_mod:HeroicStrike","luka_mod:NeverSurrender"],"picked":"luka_mod:Salamander","floor":11.0},{"not_picked":["luka_mod:EarthSlash","luka_mod:GuardedStrike","luka_mod:BladeOfSolidEarth"],"picked":"SKIP","floor":12.0},{"not_picked":["luka_mod:NeverSurrender","luka_mod:Feel","luka_mod:SealingStrike"],"picked":"SKIP","floor":13.0},{"not_picked":["luka_mod:NinefoldRakshasa","luka_mod:SealingStrike"],"picked":"luka_mod:AlmaElma","floor":16.0},{"not_picked":["luka_mod:IliasesJudgement","luka_mod:Feel"],"picked":"luka_mod:Salamander","floor":18.0},{"not_picked":["luka_mod:Calm","luka_mod:Overexert+1","luka_mod:LightningSwordFlash"],"picked":"SKIP","floor":20},{"not_picked":["luka_mod:HeavenlyDemonRevival","luka_mod:Intense","luka_mod:ThunderThrust"],"picked":"SKIP","floor":23},{"not_picked":["luka_mod:FireSlash","luka_mod:DemonSkullBeheading"],"picked":"luka_mod:Request","floor":25},{"not_picked":["luka_mod:PeacePreach","luka_mod:BladeOfRagingFire+1"],"picked":"luka_mod:PrayToIlias","floor":27},{"not_picked":["luka_mod:Ora","luka_mod:StressRelief"],"picked":"luka_mod:Gnome","floor":31},{"not_picked":["luka_mod:Ora","luka_mod:NoDebuffs"],"picked":"luka_mod:Erubetie","floor":33},{"not_picked":["luka_mod:EndlessGuard","luka_mod:Overexert","luka_mod:Intense"],"picked":"SKIP","floor":35},{"not_picked":["luka_mod:HeroicStrike","luka_mod:GuardTraining","luka_mod:VaporizingRebellionSword+1"],"picked":"SKIP","floor":37},{"not_picked":["luka_mod:FlashKill","luka_mod:WindSlash","luka_mod:LightningSwordFlash+1"],"picked":"SKIP","floor":38},{"not_picked":["luka_mod:BladeOfHowlingWind+1","luka_mod:BegIlias+1","luka_mod:Request"],"picked":"SKIP","floor":39},{"not_picked":["luka_mod:RestrictedStrike","luka_mod:BladeOfHowlingWind","luka_mod:WindSlash"],"picked":"SKIP","floor":40},{"not_picked":["luka_mod:RestrictedStrike","luka_mod:PeacePreach","luka_mod:CriticalHit"],"picked":"SKIP","floor":41},{"not_picked":["luka_mod:EndlessGuard","luka_mod:StressRelief","luka_mod:VaporizingRebellionSword"],"picked":"SKIP","floor":42},{"not_picked":["luka_mod:FireSlash","luka_mod:Calm","luka_mod:IliasesJudgement+1"],"picked":"SKIP","floor":46},{"not_picked":["luka_mod:WindSlash","luka_mod:SereneDemonSword"],"picked":"luka_mod:Granberia","floor":47},{"not_picked":["luka_mod:UnusedPoison","luka_mod:GuardedStrike","luka_mod:EndlessGuard+1"],"picked":"SKIP","floor":49},{"not_picked":["luka_mod:StrikeLuka","luka_mod:Overexert+1","luka_mod:RestrictedStrike"],"picked":"SKIP","floor":56}],"player_experience":895804,"relics_obtained":[{"floor":6.0,"key":"Ice Cream"},{"floor":8.0,"key":"aspiration:HatOfInfinitePower"},{"floor":9.0,"key":"ReplayTheSpireMod:Lightbulb"},{"floor":13.0,"key":"StuffTheSpire:GrapeVine"},{"floor":23,"key":"Dota2Spire:HeartOfTarrasque"},{"floor":26,"key":"ReplayFunnel"},{"floor":27,"key":"Replay:Mystery Machine"},{"floor":31,"key":"CeramicFish"},{"floor":36,"key":"jedi:heavyjacket"},{"floor":40,"key":"trackpad:PetRock"},{"floor":42,"key":"jedi:shrinkray"},{"floor":43,"key":"hubris:TinFlute"},{"floor":47,"key":"REME_HandOfSuture"},{"floor":56,"key":"StuffTheSpire:Gunfinga"}],"event_choices":[{"damage_healed":0.0,"max_hp_gain":0.0,"max_hp_loss":0.0,"gold_gain":0.0,"event_name":"betterMatch:BetterMatch","player_choice":"2","floor":2.0,"gold_loss":0.0,"damage_taken":0.0,"cards_obtained":["betterMatch:CommonCard","betterMatch:CommonCard"]},{"damage_healed":0.0,"max_hp_gain":0.0,"max_hp_loss":0.0,"gold_gain":0.0,"event_name":"betterSkull:BetterSkull","player_choice":"RE RE ","floor":5.0,"gold_loss":0.0,"damage_taken":25.0,"cards_upgraded":[],"relics_obtained":["Dota2Spire:ShadowBlade","Centennial Puzzle"]},{"damage_healed":0,"gold_gain":0,"player_choice":"Simplicity","damage_taken":0,"max_hp_gain":0,"max_hp_loss":6,"event_name":"betterThird:BetterWriting","floor":24,"gold_loss":0}],"is_beta":false,"boss_relics":[{"not_picked":["halation:SmartPhone","Ring of Chaos"],"picked":"halation:PinkAlligatorPlush"},{"not_picked":["Honey Jar","Black Star"],"picked":"Replay:Drink Me"}],"items_purged_floors":[7,7,14,14,14,50],"is_endless":false,"potions_floor_spawned":[1,3,10,12,13,18,25,31,35,39,41,42,46],"ascension_level":12}}