{"host":"y36bp6mnm73x3iob","time":1610391006,"event":{"mods":["2.2 Compatiblity","Aspiration","BaseMod","Downfall","GifTheSpireLib","Hermit","Hubris","Marisa????????","Minty Spire (QoL Compilation)","Replay The Spire","Retaliation","StSLib","Stuff the Spire","The Cursed","The Disciple","The Servant 0.9.4"],"gold_per_floor":[116,19,19,32,32,32,32,32,63,63,63,95,108,21,41,67,67,165,265,90,137,17,17,30,59,59,59,59,78,78,91,91,102,102,198,198,217,217,517,517,533,560,560,578,578,578,521,521,539,550,550,550,550,550,505,539,139],"floor_reached":58,"playtime":2661,"items_purged":["Amnesia","Pain"],"score":1625,"play_id":"78b2ddc2-29c2-4fca-b42f-5e8a7cade346","local_time":"20210111205006","is_ascension_mode":true,"campfire_choices":[{"data":"Berserk","floor":8.0,"key":"SMITH"},{"data":"Metallicize","floor":10.0,"key":"SMITH"},{"data":"Limit Break","floor":17,"key":"SMITH"},{"data":"Corruption","floor":26,"key":"SMITH"},{"data":"True Grit","floor":34,"key":"SMITH"},{"data":"Ghostly","floor":43,"key":"SMITH"},{"floor":48,"key":"RECALL"},{"data":"Ghostly","floor":51,"key":"SMITH"},{"data":"Ghostly","floor":54,"key":"SMITH"}],"circlet_count":0,"master_deck":["Strike_R","Strike_R","Strike_R","Strike_R","Strike_R","Defend_R","Defend_R","Defend_R","Defend_R","Bash","Berserk+1","Heavy Blade","Cleave","Disarm","Metallicize+1","Limit Break+1","Feel No Pain","DDmod:RapidStrikeAttack","Run Through","Dark Embrace","Corruption+1","ReplayReversal+1","Shockwave","Spot Weakness+1","Shockwave","Sword Boomerang+1","Shame","Ghostly Armor+1","Ghostly+1","Ghostly+1","Ghostly","Ghostly","Ghostly+1","True Grit+1","Barricade+1","CurseOfTheBell","Dark Embrace+1","ReplayTheSpireMod:IOU","ReplayTheSpireMod:IOU","Defy Death","DDmod:EasePowerCard","Thunderclap","ReplayTheSpireMod:IOU","Sentinel","Inflame+1","ReplayTheSpireMod:IOU","Sentinel+1"],"relics":["Burning Blood","Replay:Wax Seal","WarpedTongs","Replay:Rubber Ducky","Iron Hammer","Unceasing Top","Bottled Lightning","Replay:Wanted Poster","Orichalcum","DDmod:BarbedSlagRelic","hubris:SphereOfDissonance","Boot","StuffTheSpire:Tea","hubris:CuriousFeather","Calling Bell","StuffTheSpire:OldFever","Paper Frog","WingedGreaves","Gambling Chip","aspiration:FetidBarrel","Dead Branch","Lantern"],"acts_visited":["Exordium","TheCity","TheBeyond","TheEnding"],"potions_floor_usage":[12,18,18,25,52,57,57],"damage_taken":[{"damage":10.0,"enemies":"Jaw Worm","floor":1.0,"turns":5.0},{"damage":3.0,"enemies":"Cultist","floor":4.0,"turns":2.0},{"damage":38.0,"enemies":"3 Sentries","floor":9.0,"turns":8.0},{"damage":9,"enemies":"Lagavulin","floor":12,"turns":6},{"damage":2,"enemies":"Small Slimes","floor":13,"turns":4},{"damage":0,"enemies":"2 Fungi Beasts","floor":14,"turns":3},{"damage":16,"enemies":"Looter","floor":15,"turns":2},{"damage":1,"enemies":"Replay:BlueRogue","floor":16,"turns":6},{"damage":17,"enemies":"The Guardian","floor":18,"turns":6},{"damage":45,"enemies":"2 Thieves","floor":20,"turns":5},{"damage":1,"enemies":"Chosen","floor":24,"turns":5},{"damage":59,"enemies":"Slavers","floor":25,"turns":5},{"damage":0,"enemies":"Snake Plant","floor":29,"turns":5},{"damage":8,"enemies":"Chosen and Byrds","floor":31,"turns":5},{"damage":0,"enemies":"Shelled Parasite and Fungi","floor":33,"turns":4},{"damage":31,"enemies":"Automaton","floor":35,"turns":8},{"damage":4,"enemies":"3 Shapes","floor":37,"turns":6},{"damage":0,"enemies":"Orb Walker","floor":41,"turns":5},{"damage":7,"enemies":"Giant Head","floor":42,"turns":7},{"damage":2,"enemies":"Sphere and 2 Shapes","floor":44,"turns":6},{"damage":0,"enemies":"Transient","floor":49,"turns":5},{"damage":0,"enemies":"Jaw Worm Horde","floor":50,"turns":3},{"damage":14,"enemies":"Time Eater","floor":52,"turns":11},{"damage":0,"enemies":"Shield and Spear","floor":56,"turns":4},{"damage":4,"enemies":"The Heart","floor":57,"turns":5}],"seed_played":"-4067002083385597843","potions_obtained":[{"floor":1.0,"key":"Energy Potion"},{"floor":9.0,"key":"Fruit Juice"},{"floor":12,"key":"Strength Potion"},{"floor":16,"key":"Slimebound:ThreeZeroPotion"},{"floor":24,"key":"FairyPotion"},{"floor":25,"key":"DuplicationPotion"},{"floor":35,"key":"Weak Potion"},{"floor":37,"key":"Energy Potion"},{"floor":42,"key":"LiquidMemories"}],"is_trial":false,"path_per_floor":["M","$","?","M","$","PTL","PTL","R","E","R","T","E","M","M","M","E","R","B",null,"M","T","$","?","M","E","R","?","T","M","?","M","?","M","R","B",null,"M","?","$","?","M","E","R","M","T","R","$","R","M","M","R","B",null,"R","$","E","B",null],"character_chosen":"IRONCLAD","items_purchased":["Replay:Wax Seal","Cleave","Shockwave","SkillPotion","aspiration:FetidBarrel","Dead Branch","Block Potion"],"campfire_rested":0,"item_purchase_floors":[2,2,22,22,47,55,55],"current_hp_per_floor":[76,76,76,79,79,79,79,79,47,47,47,49,53,59,49,54,54,43,85,46,46,46,46,51,31,31,31,31,37,37,35,35,41,41,16,42,42,42,42,39,42,41,41,42,42,42,42,42,42,42,42,42,42,42,42,42,42],"gold":139,"neow_bonus":"THREE_RARE_CARDS","is_daily":false,"chose_seed":false,"campfire_upgraded":8,"win_rate":0.0,"timestamp":1610391006,"path_taken":["M","$","?","M","$","PTL","PTL","R","E","R","T","E","?","M","?","E","R","BOSS","M","?","$","?","?","E","R","?","T","M","?","M","?","M","R","BOSS","M","?","$","?","?","E","R","M","T","R","?","R","?","M","R","BOSS","R","$","E","BOSS"],"items_purchased_type":["Relic","Card","Card","Potion","Relic","Relic","Potion"],"build_version":"2020-12-22","purchased_purges":2,"victory":true,"max_hp_per_floor":[80,80,80,80,80,80,80,80,80,80,80,85,85,85,85,85,85,85,85,85,85,85,85,85,85,85,85,85,85,85,85,42,42,42,42,42,42,42,42,42,42,42,42,42,42,42,42,42,42,42,42,42,42,42,42,42,42],"card_choices":[{"not_picked":["DDmod:AllInSkill","Immolate"],"picked":"Berserk","floor":0.0},{"not_picked":["StuffTheSpire:Slingshot","Wild Strike"],"picked":"Heavy Blade","floor":1.0},{"not_picked":["ReplayTheSpireMod:Stacked","DDmod:BurningFumesPowerCard"],"picked":"Disarm","floor":4.0},{"not_picked":["Pommel Strike","Headbutt"],"picked":"Metallicize","floor":9.0},{"not_picked":["ReplayTheSpireMod:LeadingStrike","Power Through"],"picked":"Limit Break","floor":12},{"not_picked":["DDmod:SpikedSkill","Life Link"],"picked":"Feel No Pain","floor":13},{"not_picked":["Fire Breathing","Uppercut"],"picked":"DDmod:RapidStrikeAttack","floor":14},{"not_picked":["Havoc","Perfected Strike"],"picked":"Run Through","floor":15},{"not_picked":["Run Through","Hemokinesis"],"picked":"Dark Embrace","floor":16},{"not_picked":["DDmod:GrandUltimatumAttack","Hemogenesis"],"picked":"Corruption","floor":18},{"not_picked":["Abandon","Flex"],"picked":"ReplayReversal+1","floor":20},{"not_picked":["Shrug It Off","Perfected Strike"],"picked":"Spot Weakness+1","floor":24},{"not_picked":["DDmod:SpikedSkill+1","Infernal Blade"],"picked":"Shockwave","floor":25},{"not_picked":["Shrug It Off","Heavy Blade"],"picked":"Sword Boomerang+1","floor":29},{"not_picked":["Armaments","StuffTheSpire:RockThrow"],"picked":"Ghostly Armor+1","floor":31},{"not_picked":["DDmod:AllInSkill","StuffTheSpire:Pyroclast"],"picked":"True Grit","floor":33},{"not_picked":["DDmod:PlatedThornsSkill","Reaper"],"picked":"Barricade","floor":35},{"not_picked":["ReplayTheSpireMod:Limb From Limb+1","Shockwave"],"picked":"Dark Embrace+1","floor":37},{"not_picked":["Wild Strike+1","StuffTheSpire:Pyroclast"],"picked":"Defy Death","floor":41},{"not_picked":["Ghostly Armor","StuffTheSpire:Incineration"],"picked":"DDmod:EasePowerCard","floor":42},{"not_picked":["Flame Barrier","Run Through+1"],"picked":"Thunderclap","floor":44},{"not_picked":["Pummel","Headbutt+1"],"picked":"Sentinel","floor":49},{"not_picked":["DDmod:ScaleUpSkill+1","Iron Wave+1"],"picked":"Inflame+1","floor":50},{"not_picked":["Rampage+1","DDmod:RapidStrikeAttack"],"picked":"Sentinel+1","floor":56}],"player_experience":464776,"relics_obtained":[{"floor":9.0,"key":"Replay:Rubber Ducky"},{"floor":11.0,"key":"Iron Hammer"},{"floor":12,"key":"Unceasing Top"},{"floor":16,"key":"Bottled Lightning"},{"floor":21,"key":"Orichalcum"},{"floor":25,"key":"hubris:SphereOfDissonance"},{"floor":28,"key":"StuffTheSpire:Tea"},{"floor":36,"key":"StuffTheSpire:OldFever"},{"floor":36,"key":"Paper Frog"},{"floor":36,"key":"WingedGreaves"},{"floor":42,"key":"Gambling Chip"},{"floor":56,"key":"Lantern"}],"event_choices":[{"damage_healed":0.0,"max_hp_gain":0.0,"max_hp_loss":0.0,"gold_gain":0.0,"event_name":"Accursed Blacksmith","player_choice":"Rummage","floor":3.0,"gold_loss":0.0,"damage_taken":0.0,"relics_obtained":["WarpedTongs"],"cards_obtained":["Pain"]},{"damage_healed":0,"gold_gain":0,"player_choice":"Opened","damage_taken":0,"relics_obtained":["Boot"],"max_hp_gain":0,"max_hp_loss":0,"event_name":"The Mausoleum","floor":27,"gold_loss":0},{"damage_healed":0,"gold_gain":0,"player_choice":"Stole Relic","damage_taken":0,"relics_obtained":["hubris:CuriousFeather"],"max_hp_gain":0,"max_hp_loss":0,"event_name":"Addict","floor":30,"gold_loss":0,"cards_obtained":["Shame"]},{"damage_healed":0,"gold_gain":0,"player_choice":"Became a Ghost","damage_taken":0,"max_hp_gain":0,"max_hp_loss":43,"event_name":"Ghosts","floor":32,"gold_loss":0,"cards_obtained":["Ghostly","Ghostly","Ghostly","Ghostly","Ghostly"]},{"damage_healed":0,"gold_gain":0,"player_choice":"Upgraded","damage_taken":0,"max_hp_gain":0,"max_hp_loss":0,"event_name":"Upgrade Shrine","floor":38,"gold_loss":0,"cards_upgraded":["Barricade"]},{"damage_healed":0,"gold_gain":0,"player_choice":"Punched","damage_taken":3,"max_hp_gain":0,"max_hp_loss":0,"event_name":"Designer","floor":40,"gold_loss":0}],"is_beta":false,"boss_relics":[{"not_picked":["Ectoplasm","hubris:GrandSneckoEye"],"picked":"Replay:Wanted Poster"},{"not_picked":["SlaversCollar","Black Blood"],"picked":"Calling Bell"}],"items_purged_floors":[2,5],"is_endless":false,"potions_floor_spawned":[1,9,12,16,24,25,35,37,42,49],"ascension_level":2}}