{"host":"ifhtq4ixo5m3h13u","time":1610328963,"event":{"mods":["BaseMod","Downfall","Minty Spire (QoL Compilation)","StSLib","Waifu the Spire","noobMod","vexMod","¡¾ÒÅÎï¿¨ÅÆ¡¿REMEMod"],"gold_per_floor":[118,136,136,136,150,181,181,193,193,213,230,249,268,90,90,274,274,274,214,139,139,66,66,66,66,66,66,66,66,66,66,66,66,66,66,66,66,66,66,66,66,66,66,66,66,66,46,46,46,46],"floor_reached":51,"playtime":2745,"items_purged":[],"score":726,"play_id":"642e5337-301e-43f4-bacc-afab3f5a3c20","local_time":"20210111093603","is_ascension_mode":false,"campfire_choices":[{"floor":7.0,"key":"REST"},{"floor":15.0,"key":"REST"},{"floor":23.0,"key":"REST"},{"floor":30.0,"key":"REST"},{"floor":32.0,"key":"REST"},{"floor":40.0,"key":"REST"},{"floor":44.0,"key":"REST"},{"floor":46.0,"key":"REST"},{"floor":49.0,"key":"REST"}],"circlet_count":0,"master_deck":["Strike_B","Strike_B","Defend_B","Defend_B","Defend_B","Defend_B","Zap","Dualcast","Force Field","Melter","Fusion","Double Energy","Conserve Battery","Creative AI","Lockon","BootSequence","REME_PuzzleBox","Electrodynamics","Conserve Battery+1","White Noise","Static Discharge","REME_Shoggoth","Madness","Madness","Flash of Steel","Beam Cell","expansioncontent:DonusPower"],"relics":["Cracked Core","ice","REME_ComplimentaryCards","Pocketwatch","Sundial","Question Card","vexMod:MysteryBossChallenge","downfall:Hecktoplasm","Orichalcum","Frozen Egg 2","SlaversCollar","Ice Cream","Bottled Lightning","Pen Nib"],"acts_visited":["Exordium","TheCity","TheBeyond"],"potions_floor_usage":[50,50],"damage_taken":[{"damage":1.0,"enemies":"Jaw Worm","floor":1.0,"turns":3.0},{"damage":0.0,"enemies":"2 Louse","floor":2.0,"turns":2.0},{"damage":2.0,"enemies":"Small Slimes","floor":5.0,"turns":3.0},{"damage":41.0,"enemies":"Lagavulin","floor":6.0,"turns":7.0},{"damage":9.0,"enemies":"Blue Slaver","floor":8.0,"turns":3.0},{"damage":12.0,"enemies":"Gremlin Gang","floor":10.0,"turns":4.0},{"damage":4.0,"enemies":"Exordium Wildlife","floor":11.0,"turns":4.0},{"damage":4.0,"enemies":"Red Slaver","floor":12.0,"turns":3.0},{"damage":0.0,"enemies":"2 Fungi Beasts","floor":13.0,"turns":3.0},{"damage":14.0,"enemies":"The Guardian","floor":16.0,"turns":9.0},{"damage":19.0,"enemies":"Shell Parasite","floor":18.0,"turns":4.0},{"damage":5.0,"enemies":"2 Thieves","floor":19.0,"turns":4.0},{"damage":24.0,"enemies":"Centurion and Healer","floor":21.0,"turns":6.0},{"damage":0.0,"enemies":"Slavers","floor":24.0,"turns":3.0},{"damage":0.0,"enemies":"Shelled Parasite and Fungi","floor":27.0,"turns":3.0},{"damage":4.0,"enemies":"Sentry and Sphere","floor":28.0,"turns":3.0},{"damage":17.0,"enemies":"Snake Plant","floor":31.0,"turns":3.0},{"damage":50.0,"enemies":"Collector","floor":33.0,"turns":8.0},{"damage":15.0,"enemies":"Orb Walker","floor":35.0,"turns":4.0},{"damage":30.0,"enemies":"3 Darklings","floor":39.0,"turns":2.0},{"damage":9.0,"enemies":"Sphere and 2 Shapes","floor":42.0,"turns":4.0},{"damage":8.0,"enemies":"Giant Head","floor":45.0,"turns":8.0},{"damage":45.0,"enemies":"Spire Growth","floor":48.0,"turns":4.0},{"damage":86,"enemies":"Awakened One","floor":50,"turns":8}],"seed_played":"-2652048063625339709","potions_obtained":[{"floor":1.0,"key":"GamblersBrew"},{"floor":3.0,"key":"ColorlessPotion"},{"floor":8.0,"key":"SkillPotion"},{"floor":10.0,"key":"Ancient Potion"},{"floor":12.0,"key":"Swift Potion"},{"floor":13.0,"key":"Guardian:BlockOnCardUsePotion"},{"floor":24.0,"key":"DuplicationPotion"},{"floor":35.0,"key":"GamblersBrew"},{"floor":42.0,"key":"Swift Potion"},{"floor":47.0,"key":"Dexterity Potion"}],"is_trial":false,"path_per_floor":["M","M","?","?","M","E","R","M","T","M","M","M","M","$","R","B",null,"M","M","?","M","$","R","E","?","T","M","M","$","R","M","R","B",null,"M","?","?","T","M","R","$","M","T","R","E","R","?","M","R","B",null],"character_chosen":"DEFECT","items_purchased":["REME_PuzzleBox","White Noise"],"campfire_rested":9,"item_purchase_floors":[14,22],"current_hp_per_floor":[53,53,53,53,51,10,32,23,23,11,7,3,3,3,25,11,75,56,51,51,27,27,49,49,35,35,35,31,31,55,38,62,12,80,67,57,57,57,27,51,51,45,45,69,61,83,83,42,66,65],"gold":46,"neow_bonus":"ONE_RARE_RELIC","is_daily":false,"chose_seed":false,"campfire_upgraded":0,"win_rate":0.0,"timestamp":1610328963,"path_taken":["M","M","?","?","M","E","R","M","T","M","M","M","M","$","R","BOSS","M","M","?","M","$","R","E","?","T","M","M","$","R","M","R","BOSS","M","?","?","?","M","R","$","?","T","R","E","R","?","?","R","BOSS"],"items_purchased_type":["Card","Card"],"build_version":"2020-12-22","purchased_purges":0,"victory":true,"max_hp_per_floor":[75,75,75,75,75,75,75,75,75,75,75,75,75,75,75,75,75,75,75,75,75,75,75,75,80,80,80,80,80,80,80,80,80,80,80,80,80,80,80,80,80,83,83,83,83,83,83,83,83,84],"card_choices":[{"not_picked":["Reprogram","Go for the Eyes"],"picked":"Force Field","floor":1.0},{"not_picked":["Reprogram","Beam Cell","Stack"],"picked":"SKIP","floor":2.0},{"not_picked":["Self Repair","Go for the Eyes"],"picked":"Fusion","floor":5.0},{"not_picked":["Coolheaded","Barrage"],"picked":"Double Energy","floor":6.0},{"not_picked":["Compile Driver","Coolheaded"],"picked":"Conserve Battery","floor":8.0},{"not_picked":["Stack","Skim","Leap"],"picked":"Creative AI","floor":10.0},{"not_picked":["Hologram","Barrage","Scrape","Beam Cell"],"picked":"SKIP","floor":11.0},{"not_picked":["Conserve Battery","REME_Compress","Cold Snap"],"picked":"Lockon","floor":12.0},{"not_picked":["Leap","Beam Cell","Compile Driver","Auto Shields"],"picked":"BootSequence","floor":13.0},{"not_picked":["Amplify","Fission","All For One"],"picked":"Electrodynamics","floor":16.0},{"not_picked":["Glacier","Rip and Tear+1","Streamline"],"picked":"Conserve Battery+1","floor":18.0},{"not_picked":["Cold Snap","Rebound","Go for the Eyes+1","Hologram"],"picked":"SKIP","floor":19.0},{"not_picked":["Melter+1","Streamline","Hello World","Leap","All For One"],"picked":"SKIP","floor":21.0},{"not_picked":["FTL+1","Melter","Rip and Tear"],"picked":"Static Discharge","floor":24.0},{"not_picked":["Consume","REME_Whirling","Auto Shields","Stack"],"picked":"SKIP","floor":27.0},{"not_picked":["Redo+1","White Noise","Skim+1","Hologram"],"picked":"SKIP","floor":28.0},{"not_picked":["Consume+1","Hologram","Steam+1","Ball Lightning+1"],"picked":"SKIP","floor":31.0},{"not_picked":["Seek","Multi-Cast","Biased Cognition+1","Fission"],"picked":"REME_Shoggoth","floor":33.0},{"not_picked":["Rebound","Stack+1","Ball Lightning+1","Barrage+1"],"picked":"SKIP","floor":35.0},{"not_picked":["REME_TwoStrings","expansioncontent:HyperBeam","expansioncontent:Collect+1"],"picked":"Flash of Steel","floor":37.0},{"not_picked":["Rebound+1","Reboot","Compile Driver"],"picked":"Beam Cell","floor":39.0},{"not_picked":["Beam Cell+1","Heatsinks+1","Melter","Doom and Gloom+1"],"picked":"SKIP","floor":42.0},{"not_picked":["Chaos","Undo+1","REME_Whirling+1","Coolheaded"],"picked":"SKIP","floor":45.0},{"not_picked":["REME_Compress+1","Compile Driver+1","Coolheaded+1","Hologram+1"],"picked":"SKIP","floor":48.0}],"player_experience":61327,"relics_obtained":[{"floor":6.0,"key":"Sundial"},{"floor":9.0,"key":"Question Card"},{"floor":24.0,"key":"Orichalcum"},{"floor":26.0,"key":"Frozen Egg 2"},{"floor":38.0,"key":"Ice Cream"},{"floor":43.0,"key":"Bottled Lightning"},{"floor":45.0,"key":"Pen Nib"}],"event_choices":[{"damage_healed":0.0,"max_hp_gain":0.0,"max_hp_loss":0.0,"gold_gain":0.0,"cards_transformed":["Strike_B"],"event_name":"Living Wall","player_choice":"Change","floor":4.0,"gold_loss":0.0,"damage_taken":0.0,"cards_obtained":["Melter"]},{"cards_removed":["Strike_B"],"damage_healed":0.0,"max_hp_gain":0.0,"max_hp_loss":0.0,"gold_gain":0.0,"event_name":"Beggar","player_choice":"Gave Gold","floor":20.0,"gold_loss":75.0,"damage_taken":0.0},{"damage_healed":0.0,"max_hp_gain":5.0,"max_hp_loss":0.0,"gold_gain":0.0,"event_name":"Forgotten Altar","player_choice":"Shed Blood","floor":25.0,"gold_loss":0.0,"damage_taken":19.0},{"damage_healed":0.0,"max_hp_gain":0.0,"max_hp_loss":0.0,"gold_gain":0.0,"event_name":"Winding Halls","player_choice":"Embrace Madness","floor":36.0,"gold_loss":0.0,"damage_taken":10.0,"cards_obtained":["Madness","Madness"]},{"damage_healed":0.0,"max_hp_gain":0.0,"max_hp_loss":0.0,"gold_gain":0.0,"event_name":"SensoryStone","player_choice":"Memory 1","floor":37.0,"gold_loss":0.0,"damage_taken":0.0},{"damage_healed":0.0,"max_hp_gain":0.0,"max_hp_loss":0.0,"gold_gain":0.0,"event_name":"The Woman in Blue","player_choice":"Bought 1 Potion","floor":47.0,"gold_loss":0.0,"damage_taken":0.0}],"is_beta":false,"boss_relics":[{"not_picked":["REME_DemonsWealth","Busted Crown"],"picked":"vexMod:MysteryBossChallenge"},{"not_picked":["REME_LowDesire","SacredBark"],"picked":"SlaversCollar"}],"items_purged_floors":[],"is_endless":false,"potions_floor_spawned":[1,8,10,11,12,13,24,27,28,31,35,42],"ascension_level":0}}