{"host":"htox8xlq8uiapwxq","time":1610365433,"event":{"mods":["Act Like it!","Arknights The Spire","BaseMod","Gensokyo","KinomotoSakuraMod(木之本樱)","Koishi","Lobotomy","LobotomyExtend","Minty Spire (QoL Compilation)","Prisma Mod","Remilia（蕾米莉亚）","StSLib","The Alterego","WarShipGirlsR/战舰少女R mod","Yakumo Yukari mod","Youmu（魂魄妖梦）"],"gold_per_floor":[218,218,218,238,263,288,300,300,300],"floor_reached":8,"playtime":851,"items_purged":[],"score":56,"play_id":"c598c1b9-cf48-4d97-b5ef-cb84a8f4c41f","local_time":"20210111194353","is_ascension_mode":false,"campfire_choices":[],"circlet_count":0,"master_deck":["ats:Strike C","ats:Strike G","ats:Strike S","ats:Strike V","ats:Defend","ats:Defend","ats:Defend","ats:Defend","ats:Emotion Absorption","ats:Support Order","ats:Thorns","ats:Charging Defense","ats:Assault Order"],"relics":["ats:Sanity","Gensokyo:Mercy","Art of War","ats:Originium"],"acts_visited":["Gensokyo:Gensokyo"],"potions_floor_usage":[6],"damage_taken":[{"damage":13,"enemies":"Gensokyo:Gryphon","floor":1,"turns":5},{"damage":11,"enemies":"Gensokyo:2_Kodama","floor":4,"turns":5},{"damage":15,"enemies":"Gensokyo:Aya","floor":6,"turns":6},{"damage":2,"enemies":"Gensokyo:3_Fairies","floor":7,"turns":5},{"damage":37,"enemies":"Gensokyo:Mamizou","floor":8,"turns":13}],"seed_played":"-3084312786749672847","potions_obtained":[{"floor":1,"key":"AttackPotion"},{"floor":4,"key":"FearPotion"},{"floor":7,"key":"FearPotion"}],"is_trial":false,"path_per_floor":["M","?","?","M","T","E","M","E"],"character_chosen":"DOCTOR_CLASS","items_purchased":[],"campfire_rested":0,"item_purchase_floors":[],"current_hp_per_floor":[59,59,59,48,48,33,31,0,0],"gold":300,"neow_bonus":"HUNDRED_GOLD","is_daily":false,"chose_seed":false,"campfire_upgraded":0,"win_rate":0.0,"timestamp":1610365433,"path_taken":["M","?","?","M","?","E","M","E"],"items_purchased_type":[],"build_version":"2020-12-22","purchased_purges":0,"victory":false,"max_hp_per_floor":[72,72,72,72,72,72,72,72,72],"card_choices":[{"not_picked":["ats:Leaping Hammer","ats:Cat Scratch"],"picked":"ats:Support Order","floor":1},{"not_picked":["ats:Flexible Camouflage","ats:Spore Proliferation"],"picked":"ats:Thorns","floor":4},{"not_picked":["ats:LN2 Cannon","ats:Leaping Hammer"],"picked":"ats:Charging Defense","floor":6},{"not_picked":["ats:Leaping Hammer","ats:Shell Defense"],"picked":"ats:Assault Order","floor":7}],"player_experience":367458,"relics_obtained":[{"floor":5,"key":"Art of War"},{"floor":6,"key":"ats:Originium"}],"event_choices":[],"is_beta":false,"boss_relics":[],"items_purged_floors":[],"is_endless":false,"potions_floor_spawned":[1,4,7],"killed_by":"Gensokyo:Mamizou","ascension_level":0}}