{"host":"bplbr8uekuotory4","time":1610343304,"event":{"mods":["Act Like it!","BaseMod","Custom Start","Gensokyo","GungeonMod","Hermit","KinomotoSakuraMod(ƒæ÷Æ±æ”£)","Koishi","Marisa£®ÏF”Í°°ƒß¿Ì…≥£©","Minty Spire (QoL Compilation)","Prisma Mod","Quick Restart","Reimu£®≤©¿ˆ¡È√Œ£©","SOS£®Àπ∞Õ¥Ô÷Æ◊”£©","Spicy Shops","StSLib","TestMod","The Alterego","The Blackbeard","The Cursed","The Marked","The Mystic","The Runesmith","The Saiyan","The Servant 0.9.4","Yuri Mod","[IsaacMod]“‘»ˆº‚À˛","vexMod"],"gold_per_floor":[112,128,353,360,373,403,403,460,507,589,609,639,139,175,175,292,242,262,289,308,245,273,313,228,115,115,5,59,59,59,87,87,211,211,234,1233,790,816,853,853,901,901,975,996,1020,1037,1037,558,558,585,585,585,62,103,116],"floor_reached":56,"playtime":1309,"items_purged":["blackbeard:BlackbeardStrike","blackbeard:BlackbeardDefend","blackbeard:BlackbeardStrike","blackbeard:BlackbeardStrike","blackbeard:BlackbeardDefend","Normality","Normality","blackbeard:BlackbeardStrike","blackbeard:BlackbeardDefend"],"score":1786,"play_id":"8037984a-0174-4974-a5c8-57f4edfea9b1","local_time":"20210111133504","is_ascension_mode":true,"campfire_choices":[{"data":"blackbeard:Cutlass","floor":7,"key":"SMITH"},{"data":"blackbeard:DoubleCannonball","floor":15,"key":"SMITH"},{"data":"blackbeard:BoostMorale","floor":30,"key":"SMITH"},{"data":"blackbeard:InfiniteBarrage","floor":32,"key":"SMITH"},{"data":"blackbeard:FinalBarrage","floor":40,"key":"SMITH"},{"floor":49,"key":"RECALL"},{"data":"blackbeard:Intoxication","floor":52,"key":"SMITH"}],"circlet_count":0,"master_deck":["blackbeard:IntimidatingStrike+1","blackbeard:BlackbeardDefend+1","blackbeard:Cutlass+1","blackbeard:GoldenCannonball","blackbeard:TheDrunkenSailor+1","blackbeard:CloakAndCannonball","blackbeard:RearmingStrike+1","blackbeard:DoubleCannonball+1","blackbeard:FinalBarrage+1","blackbeard:HumongousCannonball","blackbeard:BoostMorale+1","blackbeard:Toast+1","blackbeard:InfiniteBarrage+1","blackbeard:Rum+1","Necronomicurse","blackbeard:Intoxication+1","blackbeard:TacticalRetreat+1","blackbeard:Toast+1","blackbeard:GoldenDefense+1"],"relics":["blackbeard:LoadTheCannons","testmod-TestBox","HushsDoor","SalivaCoin","testmod-TheFather","NeowsBlessing","testmod-Acrobat","BelialBook","blackbeard:PowderCan","Ornamental Fan","SteamSale","Sling","blackbeard:HipFlask","Juzu Bracelet","DemoMod:WhiteGuonStone","Tiny House","GuppysHairball","testmod-Hope","DemoMod:MonsterBlood","Anchor","BFFS","blackbeard:CannonballsOfSteel","SatanicBible","Lantern","Necronomicon","DemoMod:WaxWing","GuppysTail","vexMod:PaidLearning","DemoMod:MemoryAlloy","testmod-InjuryResistance","testmod-ArcanaOfDestiny","White Beast Statue","DemoMod:GlassGuonStoneRelic","Bag of Preparation","testmod-TurbochargingSystem","blackbeard:GoldenRing","Kunai","Orichalcum","Strange Spoon","Whetstone"],"acts_visited":["Exordium","TheCity","TheBeyond","TheEnding"],"potions_floor_usage":[8,14,16,18,18,44,46,55,55,55],"damage_taken":[{"damage":0,"enemies":"Cultist","floor":1,"turns":1},{"damage":0,"enemies":"Jaw Worm","floor":2,"turns":1},{"damage":0,"enemies":"2 Louse","floor":5,"turns":1},{"damage":0,"enemies":"Lagavulin","floor":6,"turns":2},{"damage":11,"enemies":"3 Sentries","floor":8,"turns":3},{"damage":0,"enemies":"Looter","floor":11,"turns":1},{"damage":5,"enemies":"Gremlin Gang","floor":12,"turns":2},{"damage":0,"enemies":"Gremlin Nob","floor":14,"turns":2},{"damage":0,"enemies":"Slime Boss","floor":16,"turns":4},{"damage":0,"enemies":"3 Byrds","floor":18,"turns":1},{"damage":0,"enemies":"2 Thieves","floor":19,"turns":2},{"damage":0,"enemies":"Snake Plant","floor":20,"turns":2},{"damage":7,"enemies":"Snecko","floor":22,"turns":4},{"damage":0,"enemies":"Gremlin Leader","floor":23,"turns":2},{"damage":2,"enemies":"Book of Stabbing","floor":28,"turns":3},{"damage":0,"enemies":"Collector","floor":33,"turns":3},{"damage":0,"enemies":"Orb Walker","floor":35,"turns":1},{"damage":0,"enemies":"3 Darklings","floor":38,"turns":2},{"damage":0,"enemies":"Transient","floor":39,"turns":5},{"damage":0,"enemies":"Nemesis","floor":41,"turns":3},{"damage":0,"enemies":"Writhing Mass","floor":44,"turns":2},{"damage":0,"enemies":"Jaw Worm Horde","floor":45,"turns":1},{"damage":0,"enemies":"Spire Growth","floor":46,"turns":2},{"damage":0,"enemies":"Donu and Deca","floor":50,"turns":2},{"damage":0,"enemies":"Shield and Spear","floor":54,"turns":1},{"damage":0,"enemies":"The Heart","floor":55,"turns":3}],"seed_played":"-4163329117247138093","potions_obtained":[{"floor":1,"key":"GrandPatriotsElixir:ReiMu"},{"floor":5,"key":"FearPotion"},{"floor":8,"key":"Explosive Potion"},{"floor":11,"key":"SteroidPotion"},{"floor":17,"key":"BlessingOfTheForge"},{"floor":18,"key":"Fruit Juice"},{"floor":20,"key":"LiquidBronze"},{"floor":42,"key":"PowerPotion"},{"floor":44,"key":"Ancient Potion"},{"floor":46,"key":"FearPotion"}],"is_trial":false,"path_per_floor":["M","M","?","?","M","E","R","E","T","?","M","M","$","E","R","B",null,"M","M","M","$","M","E","?","$","T","$","E","T","R","?","R","B",null,"M","?","$","M","M","R","E","?","T","M","M","M","?","$","R","B",null,"R","$","E","B",null],"character_chosen":"BLACKBEARD_CLASS","items_purchased":["SteamSale","Sling","blackbeard:HipFlask","Juzu Bracelet","blackbeard:DoubleCannonball","blackbeard:FinalBarrage","GuppysHairball","blackbeard:BoostMorale","Anchor","blackbeard:CannonballsOfSteel","blackbeard:InfiniteBarrage","GuppysTail","vexMod:PaidLearning","DemoMod:MemoryAlloy","testmod-InjuryResistance","Bag of Preparation","testmod-TurbochargingSystem","blackbeard:GoldenRing","Kunai","Orichalcum","Strange Spoon"],"campfire_rested":0,"item_purchase_floors":[13,13,13,13,13,13,17,17,25,27,27,34,37,37,37,48,48,53,53,53,53],"current_hp_per_floor":[75,75,75,60,60,60,60,49,49,42,42,37,37,37,37,37,66,71,71,71,71,64,64,71,71,71,71,69,69,69,53,53,53,63,63,63,63,63,63,63,63,63,63,63,63,63,63,63,63,63,63,63,63,63,63],"gold":116,"neow_bonus":"THREE_ENEMY_KILL","is_daily":false,"chose_seed":false,"campfire_upgraded":6,"win_rate":0.0,"timestamp":1610343304,"path_taken":["M","?","?","?","M","E","R","E","T","?","M","M","$","E","R","BOSS","M","M","M","$","M","E","?","?","T","$","E","?","R","?","R","BOSS","M","?","$","M","M","R","E","?","T","M","M","M","?","$","R","BOSS","R","$","E","BOSS"],"items_purchased_type":["Relic","Relic","Relic","Relic","Card","Card","Relic","Card","Relic","Relic","Card","Relic","Relic","Relic","Relic","Relic","Relic","Relic","Relic","Relic","Relic"],"build_version":"2020-12-22","purchased_purges":9,"victory":true,"max_hp_per_floor":[75,75,75,75,75,75,75,75,75,75,75,75,75,75,75,75,66,71,71,71,71,71,71,78,78,78,78,78,78,78,78,78,78,63,63,63,63,63,63,63,63,63,63,63,63,63,63,63,63,63,63,63,63,63,63],"card_choices":[{"not_picked":[],"picked":"ChaosCard","floor":0},{"not_picked":["blackbeard:PirateHook","blackbeard:Sharpening","blackbeard:Shrapnel"],"picked":"SKIP","floor":1},{"not_picked":["blackbeard:BlindAttacks","blackbeard:DelayedPain","blackbeard:Revenge"],"picked":"SKIP","floor":2},{"not_picked":["blackbeard:DeadlyArsenal","blackbeard:Upgrade"],"picked":"blackbeard:GoldenCannonball","floor":5},{"not_picked":["blackbeard:FieryDefense","blackbeard:FishingNets"],"picked":"blackbeard:TheDrunkenSailor","floor":6},{"not_picked":["blackbeard:DoubleBottom","blackbeard:DeadlyArsenal"],"picked":"blackbeard:CloakAndCannonball","floor":8},{"not_picked":["blackbeard:BeatUp","blackbeard:SwordDance"],"picked":"Bomb","floor":11},{"not_picked":["blackbeard:PirateStrength","blackbeard:SwordDance"],"picked":"blackbeard:RearmingStrike","floor":12},{"not_picked":["blackbeard:SwordDance","blackbeard:Scrap","blackbeard:Dagger"],"picked":"SKIP","floor":14},{"not_picked":["blackbeard:FinalBarrage","blackbeard:GoldenRain"],"picked":"blackbeard:HumongousCannonball","floor":16},{"not_picked":["blackbeard:Shrapnel","blackbeard:SmithingHammer+1","blackbeard:DoubleCannonball"],"picked":"SKIP","floor":18},{"not_picked":["blackbeard:Sharpening","blackbeard:Dagger+1"],"picked":"blackbeard:Toast+1","floor":19},{"not_picked":["blackbeard:ArmorUp+1","blackbeard:Sharpening","blackbeard:Boarding"],"picked":"SKIP","floor":20},{"not_picked":["blackbeard:CloakAndCannonball","blackbeard:JollyRoger+1","blackbeard:ArmorUp"],"picked":"SKIP","floor":22},{"not_picked":["blackbeard:PiratesWill","blackbeard:PirateHook","blackbeard:DelayedPain"],"picked":"SKIP","floor":23},{"not_picked":["blackbeard:WoodenLeg","blackbeard:CloakAndCannonball"],"picked":"blackbeard:Rum","floor":28},{"not_picked":["blackbeard:BountyHunter","blackbeard:FinalBarrage"],"picked":"blackbeard:Intoxication","floor":33},{"not_picked":["blackbeard:InfiniteBarrage","blackbeard:Boarding+1","blackbeard:Sword"],"picked":"SKIP","floor":35},{"not_picked":["blackbeard:CloakAndCannonball","blackbeard:Shrapnel+1"],"picked":"blackbeard:TacticalRetreat+1","floor":38},{"not_picked":["blackbeard:Spear","blackbeard:ArmorUp"],"picked":"blackbeard:Toast+1","floor":39},{"not_picked":["blackbeard:Scrap","blackbeard:GoldenCannonball+1","blackbeard:FieryDefense+1"],"picked":"SKIP","floor":41},{"not_picked":["blackbeard:BeatUp","blackbeard:Shrapnel+1","blackbeard:Spear+1"],"picked":"SKIP","floor":44},{"not_picked":["blackbeard:BrownPants+1","blackbeard:WoodenLeg+1"],"picked":"blackbeard:GoldenDefense+1","floor":45},{"not_picked":["blackbeard:GhostInTheRum","blackbeard:Sword","blackbeard:Shrapnel"],"picked":"SKIP","floor":46},{"not_picked":["blackbeard:GoldenCannonball+1","blackbeard:DeadlyArsenal","blackbeard:Spear+1"],"picked":"SKIP","floor":54},{"not_picked":["blackbeard:GoldenCannonball+1","blackbeard:DeadlyArsenal","blackbeard:Spear+1"],"picked":"SKIP","floor":54}],"player_experience":1188839,"relics_obtained":[{"floor":6,"key":"blackbeard:PowderCan"},{"floor":8,"key":"Ornamental Fan"},{"floor":14,"key":"DemoMod:WhiteGuonStone"},{"floor":23,"key":"testmod-Hope"},{"floor":26,"key":"BFFS"},{"floor":28,"key":"SatanicBible"},{"floor":29,"key":"Lantern"},{"floor":31,"key":"Necronomicon"},{"floor":41,"key":"testmod-ArcanaOfDestiny"},{"floor":43,"key":"White Beast Statue"},{"floor":54,"key":"Whetstone"}],"event_choices":[{"damage_healed":0,"gold_gain":225,"player_choice":"YARR","damage_taken":0,"relics_obtained":["testmod-Acrobat"],"max_hp_gain":0,"max_hp_loss":0,"event_name":"blackbeard:Ssssserpent","floor":3,"gold_loss":0},{"damage_healed":0,"gold_gain":75,"player_choice":"Touch","damage_taken":7,"max_hp_gain":0,"max_hp_loss":0,"event_name":"FaceTrader","floor":10,"gold_loss":0},{"damage_healed":0,"gold_gain":0,"player_choice":"Obtained Relic","damage_taken":0,"relics_obtained":["DemoMod:MonsterBlood"],"max_hp_gain":0,"max_hp_loss":0,"event_name":"Addict","floor":24,"gold_loss":85},{"damage_healed":0,"gold_gain":0,"player_choice":"Obtained Book","damage_taken":16,"max_hp_gain":0,"max_hp_loss":0,"event_name":"Cursed Tome","floor":31,"gold_loss":0},{"damage_healed":0,"gold_gain":999,"player_choice":"Gold","damage_taken":0,"max_hp_gain":0,"max_hp_loss":0,"event_name":"MindBloom","floor":36,"gold_loss":0,"cards_obtained":["Normality","Normality"]},{"damage_healed":0,"gold_gain":0,"player_choice":"Memory 1","damage_taken":0,"max_hp_gain":0,"max_hp_loss":0,"event_name":"SensoryStone","floor":47,"gold_loss":0}],"is_beta":false,"boss_relics":[{"not_picked":["testmod-NegativeEmotionEnhancer","Cursed Key"],"picked":"Tiny House"},{"not_picked":[]},{"not_picked":["testmod-BatchProcessingSystem","testmod-SaigiyounoYou"],"picked":"DemoMod:WaxWing"},{"not_picked":[]}],"items_purged_floors":[13,17,21,25,34,37,48,48,53],"is_endless":false,"potions_floor_spawned":[1,5,8,11,18,20,33,38,41,44,45,46,54],"ascension_level":2}}