{"host":"eeuhgv8goqdjv4ip","time":1610338016,"event":{"mods":["2.2 Compatiblity","AchievementEnabler","BaseMod","Challenge The Spire","Colored Map","Colored Powertips","Conspire","Dark Map","Hubris","Infinite Spire","Marisa????????","Minty Spire (QoL Compilation)","Permanent Neow","Replay The Spire","SIMod","StSLib","The Animator","The Saiyan","The Servant 0.9.4","The Wild Card"],"gold_per_floor":[19,19,19,19,84,95,95,114,114,125,125,125],"floor_reached":11,"playtime":1360,"items_purged":[],"score":100,"play_id":"06698f7a-605b-4f72-8901-effc51f97740","local_time":"20210111000656","is_ascension_mode":true,"campfire_choices":[{"data":"Distraction","floor":7,"key":"SMITH"}],"circlet_count":0,"master_deck":["Strike_G","Strike_G","Strike_G","Strike_G","Strike_G","Defend_G","Defend_G","Defend_G","Defend_G","Defend_G","Survivor","Neutralize","Distraction+1","Delirium","Blade Dance","Hidden Blade","Crippling Poison","Deadly Poison"],"relics":["Sizzling Blood","hubris:CrystalStatue","ReplayTheSpireMod:Ring of Challenge","Toy Ornithopter"],"acts_visited":["Exordium"],"potions_floor_usage":[],"damage_taken":[{"damage":12,"enemies":"Jaw Worm","floor":1,"turns":6},{"damage":17,"enemies":"Small Slimes","floor":5,"turns":8},{"damage":5,"enemies":"Cultist","floor":6,"turns":4},{"damage":0,"enemies":"Blue Slaver","floor":8,"turns":2},{"damage":0,"enemies":"2 Fungi Beasts","floor":10,"turns":4},{"damage":0,"enemies":"Gremlin Nob","floor":11,"turns":2}],"seed_played":"-7418237655022225889","potions_obtained":[{"floor":1,"key":"Dexterity Potion"},{"floor":6,"key":"LiquidMemories"}],"is_trial":false,"path_per_floor":["M","?","?","?","M","M","R","M","T","M","E"],"character_chosen":"THE_SILENT","items_purchased":[],"campfire_rested":0,"item_purchase_floors":[],"current_hp_per_floor":[72,76,76,76,63,62,62,66,66,70,70,70],"gold":125,"neow_bonus":"TWENTY_PERCENT_HP_BONUS","is_daily":false,"chose_seed":false,"campfire_upgraded":1,"win_rate":0.0,"timestamp":1610338016,"path_taken":["M","?","?","?","M","M","R","M","T","M","E"],"items_purchased_type":[],"build_version":"2020-12-22","purchased_purges":0,"victory":false,"max_hp_per_floor":[84,88,88,88,88,88,88,88,88,88,88,88],"card_choices":[{"not_picked":["Sucker Punch","Bane"],"picked":"Distraction","floor":1},{"not_picked":["Draining Mist","Slice"],"picked":"Blade Dance","floor":5},{"not_picked":["Grand Finale","Underhanded Strike"],"picked":"Hidden Blade","floor":6},{"not_picked":["ReplayTheSpireMod:Tripwire","All Out Attack"],"picked":"Crippling Poison","floor":8},{"not_picked":["Prepared","Hidden Blade"],"picked":"Deadly Poison","floor":10}],"player_experience":460872,"relics_obtained":[{"floor":3,"key":"hubris:CrystalStatue"},{"floor":4,"key":"ReplayTheSpireMod:Ring of Challenge"},{"floor":9,"key":"Toy Ornithopter"}],"event_choices":[],"is_beta":false,"boss_relics":[],"items_purged_floors":[],"is_endless":false,"potions_floor_spawned":[1,6],"killed_by":"Gremlin Nob","ascension_level":3}}