{"host":"rwomhe7k24zy6c7l","time":1610375171,"event":{"mods":["Act Like it!","BaseMod","Colored Powertips","Conspire","Gensokyo","Luminous","Minty Spire (QoL Compilation)","RumiaBox-露米娅的神秘盒子","StSLib","The Bug Knight","Waifu the Spire","WarShipGirlsR/战舰少女R mod"],"gold_per_floor":[114,36,59,79,79,113,113,113,113,132,173,173,173,204,204,204,204],"floor_reached":16,"playtime":747,"items_purged":[],"score":108,"play_id":"2fe84c0a-02cb-4d62-9893-b52423c4a941","local_time":"20210111222611","is_ascension_mode":false,"campfire_choices":[{"data":"rmod:spoils","floor":8.0,"key":"SMITH"},{"floor":12.0,"key":"REST"},{"floor":15.0,"key":"REST"}],"circlet_count":0,"master_deck":["rmod:strick","rmod:strick+1","rmod:strick","rmod:strick","rmod:defend","rmod:defend+1","rmod:defend","rmod:defend","rmod:basicallowance","rmod:maingunfire","rmod:chargemoney+1","rmod:spoils+1","rmod:expedition","rmod:ring"],"relics":["rmod:firstchargereward","Vajra","Orichalcum","Kunai","conspire:InfiniteJournal"],"acts_visited":["Exordium"],"potions_floor_usage":[],"damage_taken":[{"damage":6.0,"enemies":"Cultist","floor":1.0,"turns":3.0},{"damage":0.0,"enemies":"2 Louse","floor":4.0,"turns":2.0},{"damage":17.0,"enemies":"Gremlin Nob","floor":6.0,"turns":4.0},{"damage":1.0,"enemies":"Small Slimes","floor":10.0,"turns":3.0},{"damage":28.0,"enemies":"Lagavulin","floor":11.0,"turns":10.0},{"damage":7.0,"enemies":"Red Slaver","floor":14.0,"turns":4.0},{"damage":45,"enemies":"The Guardian","floor":16,"turns":5}],"seed_played":"-4834212159576535670","potions_obtained":[{"floor":1.0,"key":"SpeedPotion"},{"floor":6.0,"key":"Block Potion"}],"is_trial":false,"path_per_floor":["M","$","T","M","?","E","$","R","T","M","E","R","?","M","R","B"],"character_chosen":"PRAEFECT","items_purchased":["rmod:chargemoney"],"campfire_rested":2,"item_purchase_floors":[2],"current_hp_per_floor":[69,69,69,69,54,37,37,37,37,36,8,30,30,23,45,0,0],"gold":204,"neow_bonus":"RANDOM_COMMON_RELIC","is_daily":false,"chose_seed":false,"campfire_upgraded":1,"win_rate":0.0,"timestamp":1610375171,"path_taken":["M","$","?","M","?","E","$","R","T","M","E","R","?","M","R","BOSS"],"items_purchased_type":["Card"],"build_version":"2020-12-22","purchased_purges":0,"victory":false,"max_hp_per_floor":[75,75,75,75,75,75,75,75,75,75,75,75,75,75,75,75,75],"card_choices":[{"not_picked":["rmod:firesupport","rmod:generalist","rmod:guardianhero"],"picked":"SKIP","floor":1.0},{"not_picked":["rmod:launchingtorpedo","rmod:tearstotiara"],"picked":"rmod:spoils","floor":4.0},{"not_picked":["rmod:spoils","rmod:capitalist","rmod:garrisonisland"],"picked":"SKIP","floor":6.0},{"not_picked":["rmod:chargemoney","rmod:robin"],"picked":"rmod:expedition","floor":10.0},{"not_picked":["rmod:combined","rmod:shuttlebombing"],"picked":"rmod:ring","floor":11.0},{"not_picked":["rmod:generalist","rmod:tearstotiara","rmod:royalracing"],"picked":"SKIP","floor":14.0}],"player_experience":131004,"relics_obtained":[{"floor":3.0,"key":"Orichalcum"},{"floor":6.0,"key":"Kunai"},{"floor":9.0,"key":"conspire:InfiniteJournal"}],"event_choices":[{"damage_healed":0.0,"max_hp_gain":0.0,"max_hp_loss":0.0,"gold_gain":0.0,"event_name":"Shining Light","player_choice":"Entered Light","floor":5.0,"gold_loss":0.0,"damage_taken":15.0,"cards_upgraded":["rmod:defend","rmod:strick"]},{"damage_healed":0.0,"max_hp_gain":0.0,"max_hp_loss":0.0,"gold_gain":0.0,"event_name":"Accursed Blacksmith","player_choice":"Forge","floor":13.0,"gold_loss":0.0,"damage_taken":0.0,"cards_upgraded":["rmod:chargemoney"]}],"is_beta":false,"boss_relics":[],"items_purged_floors":[],"is_endless":false,"potions_floor_spawned":[1,6],"killed_by":"The Guardian","ascension_level":0}}