{"host":"1mv6gj0zv8k9e9tz","time":1610363562,"event":{"mods":["AchievementEnabler","BaseMod","Better Third Choice","Colored Map","KOR Keyword Fix","Minty Spire (QoL Compilation)","Permanent Neow","Rare Cards Sparkle","StSLib"],"gold_per_floor":[116,116,41,52,127,127,77,87,87,20,75,75,85,116,116,217,217,232,282,302,202,112,112,129,129,129,129,144,174,189,204,204,301,301,314,325,344,344,111,111,141,49,49,49,68,88,88,103,103,103,103],"floor_reached":50,"playtime":2428,"items_purged":["Strike_P","Strike_P"],"score":645,"play_id":"ab73a1c9-f312-4ad5-a059-2930dde28876","local_time":"20210111201242","is_ascension_mode":true,"campfire_choices":[{"data":"Alpha","floor":6.0,"key":"SMITH"},{"data":"Vault","floor":12.0,"key":"SMITH"},{"floor":15.0,"key":"REST"},{"data":"Omniscience","floor":23.0,"key":"SMITH"},{"data":"ThirdEye","floor":25.0,"key":"SMITH"},{"data":"Adaptation","floor":27.0,"key":"SMITH"},{"data":"Eruption","floor":32.0,"key":"SMITH"},{"data":"DeusExMachina","floor":40,"key":"SMITH"},{"floor":47,"key":"REST"},{"floor":49,"key":"RECALL"}],"circlet_count":0,"master_deck":["Defend_P","Defend_P","Defend_P","Defend_P","Eruption+1","Vigilance","Alpha+1","Halt+1","Adaptation+1","Vault+1","ThirdEye+1","Omniscience+1","SashWhip+1","Wireheading+1","DeusExMachina+1","Evaluate+1","DevaForm","Vault+1","Bandage Up","Finesse","ThirdEye+1","DeceiveReality+1"],"relics":["HolyWater","MealTicket","Question Card","StrikeDummy","Oddly Smooth Stone","Bottled Tornado","PreservedInsect","VioletLotus","Lee\u0027s Waffle","Pear","TeardropLocket"],"acts_visited":["Exordium","TheCity","TheBeyond"],"potions_floor_usage":[41,50],"damage_taken":[{"damage":6.0,"enemies":"Small Slimes","floor":1.0,"turns":5.0},{"damage":10.0,"enemies":"Jaw Worm","floor":4.0,"turns":5.0},{"damage":5.0,"enemies":"2 Louse","floor":8.0,"turns":4.0},{"damage":34.0,"enemies":"Gremlin Nob","floor":11.0,"turns":4.0},{"damage":3.0,"enemies":"Large Slime","floor":13.0,"turns":4.0},{"damage":23.0,"enemies":"Gremlin Nob","floor":14.0,"turns":4.0},{"damage":14.0,"enemies":"Slime Boss","floor":16.0,"turns":6.0},{"damage":4.0,"enemies":"3 Byrds","floor":18.0,"turns":2.0},{"damage":0.0,"enemies":"Shell Parasite","floor":20.0,"turns":2.0},{"damage":0.0,"enemies":"Shelled Parasite and Fungi","floor":24.0,"turns":2.0},{"damage":0.0,"enemies":"Centurion and Healer","floor":28.0,"turns":5.0},{"damage":21.0,"enemies":"Book of Stabbing","floor":29.0,"turns":3.0},{"damage":2.0,"enemies":"Snake Plant","floor":30.0,"turns":4.0},{"damage":2.0,"enemies":"Snecko","floor":31.0,"turns":3.0},{"damage":19.0,"enemies":"Champ","floor":33.0,"turns":6.0},{"damage":0.0,"enemies":"Orb Walker","floor":35.0,"turns":3.0},{"damage":3,"enemies":"3 Shapes","floor":36,"turns":2},{"damage":39,"enemies":"Jaw Worm Horde","floor":37,"turns":4},{"damage":74,"enemies":"Reptomancer","floor":41,"turns":4},{"damage":22,"enemies":"Spire Growth","floor":45,"turns":7},{"damage":0,"enemies":"3 Darklings","floor":46,"turns":3},{"damage":0,"enemies":"4 Shapes","floor":48,"turns":4},{"damage":54,"enemies":"Awakened One","floor":50,"turns":8}],"seed_played":"6158000234954901824","potions_obtained":[{"floor":8.0,"key":"CultistPotion"},{"floor":13.0,"key":"ColorlessPotion"},{"floor":14.0,"key":"SkillPotion"},{"floor":20.0,"key":"SpeedPotion"},{"floor":24.0,"key":"Dexterity Potion"},{"floor":36,"key":"Explosive Potion"},{"floor":37,"key":"EssenceOfSteel"},{"floor":45,"key":"LiquidBronze"}],"is_trial":false,"path_per_floor":["M","?","$","M","?","R","?","M","T","$","?","R","M","E","R","B",null,"M","?","M","$","?","R","M","R","T","R","M","E","M","M","R","B",null,"M","M","M","?","$","R","E","$","T","T","M","M","R","M","R","B"],"character_chosen":"WATCHER","items_purchased":["Adaptation","Lee\u0027s Waffle","Bandage Up","Finesse"],"campfire_rested":2,"item_purchase_floors":[10,39,39,42],"current_hp_per_floor":[66,59,72,62,51,51,51,46,46,61,27,27,24,1,22,8,72,68,68,68,72,72,72,72,72,72,72,72,51,49,47,47,28,72,72,69,30,30,79,79,19,34,34,34,16,20,46,50,50,0,0],"gold":103,"neow_bonus":"ONE_RANDOM_RARE_CARD","is_daily":false,"chose_seed":false,"campfire_upgraded":7,"win_rate":0.0,"timestamp":1610363562,"path_taken":["M","?","$","M","?","R","?","M","T","$","?","R","M","E","R","BOSS","M","?","?","?","?","R","M","R","T","R","?","E","M","M","R","BOSS","M","M","M","?","?","R","E","$","T","?","M","M","R","M","R","BOSS"],"items_purchased_type":["Card","Relic","Card","Card"],"build_version":"2020-12-22","purchased_purges":2,"victory":false,"max_hp_per_floor":[72,72,72,72,72,72,72,72,72,72,72,72,72,72,72,72,72,72,72,72,72,72,72,72,72,72,72,72,72,72,72,72,72,72,72,72,72,72,79,79,89,89,89,89,89,89,89,89,89,89,89],"card_choices":[{"not_picked":["ClearTheMind","CrushJoints","FollowUp"],"picked":"SKIP","floor":1.0},{"not_picked":["Crescendo","TalkToTheHand"],"picked":"Halt","floor":4.0},{"not_picked":["SashWhip","CrushJoints","SignatureMove"],"picked":"SKIP","floor":8.0},{"not_picked":["FollowUp","Evaluate","SashWhip"],"picked":"Vault","floor":11.0},{"not_picked":["Conclude","Worship","DeceiveReality"],"picked":"ThirdEye","floor":13.0},{"not_picked":["Fasting2","CrushJoints","Swivel","FlyingSleeves"],"picked":"SKIP","floor":14.0},{"not_picked":["Vault","Alpha","Scrawl"],"picked":"Omniscience","floor":16.0},{"not_picked":["PathToVictory","Consecrate","BattleHymn","Crescendo"],"picked":"SKIP","floor":18.0},{"not_picked":["Nirvana","CarveReality","ReachHeaven+1","PathToVictory+1"],"picked":"SKIP","floor":20.0},{"not_picked":["FearNoEvil","Meditate","Halt"],"picked":"SashWhip+1","floor":24.0},{"not_picked":["Perseverance+1","EmptyBody+1","SashWhip"],"picked":"Wireheading+1","floor":28.0},{"not_picked":["ClearTheMind","Meditate","Blasphemy","Crescendo"],"picked":"SKIP","floor":29.0},{"not_picked":["ClearTheMind","Meditate","Blasphemy","Crescendo"],"picked":"SKIP","floor":29.0},{"not_picked":["FlyingSleeves","Collect+1","EmptyBody","ClearTheMind"],"picked":"SKIP","floor":30.0},{"not_picked":["Meditate","ThirdEye","ClearTheMind","BowlingBash"],"picked":"SKIP","floor":31.0},{"not_picked":["Omniscience","Blasphemy","Establishment"],"picked":"DeusExMachina","floor":33.0},{"not_picked":["FlurryOfBlows+1","EmptyFist","CutThroughFate"],"picked":"Evaluate+1","floor":35.0},{"not_picked":["Prostrate+1","SashWhip+1","WheelKick","FlurryOfBlows"],"picked":"SKIP","floor":36},{"not_picked":["PathToVictory+1","Consecrate+1","Conclude"],"picked":"DevaForm","floor":37},{"not_picked":["FollowUp+1","ThirdEye","Halt","Judgement"],"picked":"SKIP","floor":41},{"not_picked":["Crescendo+1","InnerPeace","Weave"],"picked":"ThirdEye+1","floor":45},{"not_picked":["Wallop+1","Consecrate","Swivel"],"picked":"DeceiveReality+1","floor":46},{"not_picked":["FollowUp+1","Protect+1","Evaluate","CarveReality+1"],"picked":"SKIP","floor":48}],"player_experience":513709,"relics_obtained":[{"floor":9.0,"key":"Question Card"},{"floor":14.0,"key":"Oddly Smooth Stone"},{"floor":26.0,"key":"Bottled Tornado"},{"floor":29.0,"key":"PreservedInsect"},{"floor":41,"key":"Pear"},{"floor":44,"key":"TeardropLocket"}],"event_choices":[{"damage_healed":0.0,"max_hp_gain":0.0,"max_hp_loss":0.0,"gold_gain":0.0,"event_name":"betterThird:BetterScrap","player_choice":"Relic ","floor":2.0,"gold_loss":0.0,"damage_taken":7.0,"cards_obtained":["Bludgeon"]},{"damage_healed":0.0,"max_hp_gain":0.0,"max_hp_loss":0.0,"gold_gain":75.0,"event_name":"betterThird:BetterGoop","player_choice":"Gold","floor":5.0,"gold_loss":0.0,"damage_taken":11.0},{"cards_removed":["Strike_P"],"damage_healed":0.0,"max_hp_gain":0.0,"max_hp_loss":0.0,"gold_gain":0.0,"event_name":"The Cleric","player_choice":"Card Removal","floor":7.0,"gold_loss":50.0,"damage_taken":0.0},{"damage_healed":0.0,"max_hp_gain":0.0,"max_hp_loss":0.0,"gold_gain":30.0,"event_name":"Dead Adventurer","player_choice":"Searched \u00273\u0027 times","floor":11.0,"gold_loss":0.0,"damage_taken":0.0,"relics_obtained":["StrikeDummy"]},{"damage_healed":0.0,"max_hp_gain":0.0,"max_hp_loss":0.0,"gold_gain":100.0,"event_name":"The Joust","player_choice":"Bet on Murderer","floor":19.0,"gold_loss":50.0,"damage_taken":0.0},{"cards_removed":["Strike_P"],"damage_healed":0.0,"max_hp_gain":0.0,"max_hp_loss":0.0,"gold_gain":0.0,"event_name":"Designer","player_choice":"Upgrade and Remove","floor":22.0,"gold_loss":90.0,"damage_taken":0.0,"cards_upgraded":["Halt"]},{"damage_healed":0,"gold_gain":0,"player_choice":"Copied","damage_taken":0,"max_hp_gain":0,"max_hp_loss":0,"event_name":"Duplicator","floor":38,"gold_loss":0,"cards_obtained":["Vault"]}],"is_beta":false,"boss_relics":[{"not_picked":["Tiny House","SlaversCollar"],"picked":"HolyWater"},{"not_picked":["Busted Crown","Runic Dome"],"picked":"VioletLotus"}],"items_purged_floors":[3,21],"is_endless":false,"potions_floor_spawned":[8,13,14,20,24,28,36,37,45,46],"killed_by":"Awakened One","ascension_level":4}}