{"host":"tb138zs7vhci6g1j","time":1610408503,"event":{"mods":["2.2 Compatiblity","Aspiration","BaseMod","Better Note","Friendly Minions","Minty Spire (QoL Compilation)","RNG Fix","Rare Cards Sparkle","StSLib","The Marked"],"gold_per_floor":[113,126,140,160,172,172,206,221,221,247,257,257,74,92,92,192,192,177,194,213,8,8,8,35,35,89,101,101,115,146,166,166,265,265,275,275,293,311,221,250,265,265,265,4,37,37,66,120,120,120],"floor_reached":51,"playtime":6451,"items_purged":["theMarked:Strike"],"score":1118,"play_id":"b9160c18-d241-4f27-bec2-c8ee4fe0a4ff","local_time":"20210112014143","is_ascension_mode":true,"campfire_choices":[{"data":"theMarked:SoldierOfQuellstein","floor":6.0,"key":"SMITH"},{"data":"theMarked:Improvise","floor":12.0,"key":"SMITH"},{"floor":15,"key":"REST"},{"data":"theMarked:FavorableWinds","floor":23,"key":"SMITH"},{"floor":25,"key":"REST"},{"data":"theMarked:SoldierForm","floor":28,"key":"SMITH"},{"floor":32,"key":"REST"},{"data":"theMarked:MuscleMemory","floor":42,"key":"SMITH"},{"data":"theMarked:Overthink","floor":46,"key":"SMITH"},{"data":"theMarked:WastefulDefense","floor":49,"key":"SMITH"}],"circlet_count":0,"master_deck":["theMarked:Strike","theMarked:Strike","theMarked:Strike","theMarked:Defend","theMarked:Defend","theMarked:Defend","theMarked:Defend","theMarked:SoldierOfQuellstein+1","theMarked:WastefulDefense+1","theMarked:HeightenedSenses","theMarked:Overthink+1","theMarked:CreepingChasm","theMarked:WastefulAttack","theMarked:CreepingChasm","theMarked:FavorableWinds+1","theMarked:Improvise+1","theMarked:ReduceFriction+1","theMarked:MuscleMemory+1","theMarked:SwordAndMagic","theMarked:RepellingDischarge+1","theMarked:SoldierOfQuellstein+1","theMarked:SoldierForm+1","theMarked:ChainLightning+1","theMarked:RepellingDischarge+1","theMarked:MaelstromOfLightning+1","theMarked:RepellingDischarge+1","theMarked:RepellingDischarge+1","theMarked:Indomitable+1","theMarked:WastefulDefense+1","theMarked:GodGivenPower+1","theMarked:RogueSparks+1"],"relics":["theMarked:ArtifactOfAir","aspiration:SeaSaltIceCream","NeowsBlessing","Vajra","Regal Pillow","Membership Card","theMarked:SpiritSword","Happy Flower","StrikeDummy","Nunchaku","Bronze Scales","PreservedInsect","Coffee Dripper","Ancient Tea Set","Bag of Marbles","Potion Belt","Bird Faced Urn","TheAbacus","CaptainsWheel","Dead Branch","aspiration:AnachronicSnailShell"],"acts_visited":["Exordium","TheCity","TheBeyond"],"potions_floor_usage":[14,16,19,27,29,33,33,45,45,50,50,50],"damage_taken":[{"damage":1.0,"enemies":"Cultist","floor":1.0,"turns":4.0},{"damage":0.0,"enemies":"Small Slimes","floor":2.0,"turns":3.0},{"damage":0.0,"enemies":"2 Louse","floor":3.0,"turns":3.0},{"damage":6.0,"enemies":"Blue Slaver","floor":4.0,"turns":5.0},{"damage":4.0,"enemies":"Red Slaver","floor":5.0,"turns":5.0},{"damage":19.0,"enemies":"3 Sentries","floor":7.0,"turns":10.0},{"damage":0.0,"enemies":"2 Fungi Beasts","floor":8.0,"turns":1.0},{"damage":0.0,"enemies":"Lagavulin","floor":10.0,"turns":2.0},{"damage":0.0,"enemies":"Large Slime","floor":11.0,"turns":1.0},{"damage":8,"enemies":"Exordium Wildlife","floor":14,"turns":3},{"damage":55,"enemies":"Hexaghost","floor":16,"turns":12},{"damage":13,"enemies":"2 Thieves","floor":18,"turns":4},{"damage":1,"enemies":"3 Byrds","floor":19,"turns":4},{"damage":17,"enemies":"3 Cultists","floor":20,"turns":5},{"damage":24,"enemies":"Slavers","floor":24,"turns":5},{"damage":6,"enemies":"Snake Plant","floor":27,"turns":3},{"damage":13,"enemies":"Centurion and Healer","floor":29,"turns":2},{"damage":8,"enemies":"Gremlin Leader","floor":30,"turns":4},{"damage":0,"enemies":"Cultist and Chosen","floor":31,"turns":3},{"damage":31,"enemies":"Champ","floor":33,"turns":5},{"damage":15,"enemies":"3 Darklings","floor":35,"turns":5},{"damage":11,"enemies":"3 Shapes","floor":37,"turns":4},{"damage":21,"enemies":"Jaw Worm Horde","floor":38,"turns":3},{"damage":33,"enemies":"Reptomancer","floor":40,"turns":5},{"damage":0,"enemies":"3 Darklings","floor":41,"turns":3},{"damage":0,"enemies":"Giant Head","floor":45,"turns":5},{"damage":10,"enemies":"Reptomancer","floor":47,"turns":5},{"damage":18,"enemies":"2 Orb Walkers","floor":48,"turns":5},{"damage":10,"enemies":"Time Eater","floor":50,"turns":4}],"seed_played":"-4585889959396815762","potions_obtained":[{"floor":1.0,"key":"Fruit Juice"},{"floor":4.0,"key":"DuplicationPotion"},{"floor":5.0,"key":"AttackPotion"},{"floor":10.0,"key":"theMarked:ChargePotion"},{"floor":11.0,"key":"Strength Potion"},{"floor":16,"key":"Block Potion"},{"floor":24,"key":"Energy Potion"},{"floor":27,"key":"SkillPotion"},{"floor":30,"key":"SmokeBomb"},{"floor":31,"key":"Weak Potion"},{"floor":33,"key":"Fruit Juice"},{"floor":35,"key":"DuplicationPotion"},{"floor":37,"key":"GamblersBrew"},{"floor":41,"key":"Regen Potion"},{"floor":48,"key":"DuplicationPotion"}],"is_trial":false,"path_per_floor":["M","M","M","M","M","R","E","M","T","E","M","R","$","M","R","B",null,"M","M","M","$","?","R","E","R","T","M","R","M","E","M","R","B",null,"M","?","M","M","?","E","M","R","T","$","E","R","E","?","R","B",null],"character_chosen":"THE_DEFAULT","items_purchased":["Membership Card","Happy Flower","StrikeDummy","Bird Faced Urn","TheAbacus","Regen Potion"],"campfire_rested":3,"item_purchase_floors":[13,21,21,44,44,44],"current_hp_per_floor":[63,63,63,57,53,53,34,34,34,34,34,34,34,26,67,12,70,57,56,39,39,39,39,15,56,56,50,50,37,29,29,70,44,82,67,67,56,35,35,2,2,2,2,2,38,38,30,16,16,16],"gold":120,"neow_bonus":"TWENTY_PERCENT_HP_BONUS","is_daily":false,"chose_seed":false,"campfire_upgraded":7,"win_rate":0.0,"timestamp":1610408503,"path_taken":["M","M","M","M","?","R","E","M","T","E","?","R","$","M","R","BOSS","M","M","M","$","?","R","E","R","T","M","R","M","E","M","R","BOSS","M","?","M","M","?","E","M","R","T","$","E","R","E","?","R","BOSS"],"items_purchased_type":["Relic","Relic","Relic","Relic","Relic","Potion"],"build_version":"2020-12-22","purchased_purges":1,"victory":true,"max_hp_per_floor":[89,89,89,89,89,89,89,89,89,89,89,89,89,89,89,89,89,89,89,89,89,89,89,89,89,89,89,89,89,89,89,89,94,94,94,94,94,94,94,94,94,94,94,94,94,94,94,94,94,94],"card_choices":[{"not_picked":["theMarked:Reabsorb","theMarked:ElectricStrings"],"picked":"theMarked:WastefulDefense","floor":1.0},{"not_picked":["theMarked:EmpowerWeapon","theMarked:Seal"],"picked":"theMarked:HeightenedSenses","floor":2.0},{"not_picked":["theMarked:SwordAndMagic","theMarked:ContemptForTheProud"],"picked":"theMarked:Overthink","floor":3.0},{"not_picked":["theMarked:Improvise","theMarked:RepellingDischarge"],"picked":"theMarked:CreepingChasm","floor":4.0},{"not_picked":["theMarked:Parkour","theMarked:BanishingStrike"],"picked":"theMarked:WastefulAttack","floor":5.0},{"not_picked":["theMarked:TwofoldDefense","theMarked:ElectricStrings"],"picked":"theMarked:CreepingChasm","floor":7.0},{"not_picked":["theMarked:Seal","theMarked:Reabsorb"],"picked":"theMarked:FavorableWinds","floor":8.0},{"not_picked":["theMarked:Aftermath","theMarked:ResourceFulStrike"],"picked":"theMarked:Improvise","floor":10.0},{"not_picked":["theMarked:WastefulDefense","theMarked:WastefulAttack"],"picked":"theMarked:ReduceFriction","floor":11.0},{"not_picked":["theMarked:Electrify","theMarked:Improvise","theMarked:WastefulDefense"],"picked":"SKIP","floor":14},{"not_picked":["theMarked:Abjuration","theMarked:ThrowWeapon"],"picked":"theMarked:MuscleMemory","floor":16},{"not_picked":["theMarked:Parkour","theMarked:MaelstromOfLightning"],"picked":"theMarked:SwordAndMagic","floor":18},{"not_picked":["theMarked:WastefulDefense","theMarked:HeightenedSenses"],"picked":"theMarked:RepellingDischarge+1","floor":19},{"not_picked":["theMarked:WastefulAttack","theMarked:Aftermath","theMarked:Polarize"],"picked":"SKIP","floor":20},{"not_picked":["theMarked:BanishingStrike+1","theMarked:HeightenedSenses"],"picked":"theMarked:SoldierForm","floor":24},{"not_picked":["theMarked:HeritageOfTheMarked+1","theMarked:HeightenedSenses"],"picked":"theMarked:ChainLightning+1","floor":27},{"not_picked":["theMarked:WardOff","theMarked:Static"],"picked":"theMarked:RepellingDischarge+1","floor":29},{"not_picked":["theMarked:UnarmedFury","theMarked:ComboAttacks"],"picked":"theMarked:MaelstromOfLightning+1","floor":30},{"not_picked":["theMarked:ChainLightning","theMarked:ComboAttacks","theMarked:Aftermath"],"picked":"SKIP","floor":31},{"not_picked":["theMarked:BanishingStrike","theMarked:Generate+1"],"picked":"theMarked:RepellingDischarge+1","floor":35},{"not_picked":["theMarked:Electrify+1","theMarked:Parkour"],"picked":"theMarked:RepellingDischarge+1","floor":37},{"not_picked":["theMarked:Frustration+1","theMarked:Parkour"],"picked":"theMarked:Indomitable+1","floor":38},{"not_picked":["theMarked:Aftermath+1","theMarked:EnhanceMovement","theMarked:SoldierForm"],"picked":"SKIP","floor":40},{"not_picked":["theMarked:Parkour+1","theMarked:WardOff+1"],"picked":"theMarked:WastefulDefense+1","floor":41},{"not_picked":["theMarked:ChannelForce","theMarked:Electrocute+1","theMarked:CreepingChasm"],"picked":"SKIP","floor":45},{"not_picked":["theMarked:ChainLightning+1","theMarked:WardOff+1"],"picked":"theMarked:GodGivenPower+1","floor":47},{"not_picked":["theMarked:Static","theMarked:Aftermath+1"],"picked":"theMarked:RogueSparks+1","floor":48}],"player_experience":1725097,"relics_obtained":[{"floor":7.0,"key":"aspiration:SeaSaltIceCream"},{"floor":9.0,"key":"Vajra"},{"floor":10.0,"key":"Regal Pillow"},{"floor":24,"key":"Nunchaku"},{"floor":26,"key":"Bronze Scales"},{"floor":30,"key":"PreservedInsect"},{"floor":40,"key":"Bag of Marbles"},{"floor":43,"key":"Potion Belt"},{"floor":45,"key":"CaptainsWheel"},{"floor":47,"key":"Dead Branch"},{"floor":48,"key":"aspiration:AnachronicSnailShell"}],"event_choices":[{"cards_removed":["theMarked:SoldierOfQuellstein"],"damage_healed":0,"gold_gain":0,"player_choice":"Take \u0026 Give","damage_taken":0,"max_hp_gain":0,"max_hp_loss":0,"event_name":"betterNote:BetterNote","floor":22,"gold_loss":0,"cards_obtained":["theMarked:SoldierOfQuellstein"]},{"damage_healed":0,"gold_gain":0,"player_choice":"Gave Potion","damage_taken":0,"relics_obtained":["Ancient Tea Set"],"max_hp_gain":0,"max_hp_loss":0,"event_name":"WeMeetAgain","floor":36,"gold_loss":0},{"cards_removed":["theMarked:Strike"],"damage_healed":0,"gold_gain":0,"player_choice":"Upgrade and Remove","damage_taken":0,"max_hp_gain":0,"max_hp_loss":0,"event_name":"Designer","floor":39,"gold_loss":90,"cards_upgraded":["theMarked:ReduceFriction"]},{"damage_healed":0,"gold_gain":0,"player_choice":"Fight","damage_taken":0,"max_hp_gain":0,"max_hp_loss":0,"event_name":"Mysterious Sphere","floor":48,"gold_loss":0}],"is_beta":false,"boss_relics":[{"not_picked":["aspiration:SilentSkillbook","aspiration:RunicSpoon"],"picked":"theMarked:SpiritSword"},{"not_picked":["Runic Dome","theMarked:BronzeBlade"],"picked":"Coffee Dripper"}],"items_purged_floors":[13],"is_endless":false,"potions_floor_spawned":[1,4,5,10,11,16,24,27,30,31,33,35,37,41,48],"ascension_level":7}}