{"host":"yn1175etg9ni8l0q","time":1610390090,"event":{"mods":["AchievementEnabler","BaseMod","Colored Map","Colored Powertips","DeckTracker","Minty Spire (QoL Compilation)","Rare Cards Sparkle","Relic Stats","SuperFastMode","everything is the same but u backflip on backflip"],"gold_per_floor":[119,136,153,78,98,98,98,98,121,133,147,157,169,119,119,216,216,227,243,256,256,276,276,295,295,295,308,321,347,347,364,364,364,364],"floor_reached":33,"playtime":1125,"items_purged":["Strike_G"],"score":292,"play_id":"8c4cd875-ff95-4954-8996-b98092488dda","local_time":"20210112033450","is_ascension_mode":false,"campfire_choices":[{"data":"Neutralize","floor":6.0,"key":"SMITH"},{"data":"Phantasmal Killer","floor":15.0,"key":"SMITH"},{"floor":23,"key":"REST"},{"floor":25,"key":"REST"},{"floor":30,"key":"REST"},{"floor":32,"key":"REST"}],"circlet_count":0,"master_deck":["Strike_G","Strike_G","Strike_G","Defend_G","Defend_G","Defend_G","Defend_G","Survivor","Neutralize+1","Flash of Steel","Escape Plan","Dagger Throw","Acrobatics","Phantasmal Killer+1","Terror","Blur","Wraith Form v2","Backstab","Deflect","Footwork+1","Noxious Fumes+1","Skewer","Cloak And Dagger"],"relics":["Ring of the Snake","Centennial Puzzle","MealTicket","Bronze Scales","Blood Vial"],"acts_visited":["Exordium","TheCity"],"potions_floor_usage":[20,29,29,29,29,29,29],"damage_taken":[{"damage":0.0,"enemies":"Small Slimes","floor":1.0,"turns":6.0},{"damage":1.0,"enemies":"Jaw Worm","floor":2.0,"turns":5.0},{"damage":0.0,"enemies":"2 Louse","floor":3.0,"turns":2.0},{"damage":4.0,"enemies":"Blue Slaver","floor":5.0,"turns":4.0},{"damage":6.0,"enemies":"Gremlin Gang","floor":10.0,"turns":6.0},{"damage":0.0,"enemies":"Looter","floor":11.0,"turns":3.0},{"damage":1.0,"enemies":"Red Slaver","floor":12.0,"turns":3.0},{"damage":0.0,"enemies":"Blue Slaver","floor":13.0,"turns":4.0},{"damage":5,"enemies":"Hexaghost","floor":16,"turns":11},{"damage":17,"enemies":"2 Thieves","floor":18,"turns":4},{"damage":16,"enemies":"3 Byrds","floor":19,"turns":9},{"damage":19,"enemies":"3 Cultists","floor":20,"turns":8},{"damage":4,"enemies":"Centurion and Healer","floor":22,"turns":9},{"damage":22,"enemies":"Snecko","floor":24,"turns":7},{"damage":1,"enemies":"Chosen and Byrds","floor":27,"turns":7},{"damage":24,"enemies":"Cultist and Chosen","floor":28,"turns":8},{"damage":25,"enemies":"Gremlin Leader","floor":29,"turns":4},{"damage":19,"enemies":"Shelled Parasite and Fungi","floor":31,"turns":7},{"damage":48,"enemies":"Collector","floor":33,"turns":10}],"seed_played":"-4157934260799789834","potions_obtained":[{"floor":10.0,"key":"Poison Potion"},{"floor":11.0,"key":"CunningPotion"},{"floor":12.0,"key":"Ancient Potion"},{"floor":13.0,"key":"Regen Potion"},{"floor":21,"key":"EntropicBrew"},{"floor":21,"key":"Regen Potion"}],"is_trial":false,"path_per_floor":["M","M","M","$","M","R","?","?","T","M","M","M","M","?","R","B",null,"M","M","M","?","M","R","M","R","T","M","M","E","R","M","R","B"],"character_chosen":"THE_SILENT","items_purchased":[],"campfire_rested":4,"item_purchase_floors":[],"current_hp_per_floor":[70,69,69,69,65,65,65,62,62,56,56,55,55,55,55,50,70,53,37,18,18,14,35,13,34,34,33,9,18,39,22,43,0,0],"gold":364,"neow_bonus":"RANDOM_COLORLESS","is_daily":false,"chose_seed":false,"campfire_upgraded":2,"win_rate":0.0,"timestamp":1610390090,"path_taken":["M","M","M","$","M","R","?","?","T","M","M","M","M","?","R","BOSS","M","M","M","?","M","R","M","R","T","?","M","E","R","M","R","BOSS"],"items_purchased_type":[],"build_version":"2020-12-22","purchased_purges":1,"victory":false,"max_hp_per_floor":[70,70,70,70,70,70,70,70,70,70,70,70,70,70,70,70,70,70,70,70,70,70,70,70,70,70,70,70,70,70,70,70,70,70],"relic_stats":{"Blood Vial":4,"Centennial Puzzle":[39],"counters":[19,117],"Bronze Scales":[137],"MealTicket":0,"obtain_stats":[{"Blood Vial":29,"Centennial Puzzle":8,"Bronze Scales":26,"MealTicket":9,"Ring of the Snake":0},{"Blood Vial":17,"Centennial Puzzle":4,"Bronze Scales":14,"MealTicket":4,"Ring of the Snake":0},{"Blood Vial":100,"Centennial Puzzle":17,"Bronze Scales":81,"MealTicket":17,"Ring of the Snake":0}],"Ring of the Snake":[38]},"card_choices":[{"not_picked":["Madness","Blind"],"picked":"Flash of Steel","floor":0.0},{"not_picked":["Endless Agony","Cloak And Dagger"],"picked":"Escape Plan","floor":1.0},{"not_picked":["Flying Knee","Dodge and Roll"],"picked":"Dagger Throw","floor":2.0},{"not_picked":["Flying Knee","Noxious Fumes","Expertise"],"picked":"SKIP","floor":3.0},{"not_picked":["Setup","Bane","Dodge and Roll"],"picked":"SKIP","floor":5.0},{"not_picked":["Outmaneuver","PiercingWail"],"picked":"Acrobatics","floor":10.0},{"not_picked":["Crippling Poison","Quick Slash"],"picked":"Phantasmal Killer","floor":11.0},{"not_picked":["Eviscerate","Slice"],"picked":"Terror","floor":12.0},{"not_picked":["Bane","Well Laid Plans"],"picked":"Blur","floor":13.0},{"not_picked":["Doppelganger","Envenom"],"picked":"Wraith Form v2","floor":16},{"not_picked":["Footwork+1","Dagger Throw"],"picked":"Backstab","floor":18},{"not_picked":["Quick Slash","Leg Sweep"],"picked":"Deflect","floor":19},{"not_picked":["Choke","Escape Plan+1"],"picked":"Footwork+1","floor":20},{"not_picked":["Deadly Poison","Dodge and Roll"],"picked":"Noxious Fumes+1","floor":22},{"not_picked":["Well Laid Plans","Deflect","Sucker Punch"],"picked":"SKIP","floor":24},{"not_picked":["Deflect","Outmaneuver"],"picked":"Skewer","floor":27},{"not_picked":["Accuracy","Outmaneuver"],"picked":"Cloak And Dagger","floor":28},{"not_picked":["Tools of the Trade","Slice","Underhanded Strike"],"picked":"SKIP","floor":29},{"not_picked":["Outmaneuver","Cloak And Dagger","Heel Hook"],"picked":"SKIP","floor":31}],"player_experience":316335,"relics_obtained":[{"floor":9.0,"key":"MealTicket"},{"floor":26,"key":"Bronze Scales"},{"floor":29,"key":"Blood Vial"}],"event_choices":[{"cards_removed":["Strike_G"],"damage_healed":0.0,"max_hp_gain":0.0,"max_hp_loss":0.0,"gold_gain":0.0,"event_name":"Living Wall","player_choice":"Forget","floor":7.0,"gold_loss":0.0,"damage_taken":0.0},{"damage_healed":0.0,"max_hp_gain":0.0,"max_hp_loss":0.0,"gold_gain":0.0,"event_name":"Scrap Ooze","player_choice":"Success","floor":8.0,"gold_loss":0.0,"damage_taken":3.0,"relics_obtained":["Centennial Puzzle"]},{"cards_removed":["Defend_G"],"damage_healed":0.0,"max_hp_gain":0.0,"max_hp_loss":0.0,"gold_gain":0.0,"event_name":"The Cleric","player_choice":"Card Removal","floor":14.0,"gold_loss":50.0,"damage_taken":0.0},{"damage_healed":0,"gold_gain":0,"player_choice":"Got Potions","damage_taken":0,"max_hp_gain":0,"max_hp_loss":0,"event_name":"Lab","floor":21,"gold_loss":0}],"is_beta":false,"boss_relics":[{"not_picked":["Ectoplasm","Busted Crown","Sozu"]}],"items_purged_floors":[4],"is_endless":false,"potions_floor_spawned":[10,11,12,13,16,18,19,27],"killed_by":"Collector","ascension_level":0}}