{"host":"newqdrzxfhh2im9e","time":1610327764,"event":{"mods":["AchievementEnabler","BaseMod","BetterRewards","Block Reminder","Colored Map","Jorbs\u0027s Wanderer Trilogy","Minty Spire (QoL Compilation)","Rare Cards Sparkle","Shop Mod","StSLib"],"gold_per_floor":[117,117,192,367,383,383,402,13,13,27,40,40,55,70,70,171,171,181,38,38,38,55,55,55,55,80,80,80],"floor_reached":27,"playtime":1497,"items_purged":["Doubt"],"score":203,"play_id":"81fc2b4a-f866-46a4-a3cf-1e86e190ab94","local_time":"20210110171604","is_ascension_mode":false,"campfire_choices":[{"data":"Perseverance","floor":6,"key":"SMITH"},{"floor":15,"key":"REST"},{"data":"Wish","floor":23,"key":"SMITH"},{"data":"Pray","floor":25,"key":"SMITH"}],"circlet_count":0,"master_deck":["Strike_P","Strike_P","Strike_P","Strike_P","Defend_P","Defend_P","Defend_P","Eruption+1","Vigilance","Perseverance+1","Blasphemy","Wish+1","CurseOfTheBell","Sanctity+1","Pray+1","Shame"],"relics":["PureWater","Turnip","Centennial Puzzle","Calling Bell","Orichalcum","Matryoshka","CaptainsWheel","Lee\u0027s Waffle","Juzu Bracelet","Singing Bowl","Pocketwatch","Akabeko","Happy Flower"],"acts_visited":["Exordium","TheCity"],"potions_floor_usage":[5,13,16,16,18,27],"damage_taken":[{"damage":0,"enemies":"Cultist","floor":1,"turns":3},{"damage":9,"enemies":"Small Slimes","floor":5,"turns":5},{"damage":0,"enemies":"Jaw Worm","floor":7,"turns":4},{"damage":2,"enemies":"Looter","floor":10,"turns":2},{"damage":3,"enemies":"Lots of Slimes","floor":11,"turns":2},{"damage":15,"enemies":"Exordium Wildlife","floor":13,"turns":5},{"damage":0,"enemies":"Large Slime","floor":14,"turns":8},{"damage":44,"enemies":"The Guardian","floor":16,"turns":14},{"damage":13,"enemies":"Shell Parasite","floor":18,"turns":4},{"damage":13,"enemies":"Chosen","floor":22,"turns":6},{"damage":100047,"enemies":"Gremlin Leader","floor":27,"turns":13}],"seed_played":"-904553435446389103","potions_obtained":[{"floor":1,"key":"Swift Potion"},{"floor":11,"key":"Dexterity Potion"},{"floor":13,"key":"CultistPotion"},{"floor":14,"key":"LiquidMemories"},{"floor":16,"key":"Swift Potion"},{"floor":22,"key":"StancePotion"}],"is_trial":false,"path_per_floor":["M","?","?","?","M","R","M","$","T","M","M","?","M","M","R","B",null,"M","$","?","T","M","R","?","R","T","E"],"character_chosen":"WATCHER","items_purchased":["Turnip","Lee\u0027s Waffle"],"campfire_rested":1,"item_purchase_floors":[8,19],"current_hp_per_floor":[72,72,61,61,52,52,52,52,52,50,47,47,32,32,53,9,72,59,79,79,79,66,66,66,66,66,0,0],"gold":80,"neow_bonus":"UPGRADE_CARD","is_daily":false,"chose_seed":false,"campfire_upgraded":3,"win_rate":0.0,"timestamp":1610327764,"path_taken":["M","?","?","?","?","R","M","$","T","M","M","?","M","M","R","BOSS","M","$","?","?","M","R","?","R","T","E"],"items_purchased_type":["Relic","Relic"],"build_version":"2020-12-22","purchased_purges":1,"victory":false,"max_hp_per_floor":[72,72,72,72,72,72,72,72,72,72,72,72,72,72,72,72,72,72,79,79,79,79,79,79,79,79,79,79],"card_choices":[{"not_picked":["FlyingSleeves","Crescendo","Evaluate"],"picked":"SKIP","floor":1},{"not_picked":["Evaluate","BowlingBash"],"picked":"Perseverance","floor":5},{"not_picked":["ThirdEye","ClearTheMind","SashWhip"],"picked":"SKIP","floor":7},{"not_picked":["Consecrate","Evaluate"],"picked":"Blasphemy","floor":10},{"not_picked":["Crescendo","Protect","CutThroughFate"],"picked":"SKIP","floor":11},{"not_picked":["Wireheading","Prostrate","SashWhip"],"picked":"SKIP","floor":13},{"not_picked":["JustLucky","BowlingBash","Protect"],"picked":"SKIP","floor":14},{"not_picked":["SpiritShield","Judgement"],"picked":"Wish","floor":16},{"not_picked":["Study","EmptyBody"],"picked":"Sanctity+1","floor":18},{"not_picked":["Swivel","EmptyBody+1"],"picked":"Pray","floor":22}],"player_experience":721224,"relics_obtained":[{"floor":9,"key":"Centennial Puzzle"},{"floor":17,"key":"Orichalcum"},{"floor":17,"key":"Matryoshka"},{"floor":17,"key":"CaptainsWheel"},{"floor":21,"key":"Juzu Bracelet"},{"floor":21,"key":"Singing Bowl"},{"floor":26,"key":"Akabeko"},{"floor":26,"key":"Happy Flower"}],"event_choices":[{"damage_healed":0,"gold_gain":0,"player_choice":"Ignored","damage_taken":0,"max_hp_gain":0,"max_hp_loss":0,"event_name":"Golden Wing","floor":2,"gold_loss":0},{"damage_healed":0,"gold_gain":75,"player_choice":"Gather Gold","damage_taken":11,"max_hp_gain":0,"max_hp_loss":0,"event_name":"World of Goop","floor":3,"gold_loss":0},{"damage_healed":0,"gold_gain":175,"player_choice":"AGREE","damage_taken":0,"max_hp_gain":0,"max_hp_loss":0,"event_name":"Liars Game","floor":4,"gold_loss":0,"cards_obtained":["Doubt"]},{"cards_removed":["Defend_P"],"damage_healed":0,"gold_gain":0,"player_choice":"Offered Basic","damage_taken":0,"max_hp_gain":0,"max_hp_loss":0,"event_name":"Bonfire Elementals","floor":12,"gold_loss":0},{"damage_healed":0,"gold_gain":0,"player_choice":"Ignored","damage_taken":0,"max_hp_gain":0,"max_hp_loss":0,"event_name":"Ghosts","floor":20,"gold_loss":0},{"damage_healed":0,"gold_gain":0,"player_choice":"Stole Relic","damage_taken":0,"relics_obtained":["Pocketwatch"],"max_hp_gain":0,"max_hp_loss":0,"event_name":"Addict","floor":24,"gold_loss":0,"cards_obtained":["Shame"]}],"is_beta":false,"boss_relics":[{"not_picked":["Coffee Dripper","Runic Pyramid"],"picked":"Calling Bell"}],"items_purged_floors":[8],"is_endless":false,"potions_floor_spawned":[1,11,13,14,16,22],"killed_by":"Gremlin Leader","ascension_level":0}}