{"host":"vohenq18pmg6jboc","time":1610348733,"event":{"mods":["Arknights The Spire","BaseMod","Chen","Gremlin Mod","Hermit","Koishi","Marisa¡]Ãú«B¡@Å]²z¨F¡^","Minty Spire (QoL Compilation)","Remilia¡]Á¢¦Ì²ú?¡^","StSLib","The Administrix","The Bug Knight","The Cursed","The Servant 0.9.4","Yakumo Yukari mod","Youmu¡]»î¾z§¯?¡^","Yuyuko"],"gold_per_floor":[119,138,154,154,165,165,340,340,340,340,356,356,431,447,447,550,550,563,563,563],"floor_reached":19,"playtime":1338,"items_purged":[],"score":159,"play_id":"b7c6d8c9-438c-4238-ab35-2403b3190d96","local_time":"20210111150533","is_ascension_mode":false,"campfire_choices":[{"data":"Dual Wield","floor":6,"key":"SMITH"},{"data":"Flame Barrier","floor":8,"key":"SMITH"},{"data":"Sword Boomerang","floor":10,"key":"SMITH"},{"floor":12,"key":"REST"},{"floor":15,"key":"REST"}],"circlet_count":0,"master_deck":["Strike_R","Strike_R","Strike_R","Strike_R","Strike_R","Defend_R","Defend_R","Defend_R","Defend_R","Bash","Perfected Strike","Perfected Strike","Flame Barrier+1","Sword Boomerang+1","Dual Wield+1","Doubt","Anger","Iron Wave","Feed","Iron Wave"],"relics":["Burning Blood","HollowMod:LifeEnderRelic","SacredBark"],"acts_visited":["Exordium","TheCity"],"potions_floor_usage":[16,16,16,19],"damage_taken":[{"damage":1.0,"enemies":"Cultist","floor":1.0,"turns":3.0},{"damage":9.0,"enemies":"2 Louse","floor":2.0,"turns":2.0},{"damage":10.0,"enemies":"Small Slimes","floor":3.0,"turns":3.0},{"damage":9,"enemies":"2 Fungi Beasts","floor":5,"turns":3},{"damage":36,"enemies":"Gremlin Gang","floor":11,"turns":6},{"damage":0,"enemies":"Looter","floor":14,"turns":2},{"damage":68,"enemies":"The Guardian","floor":16,"turns":8},{"damage":76,"enemies":"Shell Parasite","floor":18,"turns":10},{"damage":14,"enemies":"Spheric Guardian","floor":19,"turns":3}],"seed_played":"-5669282137992378709","potions_obtained":[{"floor":3.0,"key":"LiquidBronze"},{"floor":5,"key":"Dexterity Potion"},{"floor":14,"key":"Energy Potion"},{"floor":16,"key":"SpeedPotion"}],"is_trial":false,"path_per_floor":["M","M","M","$","M","R","?","R","T","R","M","R","?","M","R","B",null,"M","M"],"character_chosen":"IRONCLAD","items_purchased":[],"campfire_rested":2,"item_purchase_floors":[],"current_hp_per_floor":[80,77,73,73,70,70,70,70,70,70,40,64,53,59,80,18,80,13,0,0],"gold":563,"neow_bonus":"THREE_CARDS","is_daily":false,"chose_seed":false,"campfire_upgraded":3,"win_rate":0.0,"timestamp":1610348733,"path_taken":["M","M","M","$","M","R","?","R","T","R","M","R","?","M","R","BOSS","M","M"],"items_purchased_type":[],"build_version":"2020-12-22","purchased_purges":0,"victory":false,"max_hp_per_floor":[80,80,80,80,80,80,80,80,80,80,80,80,80,80,80,80,80,83,83,83],"card_choices":[{"not_picked":["Iron Wave","Pommel Strike"],"picked":"Perfected Strike","floor":0.0},{"not_picked":["Warcry","Iron Wave"],"picked":"Perfected Strike","floor":1.0},{"not_picked":["Sever Soul","Pommel Strike"],"picked":"Flame Barrier","floor":2.0},{"not_picked":["Warcry","Pommel Strike"],"picked":"Sword Boomerang","floor":3.0},{"not_picked":["Warcry","Pommel Strike"],"picked":"Dual Wield","floor":5},{"not_picked":["Clothesline","Perfected Strike"],"picked":"Anger","floor":11},{"not_picked":["Heavy Blade","True Grit"],"picked":"Iron Wave","floor":14},{"not_picked":["Reaper","Limit Break"],"picked":"Feed","floor":16},{"not_picked":["True Grit","Battle Trance"],"picked":"Iron Wave","floor":18}],"player_experience":48823,"relics_obtained":[{"floor":9,"key":"HollowMod:LifeEnderRelic"}],"event_choices":[{"damage_healed":0,"gold_gain":175,"player_choice":"AGREE","damage_taken":0,"max_hp_gain":0,"max_hp_loss":0,"event_name":"Liars Game","floor":7,"gold_loss":0,"cards_obtained":["Doubt"]},{"damage_healed":0,"gold_gain":75,"player_choice":"Gather Gold","damage_taken":11,"max_hp_gain":0,"max_hp_loss":0,"event_name":"World of Goop","floor":13,"gold_loss":0}],"is_beta":false,"boss_relics":[{"not_picked":["Tiny House","Philosopher\u0027s Stone"],"picked":"SacredBark"}],"items_purged_floors":[],"is_endless":false,"potions_floor_spawned":[3,5,14,16],"killed_by":"Spheric Guardian","ascension_level":0}}