{"host":"w97dq1whmpm6b2tc","time":1610395231,"event":{"mods":["BaseMod","Challenge The Spire","Downfall","Minty Spire (QoL Compilation)","Replay The Spire","StSLib","The Animator"],"gold_per_floor":[113,24,34,50,50,93,93,93,93,107,107,32,78,95,95,121,121,200,200,211,36,47,57,83,110,136,161,161,161,161,161],"floor_reached":30,"playtime":3839,"items_purged":["animator:Strike","animator:Strike"],"score":676,"play_id":"931a2100-650a-4122-842c-4dee490ba823","local_time":"20210111220031","is_ascension_mode":true,"campfire_choices":[{"data":"animator:Fredrika","floor":9.0,"key":"SMITH"},{"data":"animator:Fredrika","floor":17.0,"key":"SMITH"}],"circlet_count":0,"master_deck":["AscendersBane","animator:Strike_HitsugiNoChaika","animator:Defend_HitsugiNoChaika","animator:Strike","animator:Defend+1","animator:Defend+1","animator:Defend+1","animator:AcuraAkari+1","animator:Gillette","animator:Fredrika+1","animator:Viivi","animator:ChaikaBohdan","animator:Fredrika+1","CurseOfTheBell","animator:Layla","animator:Layla","animator:Geryuganshoop","animator:AcuraAkari+1"],"relics":["animator:LivingPicture","animator:TheMissingPiece","NeowsBlessing","Bag of Marbles","Unceasing Top","Lantern","Ornamental Fan","animator:HallowedScabbard","Calling Bell","FossilizedHelix","ReplayTheSpireMod:Lightbulb","Replay:Bottled Eggs","Red Mask","Replay:Baseball","Pondfish Scales"],"acts_visited":["Exordium","TheCity"],"potions_floor_usage":[],"damage_taken":[{"damage":0.0,"enemies":"2 Louse","floor":1.0,"turns":1.0},{"damage":0.0,"enemies":"Cultist","floor":3.0,"turns":1.0},{"damage":0.0,"enemies":"Small Slimes","floor":4.0,"turns":1.0},{"damage":30.0,"enemies":"Gremlin Nob","floor":6.0,"turns":4.0},{"damage":0.0,"enemies":"Red Slaver","floor":10.0,"turns":3.0},{"damage":11.0,"enemies":"3 Sentries","floor":13.0,"turns":8.0},{"damage":0.0,"enemies":"Large Slime","floor":14.0,"turns":4.0},{"damage":5.0,"enemies":"Gremlin Nob","floor":16.0,"turns":3.0},{"damage":0.0,"enemies":"Hexaghost","floor":18.0,"turns":8.0},{"damage":0.0,"enemies":"2 Thieves","floor":20.0,"turns":3.0},{"damage":12.0,"enemies":"3 Byrds","floor":22.0,"turns":5.0},{"damage":12.0,"enemies":"3 Cultists","floor":23.0,"turns":6.0},{"damage":0.0,"enemies":"Masked Bandits","floor":24.0,"turns":3.0},{"damage":24.0,"enemies":"Book of Stabbing","floor":25.0,"turns":6.0},{"damage":0.0,"enemies":"Chosen and Byrds","floor":26.0,"turns":3.0},{"damage":14.0,"enemies":"Replay:Snechameleon","floor":27.0,"turns":4.0},{"damage":0,"enemies":"Shelled Parasite and Fungi","floor":30,"turns":1}],"seed_played":"-7228843632251184746","potions_obtained":[{"floor":4.0,"key":"EssenceOfSteel"},{"floor":10.0,"key":"animator:FalseLifePotion"},{"floor":13.0,"key":"Death Potion"},{"floor":23.0,"key":"champ:CounterPotion"},{"floor":25.0,"key":"Swift Potion"},{"floor":27.0,"key":"Doom Potion"}],"is_trial":false,"path_per_floor":["M","?","M","M","?","E","PTL","PTL","R","M","T","$","E","M","$","E","R","B",null,"M","$","M","M","?","E","M","E","T","?","M"],"character_chosen":"THE_ANIMATOR","items_purchased":["animator:Layla"],"campfire_rested":0,"item_purchase_floors":[21],"current_hp_per_floor":[54,54,54,54,54,24,24,24,24,25,25,25,14,14,14,9,9,9,48,48,48,45,37,37,20,20,13,13,13,13,13],"gold":161,"neow_bonus":"THREE_ENEMY_KILL","is_daily":false,"chose_seed":false,"campfire_upgraded":2,"win_rate":0.0,"timestamp":1610395231,"path_taken":["M","?","M","?","?","E","PTL","PTL","R","?","T","$","E","M","?","E","R","BOSS","M","$","M","M","?","E","M","E","T","?","M"],"items_purchased_type":["Card"],"build_version":"2020-12-22","purchased_purges":2,"victory":false,"max_hp_per_floor":[60,60,60,60,60,60,60,60,60,61,61,61,61,61,61,61,61,61,61,61,61,61,61,61,61,61,61,61,61,61,61],"card_choices":[{"not_picked":["animator:Azekura","animator:Ara","animator:KyokoSakura"],"picked":"SKIP","floor":1.0},{"not_picked":["animator:Aisha","animator:NagisaMomoe","animator:Konayuki"],"picked":"SKIP","floor":3.0},{"not_picked":["animator:Azekura","animator:YachiyoNanami","animator:Gluttony"],"picked":"SKIP","floor":4.0},{"not_picked":["animator:ChaikaBohdan","animator:Viivi"],"picked":"animator:Fredrika","floor":6.0},{"not_picked":["animator:Hitei","animator:ZankiKiguchi"],"picked":"animator:Viivi","floor":10.0},{"not_picked":["animator:Sloth","animator:SuzuneAmano"],"picked":"animator:ChaikaBohdan","floor":13.0},{"not_picked":["animator:Konayuki","animator:HighElfArcher","animator:IrohaTamaki"],"picked":"SKIP","floor":14.0},{"not_picked":["animator:ChaikaTrabant","animator:ChaikaBohdan"],"picked":"animator:Fredrika","floor":16.0},{"not_picked":["animator:Tatsumaki","animator:Aisha","animator:ElricEdward"],"picked":"SKIP","floor":20.0},{"not_picked":["animator:MetalKnight","animator:Aisha","animator:KyokoSakura"],"picked":"SKIP","floor":22.0},{"not_picked":["animator:MumenRider","animator:ElricEdward","animator:IrohaTamaki"],"picked":"SKIP","floor":23.0},{"not_picked":["animator:AcuraTooru","animator:ChaikaBohdan"],"picked":"animator:Layla","floor":25.0},{"not_picked":["animator:Geryuganshoop","animator:Ara","animator:Sloth"],"picked":"SKIP","floor":26.0},{"not_picked":["animator:Ara","animator:Sloth"],"picked":"animator:Geryuganshoop","floor":26.0},{"not_picked":["animator:DwarfShaman","animator:MaesHughes","animator:Greed"],"picked":"SKIP","floor":27.0}],"player_experience":4393040,"relics_obtained":[{"floor":6.0,"key":"Unceasing Top"},{"floor":11.0,"key":"Lantern"},{"floor":13.0,"key":"Ornamental Fan"},{"floor":16.0,"key":"animator:HallowedScabbard"},{"floor":19.0,"key":"FossilizedHelix"},{"floor":19.0,"key":"ReplayTheSpireMod:Lightbulb"},{"floor":19.0,"key":"Replay:Bottled Eggs"},{"floor":24.0,"key":"Red Mask"},{"floor":25.0,"key":"Replay:Baseball"},{"floor":27.0,"key":"Pondfish Scales"}],"event_choices":[{"damage_healed":0.0,"max_hp_gain":0.0,"max_hp_loss":0.0,"gold_gain":0.0,"event_name":"WeMeetAgain","player_choice":"Paid Gold","floor":2.0,"gold_loss":89.0,"damage_taken":0.0,"relics_obtained":["Bag of Marbles"]},{"damage_healed":0.0,"max_hp_gain":0.0,"max_hp_loss":0.0,"gold_gain":0.0,"event_name":"Upgrade Shrine","player_choice":"Upgraded","floor":5.0,"gold_loss":0.0,"damage_taken":0.0,"cards_upgraded":["animator:AcuraAkari"]},{"damage_healed":0.0,"max_hp_gain":0.0,"max_hp_loss":0.0,"gold_gain":0.0,"event_name":"Masked Bandits","player_choice":"Fought Bandits","floor":24.0,"gold_loss":0.0,"damage_taken":0.0},{"damage_healed":0.0,"max_hp_gain":0.0,"max_hp_loss":0.0,"gold_gain":0.0,"event_name":"Duplicator","player_choice":"Copied","floor":29.0,"gold_loss":0.0,"damage_taken":0.0,"cards_obtained":["animator:AcuraAkari"]}],"is_beta":false,"boss_relics":[{"not_picked":["Mark of Pain","Replay:Wanted Poster"],"picked":"Calling Bell"}],"items_purged_floors":[12,21],"is_endless":false,"potions_floor_spawned":[4,10,13,23,25,27],"killed_by":"Shelled Parasite and Fungi","ascension_level":20}}