{"host":"dzit4ljil6490tuf","time":1610329112,"event":{"mods":["BaseMod","Downfall","Hermit","Hubris","Marisa????????","Minty Spire (QoL Compilation)","StSLib","The Cursed","The Runesmith","The Servant 0.9.4"],"gold_per_floor":[99,115,125,142,242,271,271,17,30,30,15,30,30,44,59,163,163,163,178,196,196,196,6,30,30,50,50,77,77,77,90,108,205,205,205,220,239,239,249,249,249,249],"floor_reached":40,"playtime":3053,"items_purged":[],"score":476,"play_id":"a34b69ab-3660-404a-b1b4-12a68f22ec3a","local_time":"20210111023832","is_ascension_mode":true,"campfire_choices":[{"data":"Slimebound:CorrosiveSpit","floor":1,"key":"SMITH"},{"data":"Slimebound:Chomp","floor":10,"key":"SMITH"},{"floor":13,"key":"REST"},{"data":"Slimebound:Overexert","floor":18,"key":"SMITH"},{"floor":27,"key":"REST"},{"data":"expansioncontent:Collect","floor":30,"key":"SMITH"},{"data":"Slimebound:SplitSpecialist","floor":35,"key":"SMITH"}],"circlet_count":0,"master_deck":["Slimebound:Strike_Slimebound","Slimebound:Tackle","Slimebound:Defend_Slimebound","Slimebound:Defend_Slimebound","Slimebound:Defend_Slimebound","Slimebound:Defend_Slimebound","Slimebound:Split+1","Slimebound:CorrosiveSpit+1","Slimebound:SplitBruiser","Slimebound:GrowthPunch+1","Slimebound:RejuvenatingLick","Slimebound:Nibble","Slimebound:Overexert+1","Slimebound:PressTheAttack","Slimebound:GoopSpray","Slimebound:GrowthPunch","Slimebound:Chomp+1","Slimebound:LivingWall","Slimebound:SplitSpecialist+1","Slimebound:Chomp","Slimebound:SplitLeeching","Slimebound:SplitMire","Slimebound:RollThrough","Slimebound:SlimeSpikes","Slimebound:OneTwoCombo","Slimebound:ViciousTackle","Slimebound:Schlurp","Slimebound:Replication+1","Slimebound:HungryTackle","Slimebound:SlimeSpikes","expansioncontent:Collect+1","Slimebound:RejuvenatingLick","Slimebound:LeechLife","Slimebound:SplitMire","Slimebound:SlimeSpikes","Slimebound:Repurpose+1","Slimebound:Darklings","Slimebound:SplitAcid+1","Slimebound:FinishingTackle","Slimebound:SplitMire+1"],"relics":["Slimebound:AbsorbEndCombat","hubris:BottledRain","Black Star","downfall:RedIOU","Ancient Tea Set","Prayer Wheel","Letter Opener","Lantern","Busted Crown"],"acts_visited":["Exordium","TheCity","TheBeyond"],"potions_floor_usage":[5,5,15,20,28,31,33,36,39],"damage_taken":[{"damage":13,"enemies":"Small Slimes","floor":2,"turns":3},{"damage":8,"enemies":"2 Louse","floor":3,"turns":3},{"damage":19,"enemies":"Jaw Worm","floor":4,"turns":3},{"damage":37,"enemies":"downfall:Heads","floor":5,"turns":4},{"damage":27,"enemies":"3 Sentries","floor":6,"turns":5},{"damage":13,"enemies":"downfall:FleeingMerchant","floor":8,"turns":4},{"damage":18,"enemies":"3 Louse","floor":9,"turns":3},{"damage":25,"enemies":"downfall:FleeingMerchant","floor":11,"turns":4},{"damage":13,"enemies":"Exordium Wildlife","floor":12,"turns":3},{"damage":32,"enemies":"Gremlin Gang","floor":14,"turns":4},{"damage":13,"enemies":"Large Slime","floor":15,"turns":4},{"damage":42,"enemies":"downfall:Watcher","floor":16,"turns":7},{"damage":16,"enemies":"Chosen","floor":19,"turns":4},{"damage":20,"enemies":"3 Byrds","floor":20,"turns":4},{"damage":28,"enemies":"downfall:FleeingMerchant","floor":23,"turns":4},{"damage":40,"enemies":"Centurion and Healer","floor":26,"turns":3},{"damage":50,"enemies":"Book of Stabbing","floor":28,"turns":6},{"damage":14,"enemies":"3 Cultists","floor":31,"turns":4},{"damage":37,"enemies":"Snake Plant","floor":32,"turns":4},{"damage":65,"enemies":"downfall:Defect","floor":33,"turns":9},{"damage":14,"enemies":"3 Shapes","floor":36,"turns":2},{"damage":23,"enemies":"Orb Walker","floor":37,"turns":4},{"damage":47,"enemies":"3 Darklings","floor":39,"turns":4},{"damage":63,"enemies":"Spire Growth","floor":40,"turns":3}],"seed_played":"-6495069502549909643","potions_obtained":[{"floor":2,"key":"sneckomod:MuddlingPotion"},{"floor":3,"key":"ColorlessPotion"},{"floor":4,"key":"Slimebound:SlimedPotion"},{"floor":6,"key":"Strength Potion"},{"floor":12,"key":"Block Potion"},{"floor":14,"key":"Energy Potion"},{"floor":16,"key":"BlessingOfTheForge"},{"floor":28,"key":"SteroidPotion"},{"floor":31,"key":"SkillPotion"},{"floor":36,"key":"Weak Potion"},{"floor":37,"key":"Guardian:BlockOnCardUsePotion"}],"is_trial":false,"path_per_floor":["R","M","M","M","?","E","T","$","M","R","$","M","R","M","M","B",null,"R","M","M","?","?","$","T","T","M","R","E","?","R","M","M","B",null,"R","M","M","?","M","M"],"character_chosen":"SLIMEBOUND","items_purchased":["Slimebound:GrowthPunch","Slimebound:Chomp","Slimebound:LivingWall","Slimebound:SplitSpecialist","Slimebound:HungryTackle","Slimebound:SlimeSpikes","expansioncontent:Collect"],"campfire_rested":2,"item_purchase_floors":[8,8,8,8,23,23,23],"current_hp_per_floor":[60,55,55,50,33,24,24,35,41,41,40,37,55,47,56,49,60,60,60,58,58,58,58,58,58,38,56,26,26,26,34,21,26,60,60,58,53,53,37,0,0,0],"gold":249,"neow_bonus":"UPGRADE_CARD","is_daily":false,"chose_seed":false,"campfire_upgraded":5,"win_rate":0.0,"timestamp":1610329112,"path_taken":["R","M","M","M","?","E","T","$","M","R","$","M","R","M","M","BOSS","R","M","M","?","?","$","T","?","M","R","E","?","R","M","M","BOSS","R","M","M","?","M","M"],"items_purchased_type":["Card","Card","Card","Card","Card","Card","Card"],"build_version":"2020-12-22","purchased_purges":0,"victory":false,"max_hp_per_floor":[60,60,60,60,60,60,60,60,60,60,60,60,60,60,60,60,60,60,60,60,60,60,60,60,60,60,60,60,60,60,60,60,60,60,60,60,60,60,60,60,60,60],"card_choices":[{"not_picked":["Slimebound:SamplingLick","Slimebound:DivideAndConquer"],"picked":"Slimebound:SplitBruiser","floor":2},{"not_picked":["Slimebound:FlameTackle","Slimebound:ProtectTheBoss"],"picked":"Slimebound:GrowthPunch","floor":3},{"not_picked":["Slimebound:GrowthPunch","Slimebound:RollThrough"],"picked":"Slimebound:RejuvenatingLick","floor":4},{"not_picked":["Slimebound:TongueLash","Slimebound:FinishingTackle"],"picked":"Slimebound:Overexert","floor":5},{"not_picked":["Slimebound:Schlurp","Slimebound:SplitAcid"],"picked":"Slimebound:PressTheAttack","floor":6},{"not_picked":["Slimebound:SplitMire","Slimebound:LeechEnergy"],"picked":"Slimebound:GoopSpray","floor":8},{"not_picked":["Slimebound:RollThrough","Slimebound:ProtectTheBoss"],"picked":"Slimebound:Chomp","floor":9},{"not_picked":["Slimebound:SlimeSlap","Slimebound:GoopSpray"],"picked":"Slimebound:SplitLeeching","floor":11},{"not_picked":["Slimebound:TongueLash","Slimebound:Repurpose"],"picked":"Slimebound:SplitMire","floor":12},{"not_picked":["Slimebound:LeechingTouch","Slimebound:FormOfPuddle"],"picked":"Slimebound:RollThrough","floor":14},{"not_picked":["Slimebound:Repurpose","Slimebound:MegaLick"],"picked":"Slimebound:SlimeSpikes","floor":15},{"not_picked":["Slimebound:Recycling","Slimebound:SlimeSlap"],"picked":"Slimebound:OneTwoCombo","floor":16},{"not_picked":["Slimebound:LeechEnergy","Slimebound:ComboTackle"],"picked":"Slimebound:ViciousTackle","floor":19},{"not_picked":["Slimebound:RollThrough","Slimebound:FormOfPuddle+1"],"picked":"Slimebound:Schlurp","floor":20},{"not_picked":["Slimebound:ProtectTheBoss","Slimebound:WasteNot"],"picked":"Slimebound:Replication+1","floor":23},{"not_picked":["Slimebound:LivingWall+1","Slimebound:ViciousTackle"],"picked":"Slimebound:RejuvenatingLick","floor":26},{"not_picked":["Slimebound:ViciousTackle","Slimebound:LeechEnergy","Slimebound:TongueLash"],"picked":"SKIP","floor":26},{"not_picked":["Slimebound:ViciousTackle","Slimebound:LeechEnergy","Slimebound:TongueLash"],"picked":"SKIP","floor":26},{"not_picked":["Slimebound:LeechEnergy","Slimebound:ViciousTackle+1"],"picked":"Slimebound:LeechLife","floor":28},{"not_picked":["Slimebound:ViciousTackle","Slimebound:LeechEnergy+1"],"picked":"Slimebound:SplitMire","floor":31},{"not_picked":["Slimebound:ItLooksTasty","Slimebound:ProtectTheBoss","Slimebound:Schlurp"],"picked":"SKIP","floor":31},{"not_picked":["Slimebound:Recycling","Slimebound:LeechingTouch"],"picked":"Slimebound:SlimeSpikes","floor":32},{"not_picked":["Slimebound:SplitAcid","Slimebound:LeechEnergy"],"picked":"Slimebound:Repurpose+1","floor":32},{"not_picked":["Slimebound:PrepareCrush","Slimebound:MinionMaster"],"picked":"Slimebound:Darklings","floor":33},{"not_picked":[],"picked":"Slimebound:SplitAcid+1","floor":36},{"not_picked":["Slimebound:SplitBruiser"],"picked":"SKIP","floor":36},{"not_picked":[],"picked":"Slimebound:FinishingTackle","floor":37},{"not_picked":["Slimebound:Prepare"],"picked":"SKIP","floor":37},{"not_picked":[],"picked":"Slimebound:SplitMire+1","floor":39},{"not_picked":["Slimebound:Prepare+1"],"picked":"SKIP","floor":39}],"player_experience":570431,"relics_obtained":[{"floor":6,"key":"hubris:BottledRain"},{"floor":7,"key":"hubris:OldNail"},{"floor":24,"key":"Ancient Tea Set"},{"floor":25,"key":"Prayer Wheel"},{"floor":28,"key":"Letter Opener"},{"floor":28,"key":"Lantern"}],"event_choices":[{"damage_healed":0,"gold_gain":0,"player_choice":"Ignored","damage_taken":0,"max_hp_gain":0,"max_hp_loss":0,"event_name":"Vampires","floor":29,"gold_loss":0}],"is_beta":false,"boss_relics":[{"not_picked":["SlaversCollar","Runesmith:UraniumAnvil"],"picked":"Black Star"},{"not_picked":["Pandora\u0027s Box","Coffee Dripper"],"picked":"Busted Crown"}],"items_purged_floors":[],"is_endless":false,"potions_floor_spawned":[2,3,4,6,12,14,16,28,31,36,37],"killed_by":"Spire Growth","ascension_level":2}}