{"host":"njruw0b0uprlitpx","time":1610381714,"event":{"mods":["2.2 Compatiblity","Bartender","BaseMod","Better Altar","Better Match","Better Note","Better Sensory Stone","Better Skull","Better Third Choice","BetterRewards","Block Reminder","Colored Map","Colored Powertips","Energized Spire","Jedi Mod","Keyboard Shortcuts","Magitek Elite","Minty Spire (QoL Compilation)","Quick Restart","Rare Cards Sparkle","Relic Stats","Replay The Spire","SacredBarkPlus","Spicy Shops","StSLib","SuperFastMode","The Blackbeard","The Bug Knight","The Construct","The Dragon Tamer","The Mystic","The Necromancer","The Runesmith","Wandering Minibosses"],"gold_per_floor":[115,40,57,74,6,33,33,67,67,142,157,0,28,120,120,221,221,235,235,251,10,10,10,35,35,35,35,35,35,52,78,78,179,179,198,214,41,41,41,41],"floor_reached":41,"playtime":1757,"items_purged":["Pain","Shame","Regret"],"score":854,"play_id":"384a2b40-980a-4c65-9864-2815d67cf4ac","local_time":"20210111101514","is_ascension_mode":true,"campfire_choices":[{"floor":7.0,"key":"REST"},{"floor":15.0,"key":"REST"},{"data":"HollowMod:SlysStrikes","floor":23.0,"key":"SMITH"},{"data":"HollowMod:BlackTendrils","floor":25,"key":"SMITH"},{"data":"HollowMod:RecoilStrike","floor":27,"key":"SMITH"},{"data":"HollowMod:WraithStrike","floor":29,"key":"SMITH"},{"data":"HollowMod:WraithStrike","floor":32,"key":"SMITH"}],"circlet_count":0,"master_deck":["HollowMod:NailStrikeStart","HollowMod:NailStrikeStart","HollowMod:NailStrikeStart","HollowMod:NailStrikeStart","HollowMod:QuickDashStart","HollowMod:QuickDashStart","HollowMod:FocusHealStart","HollowMod:PogoStrike","HollowMod:DoubleDash","HollowMod:RecoilStrike+1","HollowMod:WraithStrike+1","HollowMod:MonarchWings","HollowMod:HuntersJournal","HollowMod:WraithStrike+1","HollowMod:HeavyBlow","Enlightenment","HollowMod:WhiteLadysBlessing+1","HollowMod:MonarchWings","HollowMod:BlackTendrils+1","HollowMod:SlysStrikes+1","HollowMod:LifebloodCocoon+1","HollowMod:DescendingDark","HollowMod:DescendingDark","HollowMod:CrystalDash","HollowMod:ChannelNail+1","DTMod:Punisher+1","HollowMod:CornifersMapStart+1","HollowMod:WraithStrike+1","HollowMod:LordofShades+1","HollowMod:GrimmsGift+1","HollowMod:VengefulVoid"],"relics":["HollowMod:VoidIdolRelic","Cursed Key","Bird Faced Urn","Replay:Towering Pillar of Hats","Thread and Needle","Lantern","Snecko Heart","HollowMod:JonisBlessing","Anchor","TungstenRod","HollowMod:GreatKnightMask","Guide Book"],"acts_visited":["Exordium","TheCity","TheBeyond"],"potions_floor_usage":[33,40,40,40,40],"damage_taken":[{"damage":3.0,"enemies":"Cultist","floor":1.0,"turns":3.0},{"damage":3.0,"enemies":"Jaw Worm","floor":3.0,"turns":3.0},{"damage":4.0,"enemies":"Small Slimes","floor":4.0,"turns":4.0},{"damage":30.0,"enemies":"Replay:BlueRogue","floor":6.0,"turns":5.0},{"damage":16.0,"enemies":"Lagavulin","floor":8.0,"turns":6.0},{"damage":3.0,"enemies":"3 Louse","floor":11.0,"turns":2.0},{"damage":11.0,"enemies":"Gremlin Nob","floor":13.0,"turns":3.0},{"damage":28.0,"enemies":"The Guardian","floor":16.0,"turns":11.0},{"damage":6.0,"enemies":"Chosen","floor":18.0,"turns":4.0},{"damage":14.0,"enemies":"3 Byrds","floor":20.0,"turns":4.0},{"damage":0,"enemies":"Book of Stabbing","floor":24,"turns":5},{"damage":0,"enemies":"Cultist and Chosen","floor":30,"turns":5},{"damage":0,"enemies":"HollowMod:Zote","floor":31,"turns":2},{"damage":25,"enemies":"Champ","floor":33,"turns":9},{"damage":0,"enemies":"3 Shapes","floor":35,"turns":3},{"damage":0,"enemies":"Orb Walker","floor":36,"turns":3},{"damage":26,"enemies":"Awakened One","floor":40,"turns":11}],"seed_played":"5044568614895887969","potions_obtained":[{"floor":3.0,"key":"Death Potion"},{"floor":4.0,"key":"Elixir"},{"floor":11.0,"key":"Weak Potion"},{"floor":20.0,"key":"Weak Potion"},{"floor":30,"key":"Elixir"},{"floor":33,"key":"Strength Potion"}],"is_trial":false,"path_per_floor":["M","$","M","M","$","E","R","E","T","?","M","?","E","?","R","B",null,"M","?","M","$","?","R","E","R","T","R","?","R","M","?","R","B",null,"M","M","$","?","?","B",null],"character_chosen":"THE_BUGKNIGHT","items_purchased":["HollowMod:MonarchWings","FearPotion","HollowMod:JonisBlessing","HollowMod:DescendingDark","HollowMod:CrystalDash","Guide Book","ColorlessPotion"],"campfire_rested":2,"item_purchase_floors":[5,5,21,21,21,37,37],"current_hp_per_floor":[75,75,72,68,68,38,60,44,44,33,30,36,25,25,49,36,70,76,76,69,69,69,69,69,69,69,69,69,69,69,69,69,44,72,72,72,72,72,72,46],"gold":41,"neow_bonus":"CURSED_BOSS_RELIC","is_daily":false,"chose_seed":false,"campfire_upgraded":5,"win_rate":0.0,"timestamp":1610381714,"path_taken":["M","$","M","M","$","E","R","E","T","?","M","?","E","?","R","BOSS","M","?","?","$","?","R","E","R","T","R","?","R","M","?","R","BOSS","M","M","$","?","?","BOSS"],"items_purchased_type":["Card","Potion","Relic","Card","Card","Relic","Potion"],"build_version":"2020-12-22","purchased_purges":3,"victory":true,"max_hp_per_floor":[75,75,75,75,75,75,75,75,75,75,75,81,81,81,81,81,81,81,81,81,81,81,81,81,81,81,81,81,81,81,81,81,81,81,81,81,81,81,81,81],"relic_stats":{"counters":[91,366],"Bird Faced Urn":[10],"Cursed Key":2,"obtain_stats":[{"Golden Egg":9,"Vajra":43,"HollowMod:VesselMask":0,"Bottled Tornado":40,"HollowMod:VoidIdolRelic":34,"Lizard Tail":49,"jedi:firstaidkit":0,"DollysMirror":37,"Replay:Wax Seal":0,"HollowMod:QueensCombRelic":0,"ReplayTheSpireMod:CursedCoin":20,"Dead Branch":6,"Astrolabe":17,"HollowMod:JonisBlessing":0,"Oddly Smooth Stone":3,"Pen Nib":24,"HollowMod:IsmasTear":29,"Replay:Kaleidoscope":0,"Runic Dome":17,"SlaversCollar":17,"Replay:Baseball":23,"Brimstone":28,"Bird Faced Urn":11,"Tintinnabulum":7,"Onion Ring":9,"StrikeDummy":0,"Abe\u0027s Treasure":34,"Unceasing Top":0,"ReplayFunnel":9,"Regal Pillow":12,"Lantern":13,"Snecko Heart":17,"Angel_Ring":12,"Enchiridion":30,"Mango":20,"Bag of Preparation":0,"jedi:Pinwheel":8,"Ancient Tea Set":10,"Cursed Key":34,"Replay:Rubber Ducky":9,"SsserpentHead":19,"Nunchaku":47,"Replay:Bandana":0,"jedi:matchstick":43,"Genji_Glove":8,"Tiny Chest":30,"Red Mask":22,"Chemical X":28,"BargainBundle":0,"Replay:Towering Pillar of Hats":0,"Guide Book":0,"Thread and Needle":9,"HollowMod:GreatKnightMask":31,"Odd Mushroom":10,"Replay:Arrowhead":0,"Mercury Hourglass":20,"CaptainsWheel":24,"Anchor":24,"Orrery":36,"Snack Pack":25,"Coffee Dripper":0,"Membership Card":12,"jedi:command_shop":28,"theForsaken:JudgementScales":0,"Toy Ornithopter":26,"TungstenRod":26,"ReplayTheSpireMod:ShopPack":0},{"Golden Egg":5,"Vajra":43,"HollowMod:VesselMask":0,"Bottled Tornado":19,"HollowMod:VoidIdolRelic":88,"Lizard Tail":22,"jedi:firstaidkit":0,"DollysMirror":17,"Replay:Wax Seal":0,"HollowMod:QueensCombRelic":0,"ReplayTheSpireMod:CursedCoin":10,"Dead Branch":4,"Astrolabe":31,"HollowMod:JonisBlessing":24,"Oddly Smooth Stone":49,"Pen Nib":36,"HollowMod:IsmasTear":39,"Replay:Kaleidoscope":24,"Runic Dome":9,"SlaversCollar":54,"Replay:Baseball":12,"Brimstone":14,"Bird Faced Urn":7,"Tintinnabulum":61,"Onion Ring":28,"StrikeDummy":24,"Abe\u0027s Treasure":16,"Unceasing Top":47,"ReplayFunnel":52,"Regal Pillow":29,"Lantern":81,"Snecko Heart":82,"Angel_Ring":64,"Enchiridion":14,"Mango":10,"Bag of Preparation":24,"jedi:Pinwheel":5,"Ancient Tea Set":28,"Cursed Key":40,"Replay:Rubber Ducky":61,"SsserpentHead":10,"Nunchaku":21,"Replay:Bandana":47,"jedi:matchstick":20,"Genji_Glove":61,"Tiny Chest":72,"Red Mask":35,"Chemical X":71,"BargainBundle":24,"Replay:Towering Pillar of Hats":58,"Guide Book":0,"Thread and Needle":79,"HollowMod:GreatKnightMask":87,"Odd Mushroom":53,"Replay:Arrowhead":24,"Mercury Hourglass":67,"CaptainsWheel":70,"Anchor":85,"Orrery":41,"Snack Pack":13,"Coffee Dripper":74,"Membership Card":7,"jedi:command_shop":14,"theForsaken:JudgementScales":0,"Toy Ornithopter":13,"TungstenRod":37,"ReplayTheSpireMod:ShopPack":0},{"Golden Egg":12,"Vajra":129,"HollowMod:VesselMask":0,"Bottled Tornado":54,"HollowMod:VoidIdolRelic":349,"Lizard Tail":65,"jedi:firstaidkit":0,"DollysMirror":49,"Replay:Wax Seal":0,"HollowMod:QueensCombRelic":0,"ReplayTheSpireMod:CursedCoin":26,"Dead Branch":9,"Astrolabe":91,"HollowMod:JonisBlessing":73,"Oddly Smooth Stone":153,"Pen Nib":107,"HollowMod:IsmasTear":116,"Replay:Kaleidoscope":73,"Runic Dome":23,"SlaversCollar":177,"Replay:Baseball":33,"Brimstone":39,"Bird Faced Urn":16,"Tintinnabulum":219,"Onion Ring":81,"StrikeDummy":73,"Abe\u0027s Treasure":47,"Unceasing Top":144,"ReplayFunnel":164,"Regal Pillow":84,"Lantern":309,"Snecko Heart":320,"Angel_Ring":233,"Enchiridion":39,"Mango":26,"Bag of Preparation":73,"jedi:Pinwheel":12,"Ancient Tea Set":81,"Cursed Key":122,"Replay:Rubber Ducky":219,"SsserpentHead":26,"Nunchaku":63,"Replay:Bandana":144,"jedi:matchstick":59,"Genji_Glove":219,"Tiny Chest":273,"Red Mask":104,"Chemical X":270,"BargainBundle":73,"Replay:Towering Pillar of Hats":203,"Guide Book":0,"Thread and Needle":304,"HollowMod:GreatKnightMask":340,"Odd Mushroom":168,"Replay:Arrowhead":73,"Mercury Hourglass":252,"CaptainsWheel":264,"Anchor":333,"Orrery":124,"Snack Pack":36,"Coffee Dripper":283,"Membership Card":16,"jedi:command_shop":39,"theForsaken:JudgementScales":0,"Toy Ornithopter":36,"TungstenRod":110,"ReplayTheSpireMod:ShopPack":0}],"TungstenRod":4},"card_choices":[{"not_picked":["HollowMod:InfectedAttack","HollowMod:TaintedHusks"],"picked":"HollowMod:DoubleDash","floor":1.0},{"not_picked":["HollowMod:DesolateDive","HollowMod:CycloneSlash"],"picked":"HollowMod:RecoilStrike","floor":3.0},{"not_picked":["HollowMod:DesolateDive","HollowMod:Hiveblood"],"picked":"HollowMod:WraithStrike","floor":4.0},{"not_picked":["HollowMod:SiblingsSouls","HollowMod:MonomonsArchive"],"picked":"HollowMod:HuntersJournal","floor":6.0},{"not_picked":["HollowMod:CloakDash","HollowMod:ChannelNail"],"picked":"HollowMod:WraithStrike","floor":8.0},{"not_picked":["HollowMod:GoodIntentions","HollowMod:MonomonsArchive"],"picked":"HollowMod:HeavyBlow","floor":11.0},{"not_picked":["HollowMod:SoulStrike","HollowMod:WraithStrike","HollowMod:HowlingWraiths"],"picked":"SKIP","floor":13.0},{"not_picked":["HollowMod:ShadowDash","HollowMod:TaintedHusks"],"picked":"HollowMod:WhiteLadysBlessing","floor":14.0},{"not_picked":["HollowMod:GoodIntentions","HollowMod:VengefulSpirit"],"picked":"HollowMod:MonarchWings","floor":14.0},{"not_picked":["HollowMod:ShadowDash","HollowMod:DoubleDash"],"picked":"HollowMod:BlackTendrils","floor":14.0},{"not_picked":["HollowMod:VoidDash","HollowMod:PureVessel"],"picked":"HollowMod:SlysStrikes","floor":16.0},{"not_picked":["HollowMod:MonarchWings","HollowMod:HowlingWraiths"],"picked":"HollowMod:LifebloodCocoon+1","floor":18.0},{"not_picked":["HollowMod:GoodIntentions+1","HollowMod:InfectionAssault+1"],"picked":"HollowMod:DescendingDark","floor":20.0},{"not_picked":["HollowMod:InfectionAssault","HollowMod:RadiancesLament"],"picked":"HollowMod:ChannelNail+1","floor":24},{"not_picked":["HollowMod:TaintedHusks","HollowMod:LifebloodCocoon"],"picked":"HollowMod:CornifersMapStart+1","floor":30},{"not_picked":["HollowMod:SoulSplash","HollowMod:DescendingDark+1"],"picked":"HollowMod:WraithStrike+1","floor":31},{"not_picked":["HollowMod:SlysStrikes","HollowMod:Weaversong"],"picked":"HollowMod:LordofShades","floor":33},{"not_picked":["HollowMod:DreamGate+1","HollowMod:DoubleDash"],"picked":"HollowMod:GrimmsGift+1","floor":35},{"not_picked":["HollowMod:CloakDash","HollowMod:MonarchWings"],"picked":"HollowMod:VengefulVoid","floor":36}],"player_experience":1730848,"relics_obtained":[{"floor":6.0,"key":"Bird Faced Urn"},{"floor":8.0,"key":"Replay:Towering Pillar of Hats"},{"floor":9.0,"key":"Thread and Needle"},{"floor":13.0,"key":"Lantern"},{"floor":24,"key":"Anchor"},{"floor":26,"key":"TungstenRod"},{"floor":31,"key":"HollowMod:GreatKnightMask"}],"event_choices":[{"damage_healed":0.0,"max_hp_gain":0.0,"max_hp_loss":0.0,"gold_gain":75.0,"event_name":"betterThird:BetterGoop","player_choice":"Gold","floor":10.0,"gold_loss":0.0,"damage_taken":11.0},{"damage_healed":0.0,"max_hp_gain":0.0,"max_hp_loss":0.0,"gold_gain":0.0,"event_name":"betterThird:BetterSerpent","player_choice":"RENOUNCE","floor":12.0,"gold_loss":157.0,"damage_taken":157.0,"cards_obtained":["Enlightenment"]},{"cards_removed":["Pain"],"damage_healed":0.0,"max_hp_gain":0.0,"max_hp_loss":0.0,"gold_gain":0.0,"event_name":"Purifier","player_choice":"Purged","floor":19.0,"gold_loss":0.0,"damage_taken":0.0},{"cards_removed":["HollowMod:QuickDashStart"],"damage_healed":0.0,"max_hp_gain":0.0,"max_hp_loss":0.0,"gold_gain":0.0,"event_name":"Bonfire Elementals","player_choice":"Offered Basic","floor":22.0,"gold_loss":0.0,"damage_taken":0.0},{"cards_removed":["HollowMod:SlysStrikes"],"damage_healed":0,"gold_gain":0,"player_choice":"Take \u0026 Give","damage_taken":0,"max_hp_gain":0,"max_hp_loss":0,"event_name":"betterNote:BetterNote","floor":28,"gold_loss":0,"cards_obtained":["DTMod:Punisher"]},{"damage_healed":0,"gold_gain":0,"player_choice":"Portal","damage_taken":0,"max_hp_gain":0,"max_hp_loss":0,"event_name":"betterThird:BetterPortal","floor":39,"gold_loss":0}],"is_beta":false,"boss_relics":[{"not_picked":["Replay:Drink Me","Kintsugi"],"picked":"Snecko Heart"},{"not_picked":["SacredBark","jedi:battlestandard"],"picked":"HollowMod:VoidIdolRelic"}],"items_purged_floors":[2,5,37],"is_endless":false,"potions_floor_spawned":[3,4,11,20,30,33],"ascension_level":5}}