{"host":"fhwr1fuluf6086fh","time":1610385519,"event":{"mods":["2.2 Compatiblity","Act Like it!","BaseMod","Colored Map","Elementarium","Hermit","Minty Spire (QoL Compilation)","Robot Space Explorer","StSLib","The Blue Laboratory","The Caster","The Dragon Tamer","The Factory","The Hierophant","TheLocksmith"],"gold_per_floor":[110,125,135,0,12,38,50,78,138,150,193,205,237,279,291,303,303],"floor_reached":16,"playtime":1323,"items_purged":[],"score":174,"play_id":"17c34024-ebe5-432e-80cb-43ad7c33f4fb","local_time":"20210111121839","is_ascension_mode":true,"campfire_choices":[{"floor":7.0,"key":"REST"},{"floor":10,"key":"REST"},{"floor":12,"key":"REST"},{"floor":15,"key":"REST"}],"circlet_count":0,"master_deck":["AscendersBane","Strike_B","Strike_B","Strike_B","Strike_B","Defend_B","Defend_B","Defend_B","Defend_B","Zap","Dualcast","Biased Cognition","Streamline","Stack","Hologram","Swift Strike","Leap","Rebound","Gash","Beam Cell","Electrodynamics","Genetic Algorithm"],"relics":["Cracked Core","MawBank","Tiny Chest","Blue Candle","Happy Flower"],"acts_visited":["Exordium"],"potions_floor_usage":[11,16],"damage_taken":[{"damage":0.0,"enemies":"Cultist","floor":1.0,"turns":3.0},{"damage":0.0,"enemies":"Small Slimes","floor":2.0,"turns":3.0},{"damage":6.0,"enemies":"Jaw Worm","floor":3.0,"turns":4.0},{"damage":4.0,"enemies":"Red Slaver","floor":5.0,"turns":4.0},{"damage":48.0,"enemies":"Lagavulin","floor":6.0,"turns":9.0},{"damage":12.0,"enemies":"Exordium Wildlife","floor":8.0,"turns":3.0},{"damage":10,"enemies":"Gremlin Nob","floor":11,"turns":4},{"damage":33,"enemies":"Exordium Thugs","floor":13,"turns":4},{"damage":51,"enemies":"The Guardian","floor":16,"turns":4}],"seed_played":"-3713652389549419173","potions_obtained":[{"floor":5.0,"key":"blueLaboratory:LouseDecoction"},{"floor":6.0,"key":"blueLaboratory:PhilterOfMotion"},{"floor":11,"key":"blueLaboratory:ArtificerPotion"}],"is_trial":false,"path_per_floor":["M","M","M","$","M","E","R","M","T","R","E","R","M","?","R","B"],"character_chosen":"DEFECT","items_purchased":["Swift Strike","Leap"],"campfire_rested":4,"item_purchase_floors":[4,4],"current_hp_per_floor":[68,68,62,62,58,10,32,20,20,42,32,54,21,21,43,0,0],"gold":303,"neow_bonus":"ONE_RANDOM_RARE_CARD","is_daily":false,"chose_seed":false,"campfire_upgraded":0,"win_rate":0.0,"timestamp":1610385519,"path_taken":["M","M","M","$","M","E","R","M","T","R","E","R","?","?","R","BOSS"],"items_purchased_type":["Card","Card"],"build_version":"2020-12-22","purchased_purges":0,"victory":false,"max_hp_per_floor":[75,75,75,75,75,75,75,75,75,75,75,75,75,75,75,75,75],"card_choices":[{"not_picked":["Turbo","Conserve Battery"],"picked":"Streamline","floor":1.0},{"not_picked":["Force Field","Turbo"],"picked":"Stack","floor":2.0},{"not_picked":["Ball Lightning","Barrage"],"picked":"Hologram","floor":3.0},{"not_picked":["Sweeping Beam","Compile Driver"],"picked":"Rebound","floor":5.0},{"not_picked":["Undo","Steam"],"picked":"Gash","floor":6.0},{"not_picked":["Aggregate","Stack"],"picked":"Beam Cell","floor":8.0},{"not_picked":["Streamline","Leap"],"picked":"Electrodynamics","floor":11},{"not_picked":["Stack","Barrage"],"picked":"Genetic Algorithm","floor":13}],"player_experience":1117893,"relics_obtained":[{"floor":6.0,"key":"MawBank"},{"floor":9.0,"key":"Tiny Chest"},{"floor":11,"key":"Blue Candle"}],"event_choices":[{"damage_healed":0,"gold_gain":30,"player_choice":"Searched \u00272\u0027 times","damage_taken":0,"relics_obtained":["Happy Flower"],"max_hp_gain":0,"max_hp_loss":0,"event_name":"Dead Adventurer","floor":14,"gold_loss":0}],"is_beta":false,"boss_relics":[],"items_purged_floors":[],"is_endless":false,"potions_floor_spawned":[5,6,11],"killed_by":"The Guardian","ascension_level":11}}