{"host":"8fuipfsvjht9cgcs","time":1610403010,"event":{"mods":["AchievementEnabler","BaseMod","Colored Map","Colored Powertips","DeckTracker","Minty Spire (QoL Compilation)","Replay The Spire","StSLib","SuperFastMode","The Gatherer"],"gold_per_floor":[118,118,193,3,14,14,41,41,89,110,145,156,166,180,180,180,180],"floor_reached":16,"playtime":770,"items_purged":["Strike_R"],"score":209,"play_id":"705b1b86-89e8-4c21-9c92-93b4837ee64d","local_time":"20210112111010","is_ascension_mode":true,"campfire_choices":[{"data":"True Grit","floor":6.0,"key":"SMITH"},{"data":"Seeing Red","floor":8.0,"key":"SMITH"},{"floor":15,"key":"DIG"}],"circlet_count":0,"master_deck":["AscendersBane","Strike_R","Strike_R","Strike_R","Strike_R","Defend_R","Defend_R","Defend_R","Bash","True Grit+1","Sentinel+1","Seeing Red+1","Evolve","Pommel Strike","Entrench","Shrug It Off","Double Tap"],"relics":["Burning Blood","NeowsBlessing","Membership Card","Toy Ornithopter","Strawberry","Odd Mushroom","Calipers","Frozen Egg 2"],"acts_visited":["Exordium"],"potions_floor_usage":[16],"damage_taken":[{"damage":0.0,"enemies":"2 Louse","floor":1.0,"turns":1.0},{"damage":0.0,"enemies":"Small Slimes","floor":5.0,"turns":1.0},{"damage":0.0,"enemies":"Lagavulin","floor":7.0,"turns":1.0},{"damage":50.0,"enemies":"The Mushroom Lair","floor":10.0,"turns":8.0},{"damage":35.0,"enemies":"3 Sentries","floor":11.0,"turns":11.0},{"damage":0.0,"enemies":"Cultist","floor":12.0,"turns":3.0},{"damage":5.0,"enemies":"Blue Slaver","floor":13.0,"turns":6.0},{"damage":0.0,"enemies":"2 Fungi Beasts","floor":14.0,"turns":4.0},{"damage":54,"enemies":"Fading Forest","floor":16,"turns":8}],"seed_played":"-8452309878536231842","potions_obtained":[{"floor":7.0,"key":"Adrenaline Potion"},{"floor":12.0,"key":"Weak Potion"},{"floor":13.0,"key":"Fire Potion"}],"is_trial":false,"path_per_floor":["M","?","?","$","M","R","E","R","T","?","E","M","M","M","R_BF","B"],"character_chosen":"IRONCLAD","items_purchased":["Membership Card"],"campfire_rested":0,"item_purchase_floors":[4],"current_hp_per_floor":[78,78,70,70,76,76,80,80,87,48,19,25,26,32,32,0,0],"gold":180,"neow_bonus":"THREE_ENEMY_KILL","is_daily":false,"chose_seed":false,"campfire_upgraded":2,"win_rate":0.0,"timestamp":1610403010,"path_taken":["M","?","?","$","?","R","E","R","T","?","E","M","M","M","R","BOSS"],"items_purchased_type":["Relic"],"build_version":"2020-12-22","purchased_purges":1,"victory":false,"max_hp_per_floor":[80,80,80,80,80,80,80,80,87,87,87,87,87,87,87,87,87],"card_choices":[{"not_picked":["Thunderclap","Infernal Blade"],"picked":"True Grit","floor":1.0},{"not_picked":["Perfected Strike","Metallicize"],"picked":"Seeing Red","floor":5.0},{"not_picked":["Carnage","Run Through"],"picked":"Evolve","floor":7.0},{"not_picked":["Replay:Undeath\u0027s Touch","Defy Death"],"picked":"Pommel Strike","floor":10.0},{"not_picked":["Second Wind","Sever Soul"],"picked":"Entrench","floor":11.0},{"not_picked":["Hemokinesis","Havoc","Sword Boomerang"],"picked":"SKIP","floor":12.0},{"not_picked":["Anger","Run Through"],"picked":"Shrug It Off","floor":13.0},{"not_picked":["Fire Breathing","Heavy Blade"],"picked":"Double Tap","floor":14.0}],"player_experience":368607,"relics_obtained":[{"floor":7.0,"key":"Toy Ornithopter"},{"floor":9.0,"key":"Strawberry"},{"floor":10.0,"key":"Odd Mushroom"},{"floor":11.0,"key":"Calipers"},{"floor":15,"key":"Frozen Egg 2"}],"event_choices":[{"damage_healed":0.0,"max_hp_gain":0.0,"max_hp_loss":0.0,"gold_gain":75.0,"event_name":"FaceTrader","player_choice":"Touch","floor":3.0,"gold_loss":0.0,"damage_taken":8.0},{"damage_healed":0.0,"max_hp_gain":0.0,"max_hp_loss":0.0,"gold_gain":0.0,"event_name":"Mushrooms","player_choice":"Fought Mushrooms","floor":10.0,"gold_loss":0.0,"damage_taken":0.0}],"is_beta":false,"boss_relics":[],"items_purged_floors":[4],"is_endless":false,"potions_floor_spawned":[7,12,13,14],"killed_by":"Fading Forest","ascension_level":11}}