{"host":"m1168lp3vv5pgdep","time":1610378058,"event":{"mods":["Act Like it!","Aspiration","BaseMod","Better Altar","Better Match","Better Sensory Stone","Better Skull","Better Third Choice","Block Reminder","CCEM","Curses Come First","Elementarium","Gensokyo","GungeonMod","Hallownest","Hermit","Hubris","Menagerie","Minty Spire (QoL Compilation)","Pale of the Ancients","Permanent Neow","Quick Restart","Small Relic Pack","Spicy Shops","StSLib","The Bug Knight","The Forsaken","The Marked","Wandering Minibosses","WarShipGirlsR/????R mod"],"gold_per_floor":[115,105,116,0,11,42,42,72,72,72,72],"floor_reached":10,"playtime":807,"items_purged":[],"score":80,"play_id":"3e7e12da-0ea0-434d-adcc-2914a51ccb4d","local_time":"20210111151418","is_ascension_mode":true,"campfire_choices":[{"data":"After Image","floor":7,"key":"SMITH"}],"circlet_count":0,"master_deck":["Strike_G","Strike_G","Strike_G","Strike_G","Strike_G","Defend_G","Defend_G","Defend_G","Defend_G","Defend_G","Survivor","Neutralize","Backflip","Corpse Explosion","Bouncing Flask","Enlightenment","After Image+1","Die Die Die","Blade Dance"],"relics":["Ring of the Snake","Dead Branch","CaptainsWheel","hubris:CrystalStatue"],"acts_visited":["Exordium"],"potions_floor_usage":[6],"damage_taken":[{"damage":5,"enemies":"Small Slimes","floor":1,"turns":3},{"damage":4,"enemies":"Jaw Worm","floor":3,"turns":5},{"damage":0,"enemies":"2 Louse","floor":5,"turns":2},{"damage":20,"enemies":"Gremlin Nob","floor":6,"turns":4},{"damage":20,"enemies":"3 Sentries","floor":8,"turns":3},{"damage":0,"enemies":"Lagavulin","floor":10,"turns":1}],"seed_played":"-3916091562449153856","potions_obtained":[{"floor":1,"key":"ColorlessPotion"},{"floor":8,"key":"LiquidBronze"}],"is_trial":false,"path_per_floor":["M","?","M","?","M","E","R","E","T","E"],"character_chosen":"THE_SILENT","items_purchased":[],"campfire_rested":0,"item_purchase_floors":[],"current_hp_per_floor":[58,58,54,60,60,40,40,20,20,20,20],"gold":72,"neow_bonus":"ONE_RARE_RELIC","is_daily":false,"chose_seed":false,"campfire_upgraded":1,"win_rate":0.0,"timestamp":1610378058,"path_taken":["M","?","M","?","M","E","R","E","T","E"],"items_purchased_type":[],"build_version":"2020-12-22","purchased_purges":0,"victory":false,"max_hp_per_floor":[63,63,63,69,69,69,69,69,69,69,69],"card_choices":[{"not_picked":["Dagger Throw","Poisoned Stab"],"picked":"Backflip","floor":1},{"not_picked":[],"picked":"Corpse Explosion","floor":2},{"not_picked":["hubris:TrickCloak","Dagger Throw"],"picked":"Bouncing Flask","floor":3},{"not_picked":["Backflip","Prepared"],"picked":"After Image","floor":5},{"not_picked":["Calculated Gamble","After Image"],"picked":"Die Die Die","floor":6},{"not_picked":["Reflex","Escape Plan"],"picked":"Blade Dance","floor":8}],"player_experience":171563,"relics_obtained":[{"floor":6,"key":"CaptainsWheel"},{"floor":8,"key":"hubris:CrystalStatue"}],"event_choices":[{"damage_healed":0,"gold_gain":0,"player_choice":"RENOUNCE","damage_taken":116,"max_hp_gain":0,"max_hp_loss":0,"event_name":"betterThird:BetterSerpent","floor":4,"gold_loss":116,"cards_obtained":["Enlightenment"]}],"is_beta":false,"boss_relics":[],"items_purged_floors":[],"is_endless":false,"potions_floor_spawned":[1,8],"killed_by":"Lagavulin","ascension_level":1}}