{"host":"hcmbbnq9kugrt4gl","time":1610392381,"event":{"mods":["AchievementEnabler","BaseMod","Minty Spire (QoL Compilation)","Permanent Neow","Quick Restart","Relic Stats","Synergy Search","slay the spire mod where everything is the same but ironclad has a cowboy hat"],"gold_per_floor":[111,123,123,198,210,244,256,289,301,313,128,171,171,189,189,315,315,338,354,354,248,269,323,341,355,355,355,373,373,54,79,79,202,202,227,227,82,95,453,491,491,535,535,571,571,8,32,57,57,57],"floor_reached":51,"playtime":2931,"items_purged":["Defend_R","Strike_R"],"score":817,"play_id":"4c25c498-1d15-4141-8303-0fd8d0cd635e","local_time":"20210111201301","is_ascension_mode":false,"campfire_choices":[{"data":"Infernal Blade","floor":10,"key":"SMITH"},{"floor":13,"key":"REST"},{"data":"Armaments","floor":15,"key":"SMITH"},{"floor":27,"key":"REST"},{"floor":32,"key":"REST"},{"floor":41,"key":"REST"},{"floor":49,"key":"REST"}],"circlet_count":0,"master_deck":["Strike_R","Strike_R+1","Defend_R","Defend_R","Bash","Wild Strike","Blood for Blood+1","Flex","Infernal Blade+1","Heavy Blade","Armaments+1","Bloodletting","Clothesline","Whirlwind+1","Demon Form","Cleave","Flame Barrier","Evolve","Combust","Clash+1","Searing Blow+1","Flex","Offering","Rage+1","Demon Form","Anger+1","Sever Soul+1","Seeing Red+1","Metallicize","Uppercut","Rampage+1","Wild Strike+1","Feed","Pummel","Seeing Red","Panacea","Combust","Dark Embrace","Inflame","Parasite","Twin Strike+1"],"relics":["Burning Blood","PreservedInsect","MawBank","Golden Idol","Dream Catcher","Toolbox","Letter Opener","Busted Crown","Enchiridion","Centennial Puzzle","The Courier","Lantern","Membership Card","TungstenRod","Astrolabe","MealTicket","Old Coin","HornCleat","Smiling Mask","Bird Faced Urn","Shuriken","OrangePellets","Ornamental Fan","Peace Pipe"],"acts_visited":["Exordium","TheCity","TheBeyond"],"potions_floor_usage":[16,23,28,31,33,33,50,50],"damage_taken":[{"damage":6,"enemies":"Jaw Worm","floor":1,"turns":3},{"damage":0,"enemies":"2 Louse","floor":2,"turns":2},{"damage":0,"enemies":"Cultist","floor":5,"turns":2},{"damage":14,"enemies":"Gremlin Nob","floor":6,"turns":3},{"damage":2,"enemies":"Large Slime","floor":8,"turns":7},{"damage":17,"enemies":"3 Sentries","floor":12,"turns":6},{"damage":9,"enemies":"2 Fungi Beasts","floor":14,"turns":2},{"damage":58,"enemies":"Hexaghost","floor":16,"turns":9},{"damage":5,"enemies":"Chosen","floor":18,"turns":2},{"damage":5,"enemies":"Spheric Guardian","floor":19,"turns":3},{"damage":11,"enemies":"Snecko","floor":22,"turns":4},{"damage":33,"enemies":"Slavers","floor":23,"turns":3},{"damage":10,"enemies":"Cultist and Chosen","floor":24,"turns":5},{"damage":17,"enemies":"Snake Plant","floor":25,"turns":3},{"damage":9,"enemies":"3 Cultists","floor":28,"turns":3},{"damage":18,"enemies":"Snecko","floor":31,"turns":4},{"damage":23,"enemies":"Collector","floor":33,"turns":6},{"damage":20,"enemies":"3 Darklings","floor":35,"turns":3},{"damage":5,"enemies":"Orb Walker","floor":38,"turns":1},{"damage":31,"enemies":"2 Orb Walkers","floor":39,"turns":4},{"damage":11,"enemies":"Giant Head","floor":40,"turns":5},{"damage":8,"enemies":"Reptomancer","floor":42,"turns":4},{"damage":5,"enemies":"Nemesis","floor":44,"turns":5},{"damage":17,"enemies":"4 Shapes","floor":47,"turns":2},{"damage":36,"enemies":"Writhing Mass","floor":48,"turns":5},{"damage":51,"enemies":"Donu and Deca","floor":50,"turns":6}],"seed_played":"-8149999363372773004","potions_obtained":[{"floor":6,"key":"Block Potion"},{"floor":8,"key":"Dexterity Potion"},{"floor":14,"key":"LiquidBronze"},{"floor":16,"key":"Dexterity Potion"},{"floor":24,"key":"LiquidMemories"},{"floor":28,"key":"Fire Potion"},{"floor":42,"key":"Explosive Potion"},{"floor":44,"key":"SteroidPotion"},{"floor":47,"key":"Fire Potion"}],"is_trial":false,"path_per_floor":["M","M","?","?","M","E","?","M","T","R","$","E","R","M","R","B",null,"M","M","?","$","M","E","M","M","T","R","M","?","$","M","R","B",null,"M","?","$","M","?","E","R","E","T","E","?","$","M","M","R","B",null],"character_chosen":"IRONCLAD","items_purchased":["Toolbox","Armaments","Cleave","Flame Barrier","Membership Card","TungstenRod","Flex","Offering","Metallicize","MealTicket","Uppercut","OrangePellets","Ornamental Fan","BlessingOfTheForge","Peace Pipe","Feed","Pummel","Seeing Red","Panacea","Combust","Dark Embrace","Inflame"],"campfire_rested":5,"item_purchase_floors":[11,11,21,21,30,30,30,30,37,37,37,46,46,46,46,46,46,46,46,46,46,46],"current_hp_per_floor":[80,80,64,53,59,51,51,55,55,55,55,44,66,63,63,11,74,74,74,58,58,53,26,22,11,11,33,30,30,30,18,40,23,74,60,60,60,61,36,31,53,51,51,60,60,74,67,47,69,35],"gold":57,"neow_bonus":"RANDOM_COMMON_RELIC","is_daily":false,"chose_seed":false,"campfire_upgraded":2,"win_rate":0.0,"timestamp":1610392381,"path_taken":["M","M","?","?","M","E","?","M","T","R","$","E","R","M","R","BOSS","M","M","?","$","M","E","M","M","T","R","M","?","$","M","R","BOSS","M","?","?","M","?","E","R","E","T","E","?","$","M","M","R","BOSS"],"items_purchased_type":["Relic","Card","Card","Card","Relic","Relic","Card","Card","Card","Relic","Card","Relic","Relic","Potion","Relic","Card","Card","Card","Card","Card","Card","Card"],"build_version":"2020-12-22","purchased_purges":2,"victory":true,"max_hp_per_floor":[80,80,80,80,80,80,74,74,74,74,74,74,74,74,74,74,74,74,74,74,74,74,74,74,74,74,74,74,74,74,74,74,74,74,74,74,74,74,74,74,74,74,74,74,74,74,74,74,74,74],"relic_stats":{"counters":[26,102],"Golden Idol":181,"Astrolabe":["Anger","Sever Soul","Seeing Red"],"PreservedInsect":323,"Letter Opener":[141],"MawBank":60,"Smiling Mask":-10,"Burning Blood":148,"Peace Pipe":0,"OrangePellets":[1],"Dream Catcher":5,"Centennial Puzzle":[42],"Busted Crown":42,"Shuriken":[8],"Ornamental Fan":[32],"Bird Faced Urn":[33],"MealTicket":14,"obtain_stats":[{"Lantern":29,"Golden Idol":7,"Astrolabe":34,"Enchiridion":20,"PreservedInsect":0,"The Courier":26,"Letter Opener":12,"MawBank":6,"Smiling Mask":42,"Burning Blood":0,"Old Coin":39,"Peace Pipe":46,"OrangePellets":46,"Dream Catcher":9,"Centennial Puzzle":23,"Busted Crown":17,"HornCleat":40,"Shuriken":44,"Ornamental Fan":46,"Bird Faced Urn":43,"Toolbox":11,"MealTicket":37,"Membership Card":30,"TungstenRod":30},{"Lantern":15,"Golden Idol":4,"Astrolabe":17,"Enchiridion":10,"PreservedInsect":0,"The Courier":14,"Letter Opener":6,"MawBank":4,"Smiling Mask":22,"Burning Blood":0,"Old Coin":20,"Peace Pipe":23,"OrangePellets":23,"Dream Catcher":5,"Centennial Puzzle":12,"Busted Crown":8,"HornCleat":21,"Shuriken":23,"Ornamental Fan":23,"Bird Faced Urn":22,"Toolbox":5,"MealTicket":18,"Membership Card":15,"TungstenRod":15},{"Lantern":57,"Golden Idol":10,"Astrolabe":67,"Enchiridion":39,"PreservedInsect":0,"The Courier":54,"Letter Opener":23,"MawBank":10,"Smiling Mask":84,"Burning Blood":0,"Old Coin":75,"Peace Pipe":89,"OrangePellets":89,"Dream Catcher":17,"Centennial Puzzle":46,"Busted Crown":34,"HornCleat":80,"Shuriken":89,"Ornamental Fan":89,"Bird Faced Urn":84,"Toolbox":17,"MealTicket":70,"Membership Card":57,"TungstenRod":57}],"TungstenRod":49},"card_choices":[{"not_picked":["Twin Strike","Second Wind"],"picked":"Wild Strike","floor":1},{"not_picked":["Wild Strike","Heavy Blade"],"picked":"Blood for Blood","floor":2},{"not_picked":["Pommel Strike","Rupture"],"picked":"Flex","floor":5},{"not_picked":["Sever Soul","Combust"],"picked":"Infernal Blade","floor":6},{"not_picked":["Pummel","Pommel Strike"],"picked":"Heavy Blade","floor":8},{"not_picked":["Rage","Clothesline"],"picked":"Bloodletting","floor":12},{"not_picked":["Cleave","Shrug It Off"],"picked":"Clothesline","floor":13},{"not_picked":["Thunderclap","Entrench"],"picked":"Whirlwind","floor":14},{"not_picked":["Limit Break","Brutality"],"picked":"Demon Form","floor":16},{"not_picked":["Heavy Blade"],"picked":"SKIP","floor":18},{"not_picked":["True Grit"],"picked":"SKIP","floor":19},{"not_picked":[],"picked":"Evolve","floor":22},{"not_picked":[],"picked":"Combust","floor":23},{"not_picked":[],"picked":"Clash+1","floor":24},{"not_picked":[],"picked":"Searing Blow+1","floor":25},{"not_picked":["Cleave"],"picked":"SKIP","floor":28},{"not_picked":["Heavy Blade"],"picked":"SKIP","floor":31},{"not_picked":[],"picked":"Rage+1","floor":32},{"not_picked":[],"picked":"Demon Form","floor":33},{"not_picked":[],"picked":"Reckless Charge+1","floor":35},{"not_picked":["Rupture"],"picked":"SKIP","floor":38},{"not_picked":[],"picked":"Rampage+1","floor":39},{"not_picked":["Warcry+1"],"picked":"SKIP","floor":40},{"not_picked":["Clash"],"picked":"SKIP","floor":42},{"not_picked":[],"picked":"Wild Strike+1","floor":44},{"not_picked":["Dual Wield+1"],"picked":"SKIP","floor":47},{"not_picked":[],"picked":"Twin Strike+1","floor":48}],"player_experience":189110,"relics_obtained":[{"floor":6,"key":"MawBank"},{"floor":9,"key":"Dream Catcher"},{"floor":12,"key":"Letter Opener"},{"floor":20,"key":"Enchiridion"},{"floor":23,"key":"Centennial Puzzle"},{"floor":26,"key":"The Courier"},{"floor":39,"key":"Old Coin"},{"floor":40,"key":"HornCleat"},{"floor":42,"key":"Smiling Mask"},{"floor":43,"key":"Bird Faced Urn"},{"floor":44,"key":"Shuriken"}],"event_choices":[{"damage_healed":0,"gold_gain":0,"player_choice":"Entered Light","damage_taken":16,"max_hp_gain":0,"max_hp_loss":0,"event_name":"Shining Light","floor":3,"gold_loss":0,"cards_upgraded":["Strike_R","Blood for Blood"]},{"damage_healed":0,"gold_gain":75,"player_choice":"Gather Gold","damage_taken":11,"max_hp_gain":0,"max_hp_loss":0,"event_name":"World of Goop","floor":4,"gold_loss":0},{"damage_healed":0,"gold_gain":0,"player_choice":"Lose Max HP","damage_taken":0,"relics_obtained":["Golden Idol"],"max_hp_gain":0,"max_hp_loss":6,"event_name":"Golden Idol","floor":7,"gold_loss":0},{"damage_healed":0,"gold_gain":0,"player_choice":"Obtained Book","damage_taken":16,"max_hp_gain":0,"max_hp_loss":0,"event_name":"Cursed Tome","floor":20,"gold_loss":0},{"damage_healed":0,"gold_gain":0,"player_choice":"Opened","damage_taken":0,"relics_obtained":["Lantern"],"max_hp_gain":0,"max_hp_loss":0,"event_name":"The Mausoleum","floor":29,"gold_loss":0},{"damage_healed":0,"gold_gain":0,"player_choice":"Forge","damage_taken":0,"max_hp_gain":0,"max_hp_loss":0,"event_name":"Accursed Blacksmith","floor":36,"gold_loss":0,"cards_upgraded":["Whirlwind"]},{"damage_healed":0,"gold_gain":0,"player_choice":"Fight","damage_taken":0,"max_hp_gain":0,"max_hp_loss":0,"event_name":"Mysterious Sphere","floor":39,"gold_loss":0},{"cards_removed":["Reckless Charge"],"damage_healed":0,"gold_gain":0,"player_choice":"Removed Attack","damage_taken":0,"max_hp_gain":0,"max_hp_loss":0,"event_name":"Falling","floor":45,"gold_loss":0}],"is_beta":false,"boss_relics":[{"not_picked":["Black Star","Black Blood"],"picked":"Busted Crown"},{"not_picked":["Empty Cage","Runic Cube"],"picked":"Astrolabe"}],"items_purged_floors":[37,46],"is_endless":false,"potions_floor_spawned":[6,8,14,16,18,22,24,28,42,44,47,48],"ascension_level":0}}