{"host":"uv231blk40vjdojr","time":1610376488,"event":{"mods":["AchievementEnabler","BaseMod","Bestiary","Minty Spire (QoL Compilation)","Relic Stats"],"gold_per_floor":[109,109,121,145,2,28,28,55,81,99,99,117,129,129,129,232,232,245,245,0,11,11,40,40,70,70,88,121,121,136,61,61,160,160,170,70,86,1085,150,150,0,51,51,51,51,78,98,115,115,115],"floor_reached":51,"playtime":2009,"items_purged":["Strike_R","Strike_R","Strike_R"],"score":816,"play_id":"b7c90a91-bd62-4b5f-a497-16599f09602a","local_time":"20210111154808","is_ascension_mode":false,"campfire_choices":[{"data":"Immolate","floor":7.0,"key":"SMITH"},{"floor":11.0,"key":"REST"},{"data":"Flame Barrier","floor":15.0,"key":"SMITH"},{"floor":24.0,"key":"REST"},{"floor":29.0,"key":"REST"},{"data":"Demon Form","floor":32.0,"key":"SMITH"},{"data":"Berserk","floor":40.0,"key":"SMITH"},{"data":"Barricade","floor":44.0,"key":"SMITH"},{"data":"Impervious","floor":49,"key":"SMITH"}],"circlet_count":0,"master_deck":["Strike_R","Defend_R","Defend_R","Defend_R","Bash","Immolate+1","Shrug It Off","Barricade+1","Flame Barrier+1","Berserk+1","Battle Trance","Corruption","Battle Trance+1","Demon Form+1","Impervious+1","Shrug It Off+1","Flame Barrier+1","Metallicize+1","Spot Weakness+1","Armaments+1"],"relics":["Burning Blood","Bottled Flame","Lizard Tail","Omamori","Velvet Choker","Nloth\u0027s Gift","Letter Opener","Champion Belt","Pen Nib","Mercury Hourglass","Happy Flower","Cursed Key","Kunai","Gambling Chip","Orrery","Red Mask","Du-Vu Doll","Self Forming Clay"],"acts_visited":["Exordium","TheCity","TheBeyond"],"potions_floor_usage":[50,50,50],"damage_taken":[{"damage":2.0,"enemies":"2 Louse","floor":1.0,"turns":3.0},{"damage":5.0,"enemies":"Small Slimes","floor":4.0,"turns":3.0},{"damage":38.0,"enemies":"Lagavulin","floor":6.0,"turns":5.0},{"damage":26.0,"enemies":"Gremlin Nob","floor":8.0,"turns":4.0},{"damage":6.0,"enemies":"Jaw Worm","floor":10.0,"turns":2.0},{"damage":0.0,"enemies":"Exordium Thugs","floor":12.0,"turns":3.0},{"damage":0.0,"enemies":"Large Slime","floor":13.0,"turns":4.0},{"damage":48.0,"enemies":"The Guardian","floor":16.0,"turns":17.0},{"damage":9.0,"enemies":"2 Thieves","floor":18.0,"turns":4.0},{"damage":0.0,"enemies":"Chosen","floor":21.0,"turns":4.0},{"damage":41.0,"enemies":"Book of Stabbing","floor":23.0,"turns":6.0},{"damage":0.0,"enemies":"Gremlin Leader","floor":25.0,"turns":6.0},{"damage":26.0,"enemies":"Shelled Parasite and Fungi","floor":27.0,"turns":5.0},{"damage":33.0,"enemies":"Slavers","floor":28.0,"turns":3.0},{"damage":0.0,"enemies":"Snecko","floor":30.0,"turns":4.0},{"damage":21.0,"enemies":"Collector","floor":33.0,"turns":7.0},{"damage":10.0,"enemies":"3 Darklings","floor":35.0,"turns":3.0},{"damage":0.0,"enemies":"Orb Walker","floor":37.0,"turns":4.0},{"damage":20.0,"enemies":"2 Orb Walkers","floor":42.0,"turns":4.0},{"damage":2.0,"enemies":"Nemesis","floor":46.0,"turns":7.0},{"damage":0,"enemies":"Transient","floor":47,"turns":5},{"damage":0,"enemies":"Writhing Mass","floor":48,"turns":5},{"damage":34,"enemies":"Awakened One","floor":50,"turns":12}],"seed_played":"-7244323585492465197","potions_obtained":[{"floor":1.0,"key":"SkillPotion"},{"floor":4.0,"key":"Regen Potion"},{"floor":8.0,"key":"Fire Potion"},{"floor":12.0,"key":"Block Potion"},{"floor":18.0,"key":"FearPotion"},{"floor":23.0,"key":"EntropicBrew"},{"floor":27.0,"key":"LiquidMemories"},{"floor":30.0,"key":"Weak Potion"},{"floor":37.0,"key":"Dexterity Potion"},{"floor":42.0,"key":"PowerPotion"}],"is_trial":false,"path_per_floor":["M","?","?","M","$","E","R","E","T","M","R","M","M","$","R","B",null,"M","?","$","M","$","E","R","E","T","M","E","R","M","$","R","B",null,"M","$","M","?","$","R","?","?","T","R","$","E","M","M","R","B",null],"character_chosen":"IRONCLAD","items_purchased":["Immolate","Letter Opener","Kunai","Gambling Chip","Orrery","HeartOfIron"],"campfire_rested":3,"item_purchase_floors":[5,20,39,39,39,39],"current_hp_per_floor":[80,68,61,62,62,42,42,22,22,22,46,52,58,58,58,16,80,77,77,77,80,80,45,69,75,75,55,28,52,58,58,58,43,80,76,76,80,80,80,80,80,66,66,66,66,70,76,80,80,52],"gold":115,"neow_bonus":"REMOVE_CARD","is_daily":false,"chose_seed":false,"campfire_upgraded":6,"win_rate":0.0,"timestamp":1610376488,"path_taken":["M","?","?","M","?","E","R","E","T","M","R","?","M","$","R","BOSS","M","?","$","M","$","E","R","E","T","M","E","R","M","?","R","BOSS","M","$","M","?","$","R","?","?","T","R","?","E","M","?","R","BOSS"],"items_purchased_type":["Card","Relic","Relic","Relic","Relic","Potion"],"build_version":"2020-12-22","purchased_purges":3,"victory":true,"max_hp_per_floor":[80,80,80,80,80,80,80,80,80,80,80,80,80,80,80,80,80,80,80,80,80,80,80,80,80,80,80,80,80,80,80,80,80,80,80,80,80,80,80,80,80,80,80,80,80,80,80,80,80,80],"relic_stats":{"Happy Flower":[17],"counters":[23,120],"Self Forming Clay":[9],"Pen Nib":[7],"Letter Opener":[230],"Cursed Key":0,"Burning Blood":127,"Mercury Hourglass":[232],"Lizard Tail":0,"Gambling Chip":[8],"Nloth\u0027s Gift":2,"Champion Belt":[20],"Kunai":[3],"obtain_stats":[{"Happy Flower":28,"Self Forming Clay":46,"Velvet Choker":17,"Pen Nib":25,"Omamori":9,"Letter Opener":20,"MawBank":2,"Cursed Key":34,"Burning Blood":0,"Mercury Hourglass":26,"Du-Vu Doll":42,"Bottled Flame":6,"Lizard Tail":8,"Gambling Chip":39,"Orrery":39,"Nloth\u0027s Gift":19,"Red Mask":41,"Champion Belt":23,"Kunai":39},{"Happy Flower":14,"Self Forming Clay":20,"Velvet Choker":8,"Pen Nib":12,"Omamori":4,"Letter Opener":9,"MawBank":1,"Cursed Key":16,"Burning Blood":0,"Mercury Hourglass":12,"Du-Vu Doll":19,"Bottled Flame":3,"Lizard Tail":4,"Gambling Chip":18,"Orrery":18,"Nloth\u0027s Gift":9,"Red Mask":18,"Champion Belt":11,"Kunai":18},{"Happy Flower":69,"Self Forming Clay":98,"Velvet Choker":41,"Pen Nib":61,"Omamori":15,"Letter Opener":45,"MawBank":3,"Cursed Key":80,"Burning Blood":0,"Mercury Hourglass":61,"Du-Vu Doll":91,"Bottled Flame":11,"Lizard Tail":15,"Gambling Chip":87,"Orrery":87,"Nloth\u0027s Gift":45,"Red Mask":87,"Champion Belt":55,"Kunai":87}]},"card_choices":[{"not_picked":["Warcry","Evolve","Burning Pact"],"picked":"SKIP","floor":1.0},{"not_picked":["Battle Trance","Perfected Strike","Heavy Blade"],"picked":"SKIP","floor":4.0},{"not_picked":["Wild Strike","Reckless Charge"],"picked":"Shrug It Off","floor":6.0},{"not_picked":["Inflame","Armaments"],"picked":"Barricade","floor":8.0},{"not_picked":["Clothesline","Wild Strike","Perfected Strike"],"picked":"SKIP","floor":10.0},{"not_picked":["Armaments","Clothesline"],"picked":"Flame Barrier","floor":12.0},{"not_picked":["Anger","Body Slam","Thunderclap"],"picked":"SKIP","floor":13.0},{"not_picked":["Reaper","Juggernaut"],"picked":"Berserk","floor":16.0},{"not_picked":["Sentinel","Armaments","Thunderclap+1"],"picked":"SKIP","floor":18.0},{"not_picked":["Wild Strike+1","Pommel Strike+1"],"picked":"Battle Trance","floor":21.0},{"not_picked":["Juggernaut","Body Slam","Limit Break"],"picked":"SKIP","floor":23.0},{"not_picked":["Armaments+1","Reaper"],"picked":"Corruption","floor":25.0},{"not_picked":["Twin Strike","Burning Pact+1","Heavy Blade"],"picked":"SKIP","floor":27.0},{"not_picked":["Flex","Barricade"],"picked":"Battle Trance+1","floor":28.0},{"not_picked":["Disarm","Seeing Red+1"],"picked":"Demon Form","floor":30.0},{"not_picked":["Immolate","Corruption"],"picked":"Impervious","floor":33.0},{"not_picked":["Thunderclap","Headbutt+1","True Grit+1"],"picked":"SKIP","floor":35.0},{"not_picked":["Pommel Strike","Uppercut+1"],"picked":"Shrug It Off+1","floor":37.0},{"not_picked":["Dual Wield+1","Armaments"],"picked":"Flame Barrier+1","floor":39.0},{"not_picked":["Clash+1","Headbutt+1"],"picked":"Metallicize+1","floor":39.0},{"not_picked":["Flex","Bludgeon"],"picked":"Spot Weakness+1","floor":39.0},{"not_picked":["Brutality","Anger","Disarm+1"],"picked":"SKIP","floor":46.0},{"not_picked":["Searing Blow","Battle Trance"],"picked":"Armaments+1","floor":47},{"not_picked":["Pommel Strike+1","Wild Strike+1","Thunderclap"],"picked":"SKIP","floor":48}],"player_experience":657249,"relics_obtained":[{"floor":6.0,"key":"Bottled Flame"},{"floor":8.0,"key":"Lizard Tail"},{"floor":9.0,"key":"Omamori"},{"floor":23.0,"key":"Champion Belt"},{"floor":25.0,"key":"Pen Nib"},{"floor":26.0,"key":"Mercury Hourglass"},{"floor":28.0,"key":"Happy Flower"},{"floor":42.0,"key":"Du-Vu Doll"},{"floor":46.0,"key":"Self Forming Clay"}],"event_choices":[{"damage_healed":0.0,"max_hp_gain":0.0,"max_hp_loss":0.0,"gold_gain":0.0,"event_name":"Scrap Ooze","player_choice":"Success","floor":2.0,"gold_loss":0.0,"damage_taken":12.0,"relics_obtained":["MawBank"]},{"cards_removed":["Strike_R"],"damage_healed":0.0,"max_hp_gain":0.0,"max_hp_loss":0.0,"gold_gain":0.0,"event_name":"Golden Wing","player_choice":"Card Removal","floor":3.0,"gold_loss":0.0,"damage_taken":7.0},{"damage_healed":0.0,"max_hp_gain":0.0,"max_hp_loss":0.0,"gold_gain":0.0,"event_name":"N\u0027loth","player_choice":"Traded Relic","floor":19.0,"relics_lost":["MawBank"],"gold_loss":0.0,"damage_taken":0.0,"relics_obtained":["Nloth\u0027s Gift"]},{"damage_healed":0.0,"max_hp_gain":0.0,"max_hp_loss":0.0,"gold_gain":999.0,"event_name":"MindBloom","player_choice":"Gold","floor":38.0,"gold_loss":0.0,"damage_taken":0.0,"cards_obtained":["Normality","Normality"]},{"damage_healed":0.0,"max_hp_gain":0.0,"max_hp_loss":0.0,"gold_gain":0.0,"event_name":"Tomb of Lord Red Mask","player_choice":"Paid","floor":41.0,"gold_loss":150.0,"damage_taken":0.0,"relics_obtained":["Red Mask"]},{"damage_healed":0.0,"max_hp_gain":0.0,"max_hp_loss":0.0,"gold_gain":0.0,"event_name":"Mysterious Sphere","player_choice":"Fight","floor":42.0,"gold_loss":0.0,"damage_taken":0.0}],"is_beta":false,"boss_relics":[{"not_picked":["Snecko Eye","Ectoplasm"],"picked":"Velvet Choker"},{"not_picked":["Fusion Hammer","Calling Bell"],"picked":"Cursed Key"}],"items_purged_floors":[31,36,39],"is_endless":false,"potions_floor_spawned":[1,4,8,12,18,23,27,30,37,42],"ascension_level":0}}