{"host":"ifhtq4ixo5m3h13u","time":1610361749,"event":{"mods":["BaseMod","Downfall","Minty Spire (QoL Compilation)","StSLib","Waifu the Spire","noobMod","vexMod","¡¾ÒÅÎï¿¨ÅÆ¡¿REMEMod"],"gold_per_floor":[117,131,131,147,147,147,147,167,167,181,181,199,233,245,245,348,348,360,360,360,376,388,388,408,437,437,437,437,362,31,43,43,140,140,152,152,162,180,231,276,288,300,300],"floor_reached":42,"playtime":1490,"items_purged":[],"score":550,"play_id":"1e4023a2-6eb4-4520-954e-2f7bdbb819ae","local_time":"20210111184229","is_ascension_mode":false,"campfire_choices":[{"floor":6.0,"key":"RECALL"},{"floor":15.0,"key":"REST"},{"floor":23.0,"key":"REST"},{"floor":27,"key":"REST"},{"data":"Judgement","floor":32,"key":"SMITH"}],"circlet_count":0,"master_deck":["Defend_G","Defend_G","Defend_G","Defend_G","Survivor","Neutralize","Judgement+1","Infinite Blades","Slice","Pain","Dagger Spray","Distraction","Slice","Riddle With Holes","Die Die Die","Envenom","CurseOfTheBell","Prepared+1","Expertise+1","Infinite Blades","Adrenaline","Bite","Bite","Bite","Bite","Bite","REME_Flogging","Endless Agony","A Thousand Cuts","Distraction+1","Blade Dance+1","Blade Dance+1"],"relics":["Ring of the Snake","ice","REME_ComplimentaryCards","Bag of Preparation","WarpedTongs","vexMod:Dragonfruit","Calling Bell","Nunchaku","Question Card","vexMod:RedPlottingStone","MutagenicStrength","Kunai","Smiling Mask","Tiny Chest","SlaversCollar","MawBank","CaptainsWheel","Bottled Flame"],"acts_visited":["Exordium","TheCity","TheBeyond"],"potions_floor_usage":[25,40,40],"damage_taken":[{"damage":0.0,"enemies":"Jaw Worm","floor":1.0,"turns":4.0},{"damage":0.0,"enemies":"Cultist","floor":2.0,"turns":3.0},{"damage":0.0,"enemies":"2 Louse","floor":4.0,"turns":2.0},{"damage":14.0,"enemies":"Large Slime","floor":8.0,"turns":4.0},{"damage":7.0,"enemies":"3 Louse","floor":10.0,"turns":3.0},{"damage":11.0,"enemies":"Lots of Slimes","floor":12.0,"turns":5.0},{"damage":28.0,"enemies":"Gremlin Nob","floor":13.0,"turns":4.0},{"damage":3.0,"enemies":"Exordium Thugs","floor":14.0,"turns":3.0},{"damage":7.0,"enemies":"Slime Boss","floor":16.0,"turns":7.0},{"damage":8.0,"enemies":"Chosen","floor":18.0,"turns":3.0},{"damage":17.0,"enemies":"Shell Parasite","floor":21.0,"turns":2.0},{"damage":29.0,"enemies":"Snecko","floor":22.0,"turns":6.0},{"damage":36.0,"enemies":"Centurion and Healer","floor":24.0,"turns":5.0},{"damage":61,"enemies":"REME_1_Revenger","floor":25,"turns":4},{"damage":10,"enemies":"Cultist and Chosen","floor":31,"turns":3},{"damage":41,"enemies":"Automaton","floor":33,"turns":6},{"damage":12,"enemies":"Orb Walker","floor":35,"turns":2},{"damage":21,"enemies":"3 Shapes","floor":37,"turns":2},{"damage":30,"enemies":"Jaw Worm Horde","floor":38,"turns":2},{"damage":7,"enemies":"Giant Head","floor":40,"turns":4}],"seed_played":"-1790428332153811486","potions_obtained":[{"floor":2.0,"key":"Explosive Potion"},{"floor":4.0,"key":"Ancient Potion"},{"floor":10.0,"key":"CunningPotion"},{"floor":22.0,"key":"Energy Potion"},{"floor":36,"key":"BlessingOfTheForge"},{"floor":36,"key":"Slimebound:ThreeZeroPotion"},{"floor":36,"key":"CunningPotion"}],"is_trial":false,"path_per_floor":["M","M","?","M","?","R","$","M","T","M","?","M","E","M","R","B",null,"M","?","?","M","M","R","M","E","T","R","?","?","$","M","R","B",null,"M","?","M","M","T","E","T","?"],"character_chosen":"THE_SILENT","items_purchased":["REME_Flogging","Tiny Chest"],"campfire_rested":3,"item_purchase_floors":[30,30],"current_hp_per_floor":[70,70,70,70,70,70,70,56,56,49,56,45,22,19,41,34,75,67,67,67,50,21,43,7,18,18,41,41,41,41,39,39,17,64,54,54,35,9,9,9,9,0,0],"gold":300,"neow_bonus":"RANDOM_COMMON_RELIC","is_daily":false,"chose_seed":false,"campfire_upgraded":1,"win_rate":0.0,"timestamp":1610361749,"path_taken":["M","M","?","M","?","R","$","M","T","?","?","M","E","M","R","BOSS","M","?","?","M","M","R","M","E","T","R","?","?","$","M","R","BOSS","M","?","M","?","?","E","?","?"],"items_purchased_type":["Card","Relic"],"build_version":"2020-12-22","purchased_purges":0,"victory":false,"max_hp_per_floor":[70,70,70,70,70,70,70,70,70,70,70,70,75,75,75,75,75,75,75,75,75,75,75,75,78,78,78,54,54,54,56,56,64,64,65,65,70,72,72,73,73,73,73],"card_choices":[{"not_picked":["Poisoned Stab","Dagger Spray"],"picked":"Infinite Blades","floor":1.0},{"not_picked":["Deadly Poison","Bane"],"picked":"Slice","floor":2.0},{"not_picked":["Bane","Backflip","Prepared"],"picked":"SKIP","floor":4.0},{"not_picked":["PiercingWail","Dodge and Roll"],"picked":"Dagger Spray","floor":8.0},{"not_picked":["Backflip","Dagger Spray"],"picked":"Distraction","floor":10.0},{"not_picked":["Expertise","Bouncing Flask"],"picked":"Slice","floor":12.0},{"not_picked":["Well Laid Plans","Dagger Throw"],"picked":"Riddle With Holes","floor":13.0},{"not_picked":["Deadly Poison","Deflect"],"picked":"Die Die Die","floor":14.0},{"not_picked":["Doppelganger","A Thousand Cuts"],"picked":"Envenom","floor":16.0},{"not_picked":["Backflip","Dagger Spray","Quick Slash","Slice"],"picked":"SKIP","floor":18.0},{"not_picked":["Deadly Poison","Masterful Stab","Riddle With Holes"],"picked":"Prepared+1","floor":21.0},{"not_picked":["Riddle With Holes","Acrobatics","Dagger Spray"],"picked":"Expertise+1","floor":22.0},{"not_picked":["Catalyst","Dagger Throw","Underhanded Strike"],"picked":"Infinite Blades","floor":24.0},{"not_picked":["Sucker Punch+1","Calculated Gamble","Expertise"],"picked":"Adrenaline","floor":25},{"not_picked":["Predator","Flying Knee","Poisoned Stab"],"picked":"Endless Agony","floor":31},{"not_picked":["Malaise","Tools of the Trade","Bullet Time"],"picked":"A Thousand Cuts","floor":33},{"not_picked":["Bane+1","Deadly Poison+1","Sucker Punch","Acrobatics"],"picked":"SKIP","floor":35},{"not_picked":["Dodge and Roll+1","Flechettes","Bane"],"picked":"Distraction+1","floor":37},{"not_picked":["Sucker Punch","Deadly Poison","Predator+1"],"picked":"Blade Dance+1","floor":38},{"not_picked":["Blur","Prepared+1","Noxious Fumes"],"picked":"Blade Dance+1","floor":40}],"player_experience":70057,"relics_obtained":[{"floor":13.0,"key":"vexMod:Dragonfruit"},{"floor":17.0,"key":"Nunchaku"},{"floor":17.0,"key":"Question Card"},{"floor":17.0,"key":"vexMod:RedPlottingStone"},{"floor":25,"key":"Kunai"},{"floor":26,"key":"Smiling Mask"},{"floor":39,"key":"MawBank"},{"floor":40,"key":"CaptainsWheel"},{"floor":41,"key":"Bottled Flame"}],"event_choices":[{"damage_healed":0.0,"max_hp_gain":0.0,"max_hp_loss":0.0,"gold_gain":0.0,"event_name":"Golden Idol","player_choice":"Ignored","floor":3.0,"gold_loss":0.0,"damage_taken":0.0},{"damage_healed":0.0,"max_hp_gain":0.0,"max_hp_loss":0.0,"gold_gain":0.0,"event_name":"Accursed Blacksmith","player_choice":"Rummage","floor":5.0,"gold_loss":0.0,"damage_taken":0.0,"relics_obtained":["WarpedTongs"],"cards_obtained":["Pain"]},{"damage_healed":0.0,"max_hp_gain":0.0,"max_hp_loss":0.0,"gold_gain":0.0,"event_name":"Drug Dealer","player_choice":"Inject Mutagens","floor":19.0,"gold_loss":0.0,"damage_taken":0.0,"relics_obtained":["MutagenicStrength"]},{"damage_healed":0.0,"max_hp_gain":0.0,"max_hp_loss":0.0,"gold_gain":0.0,"event_name":"Ghosts","player_choice":"Ignored","floor":20.0,"gold_loss":0.0,"damage_taken":0.0},{"damage_healed":0,"gold_gain":0,"player_choice":"Became a vampire","damage_taken":0,"max_hp_gain":0,"max_hp_loss":24,"event_name":"Vampires","floor":28,"gold_loss":0,"cards_obtained":["Bite","Bite","Bite","Bite","Bite"]},{"cards_removed":["Defend_G"],"damage_healed":0,"gold_gain":0,"player_choice":"Gave Gold","damage_taken":0,"max_hp_gain":0,"max_hp_loss":0,"event_name":"Beggar","floor":29,"gold_loss":75},{"damage_healed":0,"gold_gain":0,"player_choice":"Got Potions","damage_taken":0,"max_hp_gain":0,"max_hp_loss":0,"event_name":"Lab","floor":36,"gold_loss":0},{"damage_healed":0,"gold_gain":0,"player_choice":"Embrace Madness","damage_taken":9,"max_hp_gain":0,"max_hp_loss":0,"event_name":"Winding Halls","floor":42,"gold_loss":0,"cards_obtained":["Madness","Madness"]}],"is_beta":false,"boss_relics":[{"not_picked":["Runic Pyramid","REME_DemonsWealth"],"picked":"Calling Bell"},{"not_picked":["Ring of the Serpent","vexMod:CursedCompass"],"picked":"SlaversCollar"}],"items_purged_floors":[],"is_endless":false,"potions_floor_spawned":[2,4,10,22,38],"ascension_level":0}}