{"host":"91blwi3hgehj6ch9","time":1610327785,"event":{"mods":["2.2 Compatiblity","AchievementEnabler","BaseMod","Colored Map","DeckTracker","Keyboard Shortcuts","Minty Spire (QoL Compilation)","Permanent Neow","Quick Restart","StSLib","SuperFastMode"],"gold_per_floor":[117,117,117,131,56,56,56,56,56,56,69,36,57,132,132,221,221,240,258,258,7,7,51,51,76,103,103,103,103,34,54,54,54,54],"floor_reached":33,"playtime":1556,"items_purged":["Defend_G","Strike_G"],"score":469,"play_id":"c69f6cb7-e03f-4210-951f-3466ae70a726","local_time":"20210111101625","is_ascension_mode":true,"campfire_choices":[{"data":"Backflip","floor":6,"key":"SMITH"},{"data":"Corpse Explosion","floor":8,"key":"SMITH"},{"data":"Neutralize","floor":10,"key":"SMITH"},{"floor":15,"key":"REST"},{"floor":24,"key":"REST"},{"data":"Acrobatics","floor":29,"key":"SMITH"},{"floor":32,"key":"REST"}],"circlet_count":0,"master_deck":["AscendersBane","Strike_G","Strike_G","Strike_G","Defend_G","Defend_G","Defend_G","Defend_G","Survivor","Neutralize+1","Backflip+1","Corpse Explosion+1","Dagger Throw","Well Laid Plans","PiercingWail","Phantasmal Killer","Poisoned Stab","Acrobatics+1","Acrobatics","Grand Finale","Prepared","Concentrate"],"relics":["HoveringKite","Golden Idol","Strawberry","Paper Crane","Sozu","Vajra","Bronze Scales"],"acts_visited":["Exordium","TheCity"],"potions_floor_usage":[31,33],"damage_taken":[{"damage":2,"enemies":"Small Slimes","floor":1,"turns":4},{"damage":0,"enemies":"2 Louse","floor":4,"turns":4},{"damage":0,"enemies":"Cultist","floor":11,"turns":4},{"damage":5,"enemies":"Red Slaver","floor":13,"turns":4},{"damage":3,"enemies":"Hexaghost","floor":16,"turns":10},{"damage":12,"enemies":"2 Thieves","floor":18,"turns":4},{"damage":14,"enemies":"Shell Parasite","floor":19,"turns":6},{"damage":29,"enemies":"Book of Stabbing","floor":23,"turns":5},{"damage":13,"enemies":"Centurion and Healer","floor":25,"turns":5},{"damage":11,"enemies":"Snecko","floor":31,"turns":4},{"damage":47,"enemies":"Automaton","floor":33,"turns":6}],"seed_played":"-7147781688913881865","potions_obtained":[{"floor":4,"key":"Fire Potion"},{"floor":11,"key":"AttackPotion"}],"is_trial":false,"path_per_floor":["M","?","?","M","$","R","?","R","T","R","M","$","M","?","R","B",null,"M","M","?","$","$","E","R","M","T","?","?","R","$","M","R","B"],"character_chosen":"THE_SILENT","items_purchased":["Well Laid Plans","Grand Finale","Concentrate"],"campfire_rested":3,"item_purchase_floors":[12,21,30],"current_hp_per_floor":[57,41,23,23,23,23,23,23,23,23,23,23,18,7,28,25,61,49,35,35,35,35,6,27,14,14,14,14,14,14,3,24,0,0],"gold":54,"neow_bonus":"BOSS_RELIC","is_daily":false,"chose_seed":false,"campfire_upgraded":4,"win_rate":0.0,"timestamp":1610327785,"path_taken":["M","?","?","M","$","R","?","R","T","R","?","?","?","?","R","BOSS","M","M","?","?","$","E","R","M","T","?","?","R","$","M","R","BOSS"],"items_purchased_type":["Card","Card","Card"],"build_version":"2020-12-22","purchased_purges":2,"victory":false,"max_hp_per_floor":[66,66,73,73,73,73,73,73,73,73,73,73,73,73,73,73,73,73,73,73,73,73,73,73,73,73,73,73,73,73,73,73,73,73],"card_choices":[{"not_picked":["Flying Knee","Blur"],"picked":"Backflip","floor":1},{"not_picked":["Dodge and Roll","Skewer"],"picked":"Corpse Explosion","floor":4},{"not_picked":["Outmaneuver","Leg Sweep"],"picked":"Dagger Throw","floor":11},{"not_picked":["Sucker Punch","Finisher"],"picked":"PiercingWail","floor":13},{"not_picked":["Night Terror","Doppelganger"],"picked":"Phantasmal Killer","floor":16},{"not_picked":["Slice","Flying Knee"],"picked":"Poisoned Stab","floor":18},{"not_picked":["Quick Slash","Infinite Blades"],"picked":"Acrobatics","floor":19},{"not_picked":["Blade Dance","Bouncing Flask","Expertise+1"],"picked":"SKIP","floor":23},{"not_picked":["Poisoned Stab","Dagger Throw+1","Backflip"],"picked":"SKIP","floor":25},{"not_picked":["Deadly Poison","Dagger Spray","Sucker Punch"],"picked":"SKIP","floor":31}],"player_experience":150122,"relics_obtained":[{"floor":9,"key":"Paper Crane"},{"floor":23,"key":"Vajra"},{"floor":26,"key":"Bronze Scales"}],"event_choices":[{"damage_healed":0,"gold_gain":0,"player_choice":"Take Damage","damage_taken":16,"relics_obtained":["Golden Idol"],"max_hp_gain":0,"max_hp_loss":0,"event_name":"Golden Idol","floor":2,"gold_loss":0},{"damage_healed":0,"gold_gain":0,"player_choice":"Success","damage_taken":25,"relics_obtained":["Strawberry"],"max_hp_gain":0,"max_hp_loss":0,"event_name":"Scrap Ooze","floor":3,"gold_loss":0},{"cards_removed":["Strike_G"],"damage_healed":0,"gold_gain":0,"player_choice":"Offered Basic","damage_taken":0,"max_hp_gain":0,"max_hp_loss":0,"event_name":"Bonfire Elementals","floor":7,"gold_loss":0},{"damage_healed":0,"gold_gain":75,"player_choice":"Gather Gold","damage_taken":11,"max_hp_gain":0,"max_hp_loss":0,"event_name":"World of Goop","floor":14,"gold_loss":0},{"damage_healed":0,"gold_gain":0,"player_choice":"Copied","damage_taken":0,"max_hp_gain":0,"max_hp_loss":0,"event_name":"Duplicator","floor":20,"gold_loss":0,"cards_obtained":["Acrobatics"]},{"damage_healed":0,"gold_gain":0,"player_choice":"Read","damage_taken":0,"max_hp_gain":0,"max_hp_loss":0,"event_name":"The Library","floor":27,"gold_loss":0,"cards_obtained":["Prepared"]},{"damage_healed":0,"gold_gain":0,"player_choice":"Ignored","damage_taken":0,"max_hp_gain":0,"max_hp_loss":0,"event_name":"Vampires","floor":28,"gold_loss":0}],"is_beta":false,"boss_relics":[{"not_picked":["SacredBark","Ectoplasm"],"picked":"Sozu"}],"items_purged_floors":[5,21],"is_endless":false,"potions_floor_spawned":[4,11,18],"killed_by":"Automaton","ascension_level":14}}