{"host":"g0kvl32a5uvdvg3r","time":1610396711,"event":{"mods":["BaseMod","Hermit","Minty Spire (QoL Compilation)","Replay The Spire","Shop Mod","StSLib"],"gold_per_floor":[134,134,134,169,169,199,229,229,279,329,29,29,29,29,29,129,129,144,159,209,137,137,137],"floor_reached":22,"playtime":2509,"items_purged":[],"score":198,"play_id":"7a51111c-19df-4c35-843f-4295db56928a","local_time":"20210111202511","daily_mods":["Allstar","Flight","Lethality"],"is_ascension_mode":false,"campfire_choices":[{"floor":8,"key":"REST"}],"circlet_count":0,"master_deck":["hermit:Strike_Hermit","hermit:Strike_Hermit","hermit:Strike_Hermit","hermit:Defend_Hermit","hermit:Defend_Hermit","hermit:Defend_Hermit","hermit:Snapshot","hermit:Covet","Sadistic Nature","Panacea","Thinking Ahead","Good Instincts","HandOfGreed","hermit:HoleUp","hermit:Shortfuse","hermit:Snipe+1","hermit:FlashPowder","hermit:Coalescence","hermit:Snipe","hermit:Feint","hermit:Adapt","Spreading Infection","Spreading Infection","Spreading Infection","hermit:Determination+1","hermit:SprayPray","hermit:SprayPray","hermit:Desperado"],"relics":["hermit:Momento","Pondfish Scales","Replay:Accelerometer","Blue Candle","Happy Flower","Ancient Tea Set","Replay:Multitool","Replay:Ancient Bell","Akabeko","Iron Hammer","TungstenRod","Blue Doll"],"acts_visited":["Exordium","TheCity"],"potions_floor_usage":[10,16,16,16,22],"damage_taken":[{"damage":3,"enemies":"Jaw Worm","floor":1,"turns":2},{"damage":9,"enemies":"2 Louse","floor":4,"turns":3},{"damage":9,"enemies":"Gremlin Nob","floor":6,"turns":3},{"damage":5,"enemies":"Replay:BlueRogue","floor":7,"turns":7},{"damage":25,"enemies":"Lagavulin","floor":10,"turns":9},{"damage":55,"enemies":"Hexaghost","floor":16,"turns":12},{"damage":42,"enemies":"Spheric Guardian","floor":18,"turns":10},{"damage":24,"enemies":"Chosen","floor":19,"turns":8},{"damage":10,"enemies":"Masked Bandits","floor":22,"turns":2}],"seed_played":"2608465768335268498","potions_obtained":[{"floor":4,"key":"DuplicationPotion"},{"floor":6,"key":"Languid Potion"},{"floor":15,"key":"Explosive Potion"},{"floor":15,"key":"Explosive Potion"},{"floor":19,"key":"DistilledChaos"}],"is_trial":false,"path_per_floor":["M","?","?","M","?","E","E","R","T","E","$","R","R","?","R","B",null,"M","M","T","$","?"],"character_chosen":"HERMIT","items_purchased":["Replay:Multitool","hermit:SprayPray","hermit:Desperado"],"campfire_rested":1,"item_purchase_floors":[11,21,21],"current_hp_per_floor":[72,72,72,63,63,54,49,71,71,46,46,68,68,68,68,13,75,33,9,9,9,0,0],"gold":137,"neow_bonus":"","is_daily":true,"chose_seed":false,"campfire_upgraded":0,"win_rate":0.0,"timestamp":1610396711,"path_taken":["M","?","?","M","?","E","E","R","T","E","$","R","R","?","R","BOSS","M","M","?","$","?"],"items_purchased_type":["Relic","Card","Card"],"build_version":"2020-12-22","purchased_purges":0,"victory":false,"max_hp_per_floor":[75,75,75,75,75,75,75,75,75,75,75,75,75,75,75,75,75,75,75,75,75,75,75],"card_choices":[{"not_picked":["hermit:Roulette","hermit:BodyArmor"],"picked":"hermit:HoleUp","floor":1},{"not_picked":["hermit:Horror","hermit:Feint"],"picked":"hermit:Snipe","floor":4},{"not_picked":["hermit:Dive","hermit:BodyArmor"],"picked":"hermit:FlashPowder","floor":6},{"not_picked":["hermit:FlashPowder","hermit:WideOpen"],"picked":"hermit:Coalescence","floor":7},{"not_picked":["hermit:HighCaliber","hermit:Adapt"],"picked":"hermit:Snipe","floor":10},{"not_picked":["hermit:Roughhouse","hermit:FinalCanter"],"picked":"hermit:Adapt","floor":16},{"not_picked":["Languid","Looming Evil"],"picked":"Spreading Infection","floor":17},{"not_picked":["Looming Evil","Decay"],"picked":"Spreading Infection","floor":17},{"not_picked":["Languid","CurseOfTheBell"],"picked":"Spreading Infection","floor":17},{"not_picked":["hermit:Feint","hermit:SprayPray"],"picked":"hermit:Determination+1","floor":18},{"not_picked":["hermit:WideOpen","hermit:Quickdraw","hermit:DeadMansHand"],"picked":"SKIP","floor":19}],"player_experience":1142621,"relics_obtained":[{"floor":6,"key":"Replay:Accelerometer"},{"floor":7,"key":"Blue Candle"},{"floor":9,"key":"Happy Flower"},{"floor":10,"key":"Ancient Tea Set"},{"floor":20,"key":"Blue Doll"}],"event_choices":[{"damage_healed":0,"gold_gain":0,"cards_transformed":["hermit:Strike_Hermit"],"player_choice":"Change","damage_taken":0,"max_hp_gain":0,"max_hp_loss":0,"event_name":"Living Wall","floor":2,"gold_loss":0,"cards_obtained":["hermit:Shortfuse"]},{"damage_healed":0,"gold_gain":0,"player_choice":"Box","damage_taken":0,"relics_obtained":["Pondfish Scales"],"max_hp_gain":0,"max_hp_loss":0,"event_name":"Big Fish","floor":5,"gold_loss":0,"cards_obtained":["Regret"]},{"cards_removed":["Regret"],"damage_healed":0,"gold_gain":0,"player_choice":"Removed Curses","damage_taken":0,"max_hp_gain":0,"max_hp_loss":0,"event_name":"Fountain of Cleansing","floor":14,"gold_loss":0},{"damage_healed":0,"gold_gain":0,"player_choice":"Fought Bandits","damage_taken":0,"max_hp_gain":0,"max_hp_loss":0,"event_name":"Masked Bandits","floor":22,"gold_loss":0}],"is_beta":false,"boss_relics":[{"not_picked":["Cursed Key","Honey Jar"],"picked":"Replay:Ancient Bell"},{"not_picked":["Replay:Mystery Machine","Orichalcum"],"picked":"Akabeko"},{"not_picked":["Replay:Bottled Snecko","Darkstone Periapt"],"picked":"Iron Hammer"},{"not_picked":["Ice Cream","Durian"],"picked":"TungstenRod"}],"items_purged_floors":[],"is_endless":false,"potions_floor_spawned":[4,6,19],"killed_by":"Masked Bandits","ascension_level":0}}