{"host":"rolltorest","time":1610341005,"event":{"mods":["BaseMod","Minty Spire (QoL Compilation)","Relic Stats","Slay the Relics Exporter","StSLib","The Bladedancer"],"gold_per_floor":[116,66,141,153,153,153,175,206,232,246,1,34,53,53,53,149,149,161,161,76,89,115,115,147,162,162,192,212,212,244,255,255,355,355,371,371,421,432,448,478,494,520,520,520,551,247,272,283,283,283,283,283,40,71,71],"floor_reached":56,"playtime":2992,"items_purged":["blademaster:WrongfulFootwork","blademaster:Strike"],"score":2159,"play_id":"e3d2b21a-6574-447a-8da4-2079698c3f7e","local_time":"20210110205645","is_ascension_mode":true,"campfire_choices":[{"data":"blademaster:RagingBlow","floor":6,"key":"SMITH"},{"data":"blademaster:Blockade","floor":15,"key":"SMITH"},{"data":"blademaster:DaggerAndCloak","floor":23,"key":"SMITH"},{"data":"blademaster:FlockOfBlades","floor":29,"key":"SMITH"},{"data":"blademaster:Blockade","floor":32,"key":"SMITH"},{"floor":44,"key":"RECALL"},{"floor":49,"key":"DIG"},{"floor":52,"key":"DIG"}],"circlet_count":0,"master_deck":["AscendersBane","blademaster:Strike","blademaster:Strike","blademaster:Strike","blademaster:Defend","blademaster:Defend","blademaster:Defend","blademaster:RagingBlow+1","blademaster:HighVoltage","blademaster:BladeCross+1","blademaster:Cut","blademaster:DaggerAndCloak+1","blademaster:Flurry","blademaster:WindSlash","blademaster:DancingEdge","blademaster:Blockade+1","blademaster:LightningCrash","blademaster:EnchantedCuirass","blademaster:AwakeningDefend+1","blademaster:Gust+1","blademaster:SharpBlades+1","blademaster:Frontflip+1","blademaster:Flurry+1","blademaster:FuryOfTheElements","blademaster:Flurry+1","blademaster:FlockOfBlades+1","blademaster:SlyStabs+1","blademaster:Blockade+1","blademaster:Empower+1","blademaster:Safeguard+1","blademaster:CloudOfSteel+1","blademaster:Frontflip+1","blademaster:Frontflip+1","blademaster:ChargingUp+1","blademaster:Meditate+1","blademaster:Blockade+1","Secret Weapon+1","Flash of Steel","blademaster:Slice+1","blademaster:Frontflip+1","Thinking Ahead+1","blademaster:EyeOfTheTornado+1"],"relics":["blademaster:DancersAmulet","NeowsBlessing","Odd Mushroom","Strawberry","Smiling Mask","Pantograph","Prayer Wheel","Toxic Egg 2","Coffee Dripper","Bird Faced Urn","Orichalcum","Incense Burner","Bottled Tornado","InkBottle","StrikeDummy","Cursed Key","Shovel","Regal Pillow","Potion Belt","Pen Nib","Juzu Bracelet","StoneCalendar","Ornamental Fan","Bag of Preparation"],"acts_visited":["Exordium","TheCity","TheBeyond","TheEnding"],"potions_floor_usage":[16,55,55],"damage_taken":[{"damage":0,"enemies":"2 Louse","floor":1,"turns":2},{"damage":0,"enemies":"Jaw Worm","floor":4,"turns":1},{"damage":0,"enemies":"The Mushroom Lair","floor":7,"turns":1},{"damage":10,"enemies":"Gremlin Nob","floor":8,"turns":4},{"damage":0,"enemies":"Small Slimes","floor":10,"turns":2},{"damage":8,"enemies":"3 Sentries","floor":12,"turns":5},{"damage":0,"enemies":"Looter","floor":13,"turns":3},{"damage":30,"enemies":"The Guardian","floor":16,"turns":8},{"damage":0,"enemies":"3 Byrds","floor":18,"turns":3},{"damage":12,"enemies":"Shell Parasite","floor":21,"turns":4},{"damage":20,"enemies":"Slavers","floor":24,"turns":4},{"damage":13,"enemies":"Cultist and Chosen","floor":25,"turns":6},{"damage":20,"enemies":"Book of Stabbing","floor":27,"turns":4},{"damage":0,"enemies":"Centurion and Healer","floor":28,"turns":6},{"damage":24,"enemies":"Slavers","floor":30,"turns":4},{"damage":0,"enemies":"3 Cultists","floor":31,"turns":4},{"damage":0,"enemies":"Champ","floor":33,"turns":6},{"damage":0,"enemies":"Orb Walker","floor":35,"turns":3},{"damage":0,"enemies":"Mind Bloom Boss Battle","floor":37,"turns":4},{"damage":0,"enemies":"3 Shapes","floor":38,"turns":3},{"damage":0,"enemies":"Maw","floor":39,"turns":6},{"damage":4,"enemies":"Nemesis","floor":40,"turns":5},{"damage":0,"enemies":"Jaw Worm Horde","floor":41,"turns":4},{"damage":0,"enemies":"Reptomancer","floor":42,"turns":4},{"damage":2,"enemies":"Nemesis","floor":45,"turns":7},{"damage":0,"enemies":"Reptomancer","floor":47,"turns":4},{"damage":19,"enemies":"3 Darklings","floor":48,"turns":4},{"damage":4,"enemies":"Time Eater","floor":50,"turns":7},{"damage":10,"enemies":"Shield and Spear","floor":54,"turns":6},{"damage":0,"enemies":"The Heart","floor":55,"turns":7}],"seed_played":"753572225450865633","potions_obtained":[{"floor":1,"key":"DistilledChaos"},{"floor":7,"key":"PowerPotion"},{"floor":13,"key":"PowerPotion"},{"floor":25,"key":"Swift Potion"},{"floor":42,"key":"GamblersBrew"},{"floor":47,"key":"AttackPotion"}],"is_trial":false,"path_per_floor":["M","?","?","M","?","R","?","E","T","M","$","E","M","T","R","B",null,"M","?","?","M","T","R","E","M","T","E","M","R","E","M","R","B",null,"M","?","?","M","M","E","M","E","T","R","E","$","E","M","R","B",null,"R","$","E","B",null],"character_chosen":"THE_BLADEMASTER","items_purchased":["Pantograph","Secret Weapon+1","Flash of Steel","Thinking Ahead+1"],"campfire_rested":0,"item_purchase_floors":[11,46,46,53],"current_hp_per_floor":[68,68,57,57,57,57,57,54,54,54,54,46,46,46,46,41,72,72,72,72,79,79,79,71,75,75,79,82,82,66,76,76,82,82,82,82,82,82,82,82,82,82,82,82,82,82,82,82,82,82,82,82,82,82,82],"gold":71,"neow_bonus":"THREE_ENEMY_KILL","is_daily":false,"chose_seed":false,"campfire_upgraded":5,"win_rate":0.0,"timestamp":1610341005,"path_taken":["M","?","?","M","?","R","?","E","T","M","?","E","M","?","R","BOSS","M","?","?","M","?","R","E","M","T","E","M","R","E","M","R","BOSS","M","?","?","M","M","E","M","E","T","R","E","$","E","M","R","BOSS","R","$","E","BOSS"],"items_purchased_type":["Relic","Card","Card","Card"],"build_version":"2020-12-18","purchased_purges":2,"victory":true,"max_hp_per_floor":[75,75,75,75,75,75,75,82,82,82,82,82,82,82,82,82,82,82,82,82,82,82,82,82,82,82,82,82,82,82,82,82,82,82,82,82,82,82,82,82,82,82,82,82,82,82,82,82,82,82,82,82,82,82,82],"relic_stats":{"Regal Pillow":0,"counters":[30,131],"StoneCalendar":[32],"Pen Nib":[8],"Juzu Bracelet":0,"Bag of Preparation":[2],"Orichalcum":[18],"Smiling Mask":75,"Cursed Key":1,"Shovel":2,"Ornamental Fan":[36],"Pantograph":31,"Bird Faced Urn":[45],"Prayer Wheel":22,"obtain_stats":[{"Regal Pillow":40,"blademaster:BonusFuryPerk":54,"StoneCalendar":49,"Incense Burner":24,"Juzu Bracelet":47,"Bag of Preparation":54,"Bottled Tornado":26,"Smiling Mask":9,"Cursed Key":34,"Shovel":37,"Strawberry":8,"Pantograph":11,"Prayer Wheel":12,"blademaster:FinisherDrawCardPerk":45,"blademaster:ComboEveryTurnPerk":40,"blademaster:DextrousPerk":47,"Toxic Egg 2":14,"InkBottle":27,"Potion Belt":42,"NeowsBlessing":0,"blademaster:StrongPerk":42,"Pen Nib":45,"blademaster:RandomBladePerk":8,"blademaster:OnAttackedChargePerk":12,"Odd Mushroom":7,"Orichalcum":22,"blademaster:FuryEveryTurnPerk":27,"Ornamental Fan":52,"Bird Faced Urn":20,"blademaster:BleedingMoreDamagePerk":30,"Coffee Dripper":17,"blademaster:StanceHealPerk":24,"blademaster:DancersAmulet":0,"blademaster:WindChargePerk":37,"StrikeDummy":30},{"Regal Pillow":22,"blademaster:BonusFuryPerk":29,"StoneCalendar":27,"Incense Burner":11,"Juzu Bracelet":26,"Bag of Preparation":29,"Bottled Tornado":12,"Smiling Mask":4,"Cursed Key":17,"Shovel":19,"Strawberry":4,"Pantograph":5,"Prayer Wheel":6,"blademaster:FinisherDrawCardPerk":25,"blademaster:ComboEveryTurnPerk":22,"blademaster:DextrousPerk":26,"Toxic Egg 2":7,"InkBottle":13,"Potion Belt":24,"NeowsBlessing":0,"blademaster:StrongPerk":24,"Pen Nib":25,"blademaster:RandomBladePerk":4,"blademaster:OnAttackedChargePerk":6,"Odd Mushroom":3,"Orichalcum":10,"blademaster:FuryEveryTurnPerk":13,"Ornamental Fan":28,"Bird Faced Urn":9,"blademaster:BleedingMoreDamagePerk":15,"Coffee Dripper":8,"blademaster:StanceHealPerk":11,"blademaster:DancersAmulet":0,"blademaster:WindChargePerk":19,"StrikeDummy":15},{"Regal Pillow":88,"blademaster:BonusFuryPerk":124,"StoneCalendar":111,"Incense Burner":37,"Juzu Bracelet":107,"Bag of Preparation":124,"Bottled Tornado":43,"Smiling Mask":8,"Cursed Key":67,"Shovel":74,"Strawberry":8,"Pantograph":10,"Prayer Wheel":15,"blademaster:FinisherDrawCardPerk":103,"blademaster:ComboEveryTurnPerk":88,"blademaster:DextrousPerk":107,"Toxic Egg 2":18,"InkBottle":47,"Potion Belt":96,"NeowsBlessing":0,"blademaster:StrongPerk":96,"Pen Nib":103,"blademaster:RandomBladePerk":8,"blademaster:OnAttackedChargePerk":15,"Odd Mushroom":4,"Orichalcum":33,"blademaster:FuryEveryTurnPerk":47,"Ornamental Fan":118,"Bird Faced Urn":29,"blademaster:BleedingMoreDamagePerk":57,"Coffee Dripper":26,"blademaster:StanceHealPerk":37,"blademaster:DancersAmulet":0,"blademaster:WindChargePerk":74,"StrikeDummy":57}],"InkBottle":[51]},"card_choices":[{"not_picked":["blademaster:BloodyBlow","blademaster:AwakeningDefend"],"picked":"blademaster:BladeCross","floor":1},{"not_picked":["blademaster:Sharpen","blademaster:BladeCross"],"picked":"blademaster:Cut","floor":4},{"not_picked":["blademaster:RagingBlow","blademaster:ParryingStrike"],"picked":"blademaster:DaggerAndCloak","floor":7},{"not_picked":["blademaster:Hailwind","blademaster:AncestralHealing"],"picked":"blademaster:Flurry","floor":8},{"not_picked":["blademaster:Hailwind","blademaster:SlyStabs"],"picked":"blademaster:WindSlash","floor":10},{"not_picked":["blademaster:IcyWind","blademaster:Flurry"],"picked":"blademaster:DancingEdge","floor":12},{"not_picked":["blademaster:UnrelentingWind","blademaster:BrainBloom"],"picked":"blademaster:Blockade","floor":13},{"not_picked":["blademaster:Stability","blademaster:SlyStabs"],"picked":"blademaster:LightningCrash","floor":13},{"not_picked":["blademaster:HighVoltage+1","blademaster:BladeDance"],"picked":"blademaster:EnchantedCuirass","floor":16},{"not_picked":["blademaster:IcyWind","blademaster:ChargingUp+1"],"picked":"blademaster:AwakeningDefend+1","floor":18},{"not_picked":["blademaster:AwakeningStrike","blademaster:LightningCrash"],"picked":"blademaster:Gust+1","floor":18},{"not_picked":["blademaster:Gust+1","blademaster:Quickness"],"picked":"blademaster:SharpBlades+1","floor":21},{"not_picked":["blademaster:ThunderSlash","blademaster:Thrust"],"picked":"blademaster:Frontflip+1","floor":21},{"not_picked":["blademaster:SharpBlades","blademaster:Reversal"],"picked":"blademaster:Flurry+1","floor":24},{"not_picked":["blademaster:LeechingStrike","blademaster:AwakeningDefend+1"],"picked":"blademaster:FuryOfTheElements","floor":25},{"not_picked":["blademaster:Sharpen+1","blademaster:AwakeningStrike"],"picked":"blademaster:BladeMastery+1","floor":25},{"not_picked":["blademaster:Quickstep","blademaster:BloodyBlow+1"],"picked":"blademaster:Flurry+1","floor":27},{"not_picked":["blademaster:Vortex+1","blademaster:Flurry+1"],"picked":"blademaster:FlockOfBlades","floor":28},{"not_picked":["blademaster:CombatPrep+1","blademaster:Vortex+1"],"picked":"blademaster:SlyStabs+1","floor":28},{"not_picked":["blademaster:Quickstep+1","blademaster:Thrust","blademaster:DancingEdge"],"picked":"SKIP","floor":30},{"not_picked":["blademaster:LeechingStrike","blademaster:Frenzy"],"picked":"blademaster:Blockade","floor":31},{"not_picked":["blademaster:AwakeningStrike","blademaster:Thrust","blademaster:ThunderSlash+1"],"picked":"SKIP","floor":31},{"not_picked":["blademaster:CloudOfSteel+1","blademaster:FuryOfTheElements"],"picked":"blademaster:Empower+1","floor":33},{"not_picked":["blademaster:AncestralHealing+1","blademaster:SlyStabs+1"],"picked":"blademaster:Safeguard+1","floor":35},{"not_picked":["blademaster:FuryOfTheElements","blademaster:Quickstep+1","blademaster:SharpBlades"],"picked":"SKIP","floor":35},{"not_picked":["blademaster:AwakeningDefend+1","blademaster:AirSlash+1"],"picked":"blademaster:CloudOfSteel+1","floor":38},{"not_picked":["blademaster:AwakeningDefend+1","blademaster:Bloodbath+1","blademaster:AirSlash+1"],"picked":"SKIP","floor":38},{"not_picked":["blademaster:OneTrickPony","blademaster:Cut"],"picked":"blademaster:Frontflip+1","floor":39},{"not_picked":["blademaster:SlyStabs+1","blademaster:Sharpen+1"],"picked":"blademaster:Frontflip+1","floor":39},{"not_picked":["blademaster:AspectOfWind+1","blademaster:AspectOfLightning+1"],"picked":"blademaster:ChargingUp+1","floor":40},{"not_picked":["blademaster:ChargingUp+1","blademaster:Reversal"],"picked":"blademaster:Meditate+1","floor":41},{"not_picked":["blademaster:Flurry+1","blademaster:ThunderSlash","blademaster:BladeDance"],"picked":"SKIP","floor":41},{"not_picked":["blademaster:LightningDraw","blademaster:Stormstrike+1"],"picked":"blademaster:Blockade+1","floor":42},{"not_picked":["blademaster:ThunderSlash","blademaster:AwakeningDefend+1","blademaster:IcyWind+1"],"picked":"SKIP","floor":45},{"not_picked":["blademaster:Sunder+1","blademaster:AirSlash","blademaster:RagingBlow"],"picked":"SKIP","floor":47},{"not_picked":["blademaster:Stormstrike","blademaster:Gust+1"],"picked":"blademaster:Slice+1","floor":48},{"not_picked":["blademaster:AwakeningStrike","blademaster:SharpBlades"],"picked":"blademaster:Frontflip+1","floor":48},{"not_picked":["blademaster:AspectOfLightning+1","blademaster:AirSlash"],"picked":"blademaster:EyeOfTheTornado+1","floor":54}],"player_experience":1746804,"relics_obtained":[{"floor":7,"key":"Odd Mushroom"},{"floor":8,"key":"Strawberry"},{"floor":8,"key":"blademaster:RandomBladePerk"},{"floor":9,"key":"Smiling Mask"},{"floor":12,"key":"Prayer Wheel"},{"floor":12,"key":"blademaster:OnAttackedChargePerk"},{"floor":14,"key":"Toxic Egg 2"},{"floor":22,"key":"Orichalcum"},{"floor":24,"key":"Incense Burner"},{"floor":24,"key":"blademaster:StanceHealPerk"},{"floor":26,"key":"Bottled Tornado"},{"floor":27,"key":"InkBottle"},{"floor":27,"key":"blademaster:FuryEveryTurnPerk"},{"floor":30,"key":"StrikeDummy"},{"floor":30,"key":"blademaster:BleedingMoreDamagePerk"},{"floor":37,"key":"Shovel"},{"floor":37,"key":"blademaster:WindChargePerk"},{"floor":40,"key":"Regal Pillow"},{"floor":40,"key":"blademaster:ComboEveryTurnPerk"},{"floor":42,"key":"Potion Belt"},{"floor":42,"key":"blademaster:StrongPerk"},{"floor":45,"key":"Pen Nib"},{"floor":45,"key":"blademaster:FinisherDrawCardPerk"},{"floor":47,"key":"Juzu Bracelet"},{"floor":47,"key":"blademaster:DextrousPerk"},{"floor":49,"key":"StoneCalendar"},{"floor":52,"key":"Ornamental Fan"},{"floor":54,"key":"Bag of Preparation"},{"floor":54,"key":"blademaster:BonusFuryPerk"}],"event_choices":[{"cards_removed":["blademaster:Defend"],"damage_healed":0,"gold_gain":0,"player_choice":"Card Removal","damage_taken":0,"max_hp_gain":0,"max_hp_loss":0,"event_name":"The Cleric","floor":2,"gold_loss":50},{"damage_healed":0,"gold_gain":75,"player_choice":"Gather Gold","damage_taken":11,"max_hp_gain":0,"max_hp_loss":0,"event_name":"World of Goop","floor":3,"gold_loss":0},{"damage_healed":0,"gold_gain":0,"player_choice":"Grow","damage_taken":0,"max_hp_gain":0,"max_hp_loss":0,"event_name":"Living Wall","floor":5,"gold_loss":0,"cards_upgraded":["blademaster:BladeCross"]},{"damage_healed":0,"gold_gain":0,"player_choice":"Fought Mushrooms","damage_taken":0,"max_hp_gain":0,"max_hp_loss":0,"event_name":"Mushrooms","floor":7,"gold_loss":0},{"damage_healed":0,"gold_gain":0,"player_choice":"Ignored","damage_taken":0,"max_hp_gain":0,"max_hp_loss":0,"event_name":"Vampires","floor":19,"gold_loss":0},{"damage_healed":0,"gold_gain":0,"player_choice":"Obtained Relic","damage_taken":0,"relics_obtained":["Bird Faced Urn"],"max_hp_gain":0,"max_hp_loss":0,"event_name":"Addict","floor":20,"gold_loss":85},{"cards_removed":["blademaster:BladeMastery"],"damage_healed":0,"gold_gain":0,"player_choice":"Removed Skill","damage_taken":0,"max_hp_gain":0,"max_hp_loss":0,"event_name":"Falling","floor":36,"gold_loss":0},{"damage_healed":0,"gold_gain":0,"player_choice":"Fight","damage_taken":0,"max_hp_gain":0,"max_hp_loss":0,"event_name":"MindBloom","floor":37,"gold_loss":0}],"is_beta":true,"boss_relics":[{"not_picked":["Sozu","Calling Bell"],"picked":"Coffee Dripper"},{"not_picked":["Snecko Eye","SacredBark"],"picked":"Cursed Key"}],"items_purged_floors":[46,53],"is_endless":false,"potions_floor_spawned":[1,7,12,13,25,27,31,38,40,41,42,47],"ascension_level":11}}