{"host":"7l2t4psy44vpcd9q","time":1610343451,"event":{"mods":["AchievementEnabler","BaseMod","DeckTracker","Minty Spire (QoL Compilation)","SuperFastMode"],"gold_per_floor":[15,15,35,54,69,69,9,36,116,127,146,71,91,91,91,167,167,179,179,179],"floor_reached":19,"playtime":1100,"items_purged":[],"score":442,"play_id":"2ce53bfd-0827-4ea3-9953-542ac4c04233","local_time":"20210111143731","is_ascension_mode":true,"campfire_choices":[{"data":"Eruption","floor":6,"key":"SMITH"},{"floor":15,"key":"REST"}],"circlet_count":0,"master_deck":["AscendersBane","Strike_P","Strike_P","Strike_P","Defend_P","Defend_P","Defend_P","Eruption+1","Vigilance","CrushJoints","Perseverance","MentalFortress","Adaptation","EmptyFist","FearNoEvil","Study","Protect","WheelKick","Omniscience"],"relics":["PureWater","Girya","TeardropLocket","VioletLotus"],"acts_visited":["Exordium","TheCity"],"potions_floor_usage":[8,11,16,16],"damage_taken":[{"damage":7,"enemies":"2 Louse","floor":1,"turns":2},{"damage":0,"enemies":"Cultist","floor":3,"turns":2},{"damage":0,"enemies":"Small Slimes","floor":4,"turns":3},{"damage":3,"enemies":"Exordium Thugs","floor":5,"turns":4},{"damage":10,"enemies":"Looter","floor":7,"turns":5},{"damage":16,"enemies":"Gremlin Nob","floor":8,"turns":3},{"damage":10,"enemies":"Gremlin Gang","floor":10,"turns":4},{"damage":3,"enemies":"3 Louse","floor":11,"turns":4},{"damage":1,"enemies":"Red Slaver","floor":13,"turns":5},{"damage":0,"enemies":"Slime Boss","floor":16,"turns":6},{"damage":22,"enemies":"Chosen","floor":18,"turns":8},{"damage":49,"enemies":"3 Byrds","floor":19,"turns":8}],"seed_played":"8607781255475598630","potions_obtained":[{"floor":2,"key":"Swift Potion"},{"floor":2,"key":"Weak Potion"},{"floor":8,"key":"BottledMiracle"},{"floor":11,"key":"Fruit Juice"},{"floor":13,"key":"Strength Potion"}],"is_trial":false,"path_per_floor":["M","?","M","M","M","R","M","E","T","M","M","$","M","?","R","B",null,"M","M"],"character_chosen":"WATCHER","items_purchased":["WheelKick"],"campfire_rested":1,"item_purchase_floors":[12],"current_hp_per_floor":[54,54,54,54,51,51,41,25,25,15,17,17,16,16,37,37,64,42,0,0],"gold":179,"neow_bonus":"REMOVE_TWO","is_daily":false,"chose_seed":false,"campfire_upgraded":1,"win_rate":0.0,"timestamp":1610343451,"path_taken":["M","?","M","?","M","R","M","E","T","M","M","$","M","?","R","BOSS","M","M"],"items_purchased_type":["Card"],"build_version":"2020-12-22","purchased_purges":0,"victory":false,"max_hp_per_floor":[68,68,68,68,68,68,68,68,68,68,73,73,73,73,73,73,73,73,73,73],"card_choices":[{"not_picked":["Evaluate","Consecrate"],"picked":"CrushJoints","floor":1},{"not_picked":["CutThroughFate","SashWhip"],"picked":"Perseverance","floor":3},{"not_picked":["Devotion","CrushJoints"],"picked":"MentalFortress","floor":4},{"not_picked":["Consecrate","Swivel"],"picked":"Adaptation","floor":5},{"not_picked":["Perseverance","TalkToTheHand"],"picked":"EmptyFist","floor":7},{"not_picked":["Halt","FollowUp"],"picked":"FearNoEvil","floor":8},{"not_picked":["Prostrate","Judgement"],"picked":"Study","floor":10},{"not_picked":["SashWhip","CutThroughFate"],"picked":"Protect","floor":11},{"not_picked":["CutThroughFate","EmptyFist","Study"],"picked":"SKIP","floor":13},{"not_picked":["Alpha","Devotion"],"picked":"Omniscience","floor":16},{"not_picked":["ThirdEye+1","WaveOfTheHand","JustLucky"],"picked":"SKIP","floor":18}],"player_experience":1180221,"relics_obtained":[{"floor":8,"key":"Girya"},{"floor":9,"key":"TeardropLocket"}],"event_choices":[{"damage_healed":0,"gold_gain":0,"player_choice":"Got Potions","damage_taken":0,"max_hp_gain":0,"max_hp_loss":0,"event_name":"Lab","floor":2,"gold_loss":0},{"damage_healed":0,"gold_gain":0,"player_choice":"Searched \u00270\u0027 times","damage_taken":0,"max_hp_gain":0,"max_hp_loss":0,"event_name":"Dead Adventurer","floor":14,"gold_loss":0}],"is_beta":false,"boss_relics":[{"not_picked":["Fusion Hammer","Velvet Choker"],"picked":"VioletLotus"}],"items_purged_floors":[],"is_endless":false,"potions_floor_spawned":[3,4,8,11,13],"killed_by":"3 Byrds","ascension_level":20}}