{"host":"xurz8oye0j2lsa2k","time":1610395445,"event":{"mods":["AchievementEnabler","BaseMod","Bestiary","BetterRewards","Colored Map","Hubris","Marisa????????","Minty Spire (QoL Compilation)","Permanent Neow","Replay The Spire","Spicy Shops","StSLib","UnlockEverythingMod"],"gold_per_floor":[118,130,80,99,99,99,99],"floor_reached":6,"playtime":909,"items_purged":["hubris:Despair"],"score":36,"play_id":"7c8489e8-c2df-4f2e-b2b4-354646384f95","local_time":"20210111150405","is_ascension_mode":false,"campfire_choices":[],"circlet_count":0,"master_deck":["Strike_P","Strike_P","Strike_P","Defend_P","Defend_P","Defend_P","Defend_P","Eruption","Vigilance","BowlingBash","Replay:BluntJabs+1","MasterReality","ThirdEye","Crescendo","ReachHeaven","Prostrate"],"relics":["PureWater","ReplayTheSpireMod:CursedCoin","BargainBundle","GoldenEye","Golden Idol"],"acts_visited":["Exordium"],"potions_floor_usage":[6,6],"damage_taken":[{"damage":2,"enemies":"Jaw Worm","floor":1,"turns":3},{"damage":7,"enemies":"2 Louse","floor":2,"turns":2},{"damage":0,"enemies":"Cultist","floor":4,"turns":2},{"damage":0,"enemies":"Gremlin Nob","floor":6,"turns":2}],"seed_played":"1835487717074937881","potions_obtained":[{"floor":2,"key":"Fire Potion"}],"is_trial":false,"path_per_floor":["M","M","?","M","?","E"],"character_chosen":"WATCHER","items_purchased":["ReplayTheSpireMod:CursedCoin","BargainBundle","Elixir","Dexterity Potion","Weak Potion","BowlingBash","Replay:BluntJabs+1","MasterReality","ThirdEye","Crescendo","ReachHeaven"],"campfire_rested":0,"item_purchase_floors":[0,0,0,0,0,0,0,0,0,0,0],"current_hp_per_floor":[38,31,31,31,31,31,31],"gold":99,"neow_bonus":"","is_daily":false,"chose_seed":false,"campfire_upgraded":0,"win_rate":0.0,"timestamp":1610395445,"path_taken":["M","M","?","M","?","E"],"items_purchased_type":["Relic","Relic","Potion","Potion","Potion","Card","Card","Card","Card","Card","Card"],"build_version":"2020-12-22","purchased_purges":1,"victory":false,"max_hp_per_floor":[72,72,72,72,67,67,67],"card_choices":[{"not_picked":["EmptyFist","Study","CutThroughFate"],"picked":"SKIP","floor":1},{"not_picked":["Replay:ManipulateFuture","Replay:Cycle"],"picked":"Prostrate","floor":2},{"not_picked":["EmptyFist","Replay:AtTheReady","FlyingSleeves"],"picked":"SKIP","floor":4}],"player_experience":524920,"relics_obtained":[],"event_choices":[{"cards_removed":["Strike_P"],"damage_healed":0,"gold_gain":0,"player_choice":"Card Removal","damage_taken":0,"max_hp_gain":0,"max_hp_loss":0,"event_name":"The Cleric","floor":3,"gold_loss":50},{"damage_healed":0,"gold_gain":0,"player_choice":"Lose Max HP","damage_taken":0,"relics_obtained":["Golden Idol"],"max_hp_gain":0,"max_hp_loss":5,"event_name":"Golden Idol","floor":5,"gold_loss":0}],"is_beta":false,"boss_relics":[],"items_purged_floors":[0],"is_endless":false,"potions_floor_spawned":[2],"killed_by":"Gremlin Nob","ascension_level":0}}