{"host":"dfyfjscm69glluav","time":1610331892,"event":{"mods":["BaseMod","Minty Spire (QoL Compilation)","Replay The Spire","StSLib"],"gold_per_floor":[115,115,134,134,152,152,25,58,58,76,137,162,181,45,45,140,140,156,174,174,49,49,49,83,83,83,83,83,102,114,128,128,128,128],"floor_reached":33,"playtime":1918,"items_purged":["Strike_B","Defend_B","Strike_B"],"score":275,"play_id":"158484aa-b444-4264-a51e-6cd4069bb9f4","local_time":"20210111112452","is_ascension_mode":false,"campfire_choices":[{"data":"Zap","floor":6,"key":"SMITH"},{"data":"Crystallizer","floor":23,"key":"SMITH"},{"data":"White Noise","floor":25,"key":"SMITH"},{"data":"Electrodynamics","floor":32,"key":"SMITH"}],"circlet_count":0,"master_deck":["Strike_B","Strike_B","Defend_B","Defend_B","Defend_B","Zap+1","Dualcast","Coolheaded","Redo+1","Glacier+1","Cold Snap","Stack","Time Bomb","Static Discharge","Leap+1","Electrodynamics+1","Crystallizer+1","White Noise+1","Replay:Sssssssssstrike","Force Field"],"relics":["Cracked Core","NeowsBlessing","Mercury Hourglass","Singing Bowl","Vajra","Carrot","Nuclear Battery","Nilry\u0027s Codex","Replay:Bottled Flurry","Kunai"],"acts_visited":["Exordium","TheCity"],"potions_floor_usage":[12,30,33],"damage_taken":[{"damage":0,"enemies":"Jaw Worm","floor":1,"turns":1},{"damage":0,"enemies":"Cultist","floor":3,"turns":1},{"damage":0,"enemies":"2 Louse","floor":5,"turns":1},{"damage":24,"enemies":"3 Sentries","floor":8,"turns":12},{"damage":5,"enemies":"Exordium Thugs","floor":10,"turns":6},{"damage":7,"enemies":"Lagavulin Event","floor":11,"turns":8},{"damage":2,"enemies":"Replay:BlueRogue","floor":12,"turns":4},{"damage":2,"enemies":"2 Fungi Beasts","floor":13,"turns":2},{"damage":1,"enemies":"The Guardian","floor":16,"turns":11},{"damage":2,"enemies":"2 Thieves","floor":18,"turns":3},{"damage":0,"enemies":"3 Byrds","floor":19,"turns":2},{"damage":1,"enemies":"Replay:Snechameleon","floor":24,"turns":6},{"damage":7,"enemies":"Centurion and Healer","floor":29,"turns":3},{"damage":13,"enemies":"3 Cultists","floor":30,"turns":3},{"damage":0,"enemies":"Snecko","floor":31,"turns":5},{"damage":47,"enemies":"Pondfish","floor":33,"turns":12}],"seed_played":"-1001932171605613196","potions_obtained":[{"floor":1,"key":"Explosive Potion"},{"floor":2,"key":"Regen Potion"},{"floor":2,"key":"Energy Potion"},{"floor":5,"key":"PotionOfCapacity"},{"floor":29,"key":"AttackPotion"},{"floor":30,"key":"Reflective Coating"}],"is_trial":false,"path_per_floor":["M","?","M","?","M","R","$","E","T","M","?","E","M","$","R","B",null,"M","M","?","$","?","R","E","R","T","?","$","M","M","M","R","B"],"character_chosen":"DEFECT","items_purchased":["Glacier+1","Leap+1"],"campfire_rested":0,"item_purchase_floors":[7,14],"current_hp_per_floor":[75,75,75,75,75,75,75,51,51,46,39,46,46,46,69,68,77,77,79,63,63,63,63,62,62,62,62,62,57,44,46,46,0,0],"gold":128,"neow_bonus":"THREE_ENEMY_KILL","is_daily":false,"chose_seed":false,"campfire_upgraded":4,"win_rate":0.0,"timestamp":1610331892,"path_taken":["M","?","?","?","M","R","?","E","T","M","?","E","M","$","R","BOSS","M","M","?","$","?","R","E","R","T","?","$","M","?","M","R","BOSS"],"items_purchased_type":["Card","Card"],"build_version":"2020-12-22","purchased_purges":3,"victory":false,"max_hp_per_floor":[75,75,75,75,75,75,75,75,75,75,75,75,77,77,77,77,77,79,81,81,81,81,81,81,81,81,81,81,83,83,85,85,85,85],"card_choices":[{"not_picked":["Gash","Stack"],"picked":"FIFO Queue","floor":1},{"not_picked":["Capacitor","Stack"],"picked":"Coolheaded","floor":3},{"not_picked":["Rebound","BootSequence"],"picked":"Redo","floor":5},{"not_picked":["ReplayGash","Force Field"],"picked":"Cold Snap","floor":8},{"not_picked":["Panic Button","Rebound"],"picked":"Stack","floor":10},{"not_picked":["Panic Button","Leap"],"picked":"Time Bomb","floor":11},{"not_picked":["Beam Cell","ReplayTheSpireMod:Repulse"],"picked":"Static Discharge","floor":12},{"not_picked":["Hyperbeam","Barrage","Sweeping Beam"],"picked":"Singing Bowl","floor":13},{"not_picked":["Seek","Core Surge"],"picked":"Electrodynamics","floor":16},{"not_picked":["Cold Snap","Steam","Genetic Algorithm"],"picked":"Singing Bowl","floor":18},{"not_picked":["Undo","Steam Power+1","Aggregate"],"picked":"Singing Bowl","floor":19},{"not_picked":["Lockon","ReplayTheSpireMod:GoodbyeWorld"],"picked":"White Noise","floor":24},{"not_picked":["Hologram+1","Ball Lightning","Streamline"],"picked":"Singing Bowl","floor":29},{"not_picked":["Turbo+1","Tempest"],"picked":"Force Field","floor":30},{"not_picked":["Cold Snap","Scrape","Beam Cell"],"picked":"Singing Bowl","floor":31}],"player_experience":155890,"relics_obtained":[{"floor":8,"key":"Mercury Hourglass"},{"floor":9,"key":"Singing Bowl"},{"floor":11,"key":"Vajra"},{"floor":12,"key":"Carrot"},{"floor":20,"key":"Nilry\u0027s Codex"},{"floor":24,"key":"Replay:Bottled Flurry"},{"floor":26,"key":"Kunai"}],"event_choices":[{"damage_healed":0,"gold_gain":0,"player_choice":"Got Potions","damage_taken":0,"max_hp_gain":0,"max_hp_loss":0,"event_name":"Lab","floor":2,"gold_loss":0},{"cards_removed":["FIFO Queue"],"damage_healed":0,"gold_gain":0,"player_choice":"Offered Uncommon","damage_taken":0,"max_hp_gain":0,"max_hp_loss":0,"event_name":"Bonfire Elementals","floor":4,"gold_loss":0},{"damage_healed":0,"gold_gain":0,"player_choice":"Searched \u00271\u0027 times","damage_taken":0,"max_hp_gain":0,"max_hp_loss":0,"event_name":"Dead Adventurer","floor":11,"gold_loss":0},{"damage_healed":0,"gold_gain":0,"player_choice":"Obtained Book","damage_taken":16,"max_hp_gain":0,"max_hp_loss":0,"event_name":"Cursed Tome","floor":20,"gold_loss":0},{"damage_healed":0,"gold_gain":0,"player_choice":"Read","damage_taken":0,"max_hp_gain":0,"max_hp_loss":0,"event_name":"The Library","floor":22,"gold_loss":0,"cards_obtained":["Crystallizer"]},{"damage_healed":0,"gold_gain":0,"player_choice":"1 cards matched","damage_taken":0,"max_hp_gain":0,"max_hp_loss":0,"event_name":"Match and Keep!","floor":27,"gold_loss":0,"cards_obtained":["Replay:Sssssssssstrike"]}],"is_beta":false,"boss_relics":[{"not_picked":["Snecko Eye","Philosopher\u0027s Stone"],"picked":"Nuclear Battery"}],"items_purged_floors":[7,14,21],"is_endless":false,"potions_floor_spawned":[1,3,5,29,30],"killed_by":"Pondfish","ascension_level":0}}