{"host":"qy1e0kd24tpj3i2m","time":1610400095,"event":{"mods":["Act Like it!","Alarm Clock","BaseMod","Better Skull","Better Vampires","Colored Map","Colored Powertips","Custom Start","Faster Ascension Climbing","Friendly Minions","GifTheSpireLib","Gremlin Skip","Highlight Path","Minty Spire (QoL Compilation)","Permanent Neow","Quick Restart","Red Circlet Mod","Relic Sorter","Reorder Act Four","SacredBarkPlus","Shop Mod","StSLib","SuperFastMode","Transform Curses","没有小屋子和绿帽子啦"],"gold_per_floor":[14,14,89,89,89,89,102,123,191,191,212,3,16,16,16,16,16],"floor_reached":16,"playtime":414,"items_purged":[],"score":180,"play_id":"e70c19cf-41d7-4a3b-a9ad-e791a85d509b","local_time":"20210112062135","is_ascension_mode":true,"campfire_choices":[{"data":"Juggernaut","floor":6.0,"key":"SMITH"},{"data":"True Grit","floor":10.0,"key":"SMITH"},{"data":"Dark Embrace","floor":15.0,"key":"SMITH"}],"circlet_count":0,"master_deck":["AscendersBane","Strike_R","Strike_R","Strike_R","Strike_R","Strike_R","Defend_R","Defend_R","Defend_R+1","Defend_R","Juggernaut+1","Power Through+1","Evolve","Wild Strike","True Grit+1","Body Slam","Dark Embrace+1","Berserk"],"relics":["Burning Blood","Golden Idol","Shuriken","MerchantsRug"],"acts_visited":["Exordium"],"potions_floor_usage":[],"damage_taken":[{"damage":7.0,"enemies":"Cultist","floor":1.0,"turns":4.0},{"damage":7.0,"enemies":"Jaw Worm","floor":7.0,"turns":3.0},{"damage":3.0,"enemies":"2 Louse","floor":8.0,"turns":3.0},{"damage":0.0,"enemies":"Large Slime","floor":11.0,"turns":6.0},{"damage":3.0,"enemies":"Lots of Slimes","floor":13.0,"turns":7.0},{"damage":40,"enemies":"Hexaghost","floor":16,"turns":9}],"seed_played":"-2780951757032542708","potions_obtained":[{"floor":7.0,"key":"LiquidMemories"},{"floor":11.0,"key":"ColorlessPotion"}],"is_trial":false,"path_per_floor":["M","?","?","?","?","R","M","M","T","R","M","$","M","?","R","B"],"character_chosen":"IRONCLAD","items_purchased":["MerchantsRug","Dark Embrace"],"campfire_rested":0,"item_purchase_floors":[12,12],"current_hp_per_floor":[67,41,30,25,25,25,24,27,27,27,33,33,36,36,36,0,0],"gold":16,"neow_bonus":"THREE_RARE_CARDS","is_daily":false,"chose_seed":false,"campfire_upgraded":3,"win_rate":0.0,"timestamp":1610400095,"path_taken":["M","?","?","?","?","R","M","?","T","R","?","$","?","?","R","BOSS"],"items_purchased_type":["Relic","Card"],"build_version":"2020-12-22","purchased_purges":0,"victory":false,"max_hp_per_floor":[75,75,75,75,75,75,75,75,75,75,75,75,75,75,75,75,75],"card_choices":[{"not_picked":["Immolate","Fiend Fire"],"picked":"Juggernaut","floor":0.0},{"not_picked":["Heavy Blade","Flex"],"picked":"Power Through","floor":1.0},{"not_picked":["Clash","Heavy Blade"],"picked":"Wild Strike","floor":7.0},{"not_picked":["Heavy Blade","Combust"],"picked":"True Grit","floor":8.0},{"not_picked":["Pommel Strike","Immolate"],"picked":"Body Slam","floor":11.0},{"not_picked":["Wild Strike","Twin Strike"],"picked":"Berserk","floor":13.0}],"player_experience":898432,"relics_obtained":[{"floor":9.0,"key":"Shuriken"}],"event_choices":[{"damage_healed":0.0,"max_hp_gain":0.0,"max_hp_loss":0.0,"gold_gain":0.0,"event_name":"Golden Idol","player_choice":"Take Damage","floor":2.0,"gold_loss":0.0,"damage_taken":26.0,"relics_obtained":["Golden Idol"]},{"damage_healed":0.0,"max_hp_gain":0.0,"max_hp_loss":0.0,"gold_gain":75.0,"event_name":"World of Goop","player_choice":"Gather Gold","floor":3.0,"gold_loss":0.0,"damage_taken":11.0},{"damage_healed":0.0,"max_hp_gain":0.0,"max_hp_loss":0.0,"gold_gain":0.0,"event_name":"Scrap Ooze","player_choice":"Success","floor":4.0,"gold_loss":0.0,"damage_taken":5.0,"relics_obtained":["War Paint"]},{"damage_healed":0.0,"max_hp_gain":0.0,"max_hp_loss":0.0,"gold_gain":0.0,"cards_transformed":["Bash"],"event_name":"Transmorgrifier","player_choice":"Transformed","floor":5.0,"gold_loss":0.0,"damage_taken":0.0,"cards_obtained":["Evolve"]},{"damage_healed":0.0,"max_hp_gain":0.0,"max_hp_loss":0.0,"gold_gain":0.0,"event_name":"Shining Light","player_choice":"Ignored","floor":14.0,"gold_loss":0.0,"damage_taken":0.0}],"is_beta":false,"boss_relics":[],"items_purged_floors":[],"is_endless":false,"potions_floor_spawned":[7,11],"killed_by":"Hexaghost","ascension_level":20}}