{"host":"kw4o7b3ro2ktmmbe","time":1610352497,"event":{"mods":["BaseMod","Evolution","Minty Spire (QoL Compilation)","StSLib","TheArtist"],"gold_per_floor":[115,115,139,153,153,153,177,136,217,233,256,276,276,297,297,420,420,434,205,221,245,258,258,258],"floor_reached":23,"playtime":3394,"items_purged":["artistmod:StrokeStrike"],"score":214,"play_id":"48266e83-abbd-4baf-a1b6-545637769b5b","local_time":"20210111210817","is_ascension_mode":false,"campfire_choices":[{"data":"artistmod:RedRage","floor":6.0,"key":"SMITH"},{"data":"artistmod:ReddeningRampage","floor":13.0,"key":"SMITH"},{"data":"artistmod:ReddeningRampage","floor":15.0,"key":"SMITH"}],"circlet_count":0,"master_deck":["artistmod:RedRage+1","artistmod:RedRage","artistmod:StrokeStrike","artistmod:DaringDefend","artistmod:DaringDefend","artistmod:DaringDefend","artistmod:DaringDefend","artistmod:BrushBash","artistmod:BlueBurst","artistmod:DarkerDanger","artistmod:ReddeningRampage+1","artistmod:BlueBurst","artistmod:ReddeningRampage+1","artistmod:BanefulBucket","artistmod:ProfoundPurple","artistmod:DarkerDanger+1","artistmod:CanvasCatapult+1","artistmod:BlackBang","artistmod:GrowingGreens+1"],"relics":["artistmod:BlueBrush","EVO:Axolotl","Golden Idol","Molten Egg 2","Black Star","Lantern"],"acts_visited":["Exordium","TheCity"],"potions_floor_usage":[16,16],"damage_taken":[{"damage":6.0,"enemies":"Jaw Worm","floor":1.0,"turns":2.0},{"damage":2.0,"enemies":"2 Louse","floor":3.0,"turns":2.0},{"damage":0.0,"enemies":"Cultist","floor":4.0,"turns":3.0},{"damage":3.0,"enemies":"2 Fungi Beasts","floor":7.0,"turns":3.0},{"damage":2.0,"enemies":"Blue Slaver","floor":10.0,"turns":4.0},{"damage":1.0,"enemies":"Looter","floor":11.0,"turns":3.0},{"damage":0.0,"enemies":"2 Fungi Beasts","floor":12.0,"turns":5.0},{"damage":3.0,"enemies":"3 Louse","floor":14.0,"turns":3.0},{"damage":5,"enemies":"Hexaghost","floor":16,"turns":7},{"damage":0,"enemies":"Chosen","floor":18,"turns":4},{"damage":22,"enemies":"3 Byrds","floor":20,"turns":5},{"damage":5,"enemies":"3 Cultists","floor":21,"turns":5},{"damage":44,"enemies":"Shelled Parasite and Fungi","floor":22,"turns":6},{"damage":13,"enemies":"Gremlin Leader","floor":23,"turns":2}],"seed_played":"-8232896643809445573","potions_obtained":[{"floor":10.0,"key":"SteroidPotion"},{"floor":11.0,"key":"DistilledChaos"},{"floor":12.0,"key":"DistilledChaos"},{"floor":20,"key":"SpeedPotion"}],"is_trial":false,"path_per_floor":["M","?","M","M","?","R","M","$","T","M","M","M","R","M","R","B",null,"M","$","M","M","M","E"],"character_chosen":"THE_ARTIST","items_purchased":["artistmod:ReddeningRampage","Lantern"],"campfire_rested":0,"item_purchase_floors":[8,19],"current_hp_per_floor":[72,53,51,51,51,51,48,48,48,46,45,45,45,42,42,37,78,78,78,56,51,7,0,0],"gold":258,"neow_bonus":"TEN_PERCENT_HP_BONUS","is_daily":false,"chose_seed":false,"campfire_upgraded":3,"win_rate":0.0,"timestamp":1610352497,"path_taken":["M","?","M","M","?","R","M","$","T","M","M","?","R","M","R","BOSS","M","$","M","M","M","E"],"items_purchased_type":["Card","Relic"],"build_version":"2020-12-22","purchased_purges":1,"victory":false,"max_hp_per_floor":[78,78,78,78,78,78,78,78,78,78,78,78,78,78,78,78,78,78,78,78,78,78,78,78],"card_choices":[{"not_picked":["artistmod:CanvasCatapult","artistmod:SuperbSchooling"],"picked":"artistmod:BlueBurst","floor":1.0},{"not_picked":["artistmod:PrismaticPain","artistmod:ClearChroma","artistmod:SuperbSchooling"],"picked":"SKIP","floor":3.0},{"not_picked":["artistmod:DualDebuffs","artistmod:ResourceRampage","artistmod:SweepingSadness"],"picked":"SKIP","floor":4.0},{"not_picked":["artistmod:IndigoIncapitation","artistmod:ColorCopy","artistmod:AquaAnnoyance"],"picked":"SKIP","floor":7.0},{"not_picked":["artistmod:MagentaMadness","artistmod:DualDash"],"picked":"artistmod:BlueBurst","floor":10.0},{"not_picked":["artistmod:SuperbSchooling","artistmod:AquaAnnoyance","artistmod:ClearChroma"],"picked":"SKIP","floor":11.0},{"not_picked":["artistmod:TreasureTrove","artistmod:ShinyShiv+1"],"picked":"artistmod:ReddeningRampage","floor":12.0},{"not_picked":["artistmod:MagentaMadness","artistmod:DualDash"],"picked":"artistmod:BanefulBucket","floor":14.0},{"not_picked":["artistmod:GloriousGallery","artistmod:YellowYouth"],"picked":"artistmod:ProfoundPurple","floor":16},{"not_picked":["artistmod:PrismaticPain+1","artistmod:RedRage+1"],"picked":"artistmod:DarkerDanger+1","floor":18},{"not_picked":["artistmod:EnlightenedEpiphany+1","artistmod:SweepingSadness+1"],"picked":"artistmod:CanvasCatapult+1","floor":20},{"not_picked":["artistmod:ChromaCrash+1","artistmod:IndigoIncapitation"],"picked":"artistmod:BlackBang","floor":21},{"not_picked":["artistmod:GreenGreed","artistmod:BrownBrush"],"picked":"artistmod:GrowingGreens+1","floor":22}],"player_experience":1836502,"relics_obtained":[{"floor":9.0,"key":"Molten Egg 2"}],"event_choices":[{"damage_healed":0.0,"max_hp_gain":0.0,"max_hp_loss":0.0,"gold_gain":0.0,"event_name":"Golden Idol","player_choice":"Take Damage","floor":2.0,"gold_loss":0.0,"damage_taken":19.0,"relics_obtained":["Golden Idol"]},{"damage_healed":0.0,"max_hp_gain":0.0,"max_hp_loss":0.0,"gold_gain":0.0,"cards_transformed":["artistmod:DarkenDrawing"],"event_name":"Transmorgrifier","player_choice":"Transformed","floor":5.0,"gold_loss":0.0,"damage_taken":0.0,"cards_obtained":["artistmod:DarkerDanger"]}],"is_beta":false,"boss_relics":[{"not_picked":["Empty Cage","Snecko Eye"],"picked":"Black Star"}],"items_purged_floors":[19],"is_endless":false,"potions_floor_spawned":[10,11,12,20],"killed_by":"Gremlin Leader","ascension_level":0}}