{"host":"2lo6hma6kymb0g9i","time":1610352980,"event":{"mods":["BaseMod","Colored Map","DeckTracker","Minty Spire (QoL Compilation)"],"gold_per_floor":[20,20,20,20,20,20,56,72,97,143,167,191,207,242,242,335,335,353,303,328,253,271,271,285,305,305,305,305],"floor_reached":27,"playtime":1808,"items_purged":["Sunder"],"score":383,"play_id":"fc7d2f23-4e09-4bea-b067-6f027411c3e5","local_time":"20210111171620","is_ascension_mode":true,"campfire_choices":[{"data":"Streamline","floor":6,"key":"SMITH"},{"floor":15,"key":"REST"},{"data":"Dualcast","floor":23,"key":"SMITH"}],"circlet_count":0,"master_deck":["AscendersBane","Defend_B","Defend_B","Defend_B","Zap","Dualcast+1","Streamline+1","Go for the Eyes","Hologram","Turbo","All For One","Coolheaded","Cold Snap","Undo","Cold Snap+1","Defragment"],"relics":["Cracked Core","Golden Idol","Gambling Chip","Regal Pillow","Smiling Mask","DataDisk","Bag of Preparation","Inserter","Dream Catcher"],"acts_visited":["Exordium","TheCity"],"potions_floor_usage":[16,22,24],"damage_taken":[{"damage":1,"enemies":"2 Louse","floor":1,"turns":2},{"damage":15,"enemies":"3 Sentries","floor":7,"turns":7},{"damage":7,"enemies":"Jaw Worm","floor":8,"turns":2},{"damage":1,"enemies":"Cultist","floor":11,"turns":3},{"damage":0,"enemies":"Large Slime","floor":12,"turns":3},{"damage":5,"enemies":"Red Slaver","floor":13,"turns":3},{"damage":20,"enemies":"Lagavulin","floor":14,"turns":7},{"damage":16,"enemies":"Hexaghost","floor":16,"turns":7},{"damage":23,"enemies":"Shell Parasite","floor":18,"turns":4},{"damage":7,"enemies":"2 Thieves","floor":20,"turns":4},{"damage":15,"enemies":"Sentry and Sphere","floor":22,"turns":7},{"damage":9,"enemies":"Snake Plant","floor":24,"turns":4},{"damage":0,"enemies":"Snecko","floor":25,"turns":4},{"damage":6,"enemies":"Centurion and Healer","floor":27,"turns":1}],"seed_played":"3079320238571188819","potions_obtained":[{"floor":11,"key":"LiquidMemories"},{"floor":12,"key":"EssenceOfSteel"},{"floor":22,"key":"LiquidMemories"},{"floor":24,"key":"Energy Potion"}],"is_trial":false,"path_per_floor":["M","?","?","?","T","R","E","M","T","T","M","M","M","E","R","B",null,"M","$","M","?","M","R","M","M","T","M"],"character_chosen":"DEFECT","items_purchased":[],"campfire_rested":1,"item_purchase_floors":[],"current_hp_per_floor":[63,63,56,56,56,56,41,34,34,34,33,33,28,8,42,26,56,33,33,26,26,11,11,2,2,2,0,0],"gold":305,"neow_bonus":"REMOVE_TWO","is_daily":false,"chose_seed":false,"campfire_upgraded":2,"win_rate":0.0,"timestamp":1610352980,"path_taken":["M","?","?","?","?","R","E","M","T","?","M","M","M","E","R","BOSS","M","$","M","?","M","R","M","M","T","M"],"items_purchased_type":[],"build_version":"2020-12-22","purchased_purges":1,"victory":false,"max_hp_per_floor":[71,71,71,66,66,66,66,66,66,66,66,66,66,66,66,66,66,66,66,66,66,66,66,66,66,66,66,66],"card_choices":[{"not_picked":["Sweeping Beam","Hologram"],"picked":"Streamline","floor":1},{"not_picked":["Amplify","Streamline"],"picked":"Sunder","floor":7},{"not_picked":["Compile Driver","Coolheaded"],"picked":"Go for the Eyes","floor":8},{"not_picked":["Capacitor","Skim"],"picked":"Hologram","floor":11},{"not_picked":["Streamline","Aggregate","Biased Cognition"],"picked":"SKIP","floor":12},{"not_picked":["Genetic Algorithm","Aggregate"],"picked":"Turbo","floor":13},{"not_picked":["Sweeping Beam","Streamline","Doom and Gloom"],"picked":"SKIP","floor":14},{"not_picked":["Amplify","Meteor Strike"],"picked":"All For One","floor":16},{"not_picked":["Stack","Leap"],"picked":"Coolheaded","floor":18},{"not_picked":["BootSequence+1","Loop"],"picked":"Cold Snap","floor":20},{"not_picked":["Ball Lightning+1","Turbo"],"picked":"Undo","floor":22},{"not_picked":["Darkness","Reboot"],"picked":"Cold Snap+1","floor":24},{"not_picked":["Reinforced Body","Beam Cell+1"],"picked":"Defragment","floor":25}],"player_experience":1026579,"relics_obtained":[{"floor":5,"key":"Gambling Chip"},{"floor":7,"key":"Regal Pillow"},{"floor":9,"key":"Smiling Mask"},{"floor":10,"key":"DataDisk"},{"floor":14,"key":"Bag of Preparation"},{"floor":26,"key":"Dream Catcher"}],"event_choices":[{"cards_removed":["Strike_B"],"damage_healed":0,"gold_gain":0,"player_choice":"Forget","damage_taken":0,"max_hp_gain":0,"max_hp_loss":0,"event_name":"Living Wall","floor":2,"gold_loss":0},{"cards_removed":["Defend_B"],"damage_healed":0,"gold_gain":0,"player_choice":"Card Removal","damage_taken":7,"max_hp_gain":0,"max_hp_loss":0,"event_name":"Golden Wing","floor":3,"gold_loss":0},{"damage_healed":0,"gold_gain":0,"player_choice":"Lose Max HP","damage_taken":0,"relics_obtained":["Golden Idol"],"max_hp_gain":0,"max_hp_loss":5,"event_name":"Golden Idol","floor":4,"gold_loss":0},{"cards_removed":["Strike_B"],"damage_healed":0,"gold_gain":0,"player_choice":"Gave Gold","damage_taken":0,"max_hp_gain":0,"max_hp_loss":0,"event_name":"Beggar","floor":21,"gold_loss":75}],"is_beta":false,"boss_relics":[{"not_picked":["Sozu","Snecko Eye"],"picked":"Inserter"}],"items_purged_floors":[19],"is_endless":false,"potions_floor_spawned":[11,12,14,22,24],"killed_by":"Centurion and Healer","ascension_level":14}}