{"host":"2apb6gwm2fj4theg","time":1610384807,"event":{"mods":["2.2 Compatiblity","AlwaysNeverKeys","Ascension Reborn","BaseMod","ChefMod","Halation","Hubris","Infinite Spire","Ironclad Rager","Marked Mod","Minty Spire (QoL Compilation)","Replay The Spire","Shop Mod","Small Relic Pack","StSLib","The Animator","Unceasing Turn Reminder"],"gold_per_floor":[113,130,147,166,179,195,21,21,45,45,80,94,112,124,124,124,124],"floor_reached":16,"playtime":1203,"items_purged":[],"score":108,"play_id":"3f25d3c3-ba73-4c90-ae47-c13bf4820d64","local_time":"20210111190647","is_ascension_mode":true,"campfire_choices":[{"floor":10.0,"key":"REST"},{"floor":15,"key":"REST"}],"circlet_count":0,"master_deck":["Strike_G","Strike_G","Strike_G","Strike_G","Strike_G","Defend_G","Defend_G","Defend_G","Defend_G","Survivor","Neutralize","Sucker Punch","Underhanded Strike","Flying Knee","Heel Hook","Acrobatics","Eviscerate+1","Prepared","ReplayUltimateDefense","Flying Knee","Endless Agony","Eviscerate","Quick Slash"],"relics":["Ring of the Snake","Strawberry","Bird Faced Urn"],"acts_visited":["Exordium"],"potions_floor_usage":[16,16],"damage_taken":[{"damage":0.0,"enemies":"Cultist","floor":1.0,"turns":4.0},{"damage":0.0,"enemies":"Jaw Worm","floor":2.0,"turns":4.0},{"damage":7.0,"enemies":"Small Slimes","floor":3.0,"turns":3.0},{"damage":2.0,"enemies":"Exordium Thugs","floor":4.0,"turns":4.0},{"damage":7.0,"enemies":"Gremlin Gang","floor":5.0,"turns":5.0},{"damage":8.0,"enemies":"2 Fungi Beasts","floor":6.0,"turns":3.0},{"damage":37,"enemies":"3 Sentries","floor":11,"turns":14},{"damage":4,"enemies":"Exordium Wildlife","floor":12,"turns":3},{"damage":4,"enemies":"Red Slaver","floor":13,"turns":3},{"damage":1,"enemies":"3 Louse","floor":14,"turns":3},{"damage":56,"enemies":"Slime Boss","floor":16,"turns":10}],"seed_played":"1452837554006420686","potions_obtained":[{"floor":3.0,"key":"Venom Potion"},{"floor":4.0,"key":"SteroidPotion"},{"floor":6.0,"key":"LiquidMemories"},{"floor":11,"key":"Poison Potion"}],"is_trial":false,"path_per_floor":["M","M","M","M","M","M","$","?","T","R","E","M","M","M","R","B"],"character_chosen":"THE_SILENT","items_purchased":["ReplayUltimateDefense"],"campfire_rested":2,"item_purchase_floors":[7],"current_hp_per_floor":[70,70,63,61,54,46,46,46,53,76,39,35,31,30,53,0,0],"gold":124,"neow_bonus":"TRANSFORM_CARD","is_daily":false,"chose_seed":false,"campfire_upgraded":0,"win_rate":0.0,"timestamp":1610384807,"path_taken":["M","M","?","M","M","M","$","?","T","R","E","M","M","M","R","BOSS"],"items_purchased_type":["Card"],"build_version":"2020-12-22","purchased_purges":0,"victory":false,"max_hp_per_floor":[70,70,70,70,70,70,70,70,77,77,77,77,77,77,77,77,77],"card_choices":[{"not_picked":["Bane","Leg Sweep"],"picked":"Underhanded Strike","floor":1.0},{"not_picked":["Bouncing Flask","Caltrops"],"picked":"Flying Knee","floor":2.0},{"not_picked":["hubris:Counter","Outmaneuver"],"picked":"Heel Hook","floor":3.0},{"not_picked":["Underhanded Strike","Burst"],"picked":"Acrobatics","floor":4.0},{"not_picked":["Prepared","Bane"],"picked":"Eviscerate","floor":5.0},{"not_picked":["Backflip","Toxin Wave"],"picked":"Prepared","floor":6.0},{"not_picked":["Cloak And Dagger","Bane"],"picked":"Flying Knee","floor":11},{"not_picked":["Crippling Poison","ReplayTheSpireMod:Exploit Weakness"],"picked":"Endless Agony","floor":12},{"not_picked":["Malaise","Outmaneuver"],"picked":"Eviscerate","floor":13},{"not_picked":["Caltrops","Deadly Poison"],"picked":"Quick Slash","floor":14}],"player_experience":614001,"relics_obtained":[{"floor":9.0,"key":"Strawberry"},{"floor":11,"key":"Bird Faced Urn"}],"event_choices":[],"is_beta":false,"boss_relics":[],"items_purged_floors":[],"is_endless":false,"potions_floor_spawned":[3,4,6,11,13],"killed_by":"Slime Boss","ascension_level":0}}