{"host":"ormi09wwzv7sq47a","time":1610332539,"event":{"mods":["2.2 Compatiblity","AchievementEnabler","Act Like it!","BaseMod","Bestiary","Better Altar","Better Note","Better Sensory Stone","Better Silent Start","Better Skull","Better Third Choice","Better Vampires","BetterRewards","Block Reminder","Card Forge","Colored Map","Colored Powertips","Curses Come First","DeckTracker","Downfall","Highlight Path","Minty Spire (QoL Compilation)","Permanent Neow","Quick Restart","Rare Cards Sparkle","Relic Stats","Shop Mod","StSLib","The Jungle"],"gold_per_floor":[115,132,32,107,107,135,135,160,160,160,160,229,263,282,282,382,382,400,420,420,433,447,447,475,475,475,515,515,615,11,49,49,148,148,192,212,34,34,84,117,117,134,134,134,20,72,83,116,116,116,116,116,54,84,84],"floor_reached":56,"playtime":3376,"items_purged":["Guardian:Strike_Guardian","Guardian:Defend_Guardian"],"score":2338,"play_id":"228d9ad1-2d8e-42b6-bbf5-5da92402086e","local_time":"20210111003539","is_ascension_mode":true,"campfire_choices":[{"data":"Panache","floor":7.0,"key":"SMITH"},{"data":"Guardian:CurlUp","floor":11.0,"key":"SMITH"},{"data":"Guardian:SentryBeam","floor":15,"key":"SMITH"},{"data":"Guardian:ShieldCharger","floor":23,"key":"SMITH"},{"data":"Guardian:FloatingOrbs","floor":25,"key":"SMITH"},{"data":"Guardian:Reroute","floor":28,"key":"SMITH"},{"data":"Guardian:Strike_Guardian","floor":32,"key":"PURGE"},{"floor":41,"key":"RECALL"},{"data":"Guardian:Defend_Guardian","floor":44,"key":"PURGE"},{"data":"Guardian:Defend_Guardian","floor":49,"key":"PURGE"},{"data":"Guardian:Defend_Guardian","floor":52,"key":"PURGE"}],"circlet_count":0,"master_deck":["Guardian:Strike_Guardian+1","Guardian:CurlUp+1","Guardian:TwinSlam+1","Panache+1","Guardian:ShieldCharger+1","Guardian:FloatingOrbs+1","Guardian:Reroute+1","Guardian:TimeBomb+1","Guardian:BronzeArmor+1","Guardian:SentryBeam+1","Guardian:CompilePackage+1","Guardian:Recover+1","Guardian:ShieldCharger+1","HandOfGreed+1","Guardian:TimeCapacitor+1","Guardian:SphericShield+1","Guardian:Planning+1","Guardian:GemFinder","Guardian:Harden+1","Guardian:PiercingHide+1","Guardian:FuturePlans","Guardian:PrismaticBarrier+1","Guardian:Repulse"],"relics":["Guardian:ModeShifter","Hammer of Thor","Seething Fire","Anvil of the Gods","Mummified Hand","Du-Vu Doll","MealTicket","Toxic Egg 2","FossilizedHelix","The Courier","Eternal Feather","Blood Vial","Sozu","Kunai","Whetstone","Guardian:PocketSentry","ClockworkSouvenir","Peace Pipe","hexamod:BolsterEngine","Philosopher\u0027s Stone","Pocketwatch","Blue Candle","OrangePellets","Orichalcum","Incense Burner","Oddly Smooth Stone"],"acts_visited":["Exordium","TheCity","TheBeyond","TheEnding"],"potions_floor_usage":[13,14],"damage_taken":[{"damage":5.0,"enemies":"Small Slimes","floor":1.0,"turns":3.0},{"damage":2.0,"enemies":"2 Louse","floor":2.0,"turns":2.0},{"damage":9.0,"enemies":"Gremlin Nob","floor":6.0,"turns":4.0},{"damage":9.0,"enemies":"Lagavulin","floor":8.0,"turns":5.0},{"damage":0,"enemies":"3 Sentries","floor":13,"turns":2},{"damage":0,"enemies":"Jaw Worm","floor":14,"turns":2},{"damage":8,"enemies":"The Guardian","floor":16,"turns":9},{"damage":0,"enemies":"Spheric Guardian","floor":18,"turns":3},{"damage":9,"enemies":"Shell Parasite","floor":19,"turns":4},{"damage":7,"enemies":"Snecko","floor":21,"turns":4},{"damage":12,"enemies":"Centurion and Healer","floor":22,"turns":3},{"damage":0,"enemies":"Book of Stabbing","floor":24,"turns":3},{"damage":0,"enemies":"Sentry and Sphere","floor":27,"turns":3},{"damage":0,"enemies":"Cultist and Chosen","floor":31,"turns":4},{"damage":0,"enemies":"Champ","floor":33,"turns":6},{"damage":0,"enemies":"Orb Walker","floor":35,"turns":3},{"damage":0,"enemies":"3 Darklings","floor":36,"turns":5},{"damage":0,"enemies":"Mind Bloom Boss Battle","floor":39,"turns":5},{"damage":0,"enemies":"Nemesis","floor":40,"turns":7},{"damage":0,"enemies":"Maw","floor":42,"turns":6},{"damage":0,"enemies":"Reptomancer","floor":46,"turns":6},{"damage":0,"enemies":"Transient","floor":47,"turns":5},{"damage":0,"enemies":"Nemesis","floor":48,"turns":7},{"damage":16,"enemies":"Donu and Deca","floor":50,"turns":6},{"damage":10,"enemies":"Shield and Spear","floor":54,"turns":6},{"damage":61,"enemies":"The Heart","floor":55,"turns":8}],"seed_played":"3480552643372530955","potions_obtained":[{"floor":1.0,"key":"PowerPotion"},{"floor":6.0,"key":"EssenceOfSteel"},{"floor":13,"key":"ColorlessPotion"}],"is_trial":false,"path_per_floor":["M","M","$","?","?","E","R","E","T","?","R","T","E","M","R","B",null,"M","M","?","M","M","R","E","R","T","M","R","?","$","M","R","B",null,"M","M","$","?","?","E","R","M","T","R","$","E","M","E","R","B",null,"R","$","E","B",null],"character_chosen":"GUARDIAN","items_purchased":["Mummified Hand","Panache","Guardian:Gem_Yellow","Guardian:ShieldCharger","MealTicket","Guardian:FloatingOrbs","Guardian:PocketSentry","ClockworkSouvenir","Peace Pipe","hexamod:BolsterEngine","Guardian:Gem_Orange","Guardian:Gem_Purple","OrangePellets","Guardian:Repulse"],"campfire_rested":0,"item_purchase_floors":[0,0,0,0,0,0,30,30,30,30,37,37,45,53],"current_hp_per_floor":[43,41,56,45,50,41,41,32,32,25,25,25,25,27,36,30,71,73,66,66,61,51,63,65,77,77,79,85,85,85,85,85,85,85,85,85,85,85,85,85,85,85,85,85,85,85,85,85,85,69,81,85,85,75,16],"gold":84,"neow_bonus":"","is_daily":false,"chose_seed":false,"campfire_upgraded":6,"win_rate":0.0,"timestamp":1610332539,"path_taken":["M","M","$","?","?","E","R","E","T","?","R","?","E","M","R","BOSS","M","M","?","M","M","R","E","R","T","M","R","?","$","?","R","BOSS","M","M","?","?","?","E","R","M","T","R","$","E","M","E","R","BOSS","R","$","E","BOSS"],"items_purchased_type":["Relic","Card","Card","Card","Relic","Card","Relic","Relic","Relic","Relic","Card","Card","Relic","Card"],"build_version":"2020-12-22","purchased_purges":2,"victory":true,"max_hp_per_floor":[80,80,80,80,85,85,85,85,85,85,85,85,85,85,85,85,85,85,85,85,85,85,85,85,85,85,85,85,85,85,85,85,85,85,85,85,85,85,85,85,85,85,85,85,85,85,85,85,85,85,85,85,85,85,85],"relic_stats":{"counters":[194,896],"Blue Candle":[0],"Eternal Feather":43,"Whetstone":["hexamod:BacktrackSmack","Bane","Dash","Guardian:Strike_Guardian","Guardian:TwinSlam"],"Orichalcum":[6],"Blood Vial":54,"Sozu":15,"Peace Pipe":4,"OrangePellets":[2],"Mummified Hand":[132],"MealTicket":15,"Kunai":[64],"obtain_stats":[{"Ice Cream":37,"Hammer of Thor":0,"Ginger":54,"Whetstone":54,"Bottled Tornado":44,"Boot":9,"Guardian:PickAxe":3,"Blood Vial":43,"Sozu":17,"Lizard Tail":46,"Strawberry":26,"Philosopher\u0027s Stone":17,"MealTicket":41,"Kunai":23,"Toxic Egg 2":6,"Guardian:BottledStasis":41,"MerchantsRug":53,"Happy Flower":54,"Astrolabe":17,"Blue Candle":40,"Guardian:ModeShifter":0,"Oddly Smooth Stone":42,"Eternal Feather":26,"Pen Nib":54,"Guardian:PocketSentry":8,"War Paint":0,"Akabeko":44,"Du-Vu Doll":46,"OrangePellets":45,"Bottled Flame":54,"Anvil of the Gods":0,"Shuriken":12,"Bird Faced Urn":0,"Bronze Scales":23,"Pandora\u0027s Box":17,"Black Star":17,"Nloth\u0027s Gift":19,"StrikeDummy":48,"Unceasing Top":43,"Meat on the Bone":29,"Pocketwatch":39,"Darkstone Periapt":25,"Lantern":31,"Guardian:ModeShifterPlus":34,"Guardian:StasisCodex":9,"Mango":0,"Incense Burner":36,"Bag of Preparation":20,"Juzu Bracelet":29,"Ancient Tea Set":9,"Smiling Mask":24,"ClockworkSouvenir":0,"Dream Catcher":27,"Matryoshka":20,"Mummified Hand":37,"WingedGreaves":7,"Red Mask":47,"Potion Belt":7,"Thread and Needle":0,"PreservedInsect":43,"The Courier":40,"Omamori":7,"Seething Fire":0,"Orichalcum":44,"Odd Mushroom":10,"MawBank":45,"White Beast Statue":14,"Peace Pipe":0,"Guardian:StasisUpgradeRelic":0,"CaptainsWheel":44,"Anchor":46,"Ornamental Fan":7,"Art of War":40,"Coffee Dripper":34,"Membership Card":20,"Bottled Lightning":20,"hexamod:BolsterEngine":30,"FossilizedHelix":0,"TungstenRod":30},{"Ice Cream":108,"Hammer of Thor":0,"Ginger":60,"Whetstone":87,"Bottled Tornado":21,"Boot":92,"Guardian:PickAxe":2,"Blood Vial":54,"Sozu":149,"Lizard Tail":57,"Strawberry":129,"Philosopher\u0027s Stone":7,"MealTicket":54,"Kunai":12,"Toxic Egg 2":171,"Guardian:BottledStasis":20,"MerchantsRug":86,"Happy Flower":167,"Astrolabe":69,"Blue Candle":187,"Guardian:ModeShifter":0,"Oddly Smooth Stone":21,"Eternal Feather":48,"Pen Nib":60,"Guardian:PocketSentry":3,"War Paint":26,"Akabeko":55,"Du-Vu Doll":57,"OrangePellets":188,"Bottled Flame":25,"Anvil of the Gods":0,"Shuriken":94,"Bird Faced Urn":0,"Bronze Scales":101,"Pandora\u0027s Box":124,"Black Star":44,"Nloth\u0027s Gift":125,"StrikeDummy":23,"Unceasing Top":111,"Meat on the Bone":104,"Pocketwatch":186,"Darkstone Periapt":102,"Lantern":16,"Guardian:ModeShifterPlus":17,"Guardian:StasisCodex":3,"Mango":26,"Incense Burner":19,"Bag of Preparation":46,"Juzu Bracelet":49,"Ancient Tea Set":39,"Smiling Mask":48,"ClockworkSouvenir":61,"Dream Catcher":103,"Matryoshka":46,"Mummified Hand":134,"WingedGreaves":30,"Red Mask":22,"Potion Belt":92,"Thread and Needle":61,"PreservedInsect":21,"The Courier":110,"Omamori":39,"Seething Fire":0,"Orichalcum":112,"Odd Mushroom":147,"MawBank":137,"White Beast Statue":68,"Peace Pipe":88,"Guardian:StasisUpgradeRelic":34,"CaptainsWheel":55,"Anchor":114,"Ornamental Fan":120,"Art of War":54,"Coffee Dripper":78,"Membership Card":71,"Bottled Lightning":99,"hexamod:BolsterEngine":181,"FossilizedHelix":88,"TungstenRod":131},{"Ice Cream":532,"Hammer of Thor":0,"Ginger":315,"Whetstone":428,"Bottled Tornado":118,"Boot":452,"Guardian:PickAxe":6,"Blood Vial":291,"Sozu":700,"Lizard Tail":303,"Strawberry":609,"Philosopher\u0027s Stone":33,"MealTicket":291,"Kunai":60,"Toxic Egg 2":784,"Guardian:BottledStasis":111,"MerchantsRug":424,"Happy Flower":769,"Astrolabe":360,"Blue Candle":852,"Guardian:ModeShifter":0,"Oddly Smooth Stone":118,"Eternal Feather":265,"Pen Nib":315,"Guardian:PocketSentry":9,"War Paint":157,"Akabeko":294,"Du-Vu Doll":303,"OrangePellets":858,"Bottled Flame":152,"Anvil of the Gods":0,"Shuriken":464,"Bird Faced Urn":0,"Bronze Scales":497,"Pandora\u0027s Box":588,"Black Star":252,"Nloth\u0027s Gift":593,"StrikeDummy":135,"Unceasing Top":544,"Meat on the Bone":511,"Pocketwatch":845,"Darkstone Periapt":502,"Lantern":84,"Guardian:ModeShifterPlus":96,"Guardian:StasisCodex":9,"Mango":157,"Incense Burner":108,"Bag of Preparation":258,"Juzu Bracelet":269,"Ancient Tea Set":232,"Smiling Mask":265,"ClockworkSouvenir":323,"Dream Catcher":506,"Matryoshka":258,"Mummified Hand":634,"WingedGreaves":172,"Red Mask":126,"Potion Belt":452,"Thread and Needle":323,"PreservedInsect":118,"The Courier":540,"Omamori":232,"Seething Fire":0,"Orichalcum":549,"Odd Mushroom":693,"MawBank":646,"White Beast Statue":347,"Peace Pipe":437,"Guardian:StasisUpgradeRelic":201,"CaptainsWheel":294,"Anchor":555,"Ornamental Fan":575,"Art of War":291,"Coffee Dripper":393,"Membership Card":368,"Bottled Lightning":488,"hexamod:BolsterEngine":822,"FossilizedHelix":437,"TungstenRod":618}],"Pocketwatch":[3]},"card_choices":[{"not_picked":["Guardian:Gem_Green","Guardian:DecasProtection"],"picked":"Guardian:Gem_Fragmented","floor":1.0},{"not_picked":["Guardian:Gem_Lightblue","Guardian:WalkerClaw"],"picked":"Guardian:Reroute","floor":2.0},{"not_picked":["Guardian:Gem_Crimson","Guardian:Harden+1"],"picked":"Guardian:TimeBomb+1","floor":6.0},{"not_picked":["Guardian:ChargeCore","Guardian:CrystalBeam"],"picked":"Guardian:Emergency+1","floor":8.0},{"not_picked":["Guardian:EvasiveProtocol","Guardian:PiercingHide+1"],"picked":"Guardian:BronzeArmor+1","floor":13},{"not_picked":["Guardian:Planning+1","Guardian:RollAttack"],"picked":"Guardian:SentryBeam","floor":14},{"not_picked":["Guardian:HyperBeam_Guardian","Guardian:FastForward+1"],"picked":"Guardian:CompilePackage+1","floor":16},{"not_picked":["Guardian:TemporalStrike+1","Guardian:CrystalBeam+1"],"picked":"Guardian:Recover+1","floor":18},{"not_picked":["Guardian:DonusPower+1","Guardian:BronzeOrb"],"picked":"Guardian:ShieldCharger+1","floor":19},{"not_picked":["Guardian:RollAttack","Guardian:Recover+1"],"picked":"Guardian:Gem_Cyan","floor":21},{"not_picked":["Guardian:CrystalBeam","Guardian:Recover+1"],"picked":"Guardian:Gem_Cyan","floor":22},{"not_picked":["Guardian:Reroute","Guardian:SpikerProtocol"],"picked":"Guardian:TimeCapacitor+1","floor":24},{"not_picked":["Guardian:Suspension+1","Guardian:ShieldCharger+1"],"picked":"Guardian:SphericShield+1","floor":27},{"not_picked":["Guardian:DecasProtection+1","Guardian:Incinerate"],"picked":"Guardian:Planning+1","floor":31},{"not_picked":["Guardian:CompilePackage+1","Guardian:HyperBeam_Guardian"],"picked":"Guardian:GemFinder","floor":33},{"not_picked":["Guardian:Suspension+1","Guardian:GuardianWhirl+1"],"picked":"Guardian:Harden+1","floor":35},{"not_picked":["Guardian:Gem_Green","Guardian:Gem_Lightblue"],"picked":"Guardian:Gem_Red","floor":36},{"not_picked":["Guardian:WalkerClaw","Guardian:ChargeCore+1","Guardian:TimeCapacitor"],"picked":"SKIP","floor":36},{"not_picked":["Guardian:ShieldCharger+1","Guardian:ShieldSpikes+1"],"picked":"Guardian:PiercingHide+1","floor":39},{"not_picked":["Guardian:Gem_Lightblue","Guardian:Gem_Red"],"picked":"Guardian:Gem_Cyan","floor":40},{"not_picked":["Guardian:ConstructionForm","Guardian:PrismaticBarrier+1"],"picked":"Guardian:FuturePlans","floor":40},{"not_picked":["Guardian:Planning+1","Guardian:DonusPower+1","Guardian:GuardianWhirl"],"picked":"SKIP","floor":42},{"not_picked":["Guardian:Gem_Red","Guardian:Gem_Lightblue"],"picked":"Guardian:Gem_Cyan","floor":46},{"not_picked":["Guardian:Gem_Red","Guardian:SpikerProtocol","Guardian:GuardianWhirl"],"picked":"SKIP","floor":46},{"not_picked":["Guardian:Emergency+1","Guardian:PrimingBeam"],"picked":"Guardian:PrismaticBarrier+1","floor":47},{"not_picked":["Guardian:Gem_Lightblue","Guardian:Gem_Green"],"picked":"Guardian:Gem_Red","floor":47},{"not_picked":["Guardian:Emergency+1","Guardian:DecasProtection+1","Guardian:BronzeOrb"],"picked":"SKIP","floor":48},{"not_picked":["Guardian:StasisField+1","Guardian:Harden+1","Guardian:Suspension+1"],"picked":"SKIP","floor":54}],"player_experience":944432,"relics_obtained":[{"floor":6.0,"key":"Toxic Egg 2"},{"floor":8.0,"key":"FossilizedHelix"},{"floor":9.0,"key":"The Courier"},{"floor":12.0,"key":"Eternal Feather"},{"floor":13,"key":"Blood Vial"},{"floor":24,"key":"Kunai"},{"floor":26,"key":"Whetstone"},{"floor":39,"key":"Pocketwatch"},{"floor":40,"key":"Blue Candle"},{"floor":46,"key":"Orichalcum"},{"floor":48,"key":"Incense Burner"},{"floor":54,"key":"Oddly Smooth Stone"}],"event_choices":[{"damage_healed":0.0,"max_hp_gain":0.0,"max_hp_loss":0.0,"gold_gain":75.0,"event_name":"betterThird:BetterGoop","player_choice":"Gold","floor":4.0,"gold_loss":0.0,"damage_taken":11.0},{"damage_healed":0.0,"max_hp_gain":5.0,"max_hp_loss":0.0,"gold_gain":0.0,"event_name":"Big Fish","player_choice":"Donut","floor":5.0,"gold_loss":0.0,"damage_taken":0.0},{"cards_removed":["Guardian:Strike_Guardian"],"damage_healed":0.0,"max_hp_gain":0.0,"max_hp_loss":0.0,"gold_gain":0.0,"event_name":"Golden Wing","player_choice":"Card Removal","floor":10.0,"gold_loss":0.0,"damage_taken":7.0},{"cards_removed":["Panache"],"damage_healed":0,"gold_gain":0,"player_choice":"Take \u0026 Give","damage_taken":0,"max_hp_gain":0,"max_hp_loss":0,"event_name":"betterNote:BetterNote","floor":20,"gold_loss":0,"cards_obtained":["HandOfGreed"]},{"damage_healed":0,"gold_gain":100,"player_choice":"Pray","damage_taken":0,"max_hp_gain":0,"max_hp_loss":0,"event_name":"Golden Shrine","floor":29,"gold_loss":0},{"cards_removed":["Guardian:Emergency"],"damage_healed":0,"gold_gain":0,"player_choice":"Removed Skill","damage_taken":0,"max_hp_gain":0,"max_hp_loss":0,"event_name":"Falling","floor":38,"gold_loss":0},{"damage_healed":0,"gold_gain":0,"player_choice":"Fight","damage_taken":0,"max_hp_gain":0,"max_hp_loss":0,"event_name":"MindBloom","floor":39,"gold_loss":0}],"is_beta":false,"boss_relics":[{"not_picked":["Runic Pyramid","Cursed Key"],"picked":"Sozu"},{"not_picked":["Guardian:StasisSlotReductionRelic","Fusion Hammer"],"picked":"Philosopher\u0027s Stone"}],"items_purged_floors":[0,3],"is_endless":false,"potions_floor_spawned":[1,6,13,21,22,31,40,42,46,47],"ascension_level":9}}