{"host":"Rich","time":1610381280,"event":{"mods":["AchievementEnabler","BaseMod","Highlight Path","Minty Spire (QoL Compilation)","Relic Stats"],"gold_per_floor":[114,114,114,133,208,242,242,257,257,257,257,257],"floor_reached":11,"playtime":171,"items_purged":[],"score":192,"play_id":"1775d844-bee4-4377-baf9-e61fb4996cb3","local_time":"20210111110800","is_ascension_mode":true,"campfire_choices":[{"data":"Crippling Poison","floor":7,"key":"SMITH"}],"circlet_count":0,"master_deck":["AscendersBane","Strike_G","Strike_G","Strike_G","Strike_G","Strike_G","Defend_G","Defend_G","Defend_G","Defend_G","Defend_G","Survivor","Neutralize","Dagger Throw","Regret","Crippling Poison+1","Calculated Gamble"],"relics":["Ring of the Snake","NeowsBlessing","Letter Opener","FaceOfCleric","Bottled Lightning","Nunchaku","Centennial Puzzle"],"acts_visited":["Exordium"],"potions_floor_usage":[11],"damage_taken":[{"damage":0,"enemies":"Cultist","floor":1,"turns":1},{"damage":0,"enemies":"Small Slimes","floor":4,"turns":1},{"damage":0,"enemies":"Gremlin Nob","floor":6,"turns":1},{"damage":4,"enemies":"2 Louse","floor":8,"turns":2},{"damage":51,"enemies":"Lagavulin","floor":11,"turns":8}],"seed_played":"8582746388098959586","potions_obtained":[{"floor":8,"key":"Block Potion"}],"is_trial":false,"path_per_floor":["M","?","?","M","?","E","R","M","T","?","E"],"character_chosen":"THE_SILENT","items_purchased":[],"campfire_rested":0,"item_purchase_floors":[],"current_hp_per_floor":[59,59,59,60,49,50,50,47,47,47,0,0],"gold":257,"neow_bonus":"THREE_ENEMY_KILL","is_daily":false,"chose_seed":false,"campfire_upgraded":1,"win_rate":0.0,"timestamp":1610381280,"path_taken":["M","?","?","?","?","E","R","M","T","?","E"],"items_purchased_type":[],"build_version":"2020-12-18","purchased_purges":0,"victory":false,"max_hp_per_floor":[66,66,66,67,67,68,68,69,69,69,69,69],"relic_stats":{"Nunchaku":[1],"Centennial Puzzle":[3],"FaceOfCleric":3,"counters":[5,13],"Letter Opener":[5],"obtain_stats":[{"Nunchaku":9,"Centennial Puzzle":10,"NeowsBlessing":0,"FaceOfCleric":3,"Letter Opener":2,"Bottled Lightning":6,"Ring of the Snake":0},{"Nunchaku":4,"Centennial Puzzle":4,"NeowsBlessing":0,"FaceOfCleric":1,"Letter Opener":1,"Bottled Lightning":3,"Ring of the Snake":0},{"Nunchaku":5,"Centennial Puzzle":5,"NeowsBlessing":0,"FaceOfCleric":1,"Letter Opener":1,"Bottled Lightning":3,"Ring of the Snake":0}],"Ring of the Snake":[10]},"card_choices":[{"not_picked":["Slice","Tactician"],"picked":"Dagger Throw","floor":1},{"not_picked":["Quick Slash","Prepared"],"picked":"Crippling Poison","floor":4},{"not_picked":["Prepared","Predator","Tactician"],"picked":"SKIP","floor":6},{"not_picked":["Poisoned Stab","Deflect"],"picked":"Calculated Gamble","floor":8}],"player_experience":1982069,"relics_obtained":[{"floor":6,"key":"Bottled Lightning"},{"floor":9,"key":"Nunchaku"}],"event_choices":[{"damage_healed":0,"gold_gain":0,"player_choice":"Box","damage_taken":0,"relics_obtained":["Letter Opener"],"max_hp_gain":0,"max_hp_loss":0,"event_name":"Big Fish","floor":2,"gold_loss":0,"cards_obtained":["Regret"]},{"damage_healed":0,"gold_gain":0,"player_choice":"Trade","damage_taken":0,"relics_obtained":["FaceOfCleric"],"max_hp_gain":0,"max_hp_loss":0,"event_name":"FaceTrader","floor":3,"gold_loss":0},{"damage_healed":0,"gold_gain":75,"player_choice":"Gather Gold","damage_taken":11,"max_hp_gain":0,"max_hp_loss":0,"event_name":"World of Goop","floor":5,"gold_loss":0},{"damage_healed":0,"gold_gain":0,"player_choice":"Searched \u00272\u0027 times","damage_taken":0,"relics_obtained":["Centennial Puzzle"],"max_hp_gain":0,"max_hp_loss":0,"event_name":"Dead Adventurer","floor":10,"gold_loss":0}],"is_beta":true,"boss_relics":[],"items_purged_floors":[],"is_endless":false,"potions_floor_spawned":[8],"killed_by":"Lagavulin","ascension_level":20}}