{"host":"g7trc0x2teqyd8ye","time":1610363207,"event":{"mods":["BaseMod","Key Reminder","Minty Spire (QoL Compilation)","Relic Stats"],"gold_per_floor":[110,129,141,29,80,80,109,109,109,144,157,157,176,203,203,298,298,318,307,12,111,124,124,124,84,84,84,116,127,155,155,155],"floor_reached":31,"playtime":1532,"items_purged":["Strike_B","Defend_B"],"score":669,"play_id":"eded549e-95ad-498a-8868-c5425b3080ac","local_time":"20210111120647","is_ascension_mode":true,"campfire_choices":[{"data":"Fission","floor":6,"key":"SMITH"},{"data":"Loop","floor":8,"key":"SMITH"},{"floor":15,"key":"REST"},{"floor":23,"key":"REST"},{"floor":27,"key":"REST"}],"circlet_count":0,"master_deck":["AscendersBane","Strike_B+1","Defend_B+1","Zap","Dualcast+1","Fission+1","Reinforced Body","Conserve Battery","Cold Snap+1","Loop+1","Hologram","Go for the Eyes","Streamline","Cold Snap","Multi-Cast","Meteor Strike","Turbo+1","FTL","Redo","Darkness","Conserve Battery","BootSequence","Hologram+1"],"relics":["Cracked Core","Smiling Mask","Whetstone","Torii","CaptainsWheel","Ice Cream","Empty Cage","Bottled Tornado","keyreminder:keyreminder","Emotion Chip","Ornamental Fan"],"acts_visited":["Exordium","TheCity"],"potions_floor_usage":[10,14,19,28,28],"damage_taken":[{"damage":0,"enemies":"Cultist","floor":1,"turns":3},{"damage":5,"enemies":"Small Slimes","floor":2,"turns":4},{"damage":2,"enemies":"Jaw Worm","floor":3,"turns":4},{"damage":25,"enemies":"3 Sentries","floor":7,"turns":9},{"damage":8,"enemies":"Lagavulin","floor":10,"turns":5},{"damage":0,"enemies":"Looter","floor":11,"turns":2},{"damage":8,"enemies":"Lots of Slimes","floor":13,"turns":5},{"damage":8,"enemies":"3 Sentries","floor":14,"turns":9},{"damage":14,"enemies":"Hexaghost","floor":16,"turns":11},{"damage":34,"enemies":"3 Byrds","floor":18,"turns":9},{"damage":12,"enemies":"2 Thieves","floor":19,"turns":5},{"damage":6,"enemies":"Snecko","floor":22,"turns":6},{"damage":24,"enemies":"Slavers","floor":28,"turns":4},{"damage":0,"enemies":"Snake Plant","floor":29,"turns":5},{"damage":0,"enemies":"Book of Stabbing","floor":30,"turns":6},{"damage":40,"enemies":"Cultist and Chosen","floor":31,"turns":8}],"seed_played":"6635549106174248042","potions_obtained":[{"floor":1,"key":"Block Potion"},{"floor":2,"key":"LiquidBronze"},{"floor":7,"key":"SteroidPotion"},{"floor":12,"key":"DuplicationPotion"},{"floor":16,"key":"ColorlessPotion"},{"floor":18,"key":"PowerPotion"},{"floor":19,"key":"Explosive Potion"},{"floor":28,"key":"Energy Potion"},{"floor":30,"key":"Ancient Potion"}],"is_trial":false,"path_per_floor":["M","M","M","$","T","R","E","R","T","E","M","?","M","E","R","B",null,"M","M","$","?","M","R","?","?","T","R","E","M","E","M"],"character_chosen":"DEFECT","items_purchased":["Loop","Bottled Tornado"],"campfire_rested":3,"item_purchase_floors":[4,20],"current_hp_per_floor":[68,63,61,61,61,61,36,36,36,28,28,28,20,12,34,20,61,27,15,15,15,9,31,31,31,31,53,29,29,29,0,0],"gold":155,"neow_bonus":"ONE_RANDOM_RARE_CARD","is_daily":false,"chose_seed":false,"campfire_upgraded":2,"win_rate":0.0,"timestamp":1610363207,"path_taken":["M","M","M","?","?","R","E","R","T","E","M","?","M","E","R","BOSS","M","M","$","?","M","R","?","?","T","R","E","?","E","M"],"items_purchased_type":["Card","Relic"],"build_version":"2020-12-22","purchased_purges":2,"victory":false,"max_hp_per_floor":[75,75,75,75,75,75,75,75,75,75,75,75,75,75,75,75,75,75,75,75,75,75,75,75,75,75,75,75,75,75,75,75],"relic_stats":{"Emotion Chip":[5,0,1,0,4],"Torii":26,"counters":[16,95],"Ornamental Fan":[8],"Whetstone":["Strike_B","Cold Snap"],"Smiling Mask":50,"obtain_stats":[{"Ice Cream":14,"keyreminder:keyreminder":26,"CaptainsWheel":10,"Emotion Chip":28,"Torii":9,"Ornamental Fan":30,"Whetstone":7,"Bottled Tornado":20,"Cracked Core":0,"Smiling Mask":5,"Empty Cage":17},{"Ice Cream":8,"keyreminder:keyreminder":12,"CaptainsWheel":5,"Emotion Chip":13,"Torii":4,"Ornamental Fan":15,"Whetstone":4,"Bottled Tornado":11,"Cracked Core":0,"Smiling Mask":3,"Empty Cage":9},{"Ice Cream":41,"keyreminder:keyreminder":72,"CaptainsWheel":25,"Emotion Chip":76,"Torii":20,"Ornamental Fan":87,"Whetstone":20,"Bottled Tornado":66,"Cracked Core":0,"Smiling Mask":11,"Empty Cage":52}]},"card_choices":[{"not_picked":["Reprogram","Rebound"],"picked":"Reinforced Body","floor":1},{"not_picked":["Storm","Scrape"],"picked":"Conserve Battery","floor":2},{"not_picked":["Stack","Reprogram"],"picked":"Cold Snap","floor":3},{"not_picked":["Aggregate","Machine Learning"],"picked":"Hologram","floor":7},{"not_picked":["Conserve Battery","Compile Driver"],"picked":"Go for the Eyes","floor":10},{"not_picked":["Sweeping Beam","White Noise"],"picked":"Streamline","floor":11},{"not_picked":["Scrape","Barrage"],"picked":"Cold Snap","floor":13},{"not_picked":["Stack","Heatsinks"],"picked":"Multi-Cast","floor":14},{"not_picked":["Machine Learning","Seek"],"picked":"Meteor Strike","floor":16},{"not_picked":["Cold Snap","White Noise"],"picked":"Turbo+1","floor":18},{"not_picked":["Turbo","Consume"],"picked":"FTL","floor":19},{"not_picked":["Rebound","Conserve Battery"],"picked":"Redo","floor":22},{"not_picked":["Compile Driver","Auto Shields"],"picked":"BootSequence","floor":28},{"not_picked":["Leap","Turbo","Reprogram"],"picked":"SKIP","floor":29},{"not_picked":["Conserve Battery","Barrage"],"picked":"Hologram+1","floor":30}],"player_experience":901468,"relics_obtained":[{"floor":5,"key":"Smiling Mask"},{"floor":7,"key":"Whetstone"},{"floor":9,"key":"Torii"},{"floor":10,"key":"CaptainsWheel"},{"floor":14,"key":"Ice Cream"},{"floor":28,"key":"Emotion Chip"},{"floor":30,"key":"Ornamental Fan"}],"event_choices":[{"damage_healed":0,"gold_gain":0,"player_choice":"Got Potions","damage_taken":0,"max_hp_gain":0,"max_hp_loss":0,"event_name":"Lab","floor":12,"gold_loss":0},{"damage_healed":0,"gold_gain":99,"player_choice":"Stole From Cult","damage_taken":0,"max_hp_gain":0,"max_hp_loss":0,"event_name":"Nest","floor":21,"gold_loss":0},{"damage_healed":0,"gold_gain":0,"cards_transformed":["Defend_B","Defend_B"],"player_choice":"Became Test Subject","damage_taken":0,"max_hp_gain":0,"max_hp_loss":0,"event_name":"Drug Dealer","floor":24,"gold_loss":0,"cards_obtained":["Darkness","Conserve Battery"]},{"damage_healed":0,"gold_gain":0,"player_choice":"Upgraded Two","damage_taken":0,"max_hp_gain":0,"max_hp_loss":0,"event_name":"Designer","floor":25,"gold_loss":40,"cards_upgraded":["Dualcast","Defend_B"]}],"is_beta":false,"boss_relics":[{"not_picked":["Philosopher\u0027s Stone","Fusion Hammer"],"picked":"Empty Cage"}],"items_purged_floors":[4,20],"is_endless":false,"potions_floor_spawned":[1,2,3,7,16,18,19,28,30],"killed_by":"Cultist and Chosen","ascension_level":12}}