{"host":"wonp23fsqqcu31ie","time":1610328222,"event":{"mods":["2.2 Compatiblity","AchievementEnabler","Aspiration","BaseMod","Bestiary","Better Altar","Better Match","Better Sensory Stone","Better Skull","Better Third Choice","BetterRewards","Block Reminder","Colored Map","Colored Powertips","Conspire","Curses Come First","DeckTracker","Displayed Cursed Tome","Downfall","Evolution","Hermit","Highlight Path","Hubris","Marisa????????","Minty Spire (QoL Compilation)","Permanent Neow","Prisma Mod","Quick Restart","Rare Cards Sparkle","Relic Stats","Replay The Spire","Robot Space Explorer","Shade Mod","Shop Mod","StSLib","SuperFastMode","The Animator","The Bug Knight","The Construct","The Cursed","The Dragon Tamer","The Gatherer","The Marked","The Necromancer","The Runesmith","The Servant 0.9.4"],"gold_per_floor":[113,38,58,58,75,75,75,101,101,71,106,106,125,132,132,130,130,142,155,2,18,18,55,55,87,87,87,87,113,113,113,113],"floor_reached":31,"playtime":821,"items_purged":["animator:Strike"],"score":320,"play_id":"1d65041b-8ca7-48c3-9b8c-1e26b51610cd","local_time":"20210111122342","is_ascension_mode":true,"campfire_choices":[{"data":"animator:IchigoKurosaki","floor":7.0,"key":"SMITH"},{"floor":15.0,"key":"REST"},{"floor":24.0,"key":"REST"}],"circlet_count":0,"master_deck":["animator:Raven","animator:LizardPriest+1","animator:Strike","animator:Strike","animator:Defend","animator:Defend","animator:Defend","animator:Alexander","animator:Rider","animator:IchigoKurosaki+1","animator:Alexander","animator:Archer+1","animator:Berserker","animator:Archer","Shame","animator:ShinjiMatou+1","animator:Alexander"],"relics":["animator:LivingPicture","animator:TheMissingPiece","EVO:Axolotl","Snack Pack","Onion Ring","MealTicket","ReplayTheSpireMod:CursedCoin","ReplayTheSpireMod:TigerMarble","conspire:RoyalGoblet","animator:WornHelmet","conspire:TopHat","Juzu Bracelet","Singing Bowl","Paper Crane","aspiration:DSix"],"acts_visited":["Exordium","TheCity"],"potions_floor_usage":[30],"damage_taken":[{"damage":0.0,"enemies":"Cultist","floor":1.0,"turns":3.0},{"damage":13.0,"enemies":"2 Louse","floor":3.0,"turns":4.0},{"damage":0.0,"enemies":"Small Slimes","floor":5.0,"turns":3.0},{"damage":11.0,"enemies":"2 Fungi Beasts","floor":8.0,"turns":3.0},{"damage":2.0,"enemies":"Looter","floor":10.0,"turns":4.0},{"damage":25.0,"enemies":"Gremlin Nob","floor":11.0,"turns":4.0},{"damage":1.0,"enemies":"Blue Slaver","floor":13.0,"turns":4.0},{"damage":38.0,"enemies":"Slime Boss","floor":16.0,"turns":9.0},{"damage":13.0,"enemies":"3 Byrds","floor":18.0,"turns":4.0},{"damage":25.0,"enemies":"2 Thieves","floor":19.0,"turns":4.0},{"damage":21.0,"enemies":"3 Cultists","floor":21.0,"turns":4.0},{"damage":48.0,"enemies":"Gremlin Leader","floor":23.0,"turns":10.0},{"damage":27,"enemies":"Book of Stabbing","floor":25,"turns":6},{"damage":7,"enemies":"animator:HornedBat","floor":29,"turns":5},{"damage":10,"enemies":"conspire:MimicChest","floor":30,"turns":3},{"damage":24,"enemies":"Book of Stabbing","floor":31,"turns":3}],"seed_played":"7438470039508433473","potions_obtained":[{"floor":1.0,"key":"SkillPotion"},{"floor":3.0,"key":"sneckomod:MuddlingPotion"},{"floor":8.0,"key":"SteroidPotion"},{"floor":16.0,"key":"Reflective Coating"},{"floor":21.0,"key":"FairyPotion"},{"floor":29,"key":"SmokeBomb"}],"is_trial":false,"path_per_floor":["M","$","M","?","M","?","R","M","T","M","E","?","M","$","R","B",null,"M","M","$","M","?","E","R","E","T","?","?","E","?","E"],"character_chosen":"THE_ANIMATOR","items_purchased":["ReplayTheSpireMod:CursedCoin","ReplayTheSpireMod:TigerMarble","animator:WornHelmet"],"campfire_rested":2,"item_purchase_floors":[14,14,20],"current_hp_per_floor":[66,66,53,53,53,53,53,42,42,43,20,17,16,31,51,17,67,56,33,48,29,29,11,31,6,6,28,28,25,17,0,0],"gold":113,"neow_bonus":"RANDOM_COLORLESS","is_daily":false,"chose_seed":false,"campfire_upgraded":1,"win_rate":0.0,"timestamp":1610328222,"path_taken":["M","?","?","?","M","?","R","M","T","M","E","?","M","?","R","BOSS","M","M","$","M","?","E","R","E","T","?","?","E","?","E"],"items_purchased_type":["Relic","Relic","Relic"],"build_version":"2020-12-22","purchased_purges":1,"victory":false,"max_hp_per_floor":[66,66,66,66,66,66,66,66,66,67,67,67,67,67,67,67,67,67,67,67,67,67,67,67,67,67,67,67,69,69,69,69],"relic_stats":{"Singing Bowl":2,"counters":[16,73],"MealTicket":30,"Juzu Bracelet":1,"obtain_stats":[{"conspire:RoyalGoblet":17,"Singing Bowl":25,"ReplayTheSpireMod:CursedCoin":14,"animator:TheMissingPiece":0,"Juzu Bracelet":23,"EVO:Axolotl":0,"animator:WornHelmet":20,"Paper Crane":26,"conspire:TopHat":22,"Onion Ring":11,"MealTicket":12,"animator:LivingPicture":0,"Snack Pack":9,"ReplayTheSpireMod:TigerMarble":14,"aspiration:DSix":29},{"conspire:RoyalGoblet":8,"Singing Bowl":13,"ReplayTheSpireMod:CursedCoin":7,"animator:TheMissingPiece":0,"Juzu Bracelet":12,"EVO:Axolotl":0,"animator:WornHelmet":10,"Paper Crane":13,"conspire:TopHat":11,"Onion Ring":6,"MealTicket":6,"animator:LivingPicture":0,"Snack Pack":4,"ReplayTheSpireMod:TigerMarble":7,"aspiration:DSix":14},{"conspire:RoyalGoblet":34,"Singing Bowl":62,"ReplayTheSpireMod:CursedCoin":25,"animator:TheMissingPiece":0,"Juzu Bracelet":56,"EVO:Axolotl":0,"animator:WornHelmet":42,"Paper Crane":62,"conspire:TopHat":46,"Onion Ring":21,"MealTicket":21,"animator:LivingPicture":0,"Snack Pack":13,"ReplayTheSpireMod:TigerMarble":25,"aspiration:DSix":67}]},"card_choices":[{"not_picked":["animator:Kuroyukihime","animator:NononJakuzure"],"picked":"animator:IchigoKurosaki","floor":0.0},{"not_picked":["animator:UneriGinkaku","animator:ElricEdward","animator:Kazuma"],"picked":"SKIP","floor":1.0},{"not_picked":["animator:GazelDwargon","animator:Shion","animator:WinryRockbell"],"picked":"SKIP","floor":3.0},{"not_picked":["animator:Hakurou","animator:Hitei","animator:ElricAlphonse"],"picked":"SKIP","floor":5.0},{"not_picked":["animator:Berserker","animator:ShinjiMatou"],"picked":"animator:Archer","floor":8.0},{"not_picked":["animator:UneriGinkaku","animator:Verdia"],"picked":"animator:Berserker","floor":10.0},{"not_picked":["animator:Wiz","animator:Melzalgald","animator:Nanami"],"picked":"SKIP","floor":11.0},{"not_picked":["animator:Mitsurugi","animator:Cocytus","animator:Demiurge"],"picked":"SKIP","floor":13.0},{"not_picked":["animator:Berserker","animator:Illya"],"picked":"animator:Archer","floor":18.0},{"not_picked":["animator:Demiurge","animator:Millim","animator:Entoma"],"picked":"SKIP","floor":19.0},{"not_picked":["animator:Hitei","animator:Togame","animator:Shion+1"],"picked":"SKIP","floor":21.0},{"not_picked":["animator:Eris","animator:Verdia"],"picked":"animator:ShinjiMatou+1","floor":23.0},{"not_picked":["animator:Illya","animator:Archer"],"picked":"animator:Alexander","floor":25},{"not_picked":["animator:Vanir","animator:Berserker","animator:Eris"],"picked":"Singing Bowl","floor":29}],"player_experience":494259,"relics_obtained":[{"floor":9.0,"key":"Snack Pack"},{"floor":11.0,"key":"Onion Ring"},{"floor":23.0,"key":"Juzu Bracelet"},{"floor":25,"key":"Singing Bowl"},{"floor":26,"key":"Paper Crane"},{"floor":29,"key":"aspiration:DSix"}],"event_choices":[{"damage_healed":0.0,"max_hp_gain":0.0,"max_hp_loss":0.0,"gold_gain":0.0,"event_name":"betterThird:BetterScrap","player_choice":"Relic ","floor":12.0,"gold_loss":0.0,"damage_taken":3.0,"cards_obtained":["Darkness"]},{"damage_healed":0.0,"max_hp_gain":0.0,"max_hp_loss":0.0,"gold_gain":0.0,"event_name":"Addict","player_choice":"Stole Relic","floor":22.0,"gold_loss":0.0,"damage_taken":0.0,"relics_obtained":["conspire:TopHat"],"cards_obtained":["Shame"]},{"damage_healed":22,"gold_gain":0,"player_choice":"Heal","damage_taken":0,"max_hp_gain":0,"max_hp_loss":0,"event_name":"The Library","floor":27,"gold_loss":0},{"damage_healed":0,"gold_gain":0,"player_choice":"Upgraded","damage_taken":0,"max_hp_gain":0,"max_hp_loss":0,"event_name":"Upgrade Shrine","floor":28,"gold_loss":0,"cards_upgraded":["animator:Archer"]}],"is_beta":false,"boss_relics":[{"not_picked":["ReplayTheSpireMod:DimensionalGlitch","Pandora\u0027s Box"],"picked":"conspire:RoyalGoblet"}],"items_purged_floors":[2],"is_endless":false,"potions_floor_spawned":[1,3,8,16,21,29,30],"killed_by":"Book of Stabbing","ascension_level":2}}