{"host":"sav7uxregyirlf69","time":1610364676,"event":{"mods":["AchievementEnabler","BaseMod","Colored Map","DeckTracker","Keyboard Shortcuts","Minty Spire (QoL Compilation)","READ ME - Guardian Mod","StSLib","SuperFastMode"],"gold_per_floor":[117,136,146,166,178,207,207,207,234,266,286,286,299,319,319,390,390,406,419,435,280,298,298,325,325,325,357,357,373,403,403,403,476,476,495,165,238,16,62,91,104,104,104,129,149,181,181,20,20,20,20,20,20,20,47,47,47],"floor_reached":56,"playtime":1158,"items_purged":[],"score":2264,"play_id":"7b237409-7423-4021-88d3-8d9f41b822a5","local_time":"20210111203116","is_ascension_mode":true,"campfire_choices":[{"data":"Perfected Strike","floor":7,"key":"SMITH"},{"data":"Perfected Strike","floor":12,"key":"SMITH"},{"data":"Perfected Strike","floor":15,"key":"SMITH"},{"data":"Perfected Strike","floor":23,"key":"SMITH"},{"data":"Perfected Strike","floor":25,"key":"SMITH"},{"data":"Bludgeon","floor":28,"key":"SMITH"},{"data":"Pommel Strike","floor":32,"key":"SMITH"},{"floor":47,"key":"REST"},{"floor":49,"key":"RECALL"},{"data":"Dual Wield","floor":53,"key":"SMITH"}],"circlet_count":0,"master_deck":["AscendersBane","Strike_R","Strike_R","Strike_R","Strike_R","Strike_R","Defend_R","Defend_R","Defend_R","Defend_R","Bash","Battle Trance","Wild Strike","Perfected Strike+1","Pommel Strike+1","Pommel Strike","Seeing Red","Feed","Wild Strike","Twin Strike","Perfected Strike+1","Perfected Strike+1","Perfected Strike+1","Perfected Strike+1","Bloodletting","Offering","Twin Strike","Seeing Red","Shrug It Off","Pommel Strike","Bludgeon+1","Dual Wield+1","Shrug It Off+1","Armaments+1","Impervious","Entrench","Twin Strike+1","Twin Strike+1","Perfected Strike+1","Bludgeon+1","Clothesline+1","Offering","Heavy Blade+1"],"relics":["Burning Blood","Prayer Wheel","Peace Pipe","MealTicket","Boot","Snecko Eye","Red Skull","TungstenRod","Nunchaku","SacredBark","Lizard Tail","Molten Egg 2","Happy Flower","Dead Branch","Charon\u0027s Ashes","Bag of Preparation","Smiling Mask","Darkstone Periapt","Ginger"],"acts_visited":["Exordium","TheCity","TheBeyond","TheEnding"],"potions_floor_usage":[6,19,33,44,46,50,56],"damage_taken":[{"damage":1,"enemies":"Cultist","floor":1,"turns":3},{"damage":9,"enemies":"Small Slimes","floor":2,"turns":4},{"damage":3,"enemies":"2 Louse","floor":3,"turns":2},{"damage":26,"enemies":"Lots of Slimes","floor":4,"turns":6},{"damage":13,"enemies":"Red Slaver","floor":5,"turns":3},{"damage":20,"enemies":"3 Sentries","floor":6,"turns":6},{"damage":0,"enemies":"Gremlin Nob","floor":10,"turns":2},{"damage":0,"enemies":"2 Fungi Beasts","floor":11,"turns":2},{"damage":0,"enemies":"Large Slime","floor":13,"turns":2},{"damage":10,"enemies":"Lots of Slimes","floor":14,"turns":3},{"damage":25,"enemies":"The Guardian","floor":16,"turns":4},{"damage":0,"enemies":"Spheric Guardian","floor":18,"turns":1},{"damage":8,"enemies":"3 Byrds","floor":19,"turns":3},{"damage":0,"enemies":"Shelled Parasite and Fungi","floor":20,"turns":1},{"damage":0,"enemies":"Centurion and Healer","floor":22,"turns":2},{"damage":15,"enemies":"Book of Stabbing","floor":24,"turns":2},{"damage":6,"enemies":"Gremlin Leader","floor":27,"turns":2},{"damage":5,"enemies":"3 Cultists","floor":29,"turns":3},{"damage":15,"enemies":"Slavers","floor":30,"turns":2},{"damage":43,"enemies":"Champ","floor":33,"turns":3},{"damage":0,"enemies":"3 Shapes","floor":35,"turns":1},{"damage":22,"enemies":"2 Orb Walkers","floor":39,"turns":3},{"damage":78,"enemies":"Giant Head","floor":40,"turns":6},{"damage":7,"enemies":"Orb Walker","floor":41,"turns":2},{"damage":2,"enemies":"Reptomancer","floor":44,"turns":2},{"damage":5,"enemies":"Transient","floor":45,"turns":6},{"damage":21,"enemies":"Nemesis","floor":46,"turns":3},{"damage":67,"enemies":"Time Eater","floor":50,"turns":5},{"damage":38,"enemies":"Awakened One","floor":51,"turns":5},{"damage":68,"enemies":"Shield and Spear","floor":55,"turns":5},{"damage":64,"enemies":"The Heart","floor":56,"turns":2}],"seed_played":"-7621965095038658273","potions_obtained":[{"floor":1,"key":"BloodPotion"},{"floor":5,"key":"Fire Potion"},{"floor":10,"key":"SpeedPotion"},{"floor":14,"key":"Energy Potion"},{"floor":19,"key":"DistilledChaos"},{"floor":40,"key":"Strength Potion"},{"floor":45,"key":"Strength Potion"},{"floor":55,"key":"SkillPotion"}],"is_trial":false,"path_per_floor":["M","M","M","M","M","E","R","?","T","E","M","R","M","M","R","B",null,"M","M","M","$","M","R","E","R","T","E","R","M","E","?","R","B",null,"M","$","T","$","?","E","M","?","T","E","M","E","R","$","R","B","B",null,"R","$","E","B"],"character_chosen":"IRONCLAD","items_purchased":["Bludgeon","Lizard Tail","Twin Strike+1","Happy Flower","Offering"],"campfire_rested":1,"item_purchase_floors":[21,36,38,38,48],"current_hp_per_floor":[55,52,55,35,28,17,17,17,17,26,35,35,41,37,37,18,68,77,87,87,87,90,90,81,81,81,81,81,82,76,76,76,39,80,86,93,93,93,80,8,7,7,7,14,15,55,84,99,99,38,9,79,79,94,32,0,0],"gold":47,"neow_bonus":"ONE_RARE_RELIC","is_daily":false,"chose_seed":false,"campfire_upgraded":8,"win_rate":0.0,"timestamp":1610364676,"path_taken":["M","M","M","M","?","E","R","?","T","E","M","R","M","M","R","BOSS","M","M","M","$","M","R","E","R","T","E","R","M","E","?","R","BOSS","M","$","?","$","?","E","M","?","T","E","?","E","R","?","R","BOSS","BOSS","R","$","E","BOSS"],"items_purchased_type":["Card","Relic","Card","Relic","Card"],"build_version":"2020-12-22","purchased_purges":0,"victory":false,"max_hp_per_floor":[75,75,75,75,75,78,78,78,78,81,84,84,84,84,84,84,84,87,87,87,87,90,90,90,90,90,90,90,90,93,93,93,93,93,93,93,93,93,96,96,96,96,96,99,99,99,99,99,99,99,102,102,102,102,102,102,102],"card_choices":[{"not_picked":["Burning Pact","Sword Boomerang"],"picked":"Battle Trance","floor":1},{"not_picked":["Blood for Blood","Clothesline"],"picked":"Wild Strike","floor":1},{"not_picked":["Heavy Blade","Cleave"],"picked":"Perfected Strike","floor":2},{"not_picked":["Clash","Feed"],"picked":"Pommel Strike","floor":2},{"not_picked":["Seeing Red","Havoc"],"picked":"Pommel Strike","floor":3},{"not_picked":["Warcry","Disarm","Armaments"],"picked":"SKIP","floor":3},{"not_picked":["Flex","Metallicize"],"picked":"Seeing Red","floor":4},{"not_picked":["Headbutt","Evolve"],"picked":"Feed","floor":4},{"not_picked":["Pummel","True Grit"],"picked":"Wild Strike","floor":5},{"not_picked":["Dropkick","Havoc"],"picked":"Twin Strike","floor":5},{"not_picked":["Armaments","Rage"],"picked":"Perfected Strike","floor":6},{"not_picked":["Havoc","Flex"],"picked":"Perfected Strike","floor":10},{"not_picked":["Whirlwind","Searing Blow","Havoc"],"picked":"SKIP","floor":11},{"not_picked":["Flex","Power Through","Burning Pact"],"picked":"SKIP","floor":11},{"not_picked":["Anger","Exhume"],"picked":"Perfected Strike","floor":13},{"not_picked":["Twin Strike","Havoc"],"picked":"Perfected Strike","floor":13},{"not_picked":["Sentinel","Cleave"],"picked":"Bloodletting","floor":14},{"not_picked":["Burning Pact","Warcry","Hemokinesis"],"picked":"SKIP","floor":14},{"not_picked":["Brutality","Exhume"],"picked":"Offering","floor":16},{"not_picked":["Rampage","Disarm"],"picked":"Twin Strike","floor":18},{"not_picked":["Fire Breathing","Flex"],"picked":"Seeing Red","floor":18},{"not_picked":["Blood for Blood+1","Thunderclap"],"picked":"Shrug It Off","floor":19},{"not_picked":["Entrench","Hemokinesis","Sever Soul+1"],"picked":"SKIP","floor":19},{"not_picked":["Armaments","Havoc"],"picked":"Pommel Strike","floor":20},{"not_picked":["Clothesline","Anger","Seeing Red"],"picked":"SKIP","floor":20},{"not_picked":["Dark Embrace","Searing Blow"],"picked":"Dual Wield","floor":22},{"not_picked":["Body Slam","Intimidate","Carnage"],"picked":"SKIP","floor":22},{"not_picked":["Clash","Battle Trance"],"picked":"Shrug It Off+1","floor":24},{"not_picked":["Sword Boomerang","Shrug It Off","True Grit"],"picked":"SKIP","floor":27},{"not_picked":["Seeing Red","Berserk"],"picked":"Armaments+1","floor":29},{"not_picked":["Pummel","Flame Barrier","Body Slam"],"picked":"SKIP","floor":29},{"not_picked":["Fire Breathing","True Grit","Flex"],"picked":"SKIP","floor":30},{"not_picked":["Berserk","Barricade"],"picked":"Impervious","floor":33},{"not_picked":["Sword Boomerang+1","Body Slam"],"picked":"Entrench","floor":35},{"not_picked":["Spot Weakness","Rage","Shrug It Off"],"picked":"SKIP","floor":35},{"not_picked":["Body Slam+1","Spot Weakness"],"picked":"Twin Strike+1","floor":39},{"not_picked":["True Grit","Armaments","Reckless Charge+1"],"picked":"SKIP","floor":40},{"not_picked":["Bloodletting+1","Warcry"],"picked":"Perfected Strike+1","floor":41},{"not_picked":["Infernal Blade+1","True Grit","Flex"],"picked":"SKIP","floor":41},{"not_picked":["Battle Trance","Wild Strike+1"],"picked":"Bludgeon+1","floor":44},{"not_picked":["Fire Breathing","Iron Wave+1"],"picked":"Clothesline+1","floor":45},{"not_picked":["Body Slam+1","Cleave+1","Pummel+1"],"picked":"SKIP","floor":45},{"not_picked":["Flex","Rupture","Hemokinesis+1"],"picked":"SKIP","floor":46},{"not_picked":["Anger+1","Uppercut+1"],"picked":"Heavy Blade+1","floor":55}],"player_experience":1246866,"relics_obtained":[{"floor":6,"key":"Peace Pipe"},{"floor":9,"key":"MealTicket"},{"floor":10,"key":"Boot"},{"floor":24,"key":"Red Skull"},{"floor":27,"key":"TungstenRod"},{"floor":30,"key":"Nunchaku"},{"floor":37,"key":"Molten Egg 2"},{"floor":39,"key":"Dead Branch"},{"floor":40,"key":"Charon\u0027s Ashes"},{"floor":43,"key":"Bag of Preparation"},{"floor":44,"key":"Smiling Mask"},{"floor":46,"key":"Darkstone Periapt"},{"floor":55,"key":"Ginger"}],"event_choices":[{"damage_healed":0,"gold_gain":0,"player_choice":"Ignored","damage_taken":0,"max_hp_gain":0,"max_hp_loss":0,"event_name":"Shining Light","floor":8,"gold_loss":0},{"damage_healed":0,"gold_gain":0,"player_choice":"Ignored","damage_taken":0,"max_hp_gain":0,"max_hp_loss":0,"event_name":"Purifier","floor":31,"gold_loss":0},{"damage_healed":0,"gold_gain":0,"player_choice":"Fight","damage_taken":0,"max_hp_gain":0,"max_hp_loss":0,"event_name":"Mysterious Sphere","floor":39,"gold_loss":0},{"damage_healed":0,"gold_gain":0,"player_choice":"0 cards matched","damage_taken":0,"max_hp_gain":0,"max_hp_loss":0,"event_name":"Match and Keep!","floor":42,"gold_loss":0,"cards_obtained":[]}],"is_beta":false,"boss_relics":[{"not_picked":["Runic Pyramid","Runic Dome"],"picked":"Snecko Eye"},{"not_picked":["Astrolabe","Empty Cage"],"picked":"SacredBark"}],"items_purged_floors":[],"is_endless":false,"potions_floor_spawned":[1,5,10,11,14,19,20,22,30,40,41,45,55],"killed_by":"The Heart","ascension_level":20}}