{"host":"c97twqu0op5dg8i4","time":1610338541,"event":{"mods":["AchievementEnabler","BaseMod","Colored Map","Minty Spire (QoL Compilation)","Permanent Neow"],"gold_per_floor":[119,119,137,154,169,169,169,169,196,221,231,250,250,283,295,403,415,444,381,12,12,26,26,57,67,120,20,31,31,31,46,46,46,46],"floor_reached":33,"playtime":1041,"items_purged":["Strike_B","Strike_B"],"score":346,"play_id":"cc9b3491-4427-4a5c-aca5-5a0ea08a521e","local_time":"20210110231541","is_ascension_mode":true,"campfire_choices":[{"data":"Zap","floor":6,"key":"SMITH"},{"data":"Cold Snap","floor":8,"key":"SMITH"},{"floor":13,"key":"REST"},{"data":"Storm","floor":15,"key":"SMITH"},{"data":"Loop","floor":23,"key":"SMITH"},{"floor":30,"key":"REST"},{"floor":32,"key":"REST"}],"circlet_count":0,"master_deck":["Defend_B","Defend_B","Defend_B","Defend_B","Zap+1","Dualcast","Leap","Cold Snap+1","Streamline+1","Barrage","Creative AI","Loop+1","Core Surge","Ball Lightning","Storm+1","Ball Lightning","Doom and Gloom","Cold Snap","Skim+1","Ball Lightning","Leap","Sweeping Beam","Rainbow","Rainbow"],"relics":["Cracked Core","DataDisk","Potion Belt","Pen Nib","MawBank","Nuclear Battery","Lee\u0027s Waffle","Boot","Lantern"],"acts_visited":["Exordium","TheCity"],"potions_floor_usage":[14,16,16,16,25,31,33],"damage_taken":[{"damage":0.0,"enemies":"Small Slimes","floor":1.0,"turns":3.0},{"damage":0.0,"enemies":"Cultist","floor":3.0,"turns":2.0},{"damage":0,"enemies":"Jaw Worm","floor":4,"turns":3},{"damage":3,"enemies":"Blue Slaver","floor":5,"turns":3},{"damage":5,"enemies":"Lagavulin","floor":10,"turns":5},{"damage":7,"enemies":"Gremlin Gang","floor":11,"turns":3},{"damage":30,"enemies":"3 Louse","floor":12,"turns":3},{"damage":23,"enemies":"3 Sentries","floor":14,"turns":5},{"damage":15,"enemies":"Hexaghost","floor":16,"turns":7},{"damage":29,"enemies":"2 Thieves","floor":18,"turns":4},{"damage":11,"enemies":"Shell Parasite","floor":22,"turns":3},{"damage":40,"enemies":"Gremlin Leader","floor":24,"turns":5},{"damage":16,"enemies":"Cultist and Chosen","floor":25,"turns":4},{"damage":9,"enemies":"3 Cultists","floor":28,"turns":4},{"damage":20,"enemies":"Centurion and Healer","floor":31,"turns":4},{"damage":35,"enemies":"Automaton","floor":33,"turns":4}],"seed_played":"3404346206001934665","potions_obtained":[{"floor":5,"key":"PowerPotion"},{"floor":10,"key":"Swift Potion"},{"floor":12,"key":"Explosive Potion"},{"floor":14,"key":"Energy Potion"},{"floor":22,"key":"LiquidMemories"},{"floor":24,"key":"Strength Potion"},{"floor":28,"key":"AttackPotion"},{"floor":31,"key":"Energy Potion"}],"is_trial":false,"path_per_floor":["M","?","M","M","M","R","?","R","T","E","M","M","R","E","R","B",null,"M","?","$","?","M","R","E","M","T","$","M","?","R","M","R","B"],"character_chosen":"DEFECT","items_purchased":["Lee\u0027s Waffle","Storm","Ball Lightning","Doom and Gloom"],"campfire_rested":3,"item_purchase_floors":[20,20,20,20],"current_hp_per_floor":[75,75,75,75,72,72,72,72,72,67,60,30,52,29,29,14,60,31,31,82,82,71,71,31,15,15,15,6,6,30,10,34,0,0],"gold":46,"neow_bonus":"RANDOM_COMMON_RELIC","is_daily":false,"chose_seed":false,"campfire_upgraded":4,"win_rate":0.0,"timestamp":1610338541,"path_taken":["M","?","?","M","M","R","?","R","T","E","M","M","R","E","R","BOSS","M","?","$","?","M","R","E","M","T","$","?","?","R","M","R","BOSS"],"items_purchased_type":["Relic","Card","Card","Card"],"build_version":"2020-12-22","purchased_purges":2,"victory":false,"max_hp_per_floor":[75,75,75,75,75,75,75,75,75,75,75,75,75,75,75,75,75,75,75,82,82,82,82,82,82,82,82,82,82,82,82,82,82,82],"card_choices":[{"not_picked":["Rebound","Steam Power"],"picked":"Leap","floor":1.0},{"not_picked":["Redo","Rebound"],"picked":"Cold Snap","floor":3.0},{"not_picked":["BootSequence","Blizzard"],"picked":"Streamline","floor":4},{"not_picked":["Streamline","Rebound"],"picked":"Barrage","floor":5},{"not_picked":["Aggregate","Chill"],"picked":"Creative AI","floor":10},{"not_picked":["Leap","Reprogram"],"picked":"Loop","floor":11},{"not_picked":["Auto Shields","Hello World","Redo"],"picked":"SKIP","floor":12},{"not_picked":["Recycle","Ball Lightning"],"picked":"Storm","floor":14},{"not_picked":["Creative AI","Rainbow"],"picked":"Core Surge","floor":16},{"not_picked":["Rebound","Skim"],"picked":"Ball Lightning","floor":18},{"not_picked":["Genetic Algorithm","Compile Driver"],"picked":"Cold Snap","floor":22},{"not_picked":["Steam","Go for the Eyes+1"],"picked":"Skim+1","floor":24},{"not_picked":["Hologram+1","Redo"],"picked":"Ball Lightning","floor":25},{"not_picked":["Reinforced Body","Beam Cell"],"picked":"Leap","floor":28},{"not_picked":["Loop","Reinforced Body"],"picked":"Rainbow","floor":31}],"player_experience":296379,"relics_obtained":[{"floor":9,"key":"Potion Belt"},{"floor":10,"key":"Pen Nib"},{"floor":14,"key":"MawBank"},{"floor":24,"key":"Boot"},{"floor":26,"key":"Lantern"}],"event_choices":[{"damage_healed":0.0,"max_hp_gain":0.0,"max_hp_loss":0.0,"gold_gain":0.0,"event_name":"Wheel of Change","player_choice":"Cursed","floor":2.0,"gold_loss":0.0,"damage_taken":0.0,"cards_obtained":["Decay"]},{"damage_healed":0,"gold_gain":0,"player_choice":"Grow","damage_taken":0,"max_hp_gain":0,"max_hp_loss":0,"event_name":"Living Wall","floor":7,"gold_loss":0,"cards_upgraded":["Streamline"]},{"cards_removed":["Strike_B"],"damage_healed":0,"gold_gain":0,"player_choice":"Gave Gold","damage_taken":0,"max_hp_gain":0,"max_hp_loss":0,"event_name":"Beggar","floor":19,"gold_loss":75},{"damage_healed":0,"gold_gain":0,"player_choice":"Upgraded","damage_taken":0,"max_hp_gain":0,"max_hp_loss":0,"event_name":"Upgrade Shrine","floor":21,"gold_loss":0,"cards_upgraded":["Storm"]},{"damage_healed":0,"gold_gain":0,"cards_transformed":["Strike_B","Storm"],"player_choice":"Became Test Subject","damage_taken":0,"max_hp_gain":0,"max_hp_loss":0,"event_name":"Drug Dealer","floor":29,"gold_loss":0,"cards_obtained":["Sweeping Beam","Rainbow"]}],"is_beta":false,"boss_relics":[{"not_picked":["Philosopher\u0027s Stone","Ectoplasm"],"picked":"Nuclear Battery"}],"items_purged_floors":[20,27],"is_endless":false,"potions_floor_spawned":[5,10,12,14,22,24,28,31],"killed_by":"Automaton","ascension_level":5}}