{"host":"j4g6ia6asvpyu2b0","time":1610324537,"event":{"mods":["BaseMod","Colored Map","Minty Spire (QoL Compilation)","Permanent Neow","Quick Restart","Relic Stats","StSLib","Unceasing Turn Reminder"],"gold_per_floor":[133,133,176,25,25,25,69,138,161,229,229,290,5,44,44,188,188,253,293,293,308,308,346,346,346,346,385,444,102,133,133,133,133,133],"floor_reached":33,"playtime":1007,"items_purged":["Regret","Pain"],"score":657,"play_id":"d47b7958-b348-4045-9325-ea8995617962","local_time":"20210110172217","is_ascension_mode":true,"campfire_choices":[{"data":"HandOfGreed","floor":6,"key":"SMITH"},{"data":"1","floor":15,"key":"LIFT"},{"data":"2","floor":24,"key":"LIFT"},{"data":"3","floor":32,"key":"LIFT"}],"circlet_count":0,"master_deck":["AscendersBane","Defend_G","Defend_G","Defend_G","Defend_G","Defend_G","Survivor","Neutralize","HandOfGreed+1","Predator","Blade Dance","Well Laid Plans","Dash","Backflip","Backstab","Deadly Poison","Footwork","Blur","Adrenaline","Dagger Spray","Acrobatics","Bite","Bite","Bite","Bite","Bite","Backflip+1","Wraith Form v2","PiercingWail","Quick Slash","Blade Dance","Blur+1"],"relics":["Ring of the Snake","Golden Idol","WarpedTongs","Pen Nib","PreservedInsect","Girya","Boot","Vajra","Black Star","Toy Ornithopter","HornCleat","Bronze Scales","Juzu Bracelet","Bag of Marbles","Torii","Regal Pillow","Lantern"],"acts_visited":["Exordium","TheCity"],"potions_floor_usage":[7,10,18,23,23],"damage_taken":[{"damage":3,"enemies":"Jaw Worm","floor":1,"turns":4},{"damage":0,"enemies":"Cultist","floor":3,"turns":3},{"damage":13,"enemies":"Lagavulin","floor":7,"turns":5},{"damage":5,"enemies":"Small Slimes","floor":8,"turns":6},{"damage":1,"enemies":"Gremlin Nob","floor":10,"turns":2},{"damage":25,"enemies":"Lagavulin","floor":12,"turns":7},{"damage":0,"enemies":"Looter","floor":14,"turns":3},{"damage":0,"enemies":"Hexaghost","floor":16,"turns":11},{"damage":10,"enemies":"3 Byrds","floor":18,"turns":5},{"damage":17,"enemies":"Spheric Guardian","floor":19,"turns":6},{"damage":0,"enemies":"Cultist and Chosen","floor":21,"turns":4},{"damage":4,"enemies":"Book of Stabbing","floor":23,"turns":3},{"damage":0,"enemies":"Sentry and Sphere","floor":27,"turns":3},{"damage":17,"enemies":"Slavers","floor":28,"turns":4},{"damage":0,"enemies":"Gremlin Leader","floor":30,"turns":3},{"damage":64,"enemies":"Automaton","floor":33,"turns":10}],"seed_played":"-2713041846203332492","potions_obtained":[{"floor":1,"key":"FearPotion"},{"floor":7,"key":"FearPotion"},{"floor":12,"key":"SmokeBomb"},{"floor":16,"key":"ColorlessPotion"},{"floor":19,"key":"DuplicationPotion"},{"floor":21,"key":"AttackPotion"},{"floor":27,"key":"Ancient Potion"}],"is_trial":false,"path_per_floor":["M","?","M","$","?","R","E","M","T","E","?","E","$","M","R","B",null,"M","M","?","M","?","E","R","$","T","M","E","$","E","$","R","B"],"character_chosen":"THE_SILENT","items_purchased":["Well Laid Plans","Footwork","Vajra","Blade Dance","Torii"],"campfire_rested":0,"item_purchase_floors":[4,13,13,29,29],"current_hp_per_floor":[60,60,60,60,60,60,47,42,42,43,31,8,8,10,10,12,52,44,29,29,38,38,38,38,38,38,42,32,32,36,36,36,0,0],"gold":133,"neow_bonus":"RANDOM_COLORLESS_2","is_daily":false,"chose_seed":false,"campfire_upgraded":1,"win_rate":0.0,"timestamp":1610324537,"path_taken":["M","?","M","$","?","R","E","?","T","E","?","E","$","M","R","BOSS","M","M","?","M","?","E","R","$","T","?","E","?","E","$","R","BOSS"],"items_purchased_type":["Card","Card","Relic","Card","Relic"],"build_version":"2020-12-22","purchased_purges":2,"victory":false,"max_hp_per_floor":[70,65,65,65,65,65,65,65,65,65,65,65,65,65,65,65,65,65,65,65,65,65,65,65,65,65,65,65,65,65,65,65,65,65],"relic_stats":{"Regal Pillow":0,"Torii":1,"counters":[16,79],"Golden Idol":94,"Pen Nib":[13],"PreservedInsect":162,"Juzu Bracelet":0,"Boot":[16],"WarpedTongs":[72],"Bronze Scales":[42],"Black Star":3,"obtain_stats":[{"Girya":11,"Regal Pillow":30,"Lantern":30,"Torii":29,"Golden Idol":2,"Vajra":13,"Pen Nib":7,"PreservedInsect":10,"Juzu Bracelet":28,"Boot":12,"WarpedTongs":5,"Blood Vial":9,"HornCleat":23,"Bronze Scales":26,"Black Star":17,"Bag of Marbles":28,"Toy Ornithopter":23,"Ring of the Snake":0},{"Girya":5,"Regal Pillow":15,"Lantern":15,"Torii":14,"Golden Idol":1,"Vajra":6,"Pen Nib":3,"PreservedInsect":5,"Juzu Bracelet":14,"Boot":6,"WarpedTongs":2,"Blood Vial":4,"HornCleat":12,"Bronze Scales":12,"Black Star":8,"Bag of Marbles":14,"Toy Ornithopter":12,"Ring of the Snake":0},{"Girya":20,"Regal Pillow":69,"Lantern":69,"Torii":66,"Golden Idol":4,"Vajra":27,"Pen Nib":12,"PreservedInsect":20,"Juzu Bracelet":66,"Boot":27,"WarpedTongs":7,"Blood Vial":18,"HornCleat":59,"Bronze Scales":59,"Black Star":41,"Bag of Marbles":66,"Toy Ornithopter":59,"Ring of the Snake":0}],"Toy Ornithopter":0,"Ring of the Snake":[32]},"card_choices":[{"not_picked":["Panache","Violence"],"picked":"HandOfGreed","floor":0},{"not_picked":["Dagger Throw","Leg Sweep"],"picked":"Predator","floor":1},{"not_picked":["Well Laid Plans","PiercingWail"],"picked":"Blade Dance","floor":3},{"not_picked":["Poisoned Stab","Escape Plan"],"picked":"Dash","floor":7},{"not_picked":["Calculated Gamble","Dagger Spray"],"picked":"Backflip","floor":8},{"not_picked":["Escape Plan","PiercingWail"],"picked":"Backstab","floor":10},{"not_picked":["Sucker Punch","Acrobatics"],"picked":"Deadly Poison","floor":12},{"not_picked":["Underhanded Strike","Crippling Poison"],"picked":"Blur","floor":14},{"not_picked":["Grand Finale","Corpse Explosion"],"picked":"Adrenaline","floor":16},{"not_picked":["Sucker Punch","Eviscerate+1"],"picked":"Dagger Spray","floor":18},{"not_picked":["Dagger Throw","Underhanded Strike+1"],"picked":"Acrobatics","floor":19},{"not_picked":["Distraction","Slice"],"picked":"Backflip+1","floor":21},{"not_picked":["Deflect","Dagger Spray+1"],"picked":"Wraith Form v2","floor":23},{"not_picked":["Outmaneuver","Eviscerate"],"picked":"PiercingWail","floor":27},{"not_picked":["Sucker Punch","Heel Hook"],"picked":"Quick Slash","floor":28},{"not_picked":["Sucker Punch","Acrobatics+1"],"picked":"Blur+1","floor":30}],"player_experience":799896,"relics_obtained":[{"floor":7,"key":"Pen Nib"},{"floor":9,"key":"Blood Vial"},{"floor":10,"key":"PreservedInsect"},{"floor":12,"key":"Boot"},{"floor":23,"key":"Toy Ornithopter"},{"floor":23,"key":"HornCleat"},{"floor":26,"key":"Bronze Scales"},{"floor":28,"key":"Juzu Bracelet"},{"floor":28,"key":"Bag of Marbles"},{"floor":30,"key":"Regal Pillow"},{"floor":30,"key":"Lantern"}],"event_choices":[{"damage_healed":0,"gold_gain":0,"player_choice":"Lose Max HP","damage_taken":0,"relics_obtained":["Golden Idol"],"max_hp_gain":0,"max_hp_loss":5,"event_name":"Golden Idol","floor":2,"gold_loss":0},{"damage_healed":0,"gold_gain":0,"player_choice":"Rummage","damage_taken":0,"relics_obtained":["WarpedTongs"],"max_hp_gain":0,"max_hp_loss":0,"event_name":"Accursed Blacksmith","floor":5,"gold_loss":0,"cards_obtained":["Pain"]},{"damage_healed":0,"gold_gain":0,"player_choice":"Success","damage_taken":12,"relics_obtained":["Girya"],"max_hp_gain":0,"max_hp_loss":0,"event_name":"Scrap Ooze","floor":11,"gold_loss":0},{"damage_healed":0,"gold_gain":0,"player_choice":"Became a vampire (Vial)","damage_taken":0,"max_hp_gain":0,"max_hp_loss":0,"event_name":"Vampires","floor":20,"relics_lost":["Blood Vial"],"gold_loss":0,"cards_obtained":["Bite","Bite","Bite","Bite","Bite"]},{"damage_healed":0,"gold_gain":0,"player_choice":"Ignored","damage_taken":0,"max_hp_gain":0,"max_hp_loss":0,"event_name":"N\u0027loth","floor":22,"gold_loss":0}],"is_beta":false,"boss_relics":[{"not_picked":["Busted Crown","Runic Pyramid"],"picked":"Black Star"}],"items_purged_floors":[4,13],"is_endless":false,"potions_floor_spawned":[1,7,12,16,19,21,27],"killed_by":"Automaton","ascension_level":10}}