{"host":"udcd1h891zyp530t","time":1610402855,"event":{"mods":["BaseMod","BetterRewards","Colored Map","Energized Spire","Gremlin Skip","Koishi","Marisa????????","Minty Spire (QoL Compilation)","SOS???????","StSLib","The Alterego","The Servant 0.9.4","Waifu the Spire","Yakumo Yukari mod","slay the spire mod where everything is the same but ironclad has a cowboy hat"],"gold_per_floor":[113,288,238,253,253,253,280,280,307,112,139,150,182,192,192,192,192],"floor_reached":16,"playtime":1085,"items_purged":[],"score":168,"play_id":"361a703b-6ec8-4fb7-b6af-6bebcd76803d","local_time":"20210111160735","is_ascension_mode":false,"campfire_choices":[{"data":"alterego_mod:DiscoLights","floor":6,"key":"SMITH"},{"data":"alterego_mod:Exercise","floor":8,"key":"SMITH"},{"floor":15,"key":"REST"}],"circlet_count":0,"master_deck":["alterego_mod:Strike","alterego_mod:Strike","alterego_mod:Strike","alterego_mod:Strike","alterego_mod:Defend","alterego_mod:Defend","alterego_mod:Defend","alterego_mod:Defend","alterego_mod:Impale","alterego_mod:BigMeatyClaws","alterego_mod:BrynhildrsRune","alterego_mod:PurpleHair","alterego_mod:DiscoLights+1","alterego_mod:Exercise+1","alterego_mod:IndependentAction","alterego_mod:Exercise","alterego_mod:IdEs","alterego_mod:Jiggle","alterego_mod:GachaTicket"],"relics":["alterego_mod:MasochisticConstitution","NeowsBlessing","Regal Pillow","PreservedInsect","Chemical X","Pen Nib","Bag of Preparation"],"acts_visited":["Exordium"],"potions_floor_usage":[11,11,13,13,13,13,13],"damage_taken":[{"damage":0,"enemies":"Jaw Worm","floor":1,"turns":1},{"damage":0,"enemies":"Small Slimes","floor":4,"turns":1},{"damage":0,"enemies":"Lagavulin","floor":7,"turns":2},{"damage":20,"enemies":"Gremlin Nob","floor":11,"turns":4},{"damage":10,"enemies":"Cultist","floor":12,"turns":3},{"damage":1,"enemies":"3 Sentries","floor":13,"turns":4},{"damage":23,"enemies":"Blue Slaver","floor":14,"turns":5},{"damage":61,"enemies":"Hexaghost","floor":16,"turns":14}],"seed_played":"2027428346967501840","potions_obtained":[{"floor":5,"key":"Strength Potion"},{"floor":5,"key":"Dexterity Potion"},{"floor":5,"key":"Strength Potion"},{"floor":7,"key":"Block Potion"},{"floor":11,"key":"EntropicBrew"}],"is_trial":false,"path_per_floor":["M","?","?","M","?","R","E","R","T","$","E","M","E","M","R","B"],"character_chosen":"The_Alterego","items_purchased":["Chemical X","alterego_mod:IndependentAction"],"campfire_rested":1,"item_purchase_floors":[10,10],"current_hp_per_floor":[70,70,70,70,70,70,70,70,70,70,51,42,42,20,57,0,0],"gold":192,"neow_bonus":"THREE_ENEMY_KILL","is_daily":false,"chose_seed":false,"campfire_upgraded":2,"win_rate":0.0,"timestamp":1610402855,"path_taken":["M","?","?","M","?","R","E","R","T","$","E","?","E","M","R","BOSS"],"items_purchased_type":["Relic","Card"],"build_version":"2020-12-22","purchased_purges":0,"victory":false,"max_hp_per_floor":[70,70,70,70,70,70,70,70,70,70,71,72,73,74,74,74,74],"card_choices":[{"not_picked":["alterego_mod:Maid","alterego_mod:PresenceConcealment"],"picked":"alterego_mod:PurpleHair","floor":1},{"not_picked":["alterego_mod:Complex","alterego_mod:Maid"],"picked":"alterego_mod:DiscoLights","floor":4},{"not_picked":["alterego_mod:Swimsuit","alterego_mod:Smother"],"picked":"alterego_mod:Exercise","floor":7},{"not_picked":["alterego_mod:SakuraPetals","alterego_mod:TrashNCrash"],"picked":"alterego_mod:Exercise","floor":11},{"not_picked":["alterego_mod:Cooking","alterego_mod:Skirt"],"picked":"alterego_mod:IdEs","floor":12},{"not_picked":["alterego_mod:Skirt","alterego_mod:SakuraPetals"],"picked":"alterego_mod:Jiggle","floor":13},{"not_picked":["alterego_mod:GoddessCore","alterego_mod:Bounce"],"picked":"alterego_mod:GachaTicket","floor":14}],"player_experience":125461,"relics_obtained":[{"floor":7,"key":"Regal Pillow"},{"floor":9,"key":"PreservedInsect"},{"floor":11,"key":"Pen Nib"},{"floor":13,"key":"Bag of Preparation"}],"event_choices":[{"damage_healed":0,"gold_gain":175,"player_choice":"AGREE","damage_taken":0,"max_hp_gain":0,"max_hp_loss":0,"event_name":"Liars Game","floor":2,"gold_loss":0,"cards_obtained":["Doubt"]},{"cards_removed":["Doubt"],"damage_healed":0,"gold_gain":0,"player_choice":"Card Removal","damage_taken":0,"max_hp_gain":0,"max_hp_loss":0,"event_name":"The Cleric","floor":3,"gold_loss":50},{"damage_healed":0,"gold_gain":0,"player_choice":"Got Potions","damage_taken":0,"max_hp_gain":0,"max_hp_loss":0,"event_name":"Lab","floor":5,"gold_loss":0}],"is_beta":false,"boss_relics":[],"items_purged_floors":[],"is_endless":false,"potions_floor_spawned":[7,11],"killed_by":"Hexaghost","ascension_level":0}}