{"host":"6swbl1yqdi8v28pk","time":1610397374,"event":{"mods":["AchievementEnabler","BaseMod","Colored Map","Minty Spire (QoL Compilation)","Quick Restart"],"gold_per_floor":[117,117,135,60,73,73,100,100,126,144,178,192,192,157,157,257,257,273,183,198,198,214,230,230,240,310,310,310],"floor_reached":27,"playtime":1258,"items_purged":["Regret"],"score":225,"play_id":"3cb74acd-7dd1-4392-9683-326e4cfc92f5","local_time":"20210111143614","is_ascension_mode":false,"campfire_choices":[{"data":"WheelKick","floor":6,"key":"SMITH"},{"floor":8,"key":"REST"},{"floor":13,"key":"REST"},{"data":"Worship","floor":15,"key":"SMITH"},{"floor":24,"key":"REST"}],"circlet_count":0,"master_deck":["Strike_P","Strike_P","Strike_P","Strike_P","Defend_P","Defend_P","Defend_P","Eruption","Vigilance","WheelKick+1","EmptyBody","TalkToTheHand","SandsOfTime+1","Worship+1","LikeWater","DevaForm","BattleHymn","CutThroughFate+1","LikeWater","EmptyFist","EmptyFist"],"relics":["PureWater","NeowsBlessing","MealTicket","Anchor","Strawberry","Toy Ornithopter","Runic Pyramid","Toxic Egg 2"],"acts_visited":["Exordium","TheCity"],"potions_floor_usage":[11,16,16,22],"damage_taken":[{"damage":0,"enemies":"2 Louse","floor":1,"turns":1},{"damage":0,"enemies":"Jaw Worm","floor":3,"turns":1},{"damage":0,"enemies":"Small Slimes","floor":5,"turns":2},{"damage":56,"enemies":"Gremlin Nob","floor":7,"turns":5},{"damage":5,"enemies":"Exordium Thugs","floor":10,"turns":6},{"damage":31,"enemies":"3 Sentries","floor":11,"turns":8},{"damage":0,"enemies":"Blue Slaver","floor":12,"turns":4},{"damage":37,"enemies":"The Guardian","floor":16,"turns":10},{"damage":9,"enemies":"Shell Parasite","floor":18,"turns":7},{"damage":8,"enemies":"3 Byrds","floor":20,"turns":5},{"damage":26,"enemies":"Snake Plant","floor":22,"turns":6},{"damage":35,"enemies":"Snecko","floor":23,"turns":5},{"damage":28,"enemies":"Shelled Parasite and Fungi","floor":25,"turns":4},{"damage":2,"enemies":"Centurion and Healer","floor":27,"turns":1}],"seed_played":"3402582963619661406","potions_obtained":[{"floor":3,"key":"Ancient Potion"},{"floor":7,"key":"StancePotion"},{"floor":11,"key":"PowerPotion"},{"floor":20,"key":"ColorlessPotion"},{"floor":22,"key":"LiquidBronze"},{"floor":25,"key":"EssenceOfSteel"}],"is_trial":false,"path_per_floor":["M","?","M","$","M","R","E","R","T","M","E","M","R","?","R","B",null,"M","?","M","?","M","M","R","M","T","M"],"character_chosen":"WATCHER","items_purchased":[],"campfire_rested":3,"item_purchase_floors":[],"current_hp_per_floor":[72,72,72,72,72,72,16,37,44,39,8,8,31,50,50,23,79,70,70,62,62,41,6,29,1,1,0,0],"gold":310,"neow_bonus":"THREE_ENEMY_KILL","is_daily":false,"chose_seed":false,"campfire_upgraded":2,"win_rate":0.0,"timestamp":1610397374,"path_taken":["M","?","M","$","M","R","E","R","T","M","E","M","R","?","R","BOSS","M","?","?","?","M","?","R","M","T","M"],"items_purchased_type":[],"build_version":"2020-12-22","purchased_purges":1,"victory":false,"max_hp_per_floor":[72,72,72,72,72,72,72,72,79,79,79,79,79,79,79,79,79,79,79,79,79,79,79,79,79,79,79,79],"card_choices":[{"not_picked":["Crescendo","BowlingBash"],"picked":"WheelKick","floor":1},{"not_picked":["FollowUp","Adaptation"],"picked":"Halt","floor":3},{"not_picked":["InnerPeace","SashWhip"],"picked":"EmptyBody","floor":5},{"not_picked":["Omniscience","BowlingBash"],"picked":"TalkToTheHand","floor":7},{"not_picked":["Swivel","Crescendo"],"picked":"SandsOfTime","floor":10},{"not_picked":["Omniscience","CrushJoints"],"picked":"Worship","floor":11},{"not_picked":["Consecrate","FollowUp"],"picked":"LikeWater","floor":12},{"not_picked":["Ragnarok","ConjureBlade"],"picked":"DevaForm","floor":16},{"not_picked":["EmptyFist","ThirdEye"],"picked":"BattleHymn","floor":18},{"not_picked":["SashWhip","FollowUp"],"picked":"CutThroughFate+1","floor":20},{"not_picked":["FlurryOfBlows+1","Evaluate","Meditate"],"picked":"SKIP","floor":22},{"not_picked":["Consecrate","FollowUp"],"picked":"EmptyFist","floor":23},{"not_picked":["EmptyMind","JustLucky"],"picked":"EmptyFist","floor":25}],"player_experience":111800,"relics_obtained":[{"floor":7,"key":"Anchor"},{"floor":9,"key":"Strawberry"},{"floor":11,"key":"Toy Ornithopter"},{"floor":26,"key":"Toxic Egg 2"}],"event_choices":[{"damage_healed":0,"gold_gain":0,"player_choice":"Box","damage_taken":0,"relics_obtained":["MealTicket"],"max_hp_gain":0,"max_hp_loss":0,"event_name":"Big Fish","floor":2,"gold_loss":0,"cards_obtained":["Regret"]},{"damage_healed":19,"gold_gain":0,"player_choice":"Healed","damage_taken":0,"max_hp_gain":0,"max_hp_loss":0,"event_name":"The Cleric","floor":14,"gold_loss":35},{"cards_removed":["Halt"],"damage_healed":0,"gold_gain":0,"player_choice":"Upgrade and Remove","damage_taken":0,"max_hp_gain":0,"max_hp_loss":0,"event_name":"Designer","floor":19,"gold_loss":90,"cards_upgraded":["SandsOfTime"]},{"damage_healed":0,"gold_gain":0,"cards_transformed":["Defend_P"],"player_choice":"Transformed","damage_taken":0,"max_hp_gain":0,"max_hp_loss":0,"event_name":"Transmorgrifier","floor":21,"gold_loss":0,"cards_obtained":["LikeWater"]}],"is_beta":false,"boss_relics":[{"not_picked":["Philosopher\u0027s Stone","Velvet Choker"],"picked":"Runic Pyramid"}],"items_purged_floors":[4],"is_endless":false,"potions_floor_spawned":[3,7,11,20,22,25],"killed_by":"Centurion and Healer","ascension_level":0}}