{"host":"hve1dyh1ly81yl9f","time":1610388343,"event":{"mods":["BaseMod","Colored Map","DeckTracker","Highlight Path","Keyboard Shortcuts","Minty Spire (QoL Compilation)","Permanent Neow","Quick Restart","StSLib","SuperFastMode"],"gold_per_floor":[115,115,40,115,115,115,15,15,15,15,27,45,63,76,76,76,76],"floor_reached":16,"playtime":244,"items_purged":["Strike_R","Strike_R"],"score":126,"play_id":"a4faec36-9f49-4e5b-b8c1-1f0f3732a3fe","local_time":"20210112030543","is_ascension_mode":true,"campfire_choices":[{"data":"Searing Blow+1","floor":6.0,"key":"SMITH"},{"floor":8.0,"key":"REST"},{"data":"Searing Blow+2","floor":15.0,"key":"SMITH"}],"circlet_count":0,"master_deck":["Strike_R","Strike_R","Defend_R","Defend_R","Bash","Barricade+1","Whirlwind","Searing Blow+3","Inflame","True Grit"],"relics":["Burning Blood","Mercury Hourglass"],"acts_visited":["Exordium"],"potions_floor_usage":[],"damage_taken":[{"damage":12.0,"enemies":"Jaw Worm","floor":1.0,"turns":3.0},{"damage":8.0,"enemies":"Small Slimes","floor":11.0,"turns":2.0},{"damage":0.0,"enemies":"2 Louse","floor":12.0,"turns":2.0},{"damage":0.0,"enemies":"Gremlin Gang","floor":13.0,"turns":1.0},{"damage":18.0,"enemies":"Large Slime","floor":14.0,"turns":4.0},{"damage":36,"enemies":"Slime Boss","floor":16,"turns":5}],"seed_played":"-584623428154644737","potions_obtained":[{"floor":1.0,"key":"Swift Potion"}],"is_trial":false,"path_per_floor":["M","?","$","?","?","R","$","R","T","$","M","M","M","M","R","B"],"character_chosen":"IRONCLAD","items_purchased":[],"campfire_rested":1,"item_purchase_floors":[],"current_hp_per_floor":[45,38,38,27,11,11,11,35,35,35,33,39,45,33,33,0,0],"gold":76,"neow_bonus":"TRANSFORM_TWO_CARDS","is_daily":false,"chose_seed":false,"campfire_upgraded":2,"win_rate":0.0,"timestamp":1610388343,"path_taken":["M","?","$","?","?","R","$","R","T","$","M","M","M","M","R","BOSS"],"items_purchased_type":[],"build_version":"2020-12-22","purchased_purges":2,"victory":false,"max_hp_per_floor":[80,80,80,80,80,80,80,80,80,80,80,80,80,80,80,80,80],"card_choices":[{"not_picked":["Rupture","Twin Strike"],"picked":"Searing Blow","floor":1.0},{"not_picked":["Evolve","Warcry","Body Slam"],"picked":"SKIP","floor":11.0},{"not_picked":["Perfected Strike","Body Slam","Havoc"],"picked":"SKIP","floor":12.0},{"not_picked":["Sword Boomerang","Headbutt"],"picked":"Inflame","floor":13.0},{"not_picked":["Shrug It Off","Seeing Red"],"picked":"True Grit","floor":14.0}],"player_experience":309281,"relics_obtained":[{"floor":9.0,"key":"Mercury Hourglass"}],"event_choices":[{"cards_removed":["Strike_R"],"damage_healed":0.0,"max_hp_gain":0.0,"max_hp_loss":0.0,"gold_gain":0.0,"event_name":"Golden Wing","player_choice":"Card Removal","floor":2.0,"gold_loss":0.0,"damage_taken":7.0},{"damage_healed":0.0,"max_hp_gain":0.0,"max_hp_loss":0.0,"gold_gain":75.0,"event_name":"World of Goop","player_choice":"Gather Gold","floor":4.0,"gold_loss":0.0,"damage_taken":11.0},{"damage_healed":0.0,"max_hp_gain":0.0,"max_hp_loss":0.0,"gold_gain":0.0,"event_name":"Shining Light","player_choice":"Entered Light","floor":5.0,"gold_loss":0.0,"damage_taken":16.0,"cards_upgraded":["Barricade","Searing Blow"]}],"is_beta":false,"boss_relics":[],"items_purged_floors":[3,7],"is_endless":false,"potions_floor_spawned":[1],"killed_by":"Slime Boss","ascension_level":8}}