{"host":"0fmi5fguj5lvt8pf","time":1610359687,"event":{"mods":["BaseMod","Colored Map","Curses Come First","Downfall","Minty Spire (QoL Compilation)","Permanent Neow","StSLib","Waifu the Spire"],"gold_per_floor":[99,116,171,171,196,32,111,131,5,5,36,49,63,163,178,280,280,280,291,291,391,151,151,177,177,177,177,209,234,247,290,300,300,300],"floor_reached":33,"playtime":1558,"items_purged":["Regret","Slimebound:Defend_Slimebound"],"score":358,"play_id":"6b7705c4-4f77-48f6-804f-2946b4cf5c93","local_time":"20210111020807","is_ascension_mode":false,"campfire_choices":[{"data":"Slimebound:CorrosiveSpit","floor":1.0,"key":"SMITH"},{"floor":10.0,"key":"REST"},{"data":"Slimebound:PrepareCrush","floor":18.0,"key":"SMITH"},{"floor":23.0,"key":"RECALL"},{"data":"Mayhem","floor":26.0,"key":"SMITH"}],"circlet_count":0,"master_deck":["Slimebound:Strike_Slimebound","Slimebound:Strike_Slimebound","Slimebound:Strike_Slimebound","Slimebound:Defend_Slimebound+1","Slimebound:Defend_Slimebound","Slimebound:Defend_Slimebound+1","Slimebound:Split","Slimebound:CorrosiveSpit+1","Sadistic Nature","Slimebound:ViciousTackle+1","Slimebound:GoopSpray+1","Slimebound:SplitMire","Slimebound:AcidTongue","Slimebound:PrepareCrush+1","Slimebound:TongueLash","Slimebound:Gluttony","Slimebound:Schlurp","Slimebound:AcidTongue","Slimebound:SamplingLick+1","Slimebound:RallyTheTroops","Slimebound:Schlurp","Slimebound:MegaLick","Mayhem+1","Slimebound:Gluttony","Slimebound:Replication","Slimebound:ItLooksTasty"],"relics":["Slimebound:AbsorbEndCombat","Toy Ornithopter","Sundial","Ancient Tea Set","Philosopher\u0027s Stone","Meat on the Bone","CeramicFish","Enchiridion","War Paint","hexamod:BolsterEngine"],"acts_visited":["Exordium","TheCity"],"potions_floor_usage":[31,32],"damage_taken":[{"damage":4.0,"enemies":"Cultist","floor":2.0,"turns":3.0},{"damage":36.0,"enemies":"3 Sentries","floor":3.0,"turns":9.0},{"damage":15.0,"enemies":"downfall:FleeingMerchant","floor":6.0,"turns":4.0},{"damage":0.0,"enemies":"2 Louse","floor":8.0,"turns":2.0},{"damage":8.0,"enemies":"downfall:FleeingMerchant","floor":9.0,"turns":4.0},{"damage":8.0,"enemies":"Lagavulin","floor":11.0,"turns":4.0},{"damage":11.0,"enemies":"Jaw Worm","floor":12.0,"turns":2.0},{"damage":11.0,"enemies":"Blue Slaver","floor":13.0,"turns":3.0},{"damage":16.0,"enemies":"Gremlin Gang","floor":15.0,"turns":4.0},{"damage":40.0,"enemies":"downfall:Silent","floor":16.0,"turns":6.0},{"damage":10.0,"enemies":"Shell Parasite","floor":19.0,"turns":2.0},{"damage":36.0,"enemies":"Shell Parasite","floor":21.0,"turns":4.0},{"damage":19.0,"enemies":"downfall:FleeingMerchant","floor":22.0,"turns":3.0},{"damage":18.0,"enemies":"Gremlin Leader","floor":28.0,"turns":4.0},{"damage":22.0,"enemies":"Shelled Parasite and Fungi","floor":29.0,"turns":3.0},{"damage":11.0,"enemies":"Snecko","floor":30.0,"turns":3.0},{"damage":45,"enemies":"Slavers","floor":31,"turns":4},{"damage":29,"enemies":"Snake Plant","floor":32,"turns":3},{"damage":57,"enemies":"downfall:Ironclad","floor":33,"turns":5}],"seed_played":"-8997770501989415427","potions_obtained":[{"floor":3.0,"key":"Block Potion"},{"floor":8.0,"key":"SkillPotion"},{"floor":13.0,"key":"Explosive Potion"},{"floor":15.0,"key":"Slimebound:SpawnSlimePotion"},{"floor":19.0,"key":"Regen Potion"},{"floor":28.0,"key":"PowerPotion"}],"is_trial":false,"path_per_floor":["R","M","?","?","T","$","T","M","$","R","E","M","M","?","M","B",null,"R","M","?","?","$","R","T","?","R","?","E","M","M","E","M","B"],"character_chosen":"SLIMEBOUND","items_purchased":["LiquidMemories","Slimebound:TongueLash","Slimebound:Gluttony","Mayhem","Slimebound:Gluttony","Meat on the Bone"],"campfire_rested":1,"item_purchase_floors":[6,9,9,22,22,22],"current_hp_per_floor":[42,46,18,18,18,11,11,13,27,45,49,48,45,45,41,20,60,60,60,60,38,32,32,32,16,16,16,24,22,37,23,47,0,0],"gold":300,"neow_bonus":"RANDOM_COLORLESS_2","is_daily":false,"chose_seed":false,"campfire_upgraded":3,"win_rate":0.0,"timestamp":1610359687,"path_taken":["R","M","?","?","?","?","T","?","$","R","E","M","M","?","M","BOSS","R","M","?","?","$","R","T","?","R","?","E","M","M","E","M","BOSS"],"items_purchased_type":["Potion","Card","Card","Card","Card","Relic"],"build_version":"2020-12-22","purchased_purges":2,"victory":false,"max_hp_per_floor":[60,60,60,60,60,60,60,60,60,60,60,60,60,60,60,60,60,60,60,60,60,60,60,60,60,60,60,60,60,60,60,60,60,60],"card_choices":[{"not_picked":["HandOfGreed","Metamorphosis"],"picked":"Sadistic Nature","floor":0.0},{"not_picked":["Slimebound:SplitAcid","Slimebound:FlameTackle"],"picked":"Slimebound:ViciousTackle","floor":2.0},{"not_picked":["Slimebound:FinishingTackle","Slimebound:ProtectTheBoss"],"picked":"Slimebound:GoopSpray","floor":3.0},{"not_picked":["Slimebound:Schlurp","Slimebound:FinishingTackle"],"picked":"Slimebound:SplitMire","floor":6.0},{"not_picked":["Slimebound:RollThrough","Slimebound:SplitLeeching"],"picked":"Slimebound:AcidTongue","floor":8.0},{"not_picked":["Slimebound:LeadByExample","Slimebound:SlimeBrawl"],"picked":"Slimebound:PrepareCrush","floor":9.0},{"not_picked":["Slimebound:LevelUp","Slimebound:FirmFortitude","Slimebound:SplitAcid"],"picked":"SKIP","floor":11.0},{"not_picked":["Slimebound:SlimeSpikes","Slimebound:ForwardTackle"],"picked":"Slimebound:Schlurp","floor":12.0},{"not_picked":["Slimebound:RejuvenatingLick","Slimebound:LevelUp"],"picked":"Slimebound:AcidTongue","floor":13.0},{"not_picked":["Slimebound:PressTheAttack","Slimebound:SlimeSpikes"],"picked":"Slimebound:SamplingLick","floor":15.0},{"not_picked":["Slimebound:DouseInSlime","Slimebound:LeechLife"],"picked":"Slimebound:RallyTheTroops","floor":16.0},{"not_picked":["Slimebound:SpikyOuterGoop","Slimebound:SlimeTap+1"],"picked":"Slimebound:Schlurp","floor":19.0},{"not_picked":["Slimebound:SlimeSpikes","Slimebound:ViciousTackle+1"],"picked":"Slimebound:MegaLick","floor":21.0},{"not_picked":["Slimebound:SamplingLick","Slimebound:RainOfGoop+1","Slimebound:RollThrough"],"picked":"SKIP","floor":22.0},{"not_picked":["Slimebound:SplitAcid","Slimebound:SlimeSpikes","Slimebound:MegaLick"],"picked":"SKIP","floor":28.0},{"not_picked":["Slimebound:Dissolve","Slimebound:SplitLeeching"],"picked":"Slimebound:Replication","floor":29.0},{"not_picked":["Slimebound:LeechEnergy","Slimebound:SplitAcid","Slimebound:SlimeSpikes"],"picked":"SKIP","floor":30.0},{"not_picked":["Slimebound:SamplingLick","Slimebound:MassFeed"],"picked":"Slimebound:ItLooksTasty","floor":31},{"not_picked":["Slimebound:LeechingTouch+1","Slimebound:SplitBruiser+1","Slimebound:Schlurp+1"],"picked":"SKIP","floor":32}],"player_experience":1330252,"relics_obtained":[{"floor":3.0,"key":"Toy Ornithopter"},{"floor":7.0,"key":"Sundial"},{"floor":11.0,"key":"Ancient Tea Set"},{"floor":24.0,"key":"CeramicFish"},{"floor":25.0,"key":"Enchiridion"},{"floor":28.0,"key":"War Paint"},{"floor":31,"key":"hexamod:BolsterEngine"}],"event_choices":[{"cards_removed":["Slimebound:Tackle"],"damage_healed":0.0,"max_hp_gain":0.0,"max_hp_loss":0.0,"gold_gain":0.0,"event_name":"Back to Basics","player_choice":"Elegance","floor":20.0,"gold_loss":0.0,"damage_taken":0.0}],"is_beta":false,"boss_relics":[{"not_picked":["Slimebound:TarBlob","Velvet Choker"],"picked":"Philosopher\u0027s Stone"}],"items_purged_floors":[6,22],"is_endless":false,"potions_floor_spawned":[3,8,13,15,19,28],"killed_by":"downfall:Ironclad","ascension_level":0}}