{"host":"nrxstibvl428zo7h","time":1610366708,"event":{"mods":["AchievementEnabler","BaseMod","Colored Map","Dark Map","Minty Spire (QoL Compilation)","StSLib"],"gold_per_floor":[114,189,189,239,263,297,297,318,318,10,23,23,56,113,113,237,237,257,280,280,280,296,296,51,51,51,51,51,76,8,29,29,149,149,164,20,20,20,20,20,20,40,40,60,84,417,417,429,429,429,429],"floor_reached":50,"playtime":2072,"items_purged":[],"score":513,"play_id":"87605644-9d28-41a7-831f-856ac6f957de","local_time":"20210111040508","is_ascension_mode":false,"campfire_choices":[{"floor":7,"key":"REST"},{"data":"Blood for Blood","floor":15,"key":"SMITH"},{"data":"1","floor":23,"key":"LIFT"},{"data":"2","floor":25,"key":"LIFT"},{"data":"3","floor":32,"key":"LIFT"},{"data":"Rupture","floor":40,"key":"SMITH"},{"data":"Seeing Red","floor":41,"key":"SMITH"},{"floor":47,"key":"RECALL"},{"floor":49,"key":"REST"}],"circlet_count":0,"master_deck":["Strike_R","Strike_R","Strike_R","Strike_R","Strike_R","Defend_R","Defend_R","Defend_R","Defend_R","Bash","Power Through","Injury","Blood for Blood+1","Rage","Wild Strike","Headbutt","Feed","CurseOfTheBell","Infernal Blade","Shame","Rupture+1","Seeing Red+1","Necronomicurse","Rupture+1","Dropkick","Hemokinesis","Fire Breathing+1","Wild Strike","Exhume","Battle Trance","Anger+1","Madness","Madness","Metallicize","Armaments+1","Intimidate","Rupture+1","Thunderclap+1","True Grit","Seeing Red+1","Burning Pact+1"],"relics":["Burning Blood","Regal Pillow","Mercury Hourglass","WingedGreaves","Charon\u0027s Ashes","Odd Mushroom","Calling Bell","Toy Ornithopter","HornCleat","Girya","Torii","Prayer Wheel","Blue Candle","Letter Opener","Necronomicon","Mark of Pain","Toolbox"],"acts_visited":["Exordium","TheCity","TheBeyond"],"potions_floor_usage":[50,50,50],"damage_taken":[{"damage":2,"enemies":"2 Louse","floor":1,"turns":3},{"damage":5,"enemies":"Small Slimes","floor":5,"turns":5},{"damage":33,"enemies":"Gremlin Nob","floor":6,"turns":5},{"damage":4,"enemies":"Jaw Worm","floor":8,"turns":5},{"damage":4,"enemies":"Blue Slaver","floor":11,"turns":3},{"damage":12,"enemies":"The Mushroom Lair","floor":13,"turns":5},{"damage":76,"enemies":"Hexaghost","floor":16,"turns":11},{"damage":24,"enemies":"3 Byrds","floor":18,"turns":7},{"damage":5,"enemies":"Chosen","floor":19,"turns":3},{"damage":37,"enemies":"Snake Plant","floor":22,"turns":6},{"damage":3,"enemies":"Centurion and Healer","floor":29,"turns":6},{"damage":4,"enemies":"Snecko","floor":31,"turns":4},{"damage":76,"enemies":"Champ","floor":33,"turns":8},{"damage":6,"enemies":"3 Darklings","floor":35,"turns":6},{"damage":1,"enemies":"Orb Walker","floor":42,"turns":3},{"damage":38,"enemies":"Maw","floor":44,"turns":7},{"damage":1,"enemies":"4 Shapes","floor":45,"turns":5},{"damage":57,"enemies":"Spire Growth","floor":48,"turns":6},{"damage":98,"enemies":"Time Eater","floor":50,"turns":8}],"seed_played":"7859986353033654894","potions_obtained":[{"floor":6,"key":"SkillPotion"},{"floor":11,"key":"SmokeBomb"},{"floor":13,"key":"ColorlessPotion"},{"floor":19,"key":"Dexterity Potion"},{"floor":31,"key":"FairyPotion"},{"floor":48,"key":"AttackPotion"}],"is_trial":false,"path_per_floor":["M","?","?","T","M","E","R","M","T","$","M","$","?","?","R","B",null,"M","M","?","?","M","R","$","R","T","?","?","M","$","M","R","B",null,"M","$","?","?","$","R","R","M","T","M","M","?","R","M","R","B"],"character_chosen":"IRONCLAD","items_purchased":["Charon\u0027s Ashes","Blue Candle","Hemokinesis","Toolbox"],"campfire_rested":2,"item_purchase_floors":[10,24,30,36],"current_hp_per_floor":[88,77,77,77,78,51,88,88,88,88,88,88,82,82,82,12,88,70,71,71,71,40,40,40,40,40,24,88,88,88,88,88,18,88,88,88,77,77,77,77,77,82,82,50,55,55,55,32,73,0,0],"gold":429,"neow_bonus":"TEN_PERCENT_HP_BONUS","is_daily":false,"chose_seed":false,"campfire_upgraded":3,"win_rate":0.0,"timestamp":1610366708,"path_taken":["M","?","?","?","M","E","R","M","T","?","M","$","?","?","R","BOSS","M","M","?","?","M","R","$","R","T","?","?","M","$","M","R","BOSS","M","?","?","?","$","R","R","M","T","?","M","?","R","M","R","BOSS"],"items_purchased_type":["Relic","Relic","Card","Relic"],"build_version":"2020-12-22","purchased_purges":0,"victory":false,"max_hp_per_floor":[88,88,88,88,88,88,88,88,88,88,88,88,88,88,88,88,88,88,88,88,88,88,88,88,88,88,88,88,88,88,88,88,88,88,88,88,88,88,88,88,88,88,88,88,88,88,88,88,88,88,88],"card_choices":[{"not_picked":["Headbutt","Uppercut"],"picked":"Power Through","floor":1},{"not_picked":["Warcry","Cleave"],"picked":"Blood for Blood","floor":5},{"not_picked":["Clothesline","Body Slam"],"picked":"Evolve","floor":6},{"not_picked":["Clash","Barricade"],"picked":"Rage","floor":8},{"not_picked":["Ghostly Armor","Clothesline"],"picked":"Wild Strike","floor":11},{"not_picked":["Armaments","Evolve"],"picked":"Headbutt","floor":13},{"not_picked":["Bludgeon","Impervious"],"picked":"Feed","floor":16},{"not_picked":["Cleave","Wild Strike"],"picked":"Infernal Blade","floor":18},{"not_picked":["Searing Blow","Perfected Strike","Disarm+1"],"picked":"SKIP","floor":19},{"not_picked":["Rampage","Cleave+1"],"picked":"Rupture","floor":22},{"not_picked":["Body Slam","Heavy Blade+1"],"picked":"Seeing Red","floor":22},{"not_picked":["Limit Break","Warcry"],"picked":"Rupture","floor":29},{"not_picked":["Spot Weakness","Cleave","Dropkick"],"picked":"SKIP","floor":29},{"not_picked":["Spot Weakness","Cleave"],"picked":"Dropkick","floor":29},{"not_picked":["Intimidate","Shockwave"],"picked":"Fire Breathing+1","floor":31},{"not_picked":["Spot Weakness","Rage"],"picked":"Wild Strike","floor":31},{"not_picked":["Juggernaut","Immolate"],"picked":"Exhume","floor":33},{"not_picked":["Cleave+1","Headbutt"],"picked":"Battle Trance","floor":35},{"not_picked":["Searing Blow+1","Sword Boomerang+1"],"picked":"Anger+1","floor":35},{"not_picked":["Pommel Strike","Battle Trance+1"],"picked":"Metallicize","floor":42},{"not_picked":["Flex","Iron Wave"],"picked":"Armaments+1","floor":42},{"not_picked":["Perfected Strike+1","Rage"],"picked":"Intimidate","floor":44},{"not_picked":["Clothesline","Fire Breathing"],"picked":"Rupture+1","floor":44},{"not_picked":["Iron Wave","Body Slam"],"picked":"Thunderclap+1","floor":45},{"not_picked":["Perfected Strike+1","Flex+1"],"picked":"True Grit","floor":45},{"not_picked":["Havoc+1","Warcry"],"picked":"Seeing Red+1","floor":48},{"not_picked":["Entrench+1","Twin Strike+1"],"picked":"Burning Pact+1","floor":48}],"player_experience":77669,"relics_obtained":[{"floor":4,"key":"Regal Pillow"},{"floor":6,"key":"Mercury Hourglass"},{"floor":9,"key":"WingedGreaves"},{"floor":13,"key":"Odd Mushroom"},{"floor":17,"key":"Toy Ornithopter"},{"floor":17,"key":"HornCleat"},{"floor":17,"key":"Girya"},{"floor":26,"key":"Letter Opener"},{"floor":27,"key":"Necronomicon"}],"event_choices":[{"damage_healed":0,"gold_gain":75,"player_choice":"Gather Gold","damage_taken":11,"max_hp_gain":0,"max_hp_loss":0,"event_name":"World of Goop","floor":2,"gold_loss":0},{"damage_healed":0,"gold_gain":0,"player_choice":"Take Wound","damage_taken":0,"relics_obtained":["Golden Idol"],"max_hp_gain":0,"max_hp_loss":0,"event_name":"Golden Idol","floor":3,"gold_loss":0,"cards_obtained":["Injury"]},{"damage_healed":0,"gold_gain":0,"player_choice":"Fought Mushrooms","damage_taken":0,"max_hp_gain":0,"max_hp_loss":0,"event_name":"Mushrooms","floor":13,"gold_loss":0},{"damage_healed":0,"gold_gain":57,"player_choice":"Gained Gold","damage_taken":0,"max_hp_gain":0,"max_hp_loss":0,"event_name":"Golden Wing","floor":14,"gold_loss":0},{"damage_healed":0,"gold_gain":0,"player_choice":"Opened","damage_taken":0,"relics_obtained":["Torii"],"max_hp_gain":0,"max_hp_loss":0,"event_name":"The Mausoleum","floor":20,"gold_loss":0},{"damage_healed":0,"gold_gain":0,"player_choice":"Stole Relic","damage_taken":0,"relics_obtained":["Prayer Wheel"],"max_hp_gain":0,"max_hp_loss":0,"event_name":"Addict","floor":21,"gold_loss":0,"cards_obtained":["Shame"]},{"damage_healed":0,"gold_gain":0,"player_choice":"Obtained Book","damage_taken":16,"max_hp_gain":0,"max_hp_loss":0,"event_name":"Cursed Tome","floor":27,"gold_loss":0},{"cards_removed":["Evolve"],"damage_healed":64,"gold_gain":0,"player_choice":"Offered Uncommon","damage_taken":0,"max_hp_gain":0,"max_hp_loss":0,"event_name":"Bonfire Elementals","floor":28,"gold_loss":0},{"damage_healed":0,"gold_gain":0,"player_choice":"Embrace Madness","damage_taken":11,"max_hp_gain":0,"max_hp_loss":0,"event_name":"Winding Halls","floor":37,"gold_loss":0,"cards_obtained":["Madness","Madness"]},{"damage_healed":0,"gold_gain":0,"player_choice":"Upgraded","damage_taken":0,"max_hp_gain":0,"max_hp_loss":0,"event_name":"Upgrade Shrine","floor":38,"gold_loss":0,"cards_upgraded":["Rupture"]},{"damage_healed":0,"gold_gain":333,"player_choice":"Gave Idol","damage_taken":0,"max_hp_gain":0,"max_hp_loss":0,"event_name":"The Moai Head","floor":46,"relics_lost":["Golden Idol"],"gold_loss":0}],"is_beta":false,"boss_relics":[{"not_picked":["Snecko Eye","Philosopher\u0027s Stone"],"picked":"Calling Bell"},{"not_picked":["SacredBark","Tiny House"],"picked":"Mark of Pain"}],"items_purged_floors":[],"is_endless":false,"potions_floor_spawned":[6,11,13,19,22,31,35,48],"killed_by":"Time Eater","ascension_level":0}}