{"host":"rfd0aujzbne52cnp","time":1610341012,"event":{"mods":["2.2 Compatiblity","BaseMod","Better Match","Better Third Choice","BetterRewards","Colored Powertips","Hermit","Jorbs\u0027s Wanderer Trilogy","Minty Spire (QoL Compilation)","Quick Restart","Shade Mod","Spicy Shops","StSLib","The Bladedancer","The Bug Knight","The Factory","everything is the same but u backflip on backflip"],"gold_per_floor":[116,133,144,124,143,143,176,19,19,35,53,78,88,113,113,211,211,239,239,257,268,295,320,320,346,346,386,404,421,438,438,438,548,548,571,582,602,602,621,693,693,712,1012,1012,1048,1048,1073,1095,1095,1102],"floor_reached":51,"playtime":5895,"items_purged":["hermit:Strike_Hermit","hermit:Strike_Hermit"],"score":1150,"play_id":"fefb823c-2603-4fb8-8963-7bca9813b2a8","local_time":"20210110235652","is_ascension_mode":true,"campfire_choices":[{"floor":6,"key":"REST"},{"floor":15,"key":"REST"},{"data":"Apotheosis","floor":24,"key":"SMITH"},{"data":"hermit:Dive","floor":32,"key":"SMITH"},{"data":"hermit:Defend_Hermit","floor":41,"key":"PURGE"},{"data":"hermit:Defend_Hermit","floor":44,"key":"PURGE"},{"data":"hermit:Scavenge","floor":49,"key":"SMITH"}],"circlet_count":0,"master_deck":["hermit:Snapshot","hermit:Covet","Apotheosis+1","Sadistic Nature","hermit:Roulette","hermit:Quickdraw","hermit:Ricochet","hermit:Desperado","hermit:GoldenBullet","hermit:HeroicBravado","hermit:Deadeye","hermit:Vantage+1","hermit:Scavenge+1","hermit:Dive+1","hermit:GhostlyPresence","hermit:RoundhouseKick","hermit:Glare+1","hermit:GhostlyPresence","hermit:Dive","hermit:Gambit","hermit:TrackingShot"],"relics":["hermit:Momento","Calipers","Regal Pillow","Omamori","Bird Faced Urn","OrangePellets","HornCleat","Medical Kit","Dead Branch","Ice Cream","Juzu Bracelet","Empty Cage","Red Mask","InkBottle","The Courier","Peace Pipe","Blood Vial","Sozu","Lantern","Old Coin","Potion Belt","Thread and Needle"],"acts_visited":["Exordium","TheCity","TheBeyond"],"potions_floor_usage":[5,7,11,14,14,16,22,25,28,33],"damage_taken":[{"damage":11,"enemies":"Small Slimes","floor":1,"turns":3},{"damage":0,"enemies":"Cultist","floor":2,"turns":2},{"damage":1,"enemies":"Jaw Worm","floor":3,"turns":4},{"damage":0,"enemies":"Exordium Thugs","floor":5,"turns":6},{"damage":22,"enemies":"Lagavulin","floor":7,"turns":6},{"damage":7,"enemies":"2 Fungi Beasts","floor":10,"turns":3},{"damage":0,"enemies":"Blue Slaver","floor":11,"turns":2},{"damage":6,"enemies":"3 Sentries","floor":12,"turns":6},{"damage":7,"enemies":"Lots of Slimes","floor":13,"turns":4},{"damage":0,"enemies":"Gremlin Nob","floor":14,"turns":2},{"damage":6,"enemies":"Hexaghost","floor":16,"turns":10},{"damage":9,"enemies":"Shell Parasite","floor":18,"turns":5},{"damage":0,"enemies":"Spheric Guardian","floor":20,"turns":3},{"damage":1,"enemies":"Snake Plant","floor":21,"turns":3},{"damage":2,"enemies":"Masked Bandits","floor":22,"turns":3},{"damage":14,"enemies":"Book of Stabbing","floor":23,"turns":5},{"damage":14,"enemies":"Slavers","floor":25,"turns":8},{"damage":0,"enemies":"Gremlin Leader","floor":27,"turns":4},{"damage":0,"enemies":"Sentry and Sphere","floor":28,"turns":3},{"damage":1,"enemies":"Snecko","floor":29,"turns":5},{"damage":5,"enemies":"Centurion and Healer","floor":30,"turns":5},{"damage":23,"enemies":"Collector","floor":33,"turns":15},{"damage":1,"enemies":"3 Darklings","floor":35,"turns":5},{"damage":0,"enemies":"Orb Walker","floor":36,"turns":3},{"damage":12,"enemies":"Sphere and 2 Shapes","floor":37,"turns":4},{"damage":1,"enemies":"Maw","floor":39,"turns":8},{"damage":2,"enemies":"Nemesis","floor":40,"turns":6},{"damage":17,"enemies":"4 Shapes","floor":42,"turns":3},{"damage":2,"enemies":"Giant Head","floor":45,"turns":10},{"damage":1,"enemies":"Nemesis","floor":47,"turns":5},{"damage":9,"enemies":"Writhing Mass","floor":48,"turns":7},{"damage":28,"enemies":"Donu and Deca","floor":50,"turns":13}],"seed_played":"-7907692363787165211","potions_obtained":[{"floor":2,"key":"AttackPotion"},{"floor":3,"key":"PowerPotion"},{"floor":4,"key":"ColorlessPotion"},{"floor":7,"key":"EssenceOfSteel"},{"floor":10,"key":"hermit:Eclipse"},{"floor":13,"key":"SkillPotion"},{"floor":14,"key":"SkillPotion"},{"floor":22,"key":"FearPotion"},{"floor":23,"key":"SkillPotion"},{"floor":27,"key":"Explosive Potion"},{"floor":28,"key":"GamblersBrew"},{"floor":30,"key":"DuplicationPotion"}],"is_trial":false,"path_per_floor":["M","M","M","?","M","R","E","$","T","M","M","E","M","E","R","B",null,"M","?","M","M","?","E","R","E","T","E","M","M","M","?","R","B",null,"M","M","M","?","M","E","R","M","T","R","E","?","E","M","R","B",null],"character_chosen":"HERMIT","items_purchased":["Calipers","Regal Pillow","Omamori","Bird Faced Urn","OrangePellets","Apotheosis","Medical Kit"],"campfire_rested":2,"item_purchase_floors":[0,0,0,0,0,0,8],"current_hp_per_floor":[20,22,23,23,25,62,42,42,42,37,37,33,28,30,67,63,75,67,67,69,70,70,58,58,50,50,52,56,59,60,46,46,29,80,79,80,68,68,73,79,79,65,65,65,67,67,74,73,73,51],"gold":1102,"neow_bonus":"","is_daily":false,"chose_seed":false,"campfire_upgraded":3,"win_rate":0.0,"timestamp":1610341012,"path_taken":["M","M","M","?","M","R","E","?","T","?","M","E","M","E","R","BOSS","M","?","M","M","?","E","R","E","T","E","M","M","M","?","R","BOSS","M","M","M","?","M","E","R","M","T","R","E","?","E","M","R","BOSS"],"items_purchased_type":["Relic","Relic","Relic","Relic","Relic","Card","Relic"],"build_version":"2020-12-22","purchased_purges":2,"victory":true,"max_hp_per_floor":[75,75,75,75,75,75,75,75,75,75,75,75,75,75,75,75,75,75,75,75,75,75,75,75,75,75,75,75,75,75,80,80,80,80,80,80,80,80,80,80,80,80,80,80,80,80,80,80,80,80],"card_choices":[{"not_picked":["hermit:Horror","hermit:Maintenance"],"picked":"hermit:Roulette","floor":1},{"not_picked":["hermit:Headshot","hermit:Determination"],"picked":"hermit:Quickdraw","floor":2},{"not_picked":["hermit:Coalescence","hermit:LoneWolf","hermit:HighCaliber"],"picked":"SKIP","floor":3},{"not_picked":["hermit:Snipe","hermit:BodyArmor"],"picked":"hermit:Ricochet","floor":5},{"not_picked":["hermit:HighCaliber","hermit:BlackWind","hermit:Determination"],"picked":"SKIP","floor":7},{"not_picked":["hermit:LuckOfTheDraw","hermit:Determination","hermit:TakeCover"],"picked":"SKIP","floor":10},{"not_picked":["hermit:HighCaliber","hermit:CursedWeapon"],"picked":"hermit:Desperado","floor":11},{"not_picked":["hermit:Midnight","hermit:HoleUp"],"picked":"hermit:GoldenBullet","floor":12},{"not_picked":["hermit:Coalescence","hermit:HighCaliber","hermit:PistolWhip"],"picked":"SKIP","floor":13},{"not_picked":["hermit:Dissolve","hermit:Brawl","hermit:Quickdraw"],"picked":"SKIP","floor":14},{"not_picked":["hermit:EternalForm","hermit:Reprieve"],"picked":"hermit:HeroicBravado","floor":16},{"not_picked":["hermit:FullyLoaded","hermit:Ricochet"],"picked":"hermit:Deadeye","floor":18},{"not_picked":["hermit:Feint+1","hermit:Roulette"],"picked":"hermit:Vantage+1","floor":20},{"not_picked":["hermit:Headshot","hermit:Gambit","hermit:Brawl"],"picked":"SKIP","floor":21},{"not_picked":["hermit:HoleUp","hermit:Showdown","hermit:Headshot"],"picked":"SKIP","floor":23},{"not_picked":["hermit:Quickdraw","hermit:Shortfuse"],"picked":"hermit:Scavenge","floor":25},{"not_picked":["hermit:SprayPray","hermit:FatalDesire"],"picked":"hermit:Dive","floor":27},{"not_picked":["hermit:Coalescence","hermit:HighCaliber","hermit:Snipe+1"],"picked":"SKIP","floor":28},{"not_picked":["hermit:Grudge","hermit:Roulette+1","hermit:SprayPray"],"picked":"SKIP","floor":29},{"not_picked":["hermit:CalledShot","hermit:Ricochet"],"picked":"hermit:GhostlyPresence","floor":30},{"not_picked":["hermit:FatalDesire","hermit:Reprieve"],"picked":"hermit:RoundhouseKick","floor":33},{"not_picked":["hermit:Quickdraw+1","hermit:GoldenBullet"],"picked":"hermit:Glare+1","floor":35},{"not_picked":["hermit:DeadMansHand","hermit:NoHoldsBarred+1","hermit:BodyArmor+1"],"picked":"SKIP","floor":36},{"not_picked":["hermit:LowProfile","hermit:Feint+1"],"picked":"hermit:GhostlyPresence","floor":37},{"not_picked":["hermit:Desperado","hermit:EyeOfTheStorm","hermit:FlashPowder"],"picked":"SKIP","floor":39},{"not_picked":["hermit:BodyArmor+1","hermit:ItchyTrigger+1"],"picked":"hermit:Dive","floor":40},{"not_picked":["hermit:Vantage","hermit:Roulette+1","hermit:Horror"],"picked":"SKIP","floor":42},{"not_picked":["hermit:ItchyTrigger","hermit:Maintenance","hermit:Snipe+1"],"picked":"SKIP","floor":45},{"not_picked":["hermit:Snipe","hermit:FinalCanter","hermit:Vantage+1"],"picked":"SKIP","floor":47},{"not_picked":["hermit:ItchyTrigger","hermit:Determination"],"picked":"hermit:TrackingShot","floor":48}],"player_experience":1617654,"relics_obtained":[{"floor":7,"key":"HornCleat"},{"floor":9,"key":"Dead Branch"},{"floor":12,"key":"Ice Cream"},{"floor":14,"key":"Juzu Bracelet"},{"floor":22,"key":"Red Mask"},{"floor":23,"key":"InkBottle"},{"floor":25,"key":"The Courier"},{"floor":26,"key":"Peace Pipe"},{"floor":27,"key":"Blood Vial"},{"floor":40,"key":"Lantern"},{"floor":43,"key":"Old Coin"},{"floor":45,"key":"Potion Belt"},{"floor":47,"key":"Thread and Needle"}],"event_choices":[{"damage_healed":0,"gold_gain":0,"player_choice":"Bought 1 Potion","damage_taken":0,"max_hp_gain":0,"max_hp_loss":0,"event_name":"The Woman in Blue","floor":4,"gold_loss":0},{"damage_healed":0,"gold_gain":0,"player_choice":"Ignored","damage_taken":0,"max_hp_gain":0,"max_hp_loss":0,"event_name":"Vampires","floor":19,"gold_loss":0},{"damage_healed":0,"gold_gain":0,"player_choice":"Fought Bandits","damage_taken":0,"max_hp_gain":0,"max_hp_loss":0,"event_name":"Masked Bandits","floor":22,"gold_loss":0},{"damage_healed":0,"gold_gain":0,"player_choice":"Shed Blood","damage_taken":19,"max_hp_gain":5,"max_hp_loss":0,"event_name":"Forgotten Altar","floor":31,"gold_loss":0},{"cards_removed":["hermit:Defend_Hermit"],"damage_healed":0,"gold_gain":0,"player_choice":"Purged","damage_taken":0,"max_hp_gain":0,"max_hp_loss":0,"event_name":"Purifier","floor":38,"gold_loss":0},{"damage_healed":0,"gold_gain":0,"cards_transformed":["hermit:Strike_Hermit"],"player_choice":"Transformed","damage_taken":0,"max_hp_gain":0,"max_hp_loss":0,"event_name":"Transmorgrifier","floor":46,"gold_loss":0,"cards_obtained":["hermit:Gambit"]}],"is_beta":false,"boss_relics":[{"not_picked":["hermit:BartenderGlass","Tiny House"],"picked":"Empty Cage"},{"not_picked":["Calling Bell","Philosopher\u0027s Stone"],"picked":"Sozu"}],"items_purged_floors":[0,0],"is_endless":false,"potions_floor_spawned":[2,3,7,10,13,14,22,23,27,28,30,35,36,47,48],"ascension_level":2}}