{"host":"g200jza2br9hmesm","time":1610334007,"event":{"mods":["AchievementEnabler","BaseMod","Colored Map","Downfall","Minty Spire (QoL Compilation)","Quick Restart","Relic Stats","StSLib"],"gold_per_floor":[114,114,39,114,114,114,64,89,115,146,201,101,117,117,117,220,220,232,58,58,58,68,68,68,68,93,93,128,146,146,173,173,173,173],"floor_reached":33,"playtime":1099,"items_purged":["Strike_B","Strike_B","Defend_B"],"score":419,"play_id":"7013e7f2-30ab-4f51-b88a-917b1cd47752","local_time":"20210110220007","is_ascension_mode":true,"campfire_choices":[{"data":"Gash","floor":6,"key":"SMITH"},{"data":"Scrape","floor":15,"key":"SMITH"},{"data":"Zap","floor":23,"key":"SMITH"},{"data":"Beam Cell","floor":25,"key":"SMITH"},{"floor":27,"key":"REST"},{"floor":32,"key":"REST"}],"circlet_count":0,"master_deck":["Defend_B","Zap+1","Dualcast","Gash+1","Scrape+1","Go for the Eyes","Reboot","Beam Cell","Zap+1","Beam Cell+1","Go for the Eyes+1"],"relics":["Cracked Core","NeowsBlessing","Bottled Flame","Akabeko","Strawberry","Nunchaku","Vajra","Empty Cage","Regal Pillow","Mercury Hourglass","Juzu Bracelet"],"acts_visited":["Exordium","TheCity"],"potions_floor_usage":[11,33,33],"damage_taken":[{"damage":0,"enemies":"Jaw Worm","floor":1,"turns":1},{"damage":0,"enemies":"Gremlin Nob","floor":8,"turns":1},{"damage":0,"enemies":"3 Sentries","floor":10,"turns":1},{"damage":23,"enemies":"Gremlin Nob","floor":11,"turns":4},{"damage":0,"enemies":"Small Slimes","floor":13,"turns":1},{"damage":2,"enemies":"Slime Boss","floor":16,"turns":6},{"damage":0,"enemies":"Shell Parasite","floor":18,"turns":2},{"damage":3,"enemies":"Chosen","floor":22,"turns":2},{"damage":28,"enemies":"Gremlin Leader","floor":28,"turns":4},{"damage":15,"enemies":"Snake Plant","floor":29,"turns":3},{"damage":20,"enemies":"Book of Stabbing","floor":31,"turns":3},{"damage":81,"enemies":"Automaton","floor":33,"turns":6}],"seed_played":"1239628299804237025","potions_obtained":[{"floor":1,"key":"Energy Potion"},{"floor":8,"key":"SkillPotion"},{"floor":16,"key":"champ:CounterPotion"},{"floor":29,"key":"Dexterity Potion"},{"floor":31,"key":"PotionOfCapacity"}],"is_trial":false,"path_per_floor":["M","?","$","?","T","R","?","E","T","E","?","$","M","?","R","B",null,"M","$","?","$","M","R","?","R","T","R","E","M","?","E","R","B"],"character_chosen":"DEFECT","items_purchased":["Beam Cell"],"campfire_rested":2,"item_purchase_floors":[19],"current_hp_per_floor":[75,68,68,57,57,57,57,57,64,64,41,41,41,41,41,39,71,71,71,71,71,68,68,52,52,52,87,59,44,44,24,65,0,0],"gold":173,"neow_bonus":"THREE_ENEMY_KILL","is_daily":false,"chose_seed":false,"campfire_upgraded":4,"win_rate":0.0,"timestamp":1610334007,"path_taken":["M","?","$","?","?","R","?","E","T","E","?","$","M","?","R","BOSS","M","$","?","?","M","R","?","R","T","R","E","?","?","E","R","BOSS"],"items_purchased_type":["Card"],"build_version":"2020-12-22","purchased_purges":3,"victory":false,"max_hp_per_floor":[75,75,75,75,75,75,75,75,82,82,82,82,82,82,82,82,82,82,82,82,82,82,82,87,87,87,87,87,87,87,87,87,87,87],"relic_stats":{"Nunchaku":[11],"Regal Pillow":24,"counters":[12,34],"Juzu Bracelet":0,"obtain_stats":[{"Bottled Flame":5,"Nunchaku":10,"Regal Pillow":26,"NeowsBlessing":0,"Strawberry":9,"Vajra":11,"Juzu Bracelet":31,"Cracked Core":0,"Empty Cage":17,"Akabeko":8,"Mercury Hourglass":28},{"Bottled Flame":1,"Nunchaku":3,"Regal Pillow":8,"NeowsBlessing":0,"Strawberry":2,"Vajra":4,"Juzu Bracelet":11,"Cracked Core":0,"Empty Cage":6,"Akabeko":2,"Mercury Hourglass":9},{"Bottled Flame":1,"Nunchaku":3,"Regal Pillow":18,"NeowsBlessing":0,"Strawberry":2,"Vajra":7,"Juzu Bracelet":28,"Cracked Core":0,"Empty Cage":14,"Akabeko":2,"Mercury Hourglass":22}],"Mercury Hourglass":[42]},"card_choices":[{"not_picked":["Coolheaded","Streamline"],"picked":"Gash","floor":1},{"not_picked":["Double Energy","Reinforced Body","Barrage"],"picked":"SKIP","floor":8},{"not_picked":["Recycle","Sweeping Beam","Streamline"],"picked":"SKIP","floor":10},{"not_picked":["Rebound","Hello World"],"picked":"Scrape","floor":11},{"not_picked":["Stack","Ball Lightning"],"picked":"Go for the Eyes","floor":13},{"not_picked":["Amplify","Rainbow"],"picked":"Reboot","floor":16},{"not_picked":["Turbo+1","Steam","Auto Shields+1"],"picked":"SKIP","floor":18},{"not_picked":["Coolheaded","Aggregate+1"],"picked":"Go for the Eyes+1","floor":22},{"not_picked":["Aggregate","Chaos","Leap"],"picked":"SKIP","floor":28},{"not_picked":["Conserve Battery","Hello World+1","Streamline"],"picked":"SKIP","floor":29},{"not_picked":["Ball Lightning","Amplify","Multi-Cast"],"picked":"SKIP","floor":31}],"player_experience":515729,"relics_obtained":[{"floor":5,"key":"Bottled Flame"},{"floor":8,"key":"Akabeko"},{"floor":9,"key":"Strawberry"},{"floor":10,"key":"Nunchaku"},{"floor":11,"key":"Vajra"},{"floor":26,"key":"Regal Pillow"},{"floor":28,"key":"Mercury Hourglass"},{"floor":31,"key":"Juzu Bracelet"}],"event_choices":[{"cards_removed":["Strike_B"],"damage_healed":0,"gold_gain":0,"player_choice":"Card Removal","damage_taken":7,"max_hp_gain":0,"max_hp_loss":0,"event_name":"Golden Wing","floor":2,"gold_loss":0},{"damage_healed":0,"gold_gain":75,"player_choice":"Gather Gold","damage_taken":11,"max_hp_gain":0,"max_hp_loss":0,"event_name":"World of Goop","floor":4,"gold_loss":0},{"cards_removed":["Strike_B"],"damage_healed":0,"gold_gain":0,"player_choice":"Card Removal","damage_taken":0,"max_hp_gain":0,"max_hp_loss":0,"event_name":"The Cleric","floor":7,"gold_loss":50},{"damage_healed":0,"gold_gain":0,"player_choice":"Searched \u00271\u0027 times","damage_taken":0,"max_hp_gain":0,"max_hp_loss":0,"event_name":"Dead Adventurer","floor":11,"gold_loss":0},{"damage_healed":0,"gold_gain":0,"player_choice":"Grow","damage_taken":0,"max_hp_gain":0,"max_hp_loss":0,"event_name":"Living Wall","floor":14,"gold_loss":0,"cards_upgraded":["Zap"]},{"damage_healed":0,"gold_gain":0,"player_choice":"2 cards matched","damage_taken":0,"max_hp_gain":0,"max_hp_loss":0,"event_name":"Match and Keep!","floor":20,"gold_loss":0,"cards_obtained":["Zap","Beam Cell"]},{"damage_healed":0,"gold_gain":0,"player_choice":"Shed Blood","damage_taken":21,"max_hp_gain":5,"max_hp_loss":0,"event_name":"Forgotten Altar","floor":24,"gold_loss":0},{"damage_healed":0,"gold_gain":0,"player_choice":"Ignored","damage_taken":0,"max_hp_gain":0,"max_hp_loss":0,"event_name":"Vampires","floor":30,"gold_loss":0}],"is_beta":false,"boss_relics":[{"not_picked":["Nuclear Battery","Inserter"],"picked":"Empty Cage"}],"items_purged_floors":[3,12,19],"is_endless":false,"potions_floor_spawned":[1,8,16,29,31],"killed_by":"Automaton","ascension_level":5}}