{"host":"xzk9bt2l7avnb6n5","time":1610327211,"event":{"mods":["Aspiration","BaseMod","BetterRewards","Conspire","Downfall","Highlight Path","Infinite Spire","Jorbs\u0027s Wanderer Trilogy","Minty Spire (QoL Compilation)","READ ME - Guardian Mod","Replay The Spire","Shop Mod","StSLib","The Bug Knight","The Disciple","The Jungle","The Servant 0.9.4","The Wild Card"],"gold_per_floor":[99,116,116,116,116,116,116,0,15,15,42,54,54,84,95,191,191,191,211,227,227,227,227,227,227,227,7,22,22,34,65,81,178,178,249,267,267,277,297,311,311,394,244,261,272,27,127,146,161,161],"floor_reached":51,"playtime":2525,"items_purged":["Slimebound:Icky"],"score":769,"play_id":"5edb5655-3295-400f-bc24-fcde49f201fb","local_time":"20210110180651","is_ascension_mode":false,"campfire_choices":[{"data":"theWildCard:Metatron","floor":6,"key":"SMITH"},{"data":"champ:Execute","floor":13,"key":"SMITH"},{"floor":18,"key":"RECALL"},{"floor":25,"key":"REST"},{"floor":29,"key":"REST"},{"floor":43,"key":"REST"}],"circlet_count":0,"master_deck":["champ:Strike","champ:Strike","champ:Strike","champ:Strike","champ:Defend","champ:Defend","champ:Defend","champ:Defend","champ:Execute+1","champ:Taunt","champ:PerfectedStrike","theWildCard:Metatron+1","champ:FalseCounter","champ:IronFortress+1","champ:CrookedStrike","champ:Circumvent","champ:StanceDance","champ:SkillfulDodge","champ:CrownThrow","Demon Form","CurseOfTheBell","champ:AdrenalArmor+1","champ:GutPunch","ReplayTheSpireMod:Book of Names","infinitespire:FinalStrike","champ:Backstep+1","champ:CrookedStrike+1","champ:EndlessRage+1","champ:BringItOn+1","champ:MurderStrike","Slimebound:Icky","stsjorbsmod:Procrastination","champ:GladiatorStyle+1","champ:GladiatorsShout+1","champ:ShieldWall"],"relics":["Bag of Preparation","infinitespire:ShieldingShard","m_IronCrown","Question Card","Replay:Grab Bag","Sozu","Philosopher\u0027s Stone","Calling Bell","Vajra","Onion Ring","Lizard Tail","aspiration:RitualStick","Strawberry","infinitespire:Eraser","Medical Kit","Replay:Bottled Snecko","Replay:Ancient Bell","Gremlin Food","Snack Pack","CaptainsWheel","aspiration:StickyExplosives_weak","MealTicket","downfall:HeartBlessingRed","downfall:HeartBlessingBlue","champ:BerserkersGuideToSlaughter"],"acts_visited":["Exordium","TheCity","TheBeyond"],"potions_floor_usage":[16],"damage_taken":[{"damage":12,"enemies":"Small Slimes","floor":2,"turns":5},{"damage":12,"enemies":"downfall:FleeingMerchant","floor":8,"turns":4},{"damage":0,"enemies":"2 Louse","floor":9,"turns":3},{"damage":8,"enemies":"Jaw Worm","floor":12,"turns":5},{"damage":24,"enemies":"3 Sentries","floor":14,"turns":5},{"damage":6,"enemies":"2 Fungi Beasts","floor":15,"turns":3},{"damage":119,"enemies":"downfall:Ironclad","floor":16,"turns":14},{"damage":16,"enemies":"Chosen","floor":19,"turns":4},{"damage":5,"enemies":"conspire:HollyBat","floor":20,"turns":7},{"damage":19,"enemies":"downfall:FleeingMerchant","floor":27,"turns":4},{"damage":0,"enemies":"3 Cultists","floor":28,"turns":2},{"damage":1,"enemies":"Chosen and Byrds","floor":30,"turns":3},{"damage":13,"enemies":"Book of Stabbing","floor":31,"turns":5},{"damage":0,"enemies":"Centurion and Healer","floor":32,"turns":3},{"damage":42,"enemies":"downfall:Watcher","floor":33,"turns":8},{"damage":0,"enemies":"3 Shapes","floor":36,"turns":3},{"damage":0,"enemies":"Orb Walker","floor":38,"turns":3},{"damage":18,"enemies":"Jaw Worm Horde","floor":39,"turns":2},{"damage":26,"enemies":"Spire Growth","floor":40,"turns":5},{"damage":14,"enemies":"4 Shapes","floor":44,"turns":2},{"damage":0,"enemies":"Sphere and 2 Shapes","floor":45,"turns":1},{"damage":14,"enemies":"downfall:FleeingMerchant","floor":46,"turns":4},{"damage":31,"enemies":"Jaw Worm Horde","floor":48,"turns":5},{"damage":0,"enemies":"4 Shapes","floor":49,"turns":1},{"damage":65,"enemies":"downfall:Silent","floor":50,"turns":9}],"seed_played":"4231332099672114082","potions_obtained":[{"floor":1,"key":"Venom Potion"},{"floor":1,"key":"FairyPotion"},{"floor":15,"key":"Milkshake"},{"floor":16,"key":"Block Potion"}],"is_trial":false,"path_per_floor":["R","M","?","?","?","R","T","$","M","?","T","M","R","E","M","B",null,"R","M","M","?","AVR","?","T","R","?","$","M","R","M","E","M","B",null,"R","M","?","M","M","M","T","?","R","M","M","$","?","M","M","B",null],"character_chosen":"THE_CHAMP","items_purchased":["champ:IronFortress+1","champ:CrookedStrike","Medical Kit","champ:CrookedStrike","champ:BerserkersGuideToSlaughter"],"campfire_rested":3,"item_purchase_floors":[8,8,27,27,46],"current_hp_per_floor":[99,92,92,92,92,92,92,95,95,95,95,98,98,80,85,40,99,99,89,97,77,84,58,58,89,89,81,87,106,106,101,106,77,106,106,106,106,106,96,78,78,52,96,88,94,101,101,78,84,34],"gold":161,"neow_bonus":"TEN_PERCENT_HP_BONUS","is_daily":false,"chose_seed":false,"campfire_upgraded":2,"win_rate":0.0,"timestamp":1610327211,"path_taken":["R","M","?","?","?","R","T","$","M","?","?","M","R","E","M","BOSS","R","M","M","?","AVR","?","T","R","?","$","M","R","M","E","M","BOSS","R","M","?","M","M","M","T","?","R","M","M","$","?","M","M","BOSS"],"items_purchased_type":["Card","Card","Relic","Card","Relic"],"build_version":"2020-12-22","purchased_purges":1,"victory":true,"max_hp_per_floor":[99,99,99,99,99,99,99,99,99,99,99,99,99,99,99,99,99,99,99,99,99,106,106,106,106,106,106,106,106,106,106,106,106,106,106,106,106,106,106,106,106,106,116,116,116,116,116,116,116,116],"card_choices":[{"not_picked":["champ:BladeFlurry","champ:Haymaker"],"picked":"champ:PerfectedStrike","floor":2},{"not_picked":["champ:RisingSlash","champ:BladeFlurry"],"picked":"champ:FalseCounter","floor":8},{"not_picked":["champ:BerserkerStyle","champ:Backstep"],"picked":"champ:Circumvent","floor":9},{"not_picked":["champ:PerfectedStrike","champ:FocusedBerserking"],"picked":"champ:StanceDance","floor":12},{"not_picked":["champ:ShieldWall","champ:BladeFlurry"],"picked":"champ:SkillfulDodge","floor":14},{"not_picked":["champ:BerserkersShout","champ:DefensiveShout","champ:RapidStrikes"],"picked":"champ:CrownThrow","floor":15},{"not_picked":["champ:HeavySlash","Offering","champ:HoldFirm"],"picked":"Demon Form","floor":16},{"not_picked":["champ:PreciseThrust","champ:BerserkerStyle","champ:Circumvent"],"picked":"champ:AdrenalArmor+1","floor":19},{"not_picked":["champ:TornadoPunch+1","champ:BladeFlurry","champ:HeavySlash"],"picked":"champ:GutPunch","floor":20},{"not_picked":["ReplayTheSpireMod:??????????????????????","infinitespire:FutureSight"],"picked":"infinitespire:FinalStrike","floor":23},{"not_picked":["champ:StanceDance","champ:Circumvent","champ:EndlessRage"],"picked":"champ:Backstep+1","floor":27},{"not_picked":["champ:TornadoPunch","champ:Haymaker","champ:Backstep"],"picked":"champ:EndlessRage+1","floor":28},{"not_picked":["champ:FocusedBerserking","champ:BerserkersShout","champ:Shatter+1","champ:ArenaPreparation"],"picked":"SKIP","floor":30},{"not_picked":["champ:FlashCut","champ:StanceDance","champ:FanOfKnives","champ:Riposte"],"picked":"SKIP","floor":31},{"not_picked":["champ:FaceSlap","champ:FocusedGladiator","champ:GladiatorsShout+1"],"picked":"champ:BringItOn+1","floor":32},{"not_picked":["champ:VampiricStrike","champ:ShieldSlam","champ:DancingMaster"],"picked":"champ:MurderStrike","floor":33},{"not_picked":["AbeCurse","Languid","ReplayTheSpireMod:Faulty Equipment"],"picked":"Slimebound:Icky","floor":34},{"not_picked":["Looming Evil","ReplayTheSpireMod:IOU","SwitchConfidence"],"picked":"stsjorbsmod:Procrastination","floor":34},{"not_picked":["SwitchConfidence","Delirium","Hallucinations"],"picked":"Slimebound:Icky","floor":34},{"not_picked":["champ:ArenaPreparation","champ:CalledShot","champ:Haymaker+1"],"picked":"champ:GladiatorStyle+1","floor":36},{"not_picked":["champ:FalseCounter+1","champ:StanceDance","champ:HeavySlash","champ:FocusedDefense"],"picked":"SKIP","floor":38},{"not_picked":["champ:Encircle","champ:BladeFlurry+1","champ:PreciseThrust"],"picked":"champ:GladiatorsShout+1","floor":39},{"not_picked":["champ:CrookedStrike+1","champ:ViciousMockery+1","champ:PreciseThrust+1","champ:PerfectedStrike"],"picked":"SKIP","floor":40},{"not_picked":["champ:BladeFlurry","champ:Circumvent+1","champ:FanOfKnives","champ:BringItOn+1"],"picked":"SKIP","floor":44},{"not_picked":["champ:DefensiveShout+1","champ:Encircle+1","champ:GutPunch+1","champ:Circumvent+1"],"picked":"SKIP","floor":45},{"not_picked":["champ:FocusedDefense+1","champ:TornadoPunch","champ:Circumvent","champ:GladiatorsShout+1"],"picked":"SKIP","floor":46},{"not_picked":["champ:PerfectedStrike+1","champ:GutPunch","champ:BerserkersShout"],"picked":"champ:ShieldWall","floor":48},{"not_picked":["champ:DefensiveStyle","champ:Lariat+1","champ:FanOfKnives","champ:FightOn"],"picked":"SKIP","floor":49}],"player_experience":477559,"relics_obtained":[{"floor":5,"key":"Bag of Preparation"},{"floor":7,"key":"infinitespire:ShieldingShard"},{"floor":14,"key":"Question Card"},{"floor":17,"key":"Vajra"},{"floor":17,"key":"Onion Ring"},{"floor":17,"key":"Lizard Tail"},{"floor":24,"key":"infinitespire:Eraser"},{"floor":31,"key":"Replay:Bottled Snecko"},{"floor":41,"key":"aspiration:StickyExplosives_weak"},{"floor":42,"key":"MealTicket"}],"event_choices":[{"damage_healed":0,"gold_gain":0,"player_choice":"Ignored","damage_taken":0,"max_hp_gain":0,"max_hp_loss":0,"event_name":"Transmorgrifier","floor":26,"gold_loss":0}],"is_beta":false,"boss_relics":[{"not_picked":["Replay:Drink Me","Ring of Chaos"],"picked":"Replay:Grab Bag"},{"not_picked":["Abe\u0027s Treasure","Coffee Dripper"],"picked":"Sozu"},{"not_picked":["conspire:RoyalGoblet","Runic Dome"],"picked":"Philosopher\u0027s Stone"},{"not_picked":["Empty Cage","Runic Pyramid"],"picked":"Calling Bell"},{"not_picked":["aspiration:PoetsPen_weak","Honey Jar"],"picked":"Replay:Ancient Bell"},{"not_picked":["infinitespire:Beetle Shell","ReplayTheSpireMod:Lightbulb"],"picked":"Gremlin Food"},{"not_picked":["InkBottle","Kunai"],"picked":"Snack Pack"},{"not_picked":["infinitespire:CursedDice","Old Coin"],"picked":"CaptainsWheel"}],"items_purged_floors":[46],"is_endless":false,"potions_floor_spawned":[15,16,20,28,31,40,44,45,49],"ascension_level":0}}