{"host":"z42sc0n2dozsmk72","time":1610342594,"event":{"mods":["AchievementEnabler","BaseMod","Better Third Choice","Colored Map","Curses Come First","Highlight Path","Minty Spire (QoL Compilation)","Permanent Neow","Quick Restart","Relic Stats","Shop Mod","StSLib","egg","slay the spire mod where everything is the same but ironclad has a cowboy hat"],"gold_per_floor":[114,133,148,161,177,177,157,168,218,245,261,261,276,307,307,412,412,432,357,357,357,357,357,357],"floor_reached":23,"playtime":1451,"items_purged":[],"score":213,"play_id":"329c3c4b-20a1-40ae-bcd5-d52a3e89e337","local_time":"20210111182314","is_ascension_mode":true,"campfire_choices":[{"data":"TalkToTheHand","floor":6.0,"key":"SMITH"},{"data":"Devotion","floor":12.0,"key":"SMITH"},{"data":"TalkToTheHand","floor":15.0,"key":"SMITH"}],"circlet_count":0,"master_deck":["Eruption","Vigilance","TalkToTheHand+1","MentalFortress","Halt","Devotion+1","ClearTheMind","TalkToTheHand+1","DevaForm","EmptyFist"],"relics":["VioletLotus","Blood Vial","Potion Belt","InkBottle","SacredBark","Eternal Feather"],"acts_visited":["Exordium","TheCity"],"potions_floor_usage":[18,18,23],"damage_taken":[{"damage":7.0,"enemies":"Small Slimes","floor":1.0,"turns":6.0},{"damage":3.0,"enemies":"Cultist","floor":2.0,"turns":4.0},{"damage":0.0,"enemies":"2 Louse","floor":3.0,"turns":3.0},{"damage":0.0,"enemies":"Exordium Wildlife","floor":4.0,"turns":5.0},{"damage":6.0,"enemies":"Blue Slaver","floor":5.0,"turns":4.0},{"damage":0.0,"enemies":"3 Louse","floor":8.0,"turns":5.0},{"damage":5.0,"enemies":"Gremlin Nob","floor":10.0,"turns":3.0},{"damage":1.0,"enemies":"2 Fungi Beasts","floor":11.0,"turns":4.0},{"damage":4.0,"enemies":"Looter","floor":13.0,"turns":4.0},{"damage":12.0,"enemies":"Lagavulin","floor":14.0,"turns":9.0},{"damage":17.0,"enemies":"Slime Boss","floor":16.0,"turns":8.0},{"damage":22,"enemies":"2 Thieves","floor":18,"turns":5},{"damage":57,"enemies":"Book of Stabbing","floor":23,"turns":8}],"seed_played":"-1151411338397167578","potions_obtained":[{"floor":1.0,"key":"DistilledChaos"},{"floor":2.0,"key":"Energy Potion"},{"floor":7.0,"key":"CultistPotion"},{"floor":8.0,"key":"Swift Potion"},{"floor":11.0,"key":"Fruit Juice"},{"floor":13.0,"key":"Fire Potion"},{"floor":14.0,"key":"StancePotion"},{"floor":18,"key":"SneckoOil"}],"is_trial":false,"path_per_floor":["M","M","M","M","M","R","?","M","T","E","M","R","M","E","R","B",null,"M","?","?","T","?","E"],"character_chosen":"WATCHER","items_purchased":[],"campfire_rested":0,"item_purchase_floors":[],"current_hp_per_floor":[65,62,62,62,56,56,56,56,56,53,54,54,52,42,42,27,72,50,50,50,50,50,0,0],"gold":357,"neow_bonus":"BOSS_RELIC","is_daily":false,"chose_seed":false,"campfire_upgraded":3,"win_rate":0.0,"timestamp":1610342594,"path_taken":["M","M","M","M","M","R","?","M","T","E","?","R","M","E","R","BOSS","M","?","?","?","?","E"],"items_purchased_type":[],"build_version":"2020-12-22","purchased_purges":0,"victory":false,"max_hp_per_floor":[72,72,72,72,72,72,72,72,72,72,72,72,72,72,72,72,72,72,72,72,72,72,72,72],"relic_stats":{"Blood Vial":12,"counters":[13,68],"Eternal Feather":0,"VioletLotus":[21],"obtain_stats":[{"Blood Vial":9,"Potion Belt":10,"SacredBark":17,"Eternal Feather":21,"VioletLotus":0,"PureWater":0,"InkBottle":14},{"Blood Vial":6,"Potion Belt":7,"SacredBark":11,"Eternal Feather":12,"VioletLotus":0,"PureWater":0,"InkBottle":10},{"Blood Vial":27,"Potion Belt":30,"SacredBark":55,"Eternal Feather":60,"VioletLotus":0,"PureWater":0,"InkBottle":47}],"InkBottle":[6]},"card_choices":[{"not_picked":["SignatureMove","SashWhip"],"picked":"TalkToTheHand","floor":1.0},{"not_picked":["Crescendo","Swivel","WindmillStrike"],"picked":"SKIP","floor":2.0},{"not_picked":["LikeWater","InnerPeace"],"picked":"MentalFortress","floor":3.0},{"not_picked":["FlyingSleeves","Indignation","BowlingBash"],"picked":"SKIP","floor":4.0},{"not_picked":["CutThroughFate","JustLucky"],"picked":"Halt","floor":5.0},{"not_picked":["EmptyFist","CrushJoints","FlyingSleeves"],"picked":"SKIP","floor":8.0},{"not_picked":["Evaluate","Halt","JustLucky"],"picked":"SKIP","floor":10.0},{"not_picked":["InnerPeace","Halt"],"picked":"Devotion","floor":11.0},{"not_picked":["BowlingBash","InnerPeace"],"picked":"ClearTheMind","floor":13.0},{"not_picked":["FlyingSleeves","CutThroughFate"],"picked":"TalkToTheHand","floor":14.0},{"not_picked":["Wish","Blasphemy"],"picked":"DevaForm","floor":16.0},{"not_picked":["Prostrate+1","Indignation+1"],"picked":"EmptyFist","floor":18}],"player_experience":831321,"relics_obtained":[{"floor":9.0,"key":"Blood Vial"},{"floor":10.0,"key":"Potion Belt"},{"floor":14.0,"key":"InkBottle"},{"floor":21,"key":"Eternal Feather"}],"event_choices":[{"damage_healed":0.0,"max_hp_gain":0.0,"max_hp_loss":0.0,"gold_gain":0.0,"event_name":"The Woman in Blue","player_choice":"Bought 1 Potion","floor":7.0,"gold_loss":0.0,"damage_taken":0.0},{"cards_removed":["Defend_P"],"damage_healed":0,"gold_gain":0,"player_choice":"Gave Gold","damage_taken":0,"max_hp_gain":0,"max_hp_loss":0,"event_name":"Beggar","floor":19,"gold_loss":75},{"damage_healed":0,"gold_gain":0,"player_choice":"Materialism","damage_taken":0,"max_hp_gain":0,"max_hp_loss":7,"event_name":"betterThird:BetterWriting","floor":20,"gold_loss":0},{"damage_healed":0,"gold_gain":0,"player_choice":"Ignored","damage_taken":0,"max_hp_gain":0,"max_hp_loss":0,"event_name":"Ghosts","floor":22,"gold_loss":0}],"is_beta":false,"boss_relics":[{"not_picked":["Coffee Dripper","Empty Cage"],"picked":"SacredBark"}],"items_purged_floors":[],"is_endless":false,"potions_floor_spawned":[1,2,8,11,13,14,18],"killed_by":"Book of Stabbing","ascension_level":1}}