{"host":"g1wmg2w41xhsnw8g","time":1610395737,"event":{"mods":["2.2 Compatiblity","Act Like it!","Aspiration","BaseMod","Better Altar","Better Match","Better Note","Better Sensory Stone","Better Skull","Better Third Choice","BetterRewards","Booster Modes","CapriCore","Colored Map","Colored Powertips","Curses Come First","Defuse TimeMaze Blight","Displayed Cursed Tome","Evolution","Friendly Minions","GifTheSpireLib","Good Game Mod","Googly Eyes","Infinite Spire","Minty Spire (QoL Compilation)","Red Circlet Mod","Relic Sorter","SCP261 Mod","Shade Mod","Shop Mod","Spicy Shops","StSLib","The Blackbeard","The Bug Knight","The Sage","Transform Curses","Wandering Minibosses","????"],"gold_per_floor":[116,127,127,140,140,140,156,188,240,253,22,56,56,56,56,56],"floor_reached":14,"playtime":609,"items_purged":["Injury"],"score":130,"play_id":"edd3ffb3-0500-406e-9ab0-77356a9dc171","local_time":"20210111150857","daily_mods":["SealedDeck","Specialized","Heirloom","Elite Swarm"],"is_ascension_mode":true,"campfire_choices":[{"data":"blackbeard:RemoveScurvy","floor":6,"key":"SMITH"}],"circlet_count":0,"master_deck":["blackbeard:Provisioning","blackbeard:Provisioning","blackbeard:Provisioning","blackbeard:Provisioning","blackbeard:Provisioning","blackbeard:Toast","blackbeard:CloakAndCannonball","blackbeard:Fencing","blackbeard:Shrapnel","blackbeard:Dagger","blackbeard:CannonballSupply","blackbeard:PirateStrength","blackbeard:PowerHungry","blackbeard:PowderKeg","blackbeard:RemoveScurvy+1","Envenom","blackbeard:BlindAttacks","blackbeard:BeatUp","blackbeard:Halberd","blackbeard:HumongousCannonball","Parasite","Parasite","infinitespire:FutureSight"],"relics":["blackbeard:LoadTheCannons","REME:ComplimentaryCards","EVO:Axolotl","Torii","Frozen Egg 2","infinitespire:Joker Card","infinitespire:Beetle Shell","Strawberry","Akabeko"],"acts_visited":["Exordium"],"potions_floor_usage":[1,1,1,2,4,4,4,8,8,10,10,12,12,12,12,14,14,14,14],"damage_taken":[{"damage":6,"enemies":"Cultist","floor":1,"turns":3},{"damage":1,"enemies":"2 Louse","floor":2,"turns":3},{"damage":8,"enemies":"Jaw Worm","floor":4,"turns":3},{"damage":0,"enemies":"Lots of Slimes","floor":7,"turns":1},{"damage":27,"enemies":"Gremlin Nob","floor":8,"turns":4},{"damage":13,"enemies":"Red Slaver","floor":10,"turns":2},{"damage":42,"enemies":"3 Sentries","floor":12,"turns":5},{"damage":14,"enemies":"Gremlin Nob","floor":14,"turns":2}],"seed_played":"744366276642729236","potions_obtained":[{"floor":2,"key":"SteroidPotion"},{"floor":3,"key":"blackbeard:UpgradePotion"},{"floor":3,"key":"sagemod:Wine"},{"floor":7,"key":"PowerPotion"}],"is_trial":true,"path_per_floor":["M","M","?","M","?","R","M","E","T","M","R","E","?","E"],"character_chosen":"BLACKBEARD_CLASS","items_purchased":["Strawberry"],"campfire_rested":0,"item_purchase_floors":[11],"current_hp_per_floor":[69,73,73,65,65,65,65,38,38,25,32,6,6,0,0,0],"gold":56,"neow_bonus":"","is_daily":false,"chose_seed":false,"campfire_upgraded":1,"win_rate":0.0,"timestamp":1610395737,"path_taken":["M","M","?","?","?","R","M","E","T","M","R","E","?","E"],"items_purchased_type":["Relic"],"build_version":"2020-12-22","purchased_purges":1,"victory":false,"max_hp_per_floor":[75,75,75,75,75,75,75,75,75,75,82,82,82,82,82,82],"card_choices":[{"not_picked":["blackbeard:GoldenDefense","blackbeard:RemoveScurvy"],"picked":"blackbeard:BlindAttacks","floor":1},{"not_picked":["blackbeard:Toast","blackbeard:Eyepatch","blackbeard:GoldenStrike"],"picked":"SKIP","floor":2},{"not_picked":["blackbeard:Provisioning","blackbeard:DeadlyArsenal"],"picked":"blackbeard:BeatUp","floor":4},{"not_picked":["blackbeard:JollyRoger","blackbeard:BeatUp","blackbeard:WiseDefense"],"picked":"SKIP","floor":7},{"not_picked":["blackbeard:Lifeboat","blackbeard:Murder"],"picked":"blackbeard:Halberd","floor":8},{"not_picked":["blackbeard:Fencing","blackbeard:TacticalRetreat","blackbeard:WoodenLeg+1"],"picked":"SKIP","floor":10},{"not_picked":["blackbeard:WeaponMastery+1","blackbeard:PowerHungry"],"picked":"blackbeard:HumongousCannonball","floor":12},{"not_picked":["infinitespire:NeuralNetwork","infinitespire:Execution"],"picked":"infinitespire:FutureSight","floor":13}],"player_experience":1037346,"relics_obtained":[{"floor":8,"key":"infinitespire:Joker Card"},{"floor":9,"key":"infinitespire:Beetle Shell"},{"floor":12,"key":"Akabeko"}],"event_choices":[{"damage_healed":0,"gold_gain":0,"player_choice":"Got Potions","damage_taken":0,"max_hp_gain":0,"max_hp_loss":0,"event_name":"Lab","floor":3,"gold_loss":0}],"is_beta":false,"boss_relics":[],"items_purged_floors":[11],"is_endless":false,"potions_floor_spawned":[2,7,8],"killed_by":"Gremlin Nob","ascension_level":1}}