{"host":"dxvlkuh9hlaz4yxf","time":1610356736,"event":{"mods":["BaseMod","Colored Map","Downfall","GifTheSpireLib","Minty Spire (QoL Compilation)","Rare Cards Sparkle","Replay The Spire","StSLib","The Construct","The Mystic","Waifu the Spire"],"gold_per_floor":[111,131,146,146,146,146,146],"floor_reached":6,"playtime":219,"items_purged":[],"score":36,"play_id":"6d63bdb9-a221-4760-be32-25352356ad45","local_time":"20210111011856","is_ascension_mode":false,"campfire_choices":[],"circlet_count":0,"master_deck":["mysticmod:Strike_Mystic","mysticmod:Strike_Mystic","mysticmod:Strike_Mystic","mysticmod:Defend_Mystic","mysticmod:Defend_Mystic","mysticmod:Defend_Mystic","mysticmod:Defend_Mystic","mysticmod:ArcaneDodge","mysticmod:ShockingGrasp","mysticmod:Snowball","mysticmod:EnchantedMoulinet","mysticmod:ComboCaster","Looming Evil","mysticmod:TomeOfSpells+1"],"relics":["mysticmod:SpellBook","ReplayTheSpireMod:Ring of Challenge","Ring of Hypnosis"],"acts_visited":["Exordium"],"potions_floor_usage":[],"damage_taken":[{"damage":0.0,"enemies":"Small Slimes","floor":1.0,"turns":2.0},{"damage":0.0,"enemies":"2 Louse","floor":2.0,"turns":2.0},{"damage":0.0,"enemies":"Jaw Worm","floor":3.0,"turns":3.0},{"damage":0,"enemies":"Gremlin Nob","floor":6,"turns":1}],"seed_played":"-555219924805680286","potions_obtained":[{"floor":2.0,"key":"Adrenaline Potion"}],"is_trial":false,"path_per_floor":["M","M","M","?","?","E"],"character_chosen":"MYSTIC_CLASS","items_purchased":[],"campfire_rested":0,"item_purchase_floors":[],"current_hp_per_floor":[84,84,84,84,84,84,84],"gold":146,"neow_bonus":"TEN_PERCENT_HP_BONUS","is_daily":false,"chose_seed":false,"campfire_upgraded":0,"win_rate":0.0,"timestamp":1610356736,"path_taken":["M","M","M","?","?","E"],"items_purchased_type":[],"build_version":"2020-12-22","purchased_purges":0,"victory":false,"max_hp_per_floor":[84,84,84,84,84,84,84],"card_choices":[{"not_picked":["mysticmod:Alacrity","mysticmod:Probe"],"picked":"mysticmod:Snowball","floor":1.0},{"not_picked":["mysticmod:ComponentsPouch","mysticmod:HeavyStrike"],"picked":"mysticmod:EnchantedMoulinet","floor":2.0},{"not_picked":["mysticmod:CureLightWounds","mysticmod:Stoneskin"],"picked":"mysticmod:ComboCaster","floor":3.0}],"player_experience":61407,"relics_obtained":[{"floor":4.0,"key":"ReplayTheSpireMod:Ring of Challenge"},{"floor":4.0,"key":"Ring of Hypnosis"}],"event_choices":[],"is_beta":false,"boss_relics":[],"items_purged_floors":[],"is_endless":false,"potions_floor_spawned":[2],"killed_by":"Gremlin Nob","ascension_level":0}}