{"host":"5apxsqgkueisybsc","time":1610324906,"event":{"mods":["A Magickal Journey","BaseMod","Better Third Choice","DeckTracker","Hermit","Hubris","Hunter ??","Mimic Mod","Minty Spire (QoL Compilation)","Random Character Button","Rare Cards Sparkle","Replay The Spire","SOS???????","Shade Mod","StSLib","The Blackbeard","The Bladedancer","The Bug Knight","The Clintock","The Cursed","The Disciple","The Druid","The Exalted","The Forsaken","The Judge","The Servant 0.9.4","The Valiant","The Witch"],"gold_per_floor":[115,115,132,148,1,32,32,48,122,122,139,139,175,175,175,279,379,398,36,36,36,36],"floor_reached":21,"playtime":1112,"items_purged":[],"score":177,"play_id":"171a823d-21b5-47a1-a5bb-7e253724e403","local_time":"20210110192826","is_ascension_mode":false,"campfire_choices":[{"data":"hermit:Desperado","floor":7,"key":"SMITH"},{"data":"hermit:Showdown","floor":10,"key":"SMITH"}],"circlet_count":0,"master_deck":["hermit:Strike_Hermit","hermit:Strike_Hermit","hermit:Strike_Hermit","hermit:Strike_Hermit","hermit:Defend_Hermit","hermit:Defend_Hermit","hermit:Defend_Hermit","hermit:Defend_Hermit","hermit:Snapshot","hermit:Covet","hermit:Desperado+1","hubris:Compulsion","hermit:Malice","hermit:HoleUp+1","hermit:Brawl","hermit:Showdown+1","hermit:BigShot","hermit:CalledShot","hermit:EternalForm","hermit:Combo+1","hermit:Deadeye","Deep Breath"],"relics":["hermit:Momento","hubris:DisguiseKit","hermit:PetGhost","theForsaken:ScaryMask","Darkstone Periapt","hubris:Icosahedron","Regal Pillow","Replay:Wanted Poster","Replay:PocketPolymizer"],"acts_visited":["Exordium","TheCity"],"potions_floor_usage":[6,6,16,16,18],"damage_taken":[{"damage":5,"enemies":"2 Louse","floor":1,"turns":3},{"damage":10,"enemies":"Small Slimes","floor":3,"turns":4},{"damage":1,"enemies":"Jaw Worm","floor":4,"turns":2},{"damage":17,"enemies":"Lagavulin","floor":6,"turns":8},{"damage":9,"enemies":"Exordium Thugs","floor":8,"turns":5},{"damage":11,"enemies":"Large Slime","floor":11,"turns":4},{"damage":0,"enemies":"Lots of Slimes","floor":13,"turns":9},{"damage":9,"enemies":"The Guardian","floor":16,"turns":13},{"damage":45,"enemies":"3 Byrds","floor":18,"turns":6},{"damage":100029,"enemies":"Shell Parasite","floor":21,"turns":4}],"seed_played":"-6978345723103924193","potions_obtained":[{"floor":1,"key":"Toxic Potion"},{"floor":3,"key":"EssenceOfSteel"},{"floor":8,"key":"SpeedPotion"},{"floor":14,"key":"LiquidBronze"},{"floor":14,"key":"ColorlessPotion"},{"floor":16,"key":"Swift Potion"}],"is_trial":false,"path_per_floor":["M","?","M","M","$","E","R","M","T","R","M","?","MIM","?","R","B",null,"M","$","?","M"],"character_chosen":"HERMIT","items_purchased":["hermit:PetGhost","hermit:Deadeye","Replay:PocketPolymizer"],"campfire_rested":0,"item_purchase_floors":[5,19,19],"current_hp_per_floor":[77,77,67,66,66,49,49,40,40,40,29,29,29,29,68,59,82,37,37,25,0,0],"gold":36,"neow_bonus":"TEN_PERCENT_HP_BONUS","is_daily":false,"chose_seed":false,"campfire_upgraded":2,"win_rate":0.0,"timestamp":1610324906,"path_taken":["M","?","M","M","$","E","R","M","T","R","M","?","?","?","R","BOSS","M","?","?","M"],"items_purchased_type":["Relic","Card","Relic"],"build_version":"2020-12-22","purchased_purges":0,"victory":false,"max_hp_per_floor":[82,82,82,82,82,82,82,82,82,82,82,82,82,82,82,82,82,82,82,82,82,82],"card_choices":[{"not_picked":["hermit:Glare","hermit:BodyArmor"],"picked":"hermit:Desperado","floor":1},{"not_picked":["hermit:WideOpen","hermit:Misfire","WordoMod:GivesYouHell"],"picked":"hermit:Malice","floor":3},{"not_picked":["hermit:LoneWolf","hermit:Horror","WordoMod:ConjureTheDamned"],"picked":"hermit:HoleUp","floor":4},{"not_picked":["hermit:WideOpen","hermit:ItchyTrigger","WordoMod:InfectiousCulture"],"picked":"hermit:Brawl","floor":6},{"not_picked":["hermit:Cheat","hermit:Shortfuse","WordoMod:Unchained"],"picked":"hermit:Showdown","floor":8},{"not_picked":["hermit:Glare","hermit:Roulette","WordoMod:ThornedFist"],"picked":"hermit:BigShot","floor":11},{"not_picked":["hermit:Feint","hermit:Quickdraw","WordoMod:Parry"],"picked":"hermit:CalledShot","floor":13},{"not_picked":["hermit:Reprieve","hermit:Dissolve","WordoMod:GreatSeal"],"picked":"hermit:EternalForm","floor":16},{"not_picked":["hermit:Snipe","hermit:Quickdraw","WordoMod:BurdenOfSin"],"picked":"hermit:Combo+1","floor":18}],"player_experience":111730,"relics_obtained":[{"floor":6,"key":"theForsaken:ScaryMask"},{"floor":9,"key":"Darkstone Periapt"},{"floor":13,"key":"Regal Pillow"}],"event_choices":[{"damage_healed":0,"gold_gain":0,"player_choice":"Got Potions","damage_taken":0,"max_hp_gain":0,"max_hp_loss":0,"event_name":"Lab","floor":14,"gold_loss":0},{"damage_healed":0,"gold_gain":0,"player_choice":"CARD ","damage_taken":12,"max_hp_gain":0,"max_hp_loss":0,"event_name":"Knowing Skull","floor":20,"potions_obtained":[],"gold_loss":0,"cards_obtained":["Deep Breath"]}],"is_beta":false,"boss_relics":[{"not_picked":["SacredBark","Bromod:ArcaneEnergize"],"picked":"Replay:Wanted Poster"}],"items_purged_floors":[],"is_endless":false,"potions_floor_spawned":[1,3,8,16],"killed_by":"Shell Parasite","ascension_level":0}}