{"host":"on8rz1ayhhz269sg","time":1610364934,"event":{"mods":["BaseMod","Downfall","Minty Spire (QoL Compilation)","Remilia£®¿Ÿ√◊¿Ú—«£©","StSLib","The Cursed"],"gold_per_floor":[99,118,133,152,171,181,208,228,228,17,31,43,43,54,65,164,164,164,174,193,293,293,293,340,360,39,39,55,55,55,55,65,163,163,163,173,189,14,14,28,53,53,65,93,110,110,127,17,35,35,35,35],"floor_reached":50,"playtime":5491,"items_purged":[],"score":499,"play_id":"1a0a953b-0353-4531-8e29-66733c815d5d","local_time":"20210111193534","is_ascension_mode":false,"campfire_choices":[{"data":"Guardian:TwinSlam","floor":1.0,"key":"SMITH"},{"floor":9.0,"key":"REST"},{"data":"Guardian:PiercingHide","floor":13.0,"key":"SMITH"},{"data":"Guardian:EvasiveProtocol","floor":18.0,"key":"SMITH"},{"data":"Guardian:Orbwalk","floor":27.0,"key":"SMITH"},{"data":"Guardian:EvasiveProtocol","floor":29.0,"key":"SMITH"},{"data":"Guardian:FloatingOrbs","floor":35.0,"key":"SMITH"},{"data":"Guardian:SphericShield","floor":42,"key":"SMITH"},{"floor":46,"key":"REST"}],"circlet_count":0,"master_deck":["Guardian:Strike_Guardian","Guardian:Strike_Guardian","Guardian:Strike_Guardian","Guardian:Strike_Guardian","Guardian:Defend_Guardian","Guardian:Defend_Guardian","Guardian:Defend_Guardian","Guardian:Defend_Guardian","Guardian:CurlUp","Guardian:TwinSlam+1","Guardian:Incinerate","Guardian:PiercingHide+1","Guardian:Recover","Guardian:SphericShield+1","Guardian:TimeCapacitor","Guardian:ChargeUp","Guardian:EvasiveProtocol+1","Guardian:Orbwalk+1","Guardian:BronzeArmor","Guardian:FastForward","CurseOfTheBell","Guardian:ShieldSpikes+1","Guardian:TemporalShield+1","Guardian:Gem_Blue","Guardian:EvasiveProtocol+1","Guardian:Planning","Guardian:Gem_Red","Guardian:Repulse","Guardian:ExploitGems+1","Guardian:PiercingHide+1","Guardian:Suspension+1","Guardian:SpikerProtocol+1","Guardian:RollAttack+1","Guardian:RevengeProtocol","Guardian:Gem_Blue","Guardian:ChargeCore","Guardian:Emergency+1","Guardian:DonusPower+1","Guardian:VentSteam+1"],"relics":["Guardian:ModeShifter","Juzu Bracelet","Calling Bell","Vajra","The Courier","Ice Cream","Tiny Chest","MealTicket","HornCleat","Toxic Egg 2","Philosopher\u0027s Stone","Guardian:BottledStasis","PreservedInsect","Pen Nib"],"acts_visited":["Exordium","TheCity","TheBeyond"],"potions_floor_usage":[44,44,50,50,50],"damage_taken":[{"damage":2.0,"enemies":"Small Slimes","floor":2.0,"turns":4.0},{"damage":0.0,"enemies":"Cultist","floor":3.0,"turns":4.0},{"damage":6.0,"enemies":"Jaw Worm","floor":4.0,"turns":3.0},{"damage":15.0,"enemies":"Exordium Thugs","floor":5.0,"turns":6.0},{"damage":8.0,"enemies":"Red Slaver","floor":6.0,"turns":3.0},{"damage":3.0,"enemies":"Lots of Slimes","floor":8.0,"turns":5.0},{"damage":1.0,"enemies":"downfall:FleeingMerchant","floor":10.0,"turns":4.0},{"damage":4.0,"enemies":"Exordium Thugs","floor":11.0,"turns":6.0},{"damage":0.0,"enemies":"2 Fungi Beasts","floor":12.0,"turns":5.0},{"damage":6.0,"enemies":"Lots of Slimes","floor":14.0,"turns":4.0},{"damage":1.0,"enemies":"Red Slaver","floor":15.0,"turns":3.0},{"damage":25.0,"enemies":"downfall:Ironclad","floor":16.0,"turns":9.0},{"damage":5.0,"enemies":"Chosen","floor":19.0,"turns":6.0},{"damage":0.0,"enemies":"3 Byrds","floor":20.0,"turns":4.0},{"damage":22.0,"enemies":"Cultist and Chosen","floor":25.0,"turns":10.0},{"damage":0.0,"enemies":"downfall:FleeingMerchant","floor":26.0,"turns":4.0},{"damage":6.0,"enemies":"Shelled Parasite and Fungi","floor":28.0,"turns":5.0},{"damage":1.0,"enemies":"Snake Plant","floor":32.0,"turns":5.0},{"damage":47.0,"enemies":"downfall:Watcher","floor":33.0,"turns":11.0},{"damage":0.0,"enemies":"Orb Walker","floor":36.0,"turns":5.0},{"damage":13.0,"enemies":"3 Shapes","floor":37.0,"turns":6.0},{"damage":0.0,"enemies":"downfall:FleeingMerchant","floor":38.0,"turns":4.0},{"damage":0,"enemies":"Writhing Mass","floor":40,"turns":8},{"damage":0,"enemies":"Sphere and 2 Shapes","floor":43,"turns":9},{"damage":14,"enemies":"Nemesis","floor":44,"turns":7},{"damage":18,"enemies":"3 Darklings","floor":45,"turns":8},{"damage":0,"enemies":"4 Shapes","floor":47,"turns":9},{"damage":5,"enemies":"downfall:FleeingMerchant","floor":48,"turns":4},{"damage":0,"enemies":"Sphere and 2 Shapes","floor":49,"turns":2},{"damage":84,"enemies":"downfall:Silent","floor":50,"turns":6}],"seed_played":"-7810663342449778053","potions_obtained":[{"floor":5.0,"key":"CultistPotion"},{"floor":6.0,"key":"AttackPotion"},{"floor":12.0,"key":"champ:CounterPotion"},{"floor":16.0,"key":"Fire Potion"},{"floor":28.0,"key":"SkillPotion"},{"floor":36.0,"key":"Weak Potion"},{"floor":37.0,"key":"SteroidPotion"},{"floor":44,"key":"champ:CounterPotion"},{"floor":45,"key":"Slimebound:ThreeZeroPotion"},{"floor":49,"key":"LiquidBronze"}],"is_trial":false,"path_per_floor":["R","M","M","M","M","M","T","M","R","$","M","M","R","M","M","B",null,"R","M","M","?","?","?","T","M","$","R","M","R","?","T","M","B",null,"R","M","M","$","?","M","T","R","M","E","M","R","M","$","M","B"],"character_chosen":"GUARDIAN","items_purchased":["Guardian:TimeCapacitor","Guardian:ChargeUp","Guardian:Gem_Cyan","Guardian:EvasiveProtocol","Guardian:Planning","HornCleat","Fire Potion","Guardian:BottledStasis","Fire Potion","Guardian:Emergency+1","Guardian:DonusPower+1"],"campfire_rested":2,"item_purchase_floors":[10,10,10,26,26,26,26,38,38,48,48],"current_hp_per_floor":[88,86,86,80,65,57,57,54,80,79,75,75,75,69,68,43,88,88,83,83,83,83,83,83,61,76,76,70,70,70,70,69,22,88,88,88,75,88,88,88,88,88,88,74,56,82,82,83,83,0,0,0],"gold":35,"neow_bonus":"TEN_PERCENT_HP_BONUS","is_daily":false,"chose_seed":false,"campfire_upgraded":7,"win_rate":0.0,"timestamp":1610364934,"path_taken":["R","M","M","M","M","M","T","M","R","$","M","M","R","M","M","BOSS","R","M","M","?","?","?","T","M","?","R","M","R","?","?","M","BOSS","R","M","M","$","?","M","T","R","M","E","M","R","M","$","M","BOSS"],"items_purchased_type":["Card","Card","Card","Card","Card","Relic","Potion","Relic","Potion","Card","Card"],"build_version":"2020-12-22","purchased_purges":0,"victory":false,"max_hp_per_floor":[88,88,88,88,88,88,88,88,88,88,88,88,88,88,88,88,88,88,88,88,88,88,88,88,88,88,88,88,88,88,88,88,88,88,88,88,88,88,88,88,88,88,88,88,88,88,88,88,88,88,88,88],"card_choices":[{"not_picked":["Guardian:ChargeCore","Guardian:CrystalBeam"],"picked":"Guardian:Gem_Lightblue","floor":2.0},{"not_picked":["Guardian:CrystalBeam","Guardian:RefractedBeam"],"picked":"Guardian:Incinerate","floor":3.0},{"not_picked":["Guardian:VentSteam","Guardian:Suspension"],"picked":"Guardian:Gem_Crimson","floor":4.0},{"not_picked":["Guardian:Preprogram","Guardian:Incinerate"],"picked":"Guardian:FloatingOrbs","floor":5.0},{"not_picked":["Guardian:VentSteam","Guardian:WalkerClaw"],"picked":"Guardian:PiercingHide","floor":6.0},{"not_picked":["Guardian:Gem_Red","Guardian:Harden"],"picked":"Guardian:Recover","floor":8.0},{"not_picked":["Guardian:Gem_Green","Guardian:Recover"],"picked":"Guardian:SphericShield","floor":10.0},{"not_picked":["Guardian:Gem_Fragmented","Guardian:Gem_Cyan"],"picked":"Guardian:Gem_Yellow","floor":11.0},{"not_picked":["Guardian:TimeBomb","Guardian:Gem_Green"],"picked":"Guardian:EvasiveProtocol","floor":12.0},{"not_picked":["Guardian:VentSteam","Guardian:CrystalBeam"],"picked":"Guardian:Orbwalk","floor":14.0},{"not_picked":["Guardian:BronzeOrb","Guardian:PiercingHide"],"picked":"Guardian:BronzeArmor","floor":15.0},{"not_picked":["Guardian:StasisField","Guardian:HyperBeam_Guardian"],"picked":"Guardian:FastForward","floor":16.0},{"not_picked":["Guardian:PrismaticBarrier","Guardian:WalkerClaw"],"picked":"Guardian:ShieldSpikes+1","floor":19.0},{"not_picked":["Guardian:BronzeOrb+1","Guardian:FloatingOrbs"],"picked":"Guardian:TemporalShield+1","floor":20.0},{"not_picked":["Guardian:BronzeArmor+1","Guardian:Emergency"],"picked":"Guardian:Gem_Green","floor":25.0},{"not_picked":["Guardian:DonusPower+1","Guardian:GemFinder"],"picked":"Guardian:Gem_Blue","floor":26.0},{"not_picked":["Guardian:Recover","Guardian:Planning"],"picked":"Guardian:Gem_Red","floor":28.0},{"not_picked":["Guardian:ChargeCore","Guardian:Suspension+1"],"picked":"Guardian:Repulse","floor":32.0},{"not_picked":["Guardian:StasisStrike","Guardian:SphericShield+1"],"picked":"Guardian:ExploitGems+1","floor":33.0},{"not_picked":["Guardian:Orbwalk+1","Guardian:Clone+1"],"picked":"Guardian:Gem_Green","floor":36.0},{"not_picked":["Guardian:Suspension+1","Guardian:TemporalShield+1"],"picked":"Guardian:Gem_Lightblue","floor":37.0},{"not_picked":["Guardian:Gem_Blue","Guardian:Gem_Fragmented"],"picked":"Guardian:PiercingHide+1","floor":38.0},{"not_picked":["Guardian:TimeCapacitor","Guardian:PrimingBeam"],"picked":"Guardian:Suspension+1","floor":40},{"not_picked":["Guardian:ChargeCore+1","Guardian:Gem_Cyan"],"picked":"Guardian:SpikerProtocol+1","floor":43},{"not_picked":["Guardian:ShieldCharger+1","Guardian:Gem_Green"],"picked":"Guardian:RollAttack+1","floor":44},{"not_picked":["Guardian:VentSteam+1","Guardian:PiercingHide+1"],"picked":"Guardian:RevengeProtocol","floor":45},{"not_picked":["Guardian:PrimingBeam","Guardian:Gem_Lightblue"],"picked":"Guardian:Gem_Blue","floor":47},{"not_picked":["Guardian:MultiBeam","Guardian:Gem_Red"],"picked":"Guardian:ChargeCore","floor":48},{"not_picked":["Guardian:Reroute+1","Guardian:PrimingBeam+1"],"picked":"Guardian:VentSteam+1","floor":49}],"player_experience":163429,"relics_obtained":[{"floor":7.0,"key":"Juzu Bracelet"},{"floor":17.0,"key":"Vajra"},{"floor":17.0,"key":"The Courier"},{"floor":17.0,"key":"Ice Cream"},{"floor":24.0,"key":"MealTicket"},{"floor":31.0,"key":"Toxic Egg 2"},{"floor":41,"key":"PreservedInsect"},{"floor":44,"key":"Pen Nib"}],"event_choices":[{"cards_removed":["Guardian:FloatingOrbs"],"damage_healed":0.0,"max_hp_gain":0.0,"max_hp_loss":0.0,"gold_gain":0.0,"event_name":"Falling","player_choice":"Removed Power","floor":39.0,"gold_loss":0.0,"damage_taken":0.0}],"is_beta":false,"boss_relics":[{"not_picked":["Sozu","Empty Cage"],"picked":"Calling Bell"},{"not_picked":["Guardian:StasisSlotReductionRelic","Snecko Eye"],"picked":"Philosopher\u0027s Stone"}],"items_purged_floors":[],"is_endless":false,"potions_floor_spawned":[5,6,12,16,20,28,36,37,44,45,49],"killed_by":"downfall:Silent","ascension_level":0}}