{"host":"81sfd3x59u0y8sym","time":1610394400,"event":{"mods":["Aspiration","BaseMod","BetterRewards","Conspire","DeckTracker","Halation","Hubris","Koishi","Minty Spire (QoL Compilation)","Replay The Spire","Shop Mod","ShortenTheSpire","StSLib","The Construct","The Exalted"],"gold_per_floor":[116,133,133,151,161,161,178,210,235,257,284,284,284,74,74,176,176,212,212,43,43,69,69,91,41,41,41,73,120,120,134,134],"floor_reached":31,"playtime":2523,"items_purged":["Bromod:Strike_Bro","Bromod:Strike_Bro"],"score":291,"play_id":"3bd3d743-9644-4bca-bf3d-2343869ebc3b","local_time":"20210111214640","is_ascension_mode":false,"campfire_choices":[{"data":"Bromod:BodyCount","floor":6,"key":"SMITH"},{"data":"Bromod:NoReturn","floor":12,"key":"SMITH"},{"floor":15,"key":"REST"},{"data":"Bromod:SteelFiber","floor":23,"key":"SMITH"}],"circlet_count":0,"master_deck":["Bromod:Strike_Bro","Bromod:Defend_Bro","Bromod:Defend_Bro","Bromod:Defend_Bro","Bromod:Defend_Bro","Bromod:SlashDash","Bromod:SlashDash","Bromod:SlashDash","Bromod:SlashDash","Bromod:SlashDash","Bromod:Foundry","Bromod:NoReturn+1","Bromod:SlipMagazine","Bromod:BodyCount+1","Bromod:TargetCracker","Bromod:SpeedTrigger","Bromod:Vitality","Bromod:Reflection","Injury","Bromod:Vitality+1","ReplayTheSpireMod:Uncanny Aura+1","Bromod:ToxicFlight+1","Bromod:Stormbringer","Bromod:FastHands+1","Bromod:Patagium+1","Bromod:SteelFiber+1","Bromod:NoReturn","conspire:SpireCoStock+1","Bromod:Fury+1","Bromod:NorthWind","Bromod:DriftingContact+1"],"relics":["Bromod:Ordis","Bromod:AscarisDevice","aspiration:Lifesprig","Replay:Bandana","Toxic Egg 2","halation:MonkeysPaw","Bromod:ExtinguishedDragonKey","aspiration:FetidBarrel","conspire:GiftBox"],"acts_visited":["Exordium","TheCity"],"potions_floor_usage":[8,8,16,19,28,29],"damage_taken":[{"damage":0,"enemies":"Small Slimes","floor":1,"turns":2},{"damage":11,"enemies":"Jaw Worm","floor":2,"turns":3},{"damage":0,"enemies":"2 Louse","floor":4,"turns":3},{"damage":3,"enemies":"2 Fungi Beasts","floor":5,"turns":4},{"damage":0,"enemies":"Large Slime","floor":7,"turns":5},{"damage":16,"enemies":"3 Sentries","floor":8,"turns":5},{"damage":12,"enemies":"conspire:2 RoseBushes","floor":10,"turns":5},{"damage":3,"enemies":"Blue Slaver","floor":11,"turns":5},{"damage":10,"enemies":"Hexaghost","floor":16,"turns":11},{"damage":0,"enemies":"Chosen","floor":18,"turns":6},{"damage":4,"enemies":"2 Thieves","floor":19,"turns":4},{"damage":48,"enemies":"Snecko","floor":22,"turns":12},{"damage":0,"enemies":"conspire:HollyBat","floor":24,"turns":26},{"damage":19,"enemies":"Shelled Parasite and Fungi","floor":28,"turns":17},{"damage":1,"enemies":"Snake Plant","floor":29,"turns":14},{"damage":43,"enemies":"Cultist and Chosen","floor":31,"turns":4}],"seed_played":"8435120695393430297","potions_obtained":[{"floor":2,"key":"Elixir"},{"floor":7,"key":"Fruit Juice"},{"floor":11,"key":"Doom Potion"},{"floor":18,"key":"Bromod:EnergyRestore"},{"floor":22,"key":"Weak Potion"},{"floor":28,"key":"Bromod:HealthRestore"},{"floor":29,"key":"Doom Potion"}],"is_trial":false,"path_per_floor":["M","M","?","M","M","R","M","E","T","M","M","R","?","$","R","B",null,"M","M","$","?","M","R","M","?","T","$","M","M","T","M"],"character_chosen":"THE_EXALTED","items_purchased":["Bromod:SlashDash","Bromod:Vitality+1","ReplayTheSpireMod:Uncanny Aura+1","Bromod:Patagium+1"],"campfire_rested":1,"item_purchase_floors":[0,14,14,20],"current_hp_per_floor":[75,64,64,64,61,61,61,50,50,38,35,35,35,35,59,55,80,80,76,76,76,28,28,28,28,28,28,9,18,18,0,0],"gold":134,"neow_bonus":"","is_daily":false,"chose_seed":false,"campfire_upgraded":3,"win_rate":0.0,"timestamp":1610394400,"path_taken":["M","M","?","M","M","R","M","E","T","M","M","R","?","?","R","BOSS","M","M","$","?","M","R","M","?","T","?","M","M","?","M"],"items_purchased_type":["Card","Card","Card","Card"],"build_version":"2020-12-22","purchased_purges":2,"victory":false,"max_hp_per_floor":[75,75,75,75,75,75,75,80,80,80,80,80,80,80,80,80,80,80,80,80,80,80,80,80,80,80,80,80,80,80,80,80],"card_choices":[{"not_picked":["Bromod:Redirection","Bromod:BulletJump"],"picked":"Bromod:Foundry","floor":1},{"not_picked":["Bromod:BodyCount","Bromod:Maglev"],"picked":"Bromod:NoReturn","floor":2},{"not_picked":["Bromod:ReflexCoil","Bromod:BodyCount"],"picked":"Bromod:SlipMagazine","floor":4},{"not_picked":["Bromod:Reflection","Bromod:SlipMagazine"],"picked":"Bromod:BodyCount","floor":5},{"not_picked":["Bromod:Foundry","Bromod:SlashDash"],"picked":"Bromod:TargetCracker","floor":7},{"not_picked":["Bromod:TacticalPump","Bromod:RendingStrike"],"picked":"Bromod:SpeedTrigger","floor":8},{"not_picked":["Bromod:QuickDraw","Bromod:ShatteringImpact"],"picked":"Bromod:Vitality","floor":10},{"not_picked":["Bromod:BloodRush","Bromod:PointStrike"],"picked":"Bromod:Reflection","floor":11},{"not_picked":["Bromod:Intensify","Bromod:Flow+1"],"picked":"Bromod:ToxicFlight+1","floor":16},{"not_picked":["Bromod:Rejuvenation","Bromod:Foundry+1"],"picked":"Bromod:Stormbringer","floor":18},{"not_picked":["Bromod:Serration+1","Bromod:OrganShatter"],"picked":"Bromod:FastHands+1","floor":19},{"not_picked":["Bromod:Patagium+1","Bromod:Stormbringer+1"],"picked":"Bromod:SteelFiber","floor":22},{"not_picked":["Bromod:Vitality+1","Bromod:Foundry"],"picked":"Bromod:NoReturn","floor":24},{"not_picked":["Bromod:Foundry+1","Bromod:NoReturn"],"picked":"Bromod:Fury+1","floor":28},{"not_picked":["Bromod:ReflexCoil+1","Bromod:Patagium+1"],"picked":"Bromod:NorthWind","floor":29},{"not_picked":["Bromod:Blaze+1","Bromod:RendingStrike"],"picked":"Bromod:DriftingContact+1","floor":30}],"player_experience":119666,"relics_obtained":[{"floor":8,"key":"aspiration:Lifesprig"},{"floor":9,"key":"Replay:Bandana"},{"floor":26,"key":"aspiration:FetidBarrel"},{"floor":30,"key":"conspire:GiftBox"}],"event_choices":[{"damage_healed":0,"gold_gain":0,"player_choice":"Invest 1","damage_taken":0,"max_hp_gain":0,"max_hp_loss":0,"event_name":"conspire:Investor","floor":25,"gold_loss":0}],"is_beta":false,"boss_relics":[{"not_picked":["Tiny House","ReplayTheSpireMod:DimensionalGlitch"],"picked":"halation:MonkeysPaw"}],"items_purged_floors":[14,20],"is_endless":false,"potions_floor_spawned":[2,7,11,18,22,28,29],"killed_by":"Cultist and Chosen","ascension_level":0}}