{"host":"fjaupvxe7fzqrf4j","time":1610357944,"event":{"mods":["ATMod(°¢èªMod)","BaseMod","Minty Spire (QoL Compilation)","StSLib"],"gold_per_floor":[113,113,37,37,51,80,109,137,137,162,209,251,263,294,306,396,408,432,410,410,410,410,441,101,134,160,185,199,229,255,282,282,360,360,371,38,87,87,87,121,121,153,153,184,198,227,244,279,279,279,279,279,279,95,120,120],"floor_reached":57,"playtime":1108,"items_purged":["BowlingBash+1"],"score":4412,"play_id":"2f9b25b0-d961-4b25-817a-456b14a90ccb","local_time":"20210111173904","daily_mods":["SealedDeck","Heirloom","Time Dilation","Flight","Elite Swarm"],"is_ascension_mode":true,"campfire_choices":[{"data":"AT_OneInchPunch","floor":15.0,"key":"SMITH"},{"floor":32.0,"key":"RECALL"},{"floor":41.0,"key":"DIG"},{"floor":49.0,"key":"DIG"},{"floor":53.0,"key":"DIG"}],"circlet_count":0,"master_deck":["AscendersBane","WheelKick+1","FollowUp+1","FlurryOfBlows+1","AT_OneInchPunch+1","ClearTheMind+1","AT_ChampionStep+1","Adaptation+1","Crescendo+1","Crescendo+1","Wallop+1","LessonLearned+1","Ragnarok+1","InnerPeace+1","Adaptation+1","Omniscience+1","Indignation+1","Brilliance+1","Scrawl+1","MentalFortress+1","Omniscience+1","Prostrate+1","DevaForm"],"relics":["PureWater","AT_ATBox","Shovel","Meat on the Bone","Singing Bowl","HornCleat","TeardropLocket","Ornamental Fan","MawBank","AT_RedNoBalance","The Courier","Runic Pyramid","Nilry\u0027s Codex","Smiling Mask","Vajra","Pantograph","AT_ForceNature","Happy Flower","Lizard Tail","Toxic Egg 2","Shuriken","AT_SpeedBoots","AT_TrinityForce","Pear","AT_Kusabimaru","Pen Nib","Bag of Preparation","Blue Candle","AT_RedTearstoneRing","StoneCalendar","TungstenRod","Centennial Puzzle","Mummified Hand","Anchor","Akabeko"],"acts_visited":["Exordium","TheCity","TheBeyond","TheEnding"],"potions_floor_usage":[],"damage_taken":[{"damage":0.0,"enemies":"Cultist","floor":1.0,"turns":2.0},{"damage":0.0,"enemies":"Small Slimes","floor":5.0,"turns":1.0},{"damage":0.0,"enemies":"3 Sentries","floor":6.0,"turns":2.0},{"damage":0.0,"enemies":"Lagavulin","floor":7.0,"turns":2.0},{"damage":0.0,"enemies":"Gremlin Nob","floor":8.0,"turns":2.0},{"damage":0.0,"enemies":"Lagavulin","floor":10.0,"turns":2.0},{"damage":0.0,"enemies":"3 Sentries","floor":11.0,"turns":2.0},{"damage":0.0,"enemies":"Gremlin Nob","floor":12.0,"turns":2.0},{"damage":0.0,"enemies":"2 Louse","floor":14.0,"turns":1.0},{"damage":0.0,"enemies":"Hexaghost","floor":16.0,"turns":2.0},{"damage":0.0,"enemies":"2 Thieves","floor":18.0,"turns":1.0},{"damage":0.0,"enemies":"Gremlin Leader","floor":23.0,"turns":1.0},{"damage":15.0,"enemies":"Slavers","floor":25.0,"turns":3.0},{"damage":0.0,"enemies":"Gremlin Leader","floor":27.0,"turns":1.0},{"damage":0.0,"enemies":"Shell Parasite","floor":28.0,"turns":1.0},{"damage":12.0,"enemies":"Slavers","floor":29.0,"turns":2.0},{"damage":0.0,"enemies":"Gremlin Leader","floor":30.0,"turns":2.0},{"damage":0.0,"enemies":"Slavers","floor":31.0,"turns":1.0},{"damage":0.0,"enemies":"Automaton","floor":33.0,"turns":2.0},{"damage":0.0,"enemies":"3 Darklings","floor":35.0,"turns":2.0},{"damage":0.0,"enemies":"2 Orb Walkers","floor":37.0,"turns":1.0},{"damage":0.0,"enemies":"Nemesis","floor":40.0,"turns":1.0},{"damage":0.0,"enemies":"Giant Head","floor":42.0,"turns":1.0},{"damage":0.0,"enemies":"Reptomancer","floor":44.0,"turns":1.0},{"damage":0.0,"enemies":"Orb Walker","floor":45.0,"turns":1.0},{"damage":0.0,"enemies":"Giant Head","floor":46.0,"turns":1.0},{"damage":0.0,"enemies":"Transient","floor":47.0,"turns":1.0},{"damage":0.0,"enemies":"Nemesis","floor":48.0,"turns":1.0},{"damage":0.0,"enemies":"Donu and Deca","floor":50.0,"turns":1.0},{"damage":0.0,"enemies":"Awakened One","floor":51.0,"turns":2.0},{"damage":0.0,"enemies":"Shield and Spear","floor":55.0,"turns":1.0},{"damage":0,"enemies":"The Heart","floor":56,"turns":4}],"seed_played":"8070034069100341173","potions_obtained":[{"floor":8.0,"key":"LiquidMemories"},{"floor":11.0,"key":"FearPotion"},{"floor":23.0,"key":"SteroidPotion"},{"floor":55.0,"key":"DistilledChaos"}],"is_trial":true,"path_per_floor":["M","T","$","$","M","E","E","E","T","E","E","E","?","M","R","B",null,"M","$","?","?","?","E","$","E","T","E","M","E","E","E","R","B",null,"M","$","?","?","$","E","R","E","T","E","M","E","M","E","R","B","B",null,"R","$","E","B",null],"character_chosen":"WATCHER","items_purchased":["Wallop","InnerPeace","Vajra","Pantograph","Indignation+1","Pear","Anchor","Prostrate+1"],"campfire_rested":0,"item_purchase_floors":[3,19,24,24,36,36,54,54],"current_hp_per_floor":[61,61,61,61,61,63,63,63,63,65,67,51,44,52,52,53,73,54,54,54,33,33,47,47,46,46,48,50,52,54,56,56,81,92,94,104,106,106,106,106,106,108,108,108,110,112,112,112,112,116,116,116,116,116,116,116],"gold":120,"neow_bonus":"","is_daily":false,"chose_seed":false,"campfire_upgraded":1,"win_rate":0.0,"timestamp":1610357944,"path_taken":["M","?","$","$","?","E","E","E","T","E","E","E","?","M","R","BOSS","M","$","?","?","?","E","$","E","T","E","?","E","E","E","R","BOSS","M","$","?","?","$","E","R","E","T","E","M","E","?","E","R","BOSS","BOSS","R","$","E","BOSS"],"items_purchased_type":["Card","Card","Relic","Relic","Card","Relic","Relic","Card"],"build_version":"2020-12-22","purchased_purges":1,"victory":true,"max_hp_per_floor":[68,68,68,68,68,70,70,70,70,72,74,76,76,78,78,80,80,82,82,82,82,82,84,84,86,86,88,90,92,94,96,96,96,96,98,108,110,110,110,110,110,112,112,112,114,116,116,116,116,116,116,116,116,116,116,116],"card_choices":[{"not_picked":["EmptyFist","Halt"],"picked":"Crescendo","floor":1.0},{"not_picked":["Halt","DeceiveReality","CrushJoints"],"picked":"SKIP","floor":5.0},{"not_picked":["Alpha","Judgement","AT_IrregularMenstruation"],"picked":"Singing Bowl","floor":6.0},{"not_picked":["DeusExMachina","Alpha"],"picked":"LessonLearned","floor":7.0},{"not_picked":["Alpha","AT_ChampionKick"],"picked":"Ragnarok","floor":8.0},{"not_picked":["Judgement","AT_RealColorLess","Alpha"],"picked":"Singing Bowl","floor":10.0},{"not_picked":["AT_ChampionKick","MasterReality","AT_RealColorLess"],"picked":"Singing Bowl","floor":11.0},{"not_picked":["Omniscience","Alpha","Vault"],"picked":"Singing Bowl","floor":12.0},{"not_picked":["ThirdEye","WheelKick","ReachHeaven"],"picked":"Singing Bowl","floor":14.0},{"not_picked":["MasterReality","ConjureBlade","Blasphemy"],"picked":"Singing Bowl","floor":16.0},{"not_picked":["CrushJoints","Perseverance","FlurryOfBlows"],"picked":"Singing Bowl","floor":18.0},{"not_picked":["Vault","SpiritShield","DeusExMachina"],"picked":"Singing Bowl","floor":23.0},{"not_picked":["Vault","Judgement","LessonLearned"],"picked":"Singing Bowl","floor":25.0},{"not_picked":["ConjureBlade","Vault","Alpha"],"picked":"Singing Bowl","floor":27.0},{"not_picked":["EmptyBody","CutThroughFate+1","CarveReality"],"picked":"Singing Bowl","floor":28.0},{"not_picked":["AT_RealColorLess","DevaForm","Judgement+1"],"picked":"Singing Bowl","floor":29.0},{"not_picked":["Establishment","MasterReality","Devotion"],"picked":"Singing Bowl","floor":30.0},{"not_picked":["ConjureBlade+1","Establishment","AT_RealColorLess"],"picked":"Singing Bowl","floor":31.0},{"not_picked":["MasterReality","AT_ChampionKick"],"picked":"Omniscience+1","floor":33.0},{"not_picked":["CrushJoints+1","Evaluate+1","EmptyBody+1"],"picked":"Singing Bowl","floor":35.0},{"not_picked":["ClearTheMind+1","SashWhip","Evaluate+1"],"picked":"Singing Bowl","floor":37.0},{"not_picked":["MasterReality","Wish+1"],"picked":"Brilliance","floor":40.0},{"not_picked":["Wish+1","Alpha+1","Blasphemy+1"],"picked":"Singing Bowl","floor":42.0},{"not_picked":["MasterReality","DeusExMachina+1"],"picked":"Scrawl+1","floor":44.0},{"not_picked":["PathToVictory+1","WreathOfFlame+1","FlyingSleeves"],"picked":"Singing Bowl","floor":45.0},{"not_picked":["AT_MachinaRedman+1","Ragnarok","Establishment"],"picked":"Singing Bowl","floor":46.0},{"not_picked":["Protect+1","SashWhip"],"picked":"MentalFortress","floor":47.0},{"not_picked":["AT_IrregularMenstruation+1","LessonLearned"],"picked":"Omniscience+1","floor":48.0},{"not_picked":["Alpha+1","DeusExMachina+1"],"picked":"DevaForm","floor":55.0}],"player_experience":400262,"relics_obtained":[{"floor":2.0,"key":"Meat on the Bone"},{"floor":6.0,"key":"Singing Bowl"},{"floor":7.0,"key":"HornCleat"},{"floor":8.0,"key":"TeardropLocket"},{"floor":9.0,"key":"Ornamental Fan"},{"floor":10.0,"key":"MawBank"},{"floor":11.0,"key":"AT_SilverBalance"},{"floor":12.0,"key":"The Courier"},{"floor":21.0,"key":"Nilry\u0027s Codex"},{"floor":23.0,"key":"Smiling Mask"},{"floor":25.0,"key":"AT_ForceNature"},{"floor":26.0,"key":"Happy Flower"},{"floor":27.0,"key":"Lizard Tail"},{"floor":29.0,"key":"Toxic Egg 2"},{"floor":30.0,"key":"Shuriken"},{"floor":31.0,"key":"AT_SpeedBoots"},{"floor":37.0,"key":"AT_Kusabimaru"},{"floor":40.0,"key":"Pen Nib"},{"floor":41.0,"key":"Bag of Preparation"},{"floor":42.0,"key":"Blue Candle"},{"floor":44.0,"key":"AT_RedTearstoneRing"},{"floor":46.0,"key":"StoneCalendar"},{"floor":48.0,"key":"TungstenRod"},{"floor":49.0,"key":"Centennial Puzzle"},{"floor":53.0,"key":"Mummified Hand"},{"floor":55.0,"key":"Akabeko"}],"event_choices":[{"cards_removed":["Consecrate"],"damage_healed":0.0,"max_hp_gain":0.0,"max_hp_loss":0.0,"gold_gain":0.0,"event_name":"Golden Wing","player_choice":"Card Removal","floor":13.0,"gold_loss":0.0,"damage_taken":7.0},{"damage_healed":0.0,"max_hp_gain":0.0,"max_hp_loss":0.0,"gold_gain":0.0,"event_name":"The Mausoleum","player_choice":"Ignored","floor":20.0,"gold_loss":0.0,"damage_taken":0.0},{"damage_healed":0.0,"max_hp_gain":0.0,"max_hp_loss":0.0,"gold_gain":0.0,"event_name":"Cursed Tome","player_choice":"Obtained Book","floor":21.0,"gold_loss":0.0,"damage_taken":21.0},{"damage_healed":0.0,"max_hp_gain":0.0,"max_hp_loss":0.0,"gold_gain":0.0,"event_name":"Duplicator","player_choice":"Copied","floor":22.0,"gold_loss":0.0,"damage_taken":0.0,"cards_obtained":["Adaptation"]},{"damage_healed":0.0,"max_hp_gain":0.0,"max_hp_loss":0.0,"gold_gain":0.0,"event_name":"Mysterious Sphere","player_choice":"Fight","floor":37.0,"gold_loss":0.0,"damage_taken":0.0},{"damage_healed":0.0,"max_hp_gain":0.0,"max_hp_loss":0.0,"gold_gain":0.0,"event_name":"Upgrade Shrine","player_choice":"Ignored","floor":38.0,"gold_loss":0.0,"damage_taken":0.0}],"is_beta":false,"boss_relics":[{"not_picked":["AT_MortalBlade","Cursed Key"],"picked":"Runic Pyramid"},{"not_picked":["VioletLotus","Coffee Dripper"],"picked":"AT_TrinityForce"}],"items_purged_floors":[36],"is_endless":false,"potions_floor_spawned":[6,8,11,12,14,16,23,25,33,37,40,42,44,48,55],"ascension_level":20}}