{"host":"ko4b5atusvmax52d","time":1610401468,"event":{"mods":["AchievementEnabler","Act Like it!","BaseMod","Better Third Choice","BetterRewards","Friendly Minions","Hermit","Hubris","Marisa????????","Minty Spire (QoL Compilation)","Permanent Neow","Prisma Mod","Quick Restart","Rare Cards Sparkle","Shade Mod","Spicy Shops","Spikes Relics","StSLib","SuperFastMode","The Animator","The Bug Knight","The Runesmith","vexMod"],"gold_per_floor":[289,321,321,351,379,432,432,458,458,458,2,34,34,77,77,87,87],"floor_reached":16,"playtime":712,"items_purged":[],"score":137,"play_id":"7463fada-7af1-4676-8bea-4452d7329125","local_time":"20210111224428","is_ascension_mode":false,"campfire_choices":[{"data":"animator:IzunaHatsuse","floor":7,"key":"SMITH"},{"floor":10,"key":"REST"},{"data":"animator:Strike_Kancolle","floor":13,"key":"SMITH"},{"data":"animator:GuildGirl","floor":15,"key":"SMITH"}],"circlet_count":0,"master_deck":["animator:Strike_Kancolle+1","animator:Defend_Kancolle","animator:Strike","animator:Strike","animator:Defend","animator:Shimakaze","animator:Entoma+7","animator:GuildGirl+1","animator:Kazuma","animator:IzunaHatsuse+1","animator:Tet","animator:DolaRiku"],"relics":["animator:TheMissingPiece","animator:PurgingStone","Empty Cage","Boot","SnailShell","Matryoshka","Omamori"],"acts_visited":["Exordium"],"potions_floor_usage":[6,6,14,16,16],"damage_taken":[{"damage":5,"enemies":"Small Slimes","floor":1,"turns":4},{"damage":10,"enemies":"Cultist","floor":2,"turns":4},{"damage":2,"enemies":"2 Louse","floor":4,"turns":3},{"damage":23,"enemies":"Exordium Thugs","floor":5,"turns":6},{"damage":39,"enemies":"3 Sentries","floor":6,"turns":10},{"damage":2,"enemies":"Red Slaver","floor":8,"turns":4},{"damage":0,"enemies":"Lots of Slimes","floor":12,"turns":5},{"damage":0,"enemies":"Gremlin Nob","floor":14,"turns":4},{"damage":49,"enemies":"The Guardian","floor":16,"turns":8}],"seed_played":"-1571488752920114418","potions_obtained":[{"floor":2,"key":"Regen Potion"},{"floor":4,"key":"SneckoOil"},{"floor":12,"key":"SteroidPotion"},{"floor":14,"key":"Energy Potion"}],"is_trial":false,"path_per_floor":["M","M","?","M","M","E","R","M","T","R","$","M","R","E","R","B"],"character_chosen":"THE_ANIMATOR","items_purchased":["SnailShell","Matryoshka","Weak Potion"],"campfire_rested":1,"item_purchase_floors":[11,11,11],"current_hp_per_floor":[61,53,53,53,32,10,10,16,16,38,38,40,40,42,42,0,0],"gold":87,"neow_bonus":"BOSS_RELIC","is_daily":false,"chose_seed":false,"campfire_upgraded":3,"win_rate":0.0,"timestamp":1610401468,"path_taken":["M","M","?","?","M","E","R","M","T","R","$","M","R","E","R","BOSS"],"items_purchased_type":["Relic","Relic","Potion"],"build_version":"2020-12-22","purchased_purges":0,"victory":false,"max_hp_per_floor":[66,68,68,70,72,74,74,76,76,76,76,78,78,80,80,80,80],"card_choices":[{"not_picked":["animator:Assassin","animator:Demiurge"],"picked":"animator:Entoma","floor":1},{"not_picked":["animator:ShinjiMatou","animator:Alexander"],"picked":"animator:GuildGirl","floor":2},{"not_picked":["animator:Sloth","animator:HighElfArcher","animator:Shichika"],"picked":"SKIP","floor":4},{"not_picked":["animator:Mitsurugi","animator:Verdia"],"picked":"animator:Kazuma","floor":5},{"not_picked":["animator:Melzalgald","animator:Nanami"],"picked":"animator:IzunaHatsuse","floor":6},{"not_picked":["animator:ElricAlphonse","animator:Shion","animator:Vesta"],"picked":"SKIP","floor":8},{"not_picked":["animator:Spearman","animator:Chris"],"picked":"animator:Tet","floor":12},{"not_picked":["animator:DolaStephanie","animator:FielNirvalen"],"picked":"animator:DolaRiku","floor":14}],"player_experience":273548,"relics_obtained":[{"floor":6,"key":"Boot"},{"floor":14,"key":"Omamori"}],"event_choices":[{"cards_removed":["animator:Defend"],"damage_healed":0,"gold_gain":0,"player_choice":"Purged","damage_taken":0,"max_hp_gain":0,"max_hp_loss":0,"event_name":"Purifier","floor":3,"gold_loss":0}],"is_beta":false,"boss_relics":[],"items_purged_floors":[],"is_endless":false,"potions_floor_spawned":[2,4,12,14],"killed_by":"The Guardian","ascension_level":0}}