{"host":"4328iixd8pca51w5","time":1610379565,"event":{"mods":["2.2 Compatiblity","AchievementEnabler","BaseMod","CapriCore","Colored Map","KOR Keyword Fix","Minty Spire (QoL Compilation)","StSLib","WarShipGirlsR/??á´Ò³R mod"],"gold_per_floor":[115,126,126,144,144,144,177,177,177,208,222,250,270,270,270,375,375,389,83,83,97,97,130,143,143,217,245,262,296,121,111,111,206,206,226,241,23,76,86,86,11,11,11,30,30,41,69,69,69,69],"floor_reached":51,"playtime":2551,"items_purged":["rmod:defend","Writhe","rmod:stealaluminum+1","rmod:strick"],"score":943,"play_id":"0edb697d-b80b-4203-a64e-bc1c2cf69be4","local_time":"20210112003925","is_ascension_mode":true,"campfire_choices":[{"data":"rmod:salvage","floor":6,"key":"SMITH"},{"data":"rmod:windflower","floor":8,"key":"SMITH"},{"data":"rmod:fletcher","floor":15,"key":"SMITH"},{"data":"rmod:expedition","floor":32,"key":"SMITH"},{"data":"rmod:fletcher","floor":40,"key":"SMITH"},{"data":"rmod:lonelyqueen","floor":45,"key":"SMITH"},{"data":"rmod:acesubmarine","floor":49,"key":"SMITH"}],"circlet_count":0,"master_deck":["rmod:maingunfire","rmod:firesupport","rmod:salvage+1","rmod:fletcher+1","rmod:circuitoustactics","rmod:firesupport","rmod:fletcherpendant+1","rmod:windflower+1","rmod:fletcherpendant+1","rmod:wolves","rmod:aggressivemary","rmod:fletcherpendant","rmod:fletcherpendant","rmod:fletcherpendant","rmod:acesubmarine+1","rmod:auspiciousomen+1","rmod:goodfighter+1","rmod:fletcherpendant+1","rmod:highspeedmaneuver","rmod:expedition+1","rmod:fletcherpendant+1","rmod:rockthrower","rmod:highspeedmaneuver","rmod:fletcherpendant+1","rmod:salvage","rmod:fletcher+1","rmod:lonelyqueen+1","rmod:fletcher+1","rmod:robin+1","rmod:fletcherpendant","rmod:chargemoney+1","rmod:salvage+1","Normality","rmod:fletcherpendant+1","rmod:fletcherpendant+1"],"relics":["rmod:firstchargereward","Pocketwatch","Du-Vu Doll","Blue Candle","Toy Ornithopter","Astrolabe","Frozen Egg 2","InkBottle","Pantograph","Thread and Needle","Orichalcum","Cursed Key","Membership Card","Bird Faced Urn","Sundial","Nunchaku"],"acts_visited":["Exordium","TheCity","TheBeyond"],"potions_floor_usage":[16,33,50,50,50],"damage_taken":[{"damage":0,"enemies":"Cultist","floor":1,"turns":3},{"damage":0,"enemies":"2 Louse","floor":2,"turns":2},{"damage":0,"enemies":"Jaw Worm","floor":4,"turns":2},{"damage":11,"enemies":"Lagavulin","floor":7,"turns":7},{"damage":0,"enemies":"Gremlin Nob","floor":10,"turns":2},{"damage":1,"enemies":"Blue Slaver","floor":11,"turns":2},{"damage":0,"enemies":"Lagavulin","floor":12,"turns":4},{"damage":3,"enemies":"2 Fungi Beasts","floor":13,"turns":2},{"damage":24,"enemies":"Hexaghost","floor":16,"turns":6},{"damage":4,"enemies":"Shell Parasite","floor":18,"turns":3},{"damage":0,"enemies":"2 Thieves","floor":21,"turns":1},{"damage":0,"enemies":"Gremlin Leader","floor":23,"turns":2},{"damage":21,"enemies":"Snake Plant","floor":24,"turns":2},{"damage":0,"enemies":"Book of Stabbing","floor":27,"turns":2},{"damage":0,"enemies":"Snecko","floor":28,"turns":3},{"damage":13,"enemies":"Slavers","floor":29,"turns":2},{"damage":59,"enemies":"Automaton","floor":33,"turns":11},{"damage":1,"enemies":"3 Shapes","floor":35,"turns":1},{"damage":0,"enemies":"Orb Walker","floor":36,"turns":3},{"damage":11,"enemies":"2 Orb Walkers","floor":38,"turns":2},{"damage":0,"enemies":"Sphere and 2 Shapes","floor":39,"turns":1},{"damage":0,"enemies":"Transient","floor":44,"turns":5},{"damage":0,"enemies":"3 Darklings","floor":46,"turns":4},{"damage":5,"enemies":"Nemesis","floor":47,"turns":5},{"damage":44,"enemies":"Donu and Deca","floor":50,"turns":6}],"seed_played":"1400265233259335708","potions_obtained":[{"floor":1,"key":"Strength Potion"},{"floor":2,"key":"Dexterity Potion"},{"floor":7,"key":"LiquidBronze"},{"floor":11,"key":"AttackPotion"},{"floor":18,"key":"SkillPotion"},{"floor":27,"key":"AttackPotion"},{"floor":35,"key":"Regen Potion"}],"is_trial":false,"path_per_floor":["M","M","?","M","?","R","E","R","T","E","M","E","M","?","R","B",null,"M","$","?","M","?","E","M","?","T","E","M","E","$","?","R","B",null,"M","M","$","?","M","R","$","?","T","M","R","M","E","$","R","B",null],"character_chosen":"PRAEFECT","items_purchased":["rmod:highspeedmaneuver","rmod:expedition","rmod:salvage","Membership Card"],"campfire_rested":0,"item_purchase_floors":[19,19,30,37],"current_hp_per_floor":[75,75,75,75,75,75,64,64,64,64,63,63,60,53,53,34,75,71,71,71,71,71,71,50,50,50,50,50,37,37,37,37,8,75,74,74,74,63,63,63,63,63,63,67,67,69,64,64,64,45],"gold":69,"neow_bonus":"THREE_CARDS","is_daily":false,"chose_seed":false,"campfire_upgraded":7,"win_rate":0.0,"timestamp":1610379565,"path_taken":["M","M","?","M","?","R","E","R","T","E","M","E","M","?","R","BOSS","M","$","?","M","?","E","M","?","T","E","?","E","$","?","R","BOSS","M","M","$","?","M","R","$","?","T","?","R","M","E","$","R","BOSS"],"items_purchased_type":["Card","Card","Card","Relic"],"build_version":"2020-12-22","purchased_purges":4,"victory":true,"max_hp_per_floor":[75,75,75,75,75,75,75,75,75,75,75,75,75,75,75,75,75,75,75,75,75,75,75,75,75,75,75,75,75,75,75,75,75,75,75,75,75,75,75,75,75,75,75,75,75,75,75,75,75,75],"card_choices":[{"not_picked":["rmod:victimresponsibility","rmod:luckystar"],"picked":"rmod:firesupport","floor":0},{"not_picked":["rmod:robin","rmod:supportescort"],"picked":"rmod:salvage","floor":1},{"not_picked":["rmod:firesupport","rmod:robin","rmod:victimresponsibility"],"picked":"SKIP","floor":2},{"not_picked":["rmod:steelsupply","rmod:unsinkable"],"picked":"rmod:circuitoustactics","floor":4},{"not_picked":["rmod:steelsupply","rmod:diamondstrike"],"picked":"rmod:windflower","floor":7},{"not_picked":["rmod:combined","rmod:expedition"],"picked":"rmod:wolves","floor":10},{"not_picked":["rmod:circuitoustactics","rmod:punchline"],"picked":"rmod:aggressivemary","floor":11},{"not_picked":["rmod:supportaircraftcarrier","rmod:punchline","rmod:firesupport"],"picked":"SKIP","floor":12},{"not_picked":["rmod:intelligenceanalysis","rmod:circuitoustactics","rmod:aviationdawn"],"picked":"SKIP","floor":13},{"not_picked":["rmod:auspiciousomen","rmod:desperatesituation"],"picked":"rmod:acesubmarine","floor":16},{"not_picked":["rmod:sl+1","rmod:firesupport","rmod:circuitoustactics"],"picked":"SKIP","floor":18},{"not_picked":["rmod:shuttlebombing","rmod:wife","rmod:firesupport+1"],"picked":"SKIP","floor":21},{"not_picked":["rmod:combined","rmod:diamondstrike"],"picked":"rmod:fletcherpendant+1","floor":23},{"not_picked":["rmod:rockthrower","rmod:firesupport+1","rmod:aggressivemary+1"],"picked":"SKIP","floor":24},{"not_picked":["rmod:punchline","rmod:victimresponsibility","rmod:firesupport"],"picked":"SKIP","floor":27},{"not_picked":["rmod:tearstotiara","rmod:ammunitionsupply"],"picked":"rmod:fletcherpendant+1","floor":28},{"not_picked":["rmod:intelligenceanalysis","rmod:steelsupply","rmod:luckystar"],"picked":"SKIP","floor":29},{"not_picked":["rmod:combined+1","rmod:goodfighter"],"picked":"rmod:lonelyqueen","floor":35},{"not_picked":["rmod:unsinkable+1","rmod:circuitoustactics"],"picked":"rmod:robin+1","floor":36},{"not_picked":["rmod:unsinkable","rmod:aviationdawn"],"picked":"rmod:chargemoney+1","floor":38},{"not_picked":["rmod:diamondstrike+1","rmod:capitalist+1"],"picked":"rmod:salvage+1","floor":39},{"not_picked":["rmod:salvage+1","rmod:diamondstrike","rmod:combined"],"picked":"SKIP","floor":44},{"not_picked":["rmod:fuelsupply+1","rmod:tearstotiara+1","rmod:salvage+1"],"picked":"SKIP","floor":46},{"not_picked":["rmod:unsinkable+1","rmod:fuelsupply","rmod:aviationdawn+1"],"picked":"SKIP","floor":47}],"player_experience":164585,"relics_obtained":[{"floor":7,"key":"Pocketwatch"},{"floor":9,"key":"Du-Vu Doll"},{"floor":10,"key":"Blue Candle"},{"floor":12,"key":"Toy Ornithopter"},{"floor":23,"key":"InkBottle"},{"floor":26,"key":"Pantograph"},{"floor":27,"key":"Thread and Needle"},{"floor":29,"key":"Orichalcum"},{"floor":38,"key":"Bird Faced Urn"},{"floor":43,"key":"Sundial"},{"floor":47,"key":"Nunchaku"}],"event_choices":[{"damage_healed":0,"gold_gain":0,"player_choice":"Ignored","damage_taken":0,"max_hp_gain":0,"max_hp_loss":0,"event_name":"Liars Game","floor":3,"gold_loss":0},{"damage_healed":0,"gold_gain":0,"cards_transformed":["rmod:strick"],"player_choice":"Change","damage_taken":0,"max_hp_gain":0,"max_hp_loss":0,"event_name":"Living Wall","floor":5,"gold_loss":0,"cards_obtained":["rmod:firesupport"]},{"cards_removed":["rmod:strick"],"damage_healed":0,"gold_gain":0,"player_choice":"Card Removal","damage_taken":7,"max_hp_gain":0,"max_hp_loss":0,"event_name":"Golden Wing","floor":14,"gold_loss":0},{"damage_healed":0,"gold_gain":0,"player_choice":"Opened","damage_taken":0,"relics_obtained":["Frozen Egg 2"],"max_hp_gain":0,"max_hp_loss":0,"event_name":"The Mausoleum","floor":20,"gold_loss":0,"cards_obtained":["Writhe"]},{"damage_healed":0,"gold_gain":0,"player_choice":"Ignored","damage_taken":0,"max_hp_gain":0,"max_hp_loss":0,"event_name":"Ghosts","floor":22,"gold_loss":0},{"damage_healed":0,"gold_gain":0,"cards_transformed":["rmod:defend","rmod:defend"],"player_choice":"Became Test Subject","damage_taken":0,"max_hp_gain":0,"max_hp_loss":0,"event_name":"Drug Dealer","floor":25,"gold_loss":0,"cards_obtained":["rmod:rockthrower","rmod:highspeedmaneuver"]},{"damage_healed":0,"gold_gain":0,"player_choice":"Fight","damage_taken":0,"max_hp_gain":0,"max_hp_loss":0,"event_name":"Mysterious Sphere","floor":38,"gold_loss":0},{"damage_healed":0,"gold_gain":0,"player_choice":"0 cards matched","damage_taken":0,"max_hp_gain":0,"max_hp_loss":0,"event_name":"Match and Keep!","floor":42,"gold_loss":0,"cards_obtained":[]}],"is_beta":false,"boss_relics":[{"not_picked":["SlaversCollar","Runic Pyramid"],"picked":"Astrolabe"},{"not_picked":["Busted Crown","Runic Dome"],"picked":"Cursed Key"}],"items_purged_floors":[19,30,37,41],"is_endless":false,"potions_floor_spawned":[1,2,7,11,18,27,35,38,44],"ascension_level":1}}