{"host":"fnk117zi8wf5078t","time":1610364230,"event":{"mods":["AchievementEnabler","BaseMod","Colored Map","Minty Spire (QoL Compilation)","Rare Cards Sparkle","SuperFastMode","everything is the same but u backflip on backflip"],"gold_per_floor":[114,130,55,55,68,68,87,119,119,139,139,154,154,171,171,248,248,262,166,182,182,182],"floor_reached":21,"playtime":669,"items_purged":["Strike_R"],"score":366,"play_id":"ddc5423e-8145-4e8d-a817-64512d62dedf","local_time":"20210111202350","is_ascension_mode":true,"campfire_choices":[{"data":"Rampage","floor":6,"key":"SMITH"},{"floor":11,"key":"REST"},{"data":"Limit Break","floor":15,"key":"SMITH"}],"circlet_count":0,"master_deck":["AscendersBane","Strike_R","Strike_R","Defend_R","Defend_R","Defend_R","Bash","Rampage+1","Spot Weakness","Carnage","Rupture","Sword Boomerang","Limit Break+1","Bloodletting","Brutality","Clothesline+1","Reaper+1","Shockwave+1","Headbutt","Headbutt"],"relics":["Burning Blood","Du-Vu Doll","Eternal Feather","Astrolabe","Kunai"],"acts_visited":["Exordium","TheCity"],"potions_floor_usage":[8,12,16,20],"damage_taken":[{"damage":7,"enemies":"Small Slimes","floor":1,"turns":4},{"damage":12,"enemies":"Jaw Worm","floor":2,"turns":2},{"damage":6,"enemies":"Cultist","floor":5,"turns":3},{"damage":11,"enemies":"Looter","floor":7,"turns":2},{"damage":33,"enemies":"3 Sentries","floor":8,"turns":8},{"damage":22,"enemies":"Lots of Slimes","floor":10,"turns":4},{"damage":12,"enemies":"Gremlin Gang","floor":12,"turns":3},{"damage":13,"enemies":"Red Slaver","floor":14,"turns":3},{"damage":22,"enemies":"Hexaghost","floor":16,"turns":7},{"damage":20,"enemies":"Chosen","floor":18,"turns":5},{"damage":43,"enemies":"Shell Parasite","floor":20,"turns":4},{"damage":42,"enemies":"Shelled Parasite and Fungi","floor":21,"turns":3}],"seed_played":"-2196060280114902678","potions_obtained":[{"floor":1,"key":"Block Potion"},{"floor":8,"key":"Fire Potion"},{"floor":12,"key":"SteroidPotion"},{"floor":13,"key":"Regen Potion"},{"floor":14,"key":"HeartOfIron"}],"is_trial":false,"path_per_floor":["M","M","$","?","M","R","M","E","T","M","R","M","?","M","R","B",null,"M","?","M","M"],"character_chosen":"IRONCLAD","items_purchased":[],"campfire_rested":1,"item_purchase_floors":[],"current_hp_per_floor":[74,68,68,73,73,73,68,41,41,25,60,54,54,47,56,40,75,67,67,42,0,0],"gold":182,"neow_bonus":"TEN_PERCENT_HP_BONUS","is_daily":false,"chose_seed":false,"campfire_upgraded":2,"win_rate":0.0,"timestamp":1610364230,"path_taken":["M","M","$","?","M","R","M","E","T","M","R","M","?","?","R","BOSS","M","?","M","?"],"items_purchased_type":[],"build_version":"2020-12-22","purchased_purges":1,"victory":false,"max_hp_per_floor":[82,82,82,87,87,87,87,87,87,87,87,87,87,87,87,87,87,87,87,87,87,87],"card_choices":[{"not_picked":["Ghostly Armor","Thunderclap"],"picked":"Rampage","floor":1},{"not_picked":["Fire Breathing","Thunderclap"],"picked":"Spot Weakness","floor":2},{"not_picked":["Iron Wave","Twin Strike"],"picked":"Carnage","floor":5},{"not_picked":["Iron Wave","Sever Soul"],"picked":"Rupture","floor":7},{"not_picked":["Clothesline","Havoc"],"picked":"Sword Boomerang","floor":8},{"not_picked":["Feel No Pain","Perfected Strike"],"picked":"Limit Break","floor":10},{"not_picked":["Clash","Clothesline","Evolve"],"picked":"SKIP","floor":12},{"not_picked":["Sword Boomerang","Pommel Strike"],"picked":"Bloodletting","floor":14},{"not_picked":["Feed","Immolate"],"picked":"Brutality","floor":16},{"not_picked":["Body Slam","Entrench+1"],"picked":"Headbutt","floor":18},{"not_picked":["Thunderclap","Clash"],"picked":"Headbutt","floor":20}],"player_experience":377739,"relics_obtained":[{"floor":8,"key":"Du-Vu Doll"},{"floor":9,"key":"Eternal Feather"}],"event_choices":[{"damage_healed":0,"gold_gain":0,"player_choice":"Donut","damage_taken":0,"max_hp_gain":5,"max_hp_loss":0,"event_name":"Big Fish","floor":4,"gold_loss":0},{"damage_healed":0,"gold_gain":0,"player_choice":"Got Potions","damage_taken":0,"max_hp_gain":0,"max_hp_loss":0,"event_name":"Lab","floor":13,"gold_loss":0},{"damage_healed":0,"gold_gain":0,"player_choice":"Paid Gold","damage_taken":0,"relics_obtained":["Kunai"],"max_hp_gain":0,"max_hp_loss":0,"event_name":"WeMeetAgain","floor":19,"gold_loss":96}],"is_beta":false,"boss_relics":[{"not_picked":["Velvet Choker","Coffee Dripper"],"picked":"Astrolabe"}],"items_purged_floors":[3],"is_endless":false,"potions_floor_spawned":[1,8,12,14],"killed_by":"Shelled Parasite and Fungi","ascension_level":20}}