{"host":"ss2ocoam53r2lno0","time":1610395661,"event":{"mods":["Act Like it!","BaseMod","ChefMod","Clockwork Mod","Colored Powertips","Curses Come First","Displayed Cursed Tome","Downfall","Evolution","Googly Eyes","Hallownest","Highlight Path","Minty Spire (QoL Compilation)","Poor People Problems","Rare Cards Sparkle","Robot Space Explorer","Shade Mod","Shop Mod","Spicy Shops","StSLib","The Marked"],"gold_per_floor":[117,136,136,151,164,192,192,227,227,239,239,239,257,298,298,424,424,437,455,469,86,109,145,145,145,145],"floor_reached":25,"playtime":2835,"items_purged":["Clockwork:Tinker+1"],"score":309,"play_id":"4a3cf2c4-0ffa-4344-bb18-fcbcf3c3e1cb","local_time":"20210111210741","is_ascension_mode":true,"campfire_choices":[{"data":"Clockwork:AssemblyLine","floor":7,"key":"SMITH"},{"data":"Clockwork:LogisticRegression","floor":12,"key":"SMITH"},{"data":"Clockwork:CogToss","floor":15,"key":"SMITH"},{"data":"Clockwork:AssemblyLine","floor":24,"key":"SMITH"}],"circlet_count":0,"master_deck":["Clockwork:CogToss+1","Clockwork:CogToss","Clockwork:CogToss","Clockwork:CogToss","Clockwork:Shield","Clockwork:WarmUp+1","Clockwork:SystemHardening","Clockwork:AssemblyLine+1","Clockwork:LiteraryArmor","Clockwork:LogisticRegression+1","Clockwork:UnlimitedCogworks","Clockwork:SpringShield+1","Clockwork:Selectivity+1","Clockwork:CraftSomewhatSmoothStone","Clockwork:LogisticRegression","Clockwork:AssemblyLine+1","Clockwork:KaliMa"],"relics":["Clockwork:MomentumEngine","EVO:Axolotl","NeowsBlessing","Omamori","Clockwork:GoldenCog","Clockwork:Varja","Torii","Blue Candle","Darkstone Periapt","Golden Idol","War Paint","Astrolabe","Clockwork:CopperScales","Nunchaku","Bronze Scales"],"acts_visited":["Exordium","TheCity"],"potions_floor_usage":[6,6,8,19,23,23],"damage_taken":[{"damage":0.0,"enemies":"Jaw Worm","floor":1.0,"turns":1.0},{"damage":0.0,"enemies":"Cultist","floor":2.0,"turns":1.0},{"damage":2.0,"enemies":"2 Louse","floor":4.0,"turns":2.0},{"damage":0,"enemies":"Looter","floor":5,"turns":4},{"damage":13,"enemies":"Lagavulin","floor":6,"turns":9},{"damage":15,"enemies":"Gremlin Nob","floor":8,"turns":4},{"damage":8,"enemies":"3 Louse","floor":10,"turns":5},{"damage":0,"enemies":"Large Slime","floor":13,"turns":5},{"damage":21,"enemies":"3 Sentries","floor":14,"turns":6},{"damage":32,"enemies":"The Guardian","floor":16,"turns":8},{"damage":20,"enemies":"Spheric Guardian","floor":18,"turns":5},{"damage":0,"enemies":"2 Thieves","floor":19,"turns":3},{"damage":21,"enemies":"Snake Plant","floor":20,"turns":4},{"damage":30,"enemies":"Centurion and Healer","floor":22,"turns":4},{"damage":20,"enemies":"Book of Stabbing","floor":23,"turns":4},{"damage":23,"enemies":"3 Cultists","floor":25,"turns":3}],"seed_played":"1493148478771490133","potions_obtained":[{"floor":1.0,"key":"Regen Potion"},{"floor":5,"key":"Energy Potion"},{"floor":6,"key":"champ:CounterPotion"},{"floor":14,"key":"FairyPotion"},{"floor":16,"key":"AttackPotion"},{"floor":18,"key":"sneckomod:MuddlingPotion"},{"floor":19,"key":"LiquidMemories"}],"is_trial":false,"path_per_floor":["M","M","?","M","M","E","R","E","T","M","?","R","M","E","R","B",null,"M","M","M","$","M","E","R","M"],"character_chosen":"CLOCKWORK","items_purchased":["Clockwork:CraftSomewhatSmoothStone","Clockwork:LogisticRegression","Nunchaku"],"campfire_rested":0,"item_purchase_floors":[21,21,21],"current_hp_per_floor":[85,85,85,83,83,79,79,64,64,56,56,56,56,35,35,3,79,59,59,38,38,8,23,23,0,0],"gold":145,"neow_bonus":"THREE_ENEMY_KILL","is_daily":false,"chose_seed":false,"campfire_upgraded":4,"win_rate":0.0,"timestamp":1610395661,"path_taken":["M","M","?","M","M","E","R","E","T","?","?","R","M","E","R","BOSS","M","M","M","$","M","E","R","M"],"items_purchased_type":["Card","Card","Relic"],"build_version":"2020-12-22","purchased_purges":1,"victory":false,"max_hp_per_floor":[85,85,85,85,85,85,85,85,85,85,79,79,79,79,79,79,79,79,79,79,79,79,79,79,79,79],"card_choices":[{"not_picked":["Clockwork:QuantumStrike","Clockwork:Pluck","Clockwork:PerfectedShield"],"picked":"SKIP","floor":1.0},{"not_picked":["Clockwork:TestingEnvironment","Clockwork:StasisBreak"],"picked":"Clockwork:SystemHardening","floor":2.0},{"not_picked":["Clockwork:Enhance","Clockwork:ElasticNanites"],"picked":"Clockwork:AssemblyLine","floor":4.0},{"not_picked":["Clockwork:Roundhouse","Clockwork:ForgeStrike"],"picked":"Clockwork:CraftVarja","floor":5},{"not_picked":["Clockwork:ChargingShield","Clockwork:SiegeStrike","Clockwork:AdaptiveCannon"],"picked":"SKIP","floor":6},{"not_picked":["Clockwork:AdaptiveCannon","Clockwork:Friction"],"picked":"Clockwork:LiteraryArmor","floor":8},{"not_picked":["Clockwork:Roundhouse","Clockwork:Downsize"],"picked":"Clockwork:LogisticRegression","floor":10},{"not_picked":["Clockwork:Pluck","Clockwork:QuantumStrike","Clockwork:Selectivity"],"picked":"SKIP","floor":13},{"not_picked":["Clockwork:SystemHardening","Clockwork:SpringShield","Clockwork:CogBarrier"],"picked":"SKIP","floor":14},{"not_picked":["Clockwork:DefectiveParts","Clockwork:PerfectForm"],"picked":"Clockwork:UnlimitedCogworks","floor":16},{"not_picked":["Clockwork:CogBarrier+1","Clockwork:Redundancy","Clockwork:Efficiency"],"picked":"SKIP","floor":18},{"not_picked":["Clockwork:CogToss+1","Clockwork:Enhance","Clockwork:RevUp+1"],"picked":"SKIP","floor":19},{"not_picked":["Clockwork:PerfectedShield","Clockwork:Enhance","Clockwork:Pluck"],"picked":"SKIP","floor":20},{"not_picked":["Clockwork:Scour","Clockwork:SmithsMallet+1"],"picked":"Clockwork:AssemblyLine","floor":22},{"not_picked":["Clockwork:SpurOn","Clockwork:ReserveSystems"],"picked":"Clockwork:KaliMa","floor":23}],"player_experience":670118,"relics_obtained":[{"floor":3.0,"key":"Omamori"},{"floor":6,"key":"Torii"},{"floor":8,"key":"Blue Candle"},{"floor":9,"key":"Darkstone Periapt"},{"floor":14,"key":"War Paint"},{"floor":23,"key":"Bronze Scales"}],"event_choices":[{"damage_healed":0.0,"max_hp_gain":0.0,"max_hp_loss":0.0,"gold_gain":0.0,"event_name":"Wheel of Change","player_choice":"Relic","floor":3.0,"gold_loss":0.0,"damage_taken":0.0},{"damage_healed":0,"gold_gain":0,"player_choice":"Lose Max HP","damage_taken":0,"relics_obtained":["Golden Idol"],"max_hp_gain":0,"max_hp_loss":6,"event_name":"Golden Idol","floor":11,"gold_loss":0}],"is_beta":false,"boss_relics":[{"not_picked":["Runic Dome","expansioncontent:StudyCardRelic"],"picked":"Astrolabe"}],"items_purged_floors":[21],"is_endless":false,"potions_floor_spawned":[1,5,6,14,16,18,19,22],"killed_by":"3 Cultists","ascension_level":1}}