{"host":"uzcks4yhskks9i02","time":1610347885,"event":{"mods":["BaseMod","Minty Spire (QoL Compilation)","Quick Restart"],"gold_per_floor":[115,131,46,63,113,146,146,172,172,172,192,192,206,125,125,221,221,247,259,286,208,227,261,281,174,174,192,203,203,75,93,93,93,93],"floor_reached":33,"playtime":1556,"items_purged":[],"score":346,"play_id":"5583c3c4-f81a-42fa-ac86-f20e9b3c728a","local_time":"20210110235125","is_ascension_mode":true,"campfire_choices":[{"data":"Static Discharge","floor":7,"key":"SMITH"},{"floor":10,"key":"REST"},{"data":"Loop","floor":15,"key":"SMITH"},{"floor":32,"key":"REST"}],"circlet_count":0,"master_deck":["Strike_B","Strike_B","Strike_B","Strike_B","Defend_B","Defend_B","Defend_B","Defend_B","Zap","Dualcast","Static Discharge+1","Go for the Eyes","Self Repair+1","Streamline","Chaos","Auto Shields","Rip and Tear","Go for the Eyes","Turbo","Loop+1","Thunder Strike","Loop","Doom and Gloom+1","Streamline+1","Fusion","Beam Cell+1","Steam+1","White Noise","Lockon+1","Storm","Redo+1","Seek","Capacitor","Ball Lightning+1","Loop+1"],"relics":["Cracked Core","CaptainsWheel","Pen Nib","Matryoshka","MealTicket","Omamori","Calling Bell","MawBank","Molten Egg 2","Ginger","CultistMask","Potion Belt","Question Card","Pantograph","Smiling Mask"],"acts_visited":["Exordium","TheCity"],"potions_floor_usage":[13,24],"damage_taken":[{"damage":1,"enemies":"Cultist","floor":1,"turns":3},{"damage":8,"enemies":"2 Louse","floor":2,"turns":3},{"damage":1,"enemies":"Small Slimes","floor":4,"turns":4},{"damage":17,"enemies":"Lagavulin","floor":6,"turns":6},{"damage":20,"enemies":"3 Sentries","floor":8,"turns":5},{"damage":9,"enemies":"3 Louse","floor":11,"turns":2},{"damage":8,"enemies":"Gremlin Gang","floor":13,"turns":5},{"damage":13,"enemies":"Slime Boss","floor":16,"turns":8},{"damage":5,"enemies":"3 Byrds","floor":18,"turns":2},{"damage":28,"enemies":"2 Thieves","floor":20,"turns":4},{"damage":27,"enemies":"Snake Plant","floor":22,"turns":4},{"damage":44,"enemies":"Slavers","floor":23,"turns":3},{"damage":13,"enemies":"Snecko","floor":24,"turns":3},{"damage":23,"enemies":"Centurion and Healer","floor":27,"turns":4},{"damage":28,"enemies":"Snake Plant","floor":28,"turns":4},{"damage":13,"enemies":"Snecko","floor":31,"turns":5},{"damage":104,"enemies":"Automaton","floor":33,"turns":6}],"seed_played":"-2353253895640278570","potions_obtained":[{"floor":1,"key":"Fire Potion"},{"floor":8,"key":"FairyPotion"},{"floor":18,"key":"FairyPotion"},{"floor":20,"key":"Weak Potion"},{"floor":24,"key":"Ancient Potion"},{"floor":28,"key":"Strength Potion"}],"is_trial":false,"path_per_floor":["M","M","$","M","?","E","R","E","T","R","M","?","M","$","R","B",null,"M","?","M","$","M","E","M","$","T","M","M","?","$","M","R","B"],"character_chosen":"DEFECT","items_purchased":["Self Repair","Streamline","Loop","Streamline+1","Fusion","Lockon+1","Storm","Capacitor","Ball Lightning+1"],"campfire_rested":2,"item_purchase_floors":[3,3,14,21,21,25,25,30,30],"current_hp_per_floor":[53,45,45,51,51,41,41,28,28,50,41,41,43,58,58,45,75,70,70,52,67,50,16,3,18,18,22,26,26,41,38,60,0,0],"gold":93,"neow_bonus":"ONE_RARE_RELIC","is_daily":false,"chose_seed":false,"campfire_upgraded":2,"win_rate":0.0,"timestamp":1610347885,"path_taken":["M","M","?","M","?","E","R","E","T","R","M","?","M","$","R","BOSS","M","?","M","$","M","E","M","$","T","?","M","?","?","M","R","BOSS"],"items_purchased_type":["Card","Card","Card","Card","Card","Card","Card","Card","Card"],"build_version":"2020-12-22","purchased_purges":0,"victory":false,"max_hp_per_floor":[75,75,75,75,75,75,75,75,75,75,75,75,75,75,75,75,75,75,75,75,75,75,75,75,75,75,75,75,75,75,75,75,75,75],"card_choices":[{"not_picked":["Redo","Go for the Eyes"],"picked":"Static Discharge","floor":1},{"not_picked":["Storm","Turbo"],"picked":"Go for the Eyes","floor":2},{"not_picked":["Stack","Compile Driver"],"picked":"Chaos","floor":4},{"not_picked":["Turbo","Redo"],"picked":"Auto Shields","floor":6},{"not_picked":["Coolheaded","Blizzard"],"picked":"Rip and Tear","floor":8},{"not_picked":["Steam","Rebound"],"picked":"Go for the Eyes","floor":11},{"not_picked":["Hologram","Heatsinks"],"picked":"Turbo","floor":13},{"not_picked":["Multi-Cast","Hyperbeam"],"picked":"Thunder Strike","floor":16},{"not_picked":["Redo","FTL+1"],"picked":"Loop","floor":18},{"not_picked":["Sweeping Beam+1","Conserve Battery"],"picked":"Doom and Gloom+1","floor":20},{"not_picked":["Fusion","Stack"],"picked":"Beam Cell+1","floor":22},{"not_picked":["Ball Lightning+1","Stack+1"],"picked":"Steam+1","floor":23},{"not_picked":["BootSequence","Beam Cell+1"],"picked":"White Noise","floor":24},{"not_picked":["Hologram","Scrape+1","Cold Snap+1"],"picked":"Redo+1","floor":27},{"not_picked":["Beam Cell+1","Conserve Battery","Chaos"],"picked":"Seek","floor":28},{"not_picked":["Heatsinks","Rebound+1","Double Energy"],"picked":"Loop+1","floor":31}],"player_experience":495998,"relics_obtained":[{"floor":6,"key":"Pen Nib"},{"floor":8,"key":"Matryoshka"},{"floor":9,"key":"MealTicket"},{"floor":9,"key":"Omamori"},{"floor":17,"key":"MawBank"},{"floor":17,"key":"Molten Egg 2"},{"floor":17,"key":"Ginger"},{"floor":23,"key":"Potion Belt"},{"floor":26,"key":"Question Card"},{"floor":26,"key":"Pantograph"}],"event_choices":[{"damage_healed":0,"gold_gain":50,"player_choice":"Gained Gold","damage_taken":0,"max_hp_gain":0,"max_hp_loss":0,"event_name":"Golden Wing","floor":5,"gold_loss":0},{"damage_healed":0,"gold_gain":0,"player_choice":"Grow","damage_taken":0,"max_hp_gain":0,"max_hp_loss":0,"event_name":"Living Wall","floor":12,"gold_loss":0,"cards_upgraded":["Self Repair"]},{"damage_healed":0,"gold_gain":0,"player_choice":"Trade","damage_taken":0,"relics_obtained":["CultistMask"],"max_hp_gain":0,"max_hp_loss":0,"event_name":"FaceTrader","floor":19,"gold_loss":0},{"damage_healed":0,"gold_gain":0,"player_choice":"Gave Potion","damage_taken":0,"relics_obtained":["Smiling Mask"],"max_hp_gain":0,"max_hp_loss":0,"event_name":"WeMeetAgain","floor":29,"gold_loss":0}],"is_beta":false,"boss_relics":[{"not_picked":["Runic Pyramid","Tiny House"],"picked":"Calling Bell"}],"items_purged_floors":[],"is_endless":false,"potions_floor_spawned":[1,8,18,20,24,28],"killed_by":"Automaton","ascension_level":3}}