{"host":"lxihx0b6awoz2w1j","time":1610326362,"event":{"mods":["Aspiration","BaseMod","Better Third Choice","CapriCore","Colored Powertips","Downfall","Hermit","Hubris","Infinite Spire","JesterMod","Luminous","Marisa????????","Melee Mod","Minty Spire (QoL Compilation)","Prisma Mod","Quick Restart","Relic Stats","Replay The Spire","Shade Mod","Spicy Shops","StSLib","The Alterego","The Blue Laboratory","The Cursed","The Disciple","The Forsaken","The Immortal","The Jungle","The Marked","The Runesmith","The Senshi","The Servant 0.9.4","Waifu the Spire"],"gold_per_floor":[116,130,140,140,160,185,185,196,196,236,266,36,55,55,55,152,152,165,181,192,192,192,192,192,211,234,252,282,302,335,354,354,451,451,461,461,479,479,92,125,125,148,148,164,198,211,211,211,211],"floor_reached":50,"playtime":2390,"items_purged":[],"score":659,"play_id":"3556976e-9996-4c5a-80d1-2599f2e54513","local_time":"20210111015242","is_ascension_mode":false,"campfire_choices":[{"data":"Feed","floor":7.0,"key":"SMITH"},{"data":"BattleHymn","floor":15.0,"key":"SMITH"},{"data":"Inflame","floor":23.0,"key":"SMITH"},{"floor":32.0,"key":"DIG"},{"floor":45.0,"key":"REST"},{"data":"Hemogenesis","floor":45.0,"key":"SMITH"},{"floor":49,"key":"REST"},{"data":"Rupture","floor":49,"key":"SMITH"}],"circlet_count":0,"master_deck":["Strike_R","Strike_R","Strike_R","Strike_R","Strike_R","Defend_R","Defend_R","Defend_R","Defend_R","Bash+1","ReplayTheSpireMod:Stacked","Anger","Wild Strike","Clothesline","Feed+1","Shrug It Off","ReplayTheSpireMod:Stacked","Combust","Metallicize","Inflame+1","hubris:StunningStrike","BattleHymn+1","Hemogenesis+1","ReplayTheSpireMod:Stacked+1","Armaments","TheCursedMod:Dregs","Flex","Fire Breathing+1","Bloodletting+1","Wild Strike","Cleave","Bludgeon","Spot Weakness","Perfected Strike+1","Sadistic Nature","Feel No Pain","Shrug It Off","expansioncontent:ChargeUp","Rampage+1","True Grit+1","Rupture+1","Pommel Strike+1"],"relics":["Black Blood","Replay:Baseball","Snack Pack","Red Skull","infinitespire:WardingShard","Lee\u0027s Waffle","hubris:ChampionShield","Lizard Tail","hubris:ScarierMask","Torii","hubris:TinFlute","Sozu","theForsaken:Gavel","hubris:Teleporter","Red Mask","Art of War","hubris:Towel","Replay:Wax Seal","Akabeko","infinitespire:Magic Flask","infinitespire:Lucky Rock","Meat on the Bone"],"acts_visited":["Exordium","TheCity","TheBeyond"],"potions_floor_usage":[50,50],"damage_taken":[{"damage":2.0,"enemies":"Small Slimes","floor":1.0,"turns":4.0},{"damage":5.0,"enemies":"2 Louse","floor":2.0,"turns":4.0},{"damage":2.0,"enemies":"Jaw Worm","floor":3.0,"turns":4.0},{"damage":0.0,"enemies":"Looter","floor":5.0,"turns":4.0},{"damage":36.0,"enemies":"Lagavulin","floor":6.0,"turns":5.0},{"damage":0.0,"enemies":"Large Slime","floor":8.0,"turns":2.0},{"damage":0.0,"enemies":"Gremlin Nob","floor":11.0,"turns":3.0},{"damage":9.0,"enemies":"Blue Slaver","floor":13.0,"turns":3.0},{"damage":2.0,"enemies":"Slime Boss","floor":16.0,"turns":7.0},{"damage":4.0,"enemies":"Chosen","floor":18.0,"turns":7.0},{"damage":2.0,"enemies":"3 Byrds","floor":19.0,"turns":4.0},{"damage":11.0,"enemies":"Centurion and Healer","floor":20.0,"turns":5.0},{"damage":11.0,"enemies":"Snake Plant","floor":25.0,"turns":6.0},{"damage":1.0,"enemies":"Snecko","floor":27.0,"turns":5.0},{"damage":40.0,"enemies":"Nightmare","floor":28.0,"turns":10.0},{"damage":3.0,"enemies":"Cultist and Chosen","floor":29.0,"turns":4.0},{"damage":11.0,"enemies":"Masked Bandits","floor":30.0,"turns":5.0},{"damage":15.0,"enemies":"Shelled Parasite and Fungi","floor":31.0,"turns":6.0},{"damage":50.0,"enemies":"Automaton","floor":33.0,"turns":9.0},{"damage":7.0,"enemies":"3 Darklings","floor":35.0,"turns":4.0},{"damage":14.0,"enemies":"3 Shapes","floor":37.0,"turns":6.0},{"damage":98.0,"enemies":"Nightmare","floor":40.0,"turns":11.0},{"damage":4.0,"enemies":"Sphere and 2 Shapes","floor":46.0,"turns":3.0},{"damage":39,"enemies":"Giant Head","floor":47,"turns":9},{"damage":1,"enemies":"4 Shapes","floor":48,"turns":4},{"damage":193,"enemies":"hubris:GrandSnecko","floor":50,"turns":11}],"seed_played":"8789455291433991021","potions_obtained":[{"floor":3.0,"key":"blueLaboratory:NullPotion"},{"floor":5.0,"key":"DuplicationPotion"},{"floor":8.0,"key":"SteroidPotion"}],"is_trial":false,"path_per_floor":["M","M","M","?","M","E","R","M","T","?","E","$","M","?","R","B",null,"M","M","M","?","?","R","AVR","M","T","M","NM","M","?","M","R","B",null,"M","?","M","?","$","NM","?","T","R","M","E","M","R","B"],"character_chosen":"IRONCLAD","items_purchased":["Lee\u0027s Waffle","Inflame","Replay:Wax Seal","Feel No Pain","Shrug It Off","expansioncontent:ChargeUp","Akabeko"],"campfire_rested":2,"item_purchase_floors":[12,12,39,39,39,39,39],"current_hp_per_floor":[88,88,88,88,88,58,58,68,68,45,57,103,104,92,92,104,107,107,107,102,102,102,102,102,106,106,107,79,86,81,81,81,48,107,107,107,105,105,105,27,27,27,59,75,64,85,107,0,0],"gold":211,"neow_bonus":"TEN_PERCENT_HP_BONUS","is_daily":false,"chose_seed":false,"campfire_upgraded":5,"win_rate":0.0,"timestamp":1610326362,"path_taken":["M","M","M","?","M","E","R","M","T","?","E","$","M","?","R","BOSS","M","M","M","?","?","R","AVR","M","T","M","NM","M","?","M","R","BOSS","M","?","M","?","$","NM","?","T","R","M","E","M","R","BOSS"],"items_purchased_type":["Relic","Card","Relic","Card","Card","Card","Relic"],"build_version":"2020-12-22","purchased_purges":0,"victory":false,"max_hp_per_floor":[88,88,88,88,88,88,88,92,92,92,96,103,107,107,107,107,107,107,107,107,107,107,107,107,107,107,107,107,107,107,107,107,107,107,107,107,107,107,107,107,107,107,107,107,107,107,107,107,107],"relic_stats":{"Sozu":5,"Lee\u0027s Waffle":46,"Lizard Tail":53,"Torii":16,"counters":[26,145],"Black Blood":146,"Art of War":[4],"obtain_stats":[{"Lee\u0027s Waffle":12,"hubris:Teleporter":28,"Torii":22,"Black Blood":34,"infinitespire:Magic Flask":40,"infinitespire:Lucky Rock":43,"hubris:Towel":36,"theForsaken:Gavel":26,"Burning Blood":0,"Akabeko":39,"Sozu":24,"Replay:Baseball":6,"Lizard Tail":14,"infinitespire:WardingShard":11,"hubris:ScarierMask":17,"Snack Pack":9,"Red Mask":30,"Art of War":32,"hubris:ChampionShield":14,"Replay:Wax Seal":39,"Red Skull":10,"hubris:TinFlute":24,"Meat on the Bone":47},{"Lee\u0027s Waffle":7,"hubris:Teleporter":15,"Torii":12,"Black Blood":19,"infinitespire:Magic Flask":22,"infinitespire:Lucky Rock":22,"hubris:Towel":20,"theForsaken:Gavel":13,"Burning Blood":0,"Akabeko":21,"Sozu":12,"Replay:Baseball":5,"Lizard Tail":8,"infinitespire:WardingShard":7,"hubris:ScarierMask":9,"Snack Pack":6,"Red Mask":17,"Art of War":18,"hubris:ChampionShield":8,"Replay:Wax Seal":21,"Red Skull":6,"hubris:TinFlute":12,"Meat on the Bone":24},{"Lee\u0027s Waffle":26,"hubris:Teleporter":73,"Torii":52,"Black Blood":97,"infinitespire:Magic Flask":118,"infinitespire:Lucky Rock":118,"hubris:Towel":101,"theForsaken:Gavel":58,"Burning Blood":0,"Akabeko":107,"Sozu":52,"Replay:Baseball":21,"Lizard Tail":29,"infinitespire:WardingShard":26,"hubris:ScarierMask":36,"Snack Pack":23,"Red Mask":82,"Art of War":88,"hubris:ChampionShield":29,"Replay:Wax Seal":107,"Red Skull":23,"hubris:TinFlute":52,"Meat on the Bone":130}],"Meat on the Bone":0},"card_choices":[{"not_picked":["Pommel Strike","Sword Boomerang"],"picked":"ReplayTheSpireMod:Stacked","floor":1.0},{"not_picked":["Shrug It Off","Rupture"],"picked":"Anger","floor":2.0},{"not_picked":["Shockwave","True Grit"],"picked":"Wild Strike","floor":3.0},{"not_picked":["Body Slam","Run Through"],"picked":"Clothesline","floor":5.0},{"not_picked":["True Grit","Berserk"],"picked":"Feed","floor":6.0},{"not_picked":["Battle Trance","True Grit"],"picked":"Shrug It Off","floor":8.0},{"not_picked":["Clothesline","Anger"],"picked":"ReplayTheSpireMod:Stacked","floor":10.0},{"not_picked":["ReplayTheSpireMod:Muscle Training","Rupture"],"picked":"Combust","floor":10.0},{"not_picked":["hubris:CleavingFinish","Shrug It Off"],"picked":"Metallicize","floor":11.0},{"not_picked":["Headbutt","Clothesline"],"picked":"hubris:StunningStrike","floor":13.0},{"not_picked":["Immolate","Eclipse"],"picked":"Hemogenesis","floor":16.0},{"not_picked":["Replay:Undeath\u0027s Touch","Seeing Red"],"picked":"ReplayTheSpireMod:Stacked+1","floor":18.0},{"not_picked":["Shrug It Off","Havoc+1"],"picked":"Armaments","floor":19.0},{"not_picked":["Wild Strike","True Grit+1","Replay:Undeath\u0027s Touch"],"picked":"SKIP","floor":20.0},{"not_picked":["Wild Strike+1","Headbutt"],"picked":"Flex","floor":25.0},{"not_picked":["Life Link","Battle Trance"],"picked":"Fire Breathing+1","floor":27.0},{"not_picked":["ReplayReversal","Infernal Blade"],"picked":"Bloodletting+1","floor":28.0},{"not_picked":["ReplayTheSpireMod:Corrosion Curse","Run Through"],"picked":"Wild Strike","floor":29.0},{"not_picked":["Blood for Blood","hubris:SharpeningStone"],"picked":"Cleave","floor":31.0},{"not_picked":["Demonic Infusion","Limit Break"],"picked":"Bludgeon","floor":33.0},{"not_picked":["Sword Boomerang+1","ReplayTheSpireMod:Limb From Limb+1"],"picked":"Spot Weakness","floor":35.0},{"not_picked":["Warcry","Clothesline"],"picked":"Perfected Strike+1","floor":37.0},{"not_picked":["expansioncontent:TimeRipple","ReplayTheSpireMod:Private Reserves"],"picked":"Sadistic Nature","floor":38.0},{"not_picked":["Bloodletting+1","Clothesline"],"picked":"Rampage+1","floor":40.0},{"not_picked":["Whirlwind","ReplayTheSpireMod:Strike From Hell"],"picked":"True Grit+1","floor":46.0},{"not_picked":["Heavy Blade","Headbutt+1"],"picked":"Rupture","floor":47},{"not_picked":["Flex","Disarm+1"],"picked":"Pommel Strike+1","floor":48}],"player_experience":566093,"relics_obtained":[{"floor":6.0,"key":"Replay:Baseball"},{"floor":9.0,"key":"Snack Pack"},{"floor":10.0,"key":"Red Skull"},{"floor":11.0,"key":"infinitespire:WardingShard"},{"floor":26.0,"key":"theForsaken:Gavel"},{"floor":28.0,"key":"hubris:Teleporter"},{"floor":30.0,"key":"Red Mask"},{"floor":32.0,"key":"Art of War"},{"floor":40.0,"key":"infinitespire:Magic Flask"},{"floor":43.0,"key":"infinitespire:Lucky Rock"},{"floor":47,"key":"Meat on the Bone"}],"event_choices":[{"damage_healed":0.0,"max_hp_gain":0.0,"max_hp_loss":0.0,"gold_gain":0.0,"event_name":"Living Wall","player_choice":"Grow","floor":4.0,"gold_loss":0.0,"damage_taken":0.0,"cards_upgraded":["Bash"]},{"damage_healed":0.0,"max_hp_gain":0.0,"max_hp_loss":0.0,"gold_gain":1.0,"event_name":"betterThird:BetterScrap","player_choice":"Relic Relic Card ","floor":14.0,"gold_loss":0.0,"damage_taken":12.0,"cards_obtained":["BattleHymn","MasterReality"]},{"damage_healed":0.0,"max_hp_gain":0.0,"max_hp_loss":0.0,"gold_gain":0.0,"event_name":"Masked Bandits","player_choice":"Fought Bandits","floor":30.0,"gold_loss":0.0,"damage_taken":0.0},{"damage_healed":0.0,"max_hp_gain":0.0,"max_hp_loss":0.0,"gold_gain":0.0,"event_name":"SensoryStone","player_choice":"Memory 1","floor":38.0,"gold_loss":0.0,"damage_taken":0.0}],"is_beta":false,"boss_relics":[{"not_picked":["Empty Cage","Busted Crown"],"picked":"hubris:ScarierMask"},{"not_picked":["Runic Cube","hubris:GrandSneckoEye"],"picked":"Black Blood"}],"items_purged_floors":[],"is_endless":true,"potions_floor_spawned":[3,5,8,13,16,19,20,25,28,33,35,46,47],"killed_by":"hubris:GrandSnecko","ascension_level":0}}