{"host":"7gewg82ormp6yt4e","time":1610359088,"event":{"mods":["BaseMod","Block Reminder","Colored Map","Colored Powertips","DeckTracker","Highlight Path","Minty Spire (QoL Compilation)","Relic Stats","StSLib","ojb\u0027s Info Mod"],"gold_per_floor":[113,38,38,51,71,71,105,105,105,123,123,123,123,155,155,231,231,248,248,156,156,16,16,45,45,71,105,117,147,177,217,229,315,327,349,361,384,396,4,4,35,35,35,35,50,96,96,128,128,128,128,128,128,0,28,28],"floor_reached":57,"playtime":4837,"items_purged":["Writhe"],"score":2915,"play_id":"25de26ae-a961-49a2-a3ba-1014d5faf8ce","local_time":"20210111185808","is_ascension_mode":true,"campfire_choices":[{"data":"Sunder","floor":6,"key":"SMITH"},{"data":"Zap","floor":8,"key":"SMITH"},{"data":"Consume","floor":11,"key":"SMITH"},{"data":"Undo","floor":13,"key":"SMITH"},{"data":"Electrodynamics","floor":15,"key":"SMITH"},{"data":"Biased Cognition","floor":23,"key":"SMITH"},{"data":"Panacea","floor":25,"key":"SMITH"},{"floor":28,"key":"REST"},{"floor":32,"key":"REST"},{"data":"Seek","floor":40,"key":"SMITH"},{"floor":42,"key":"RECALL"},{"data":"Loop","floor":44,"key":"SMITH"},{"data":"Defragment","floor":49,"key":"SMITH"},{"floor":53,"key":"DIG"}],"circlet_count":0,"master_deck":["AscendersBane","Strike_B+1","Strike_B+1","Defend_B+1","Defend_B+1","Defend_B+1","Defend_B+1","Zap+1","Dualcast","Sunder+1","Undo+1","Conserve Battery","Coolheaded","Consume+1","Electrodynamics+1","Biased Cognition+1","CurseOfTheBell","Cold Snap","Loop+1","Steam Power","Panacea+1","All For One","Defragment+1","Coolheaded","Ball Lightning","Steam Power","Turbo","Seek+1","Go for the Eyes+1","Lockon+1","Glacier","Steam+1","Go for the Eyes+1","Creative AI+1","Panacea","Purity","Violence","Scrape+1","Hologram"],"relics":["Cracked Core","Question Card","DataDisk","Pen Nib","Calling Bell","Juzu Bracelet","Cables","TungstenRod","PreservedInsect","MawBank","Molten Egg 2","Coffee Dripper","Ice Cream","Ancient Tea Set","Frozen Egg 2","Shovel","Nunchaku","HornCleat","Unceasing Top"],"acts_visited":["Exordium","TheCity","TheBeyond","TheEnding"],"potions_floor_usage":[7,24,27,33,51,55,56],"damage_taken":[{"damage":1,"enemies":"2 Louse","floor":1,"turns":2},{"damage":5,"enemies":"Small Slimes","floor":4,"turns":3},{"damage":0,"enemies":"Jaw Worm","floor":5,"turns":4},{"damage":9,"enemies":"3 Sentries","floor":7,"turns":6},{"damage":15,"enemies":"Exordium Thugs","floor":10,"turns":4},{"damage":0,"enemies":"Lagavulin","floor":14,"turns":6},{"damage":13,"enemies":"The Guardian","floor":16,"turns":13},{"damage":12,"enemies":"Shell Parasite","floor":18,"turns":4},{"damage":16,"enemies":"Book of Stabbing","floor":24,"turns":6},{"damage":22,"enemies":"Gremlin Leader","floor":27,"turns":6},{"damage":7,"enemies":"2 Thieves","floor":29,"turns":3},{"damage":3,"enemies":"Cultist and Chosen","floor":30,"turns":5},{"damage":12,"enemies":"Book of Stabbing","floor":31,"turns":6},{"damage":29,"enemies":"Automaton","floor":33,"turns":11},{"damage":2,"enemies":"3 Darklings","floor":35,"turns":2},{"damage":0,"enemies":"Orb Walker","floor":37,"turns":4},{"damage":0,"enemies":"Giant Head","floor":41,"turns":7},{"damage":0,"enemies":"Maw","floor":45,"turns":8},{"damage":21,"enemies":"2 Orb Walkers","floor":46,"turns":2},{"damage":0,"enemies":"Nemesis","floor":48,"turns":7},{"damage":19,"enemies":"Time Eater","floor":50,"turns":20},{"damage":0,"enemies":"Awakened One","floor":51,"turns":40},{"damage":42,"enemies":"Shield and Spear","floor":55,"turns":5},{"damage":7,"enemies":"The Heart","floor":56,"turns":13}],"seed_played":"2336661278601093817","potions_obtained":[{"floor":4,"key":"SkillPotion"},{"floor":16,"key":"Explosive Potion"},{"floor":29,"key":"Fire Potion"},{"floor":31,"key":"Ancient Potion"},{"floor":33,"key":"Weak Potion"},{"floor":35,"key":"PowerPotion"}],"is_trial":false,"path_per_floor":["M","$","?","M","M","R","E","R","T","M","R","?","R","E","R","B",null,"M","?","$","?","$","R","E","R","T","E","R","M","M","E","R","B",null,"M","?","M","$","$","R","E","R","T","R","M","?","?","E","R","B","B",null,"R","$","E","B",null],"character_chosen":"DEFECT","items_purchased":["Panacea","All For One","PowerPotion","Ice Cream","Glacier","Swift Potion","Scrape+1"],"campfire_rested":2,"item_purchase_floors":[20,22,22,39,39,54,54],"current_hp_per_floor":[77,77,77,72,72,72,63,63,63,48,48,48,48,48,48,35,73,61,61,61,61,61,61,45,45,45,23,48,41,38,26,51,22,69,67,67,67,67,67,67,67,67,67,67,67,46,37,37,37,18,18,68,68,68,26,19],"gold":28,"neow_bonus":"TWENTY_PERCENT_HP_BONUS","is_daily":false,"chose_seed":false,"campfire_upgraded":10,"win_rate":0.0,"timestamp":1610359088,"path_taken":["M","$","?","M","M","R","E","R","T","M","R","?","R","E","R","BOSS","M","?","$","?","$","R","E","R","T","E","R","M","M","E","R","BOSS","M","?","M","?","$","R","E","R","T","R","M","?","?","E","R","BOSS","BOSS","R","$","E","BOSS"],"items_purchased_type":["Card","Card","Potion","Relic","Card","Potion","Card"],"build_version":"2020-12-22","purchased_purges":1,"victory":true,"max_hp_per_floor":[85,85,85,85,85,85,85,85,85,85,85,85,85,85,85,85,85,85,85,85,85,85,85,85,85,85,85,85,85,85,85,85,85,85,85,85,85,85,85,85,85,85,85,85,85,85,85,85,85,85,85,85,85,85,85,85],"relic_stats":{"Nunchaku":[10],"Shovel":1,"counters":[24,186],"Pen Nib":[17],"PreservedInsect":346,"Juzu Bracelet":0,"Question Card":21,"MawBank":144,"obtain_stats":[{"Ice Cream":39,"Pen Nib":14,"PreservedInsect":24,"Juzu Bracelet":17,"Frozen Egg 2":43,"Question Card":7,"MawBank":27,"Ancient Tea Set":41,"Cables":17,"Calling Bell":17,"DataDisk":9,"Nunchaku":48,"Shovel":46,"HornCleat":53,"Molten Egg 2":31,"Coffee Dripper":34,"Cracked Core":0,"TungstenRod":17,"Unceasing Top":55},{"Ice Cream":16,"Pen Nib":6,"PreservedInsect":9,"Juzu Bracelet":7,"Frozen Egg 2":17,"Question Card":4,"MawBank":10,"Ancient Tea Set":17,"Cables":7,"Calling Bell":7,"DataDisk":4,"Nunchaku":20,"Shovel":19,"HornCleat":22,"Molten Egg 2":13,"Coffee Dripper":14,"Cracked Core":0,"TungstenRod":7,"Unceasing Top":23},{"Ice Cream":85,"Pen Nib":25,"PreservedInsect":48,"Juzu Bracelet":38,"Frozen Egg 2":92,"Question Card":15,"MawBank":54,"Ancient Tea Set":92,"Cables":38,"Calling Bell":38,"DataDisk":15,"Nunchaku":109,"Shovel":102,"HornCleat":169,"Molten Egg 2":68,"Coffee Dripper":79,"Cracked Core":0,"TungstenRod":38,"Unceasing Top":174}],"TungstenRod":34,"Unceasing Top":[0],"Cables":[138,49,89,0,0]},"card_choices":[{"not_picked":["Chaos","Stack"],"picked":"Sunder","floor":1},{"not_picked":["Coolheaded","Steam"],"picked":"Undo","floor":4},{"not_picked":["Leap","Go for the Eyes"],"picked":"Conserve Battery","floor":5},{"not_picked":["Melter","Capacitor"],"picked":"Coolheaded","floor":7},{"not_picked":["Gash","Steam","Ball Lightning"],"picked":"Consume","floor":10},{"not_picked":["Defragment","Glacier","Auto Shields"],"picked":"Electrodynamics","floor":14},{"not_picked":["Hyperbeam","Rainbow","Fission"],"picked":"Biased Cognition","floor":16},{"not_picked":["Steam+1","Go for the Eyes","Ball Lightning"],"picked":"Cold Snap","floor":18},{"not_picked":["Gash","Skim","Cold Snap"],"picked":"Defragment","floor":24},{"not_picked":["Sweeping Beam","Compile Driver","White Noise"],"picked":"Coolheaded","floor":27},{"not_picked":["White Noise","Rebound","Fusion+1"],"picked":"Ball Lightning","floor":29},{"not_picked":["Beam Cell","Conserve Battery","Sweeping Beam"],"picked":"Steam Power","floor":30},{"not_picked":["Barrage+1","Conserve Battery","Electrodynamics"],"picked":"Turbo","floor":31},{"not_picked":["Fission","Amplify","Creative AI"],"picked":"Seek","floor":33},{"not_picked":["Coolheaded","Barrage+1","Darkness+1"],"picked":"Go for the Eyes+1","floor":35},{"not_picked":["Conserve Battery","Redo","Force Field","Steam Power"],"picked":"SKIP","floor":37},{"not_picked":["Fission","Blizzard+1","Hologram"],"picked":"Steam+1","floor":41},{"not_picked":["Chaos","Ball Lightning+1","Storm+1"],"picked":"Go for the Eyes+1","floor":45},{"not_picked":["Beam Cell+1","Ball Lightning+1","Compile Driver+1"],"picked":"Creative AI+1","floor":46},{"not_picked":["Impatience","Violence","PanicButton"],"picked":"Panacea","floor":47},{"not_picked":["Forethought","The Bomb","Dramatic Entrance+1"],"picked":"Purity","floor":47},{"not_picked":["Trip","Mind Blast+1","Finesse"],"picked":"Violence","floor":47},{"not_picked":["Melter+1","Ball Lightning+1","Rebound+1","Darkness"],"picked":"SKIP","floor":48},{"not_picked":["Storm+1","Hello World+1","Skim"],"picked":"Hologram","floor":55}],"player_experience":2536839,"relics_obtained":[{"floor":7,"key":"Question Card"},{"floor":9,"key":"DataDisk"},{"floor":14,"key":"Pen Nib"},{"floor":17,"key":"Juzu Bracelet"},{"floor":17,"key":"Cables"},{"floor":17,"key":"TungstenRod"},{"floor":24,"key":"PreservedInsect"},{"floor":27,"key":"MawBank"},{"floor":31,"key":"Molten Egg 2"},{"floor":41,"key":"Ancient Tea Set"},{"floor":43,"key":"Frozen Egg 2"},{"floor":46,"key":"Shovel"},{"floor":48,"key":"Nunchaku"},{"floor":53,"key":"HornCleat"},{"floor":55,"key":"Unceasing Top"}],"event_choices":[{"damage_healed":0,"gold_gain":0,"player_choice":"Leave","damage_taken":0,"max_hp_gain":0,"max_hp_loss":0,"event_name":"The Cleric","floor":3,"gold_loss":0},{"damage_healed":0,"gold_gain":0,"player_choice":"Ignored","damage_taken":0,"max_hp_gain":0,"max_hp_loss":0,"event_name":"Liars Game","floor":12,"gold_loss":0},{"damage_healed":0,"gold_gain":0,"cards_transformed":["Strike_B","Strike_B"],"player_choice":"Became Test Subject","damage_taken":0,"max_hp_gain":0,"max_hp_loss":0,"event_name":"Drug Dealer","floor":19,"gold_loss":0,"cards_obtained":["Loop","Steam Power"]},{"damage_healed":0,"gold_gain":0,"player_choice":"Simplicity","damage_taken":0,"max_hp_gain":0,"max_hp_loss":0,"event_name":"Back to Basics","floor":21,"gold_loss":0,"cards_upgraded":["Strike_B","Strike_B","Defend_B","Defend_B","Defend_B","Defend_B"]},{"damage_healed":0,"gold_gain":0,"player_choice":"1 cards matched","damage_taken":0,"max_hp_gain":0,"max_hp_loss":0,"event_name":"Match and Keep!","floor":36,"gold_loss":0,"cards_obtained":["Lockon"]},{"damage_healed":0,"gold_gain":0,"player_choice":"Fight","damage_taken":0,"max_hp_gain":0,"max_hp_loss":0,"event_name":"Mysterious Sphere","floor":46,"gold_loss":0},{"damage_healed":0,"gold_gain":0,"player_choice":"Memory 3","damage_taken":10,"max_hp_gain":0,"max_hp_loss":0,"event_name":"SensoryStone","floor":47,"gold_loss":0}],"is_beta":false,"boss_relics":[{"not_picked":["Black Star","Busted Crown"],"picked":"Calling Bell"},{"not_picked":["Runic Dome","Fusion Hammer"],"picked":"Coffee Dripper"}],"items_purged_floors":[2],"is_endless":false,"potions_floor_spawned":[4,16,29,31,33,35,37,46],"ascension_level":20}}