{"host":"i0nufhl6g9ryeroh","time":1610391103,"event":{"mods":["2.2 Compatiblity","Act Like it!","Aspiration","Bard","BaseMod","ChefMod","Conspire","Dark Map","Dota2Spire","Downfall","Elementarium","Fox Events","Friendly Minions","GifTheSpireLib","Gremlin Mod","Halation","Hallownest","Hermit","Hubris","Infinite Spire","Jedi Mod","Jorbs\u0027s Wanderer Trilogy","Kratos Character Expansion","Lobotomy","LobotomyExtend","Minty Spire (QoL Compilation)","Mirrors Mod","Pale of the Ancients","Poem Panic","Potionbrewer","QueenMod","Relic Stats","Replay The Spire","Robot Space Explorer","SIMod","Shop Mod","StSLib","Strawberry Spire","Stuff the Spire","The Blackbeard","The Blue Laboratory","The Bug Knight","The Construct","The Cursed","The Disciple","The Dragon Tamer","The Gatherer","The Hayseed","The Judge","The Jungle","The Marked","The Runesmith","The Sage","The Servant 0.9.4","The Showman","The Trickster","TheArtist","TheBandit","TheVacant","Thieving Mod","Useless Jewels Mod","Wandering Minibosses"],"gold_per_floor":[115,115,115,115,130,130,164,164,164,183,201,201,201,201,201,300,300,317,399,418,438,56,89,89,114,114,132,145,70,80,114,114,211,211,228,244,244,256,256,285,285,296,322,322,65,83,83,96,96,96,96,96],"floor_reached":50,"playtime":3323,"items_purged":["Pain","TheSimpletonMod:Gnats"],"score":682,"play_id":"48b30dd3-dd73-40ee-8f77-5f186389d319","local_time":"20210111215143","is_ascension_mode":false,"metric_token":4002,"campfire_choices":[{"data":"DTMod:ForkedFire","floor":8,"key":"SMITH"},{"data":"DTMod:DarkBreath","floor":12,"key":"SMITH"},{"data":"RobotSpaceExplorer:StarLightning","floor":15,"key":"SMITH"},{"data":"DTMod:Dissolve","floor":24,"key":"SMITH"},{"data":"Overencumbered","floor":41,"key":"SMITH"},{"data":"strawberrySpire:AscendersBanana","floor":44,"key":"SMITH"},{"data":"Clumsy","floor":47,"key":"SMITH"},{"data":"DTMod:RepeatStrike","floor":49,"key":"SMITH"}],"dtmod_dragon_data":[0,50,1,1,8,13],"circlet_count":0,"master_deck":["DTMod:Strike+1","DTMod:Strike","DTMod:Strike","DTMod:Strike","DTMod:DoubleHit","DTMod:TargetDefense","DTMod:TargetDefense+1","DTMod:TargetDefense","DTMod:TargetDefense","DTMod:SwitchingTactic","DTMod:BlazingStrike","DTMod:ForkedFire+1","DTMod:DarkBreath+1","RobotSpaceExplorer:StarLightning+1","DTMod:RepeatStrike+1","DTMod:Dissolve+1","DTMod:Weaken+1","DTMod:FierySynthesis+1","DTMod:Conduct+1","DTMod:Hide+1","DTMod:Training","StuffTheSpire:Vigor","DTMod:BurningForce+1","DTMod:Multitask+1","DTMod:DarkBreath+1","DTMod:Training+1","DTMod:BlueScale+1","DTMod:CalculatedDefense+1"],"relics":["DTMod:PactStone","NeowsBlessing","halation:PinkSoulGem","WarpedTongs","strawberrySpire:Starfruit","hubris:GlazedTorus","ReplayTheSpireMod:Ninjato","potionbrewer:BhaskarasWheel","Dota2Spire:CrimsonGuard","MerchantsRug","Dota2Spire:ShadowBlade","hubris:TenFootPole","aspiration:HiddenCompartment","halation:PrussianBluePaint","hubris:SphereOfDissonance","Durian","DTMod:SolidMemories","SlaversCollar","StuffTheSpire:Experiment12","Orichalcum","hubris:MysteriousPyramids","TheAbacus"],"acts_visited":["Exordium","TheCity","TheBeyond"],"potions_floor_usage":[23,25,25,27,31,38,40,50,50,50],"damage_taken":[{"damage":0,"enemies":"2 Louse","floor":1,"turns":1},{"damage":0,"enemies":"Small Slimes","floor":5,"turns":1},{"damage":0,"enemies":"Lagavulin","floor":7,"turns":2},{"damage":0,"enemies":"Cultist","floor":10,"turns":3},{"damage":0,"enemies":"3 Louse","floor":11,"turns":2},{"damage":6,"enemies":"Slime Boss","floor":16,"turns":7},{"damage":0,"enemies":"2 Thieves","floor":18,"turns":3},{"damage":0,"enemies":"Chosen","floor":20,"turns":3},{"damage":3,"enemies":"Snake Plant","floor":21,"turns":4},{"damage":0,"enemies":"Book of Stabbing","floor":23,"turns":5},{"damage":0,"enemies":"Slavers","floor":25,"turns":3},{"damage":0,"enemies":"Shelled Parasite and Fungi","floor":27,"turns":2},{"damage":0,"enemies":"Centurion and Healer","floor":28,"turns":4},{"damage":0,"enemies":"Snake Plant","floor":30,"turns":4},{"damage":5,"enemies":"Nightmare","floor":31,"turns":9},{"damage":2,"enemies":"hubris:MusketHawk","floor":33,"turns":8},{"damage":0,"enemies":"Orb Walker","floor":35,"turns":2},{"damage":0,"enemies":"3 Darklings","floor":36,"turns":5},{"damage":0,"enemies":"Spire Growth","floor":38,"turns":3},{"damage":0,"enemies":"strawberrySpire:EssenceStones","floor":40,"turns":4},{"damage":12,"enemies":"Jaw Worm Horde","floor":42,"turns":5},{"damage":0,"enemies":"Transient","floor":46,"turns":5},{"damage":0,"enemies":"Spire Growth","floor":48,"turns":3},{"damage":53,"enemies":"MirrorBossEncounter","floor":50,"turns":7}],"seed_played":"6159044751929160939","potions_obtained":[{"floor":5,"key":"DuplicationPotion"},{"floor":11,"key":"Strength Potion"},{"floor":21,"key":"construct:ShiftPotion"},{"floor":25,"key":"jedi:holywater"},{"floor":28,"key":"Elixir"},{"floor":33,"key":"champ:CounterPotion"},{"floor":36,"key":"Death Potion"},{"floor":42,"key":"blueLaboratory:ExaltedPotion"},{"floor":46,"key":"potionbrewer:CleansingPotion"}],"is_trial":false,"path_per_floor":["M","?","?","?","M","R","E","R","T","M","M","R","?","?","R","B",null,"M","T","M","M","$","E","R","E","T","M","M","?","M","NM","R","B",null,"M","M","?","M","AVR","E","R","M","T","R","$","M","R","M","R","B"],"character_chosen":"THE_DT","items_purchased":["DTMod:FierySynthesis","MerchantsRug","hubris:MysteriousPyramids","TheAbacus","champ:CounterPotion"],"campfire_rested":0,"item_purchase_floors":[22,22,45,45,45],"current_hp_per_floor":[45,45,45,45,45,57,57,57,57,57,57,57,46,46,46,40,57,57,57,57,54,54,54,54,54,54,54,54,54,54,49,57,55,64,64,64,64,64,64,64,64,52,52,52,52,52,52,52,52,0,0,0],"gold":96,"neow_bonus":"THREE_ENEMY_KILL","is_daily":false,"chose_seed":false,"campfire_upgraded":8,"win_rate":0.0,"timestamp":1610391103,"path_taken":["M","?","?","?","M","R","E","R","T","?","M","R","?","?","R","BOSS","M","?","M","M","?","E","R","E","T","?","M","?","M","NM","R","BOSS","M","M","?","M","AVR","E","R","M","T","R","$","M","R","M","R","BOSS"],"items_purchased_type":["Card","Relic","Relic","Relic","Potion"],"build_version":"2020-12-22","purchased_purges":2,"victory":false,"max_hp_per_floor":[45,45,45,45,45,57,57,57,57,57,57,57,57,57,57,57,57,57,57,57,57,57,57,57,57,57,57,57,57,57,57,57,57,64,64,64,64,64,64,64,64,64,64,64,64,64,64,64,64,64,64,64],"relic_stats":{"TheAbacus":[12],"counters":[24,95],"Orichalcum":[60],"obtain_stats":[{"DTMod:SolidMemories":39,"strawberrySpire:Blandfruit":3,"strawberrySpire:Starfruit":6,"Dota2Spire:ShadowBlade":23,"hubris:MysteriousPyramids":45,"StuffTheSpire:Experiment12":40,"TheAbacus":45,"Dota2Spire:CrimsonGuard":19,"halation:PrussianBluePaint":34,"hubris:GlazedTorus":7,"MerchantsRug":22,"ReplayTheSpireMod:Ninjato":9,"NeowsBlessing":0,"hubris:SphereOfDissonance":34,"potionbrewer:BhaskarasWheel":17,"Replay:Ancient Bell":34,"Orichalcum":43,"strawberrySpire:DirtyLipstick":25,"aspiration:HiddenCompartment":31,"WarpedTongs":4,"SlaversCollar":39,"DTMod:PactStone":0,"hubris:TenFootPole":26,"Durian":34,"halation:PinkSoulGem":2},{"DTMod:SolidMemories":19,"strawberrySpire:Blandfruit":1,"strawberrySpire:Starfruit":2,"Dota2Spire:ShadowBlade":10,"hubris:MysteriousPyramids":21,"StuffTheSpire:Experiment12":20,"TheAbacus":21,"Dota2Spire:CrimsonGuard":7,"halation:PrussianBluePaint":16,"hubris:GlazedTorus":3,"MerchantsRug":9,"ReplayTheSpireMod:Ninjato":3,"NeowsBlessing":0,"hubris:SphereOfDissonance":16,"potionbrewer:BhaskarasWheel":6,"Replay:Ancient Bell":16,"Orichalcum":21,"strawberrySpire:DirtyLipstick":11,"aspiration:HiddenCompartment":15,"WarpedTongs":1,"SlaversCollar":19,"DTMod:PactStone":0,"hubris:TenFootPole":11,"Durian":16,"halation:PinkSoulGem":1},{"DTMod:SolidMemories":71,"strawberrySpire:Blandfruit":1,"strawberrySpire:Starfruit":2,"Dota2Spire:ShadowBlade":31,"hubris:MysteriousPyramids":80,"StuffTheSpire:Experiment12":75,"TheAbacus":80,"Dota2Spire:CrimsonGuard":19,"halation:PrussianBluePaint":61,"hubris:GlazedTorus":4,"MerchantsRug":26,"ReplayTheSpireMod:Ninjato":4,"NeowsBlessing":0,"hubris:SphereOfDissonance":61,"potionbrewer:BhaskarasWheel":16,"Replay:Ancient Bell":61,"Orichalcum":80,"strawberrySpire:DirtyLipstick":34,"aspiration:HiddenCompartment":53,"WarpedTongs":1,"SlaversCollar":71,"DTMod:PactStone":0,"hubris:TenFootPole":34,"Durian":61,"halation:PinkSoulGem":1}],"WarpedTongs":[93]},"card_choices":[{"not_picked":["DTMod:BizarreTactic","DTMod:ShieldDrain"],"picked":"DTMod:BlazingStrike","floor":1},{"not_picked":["DTMod:BuildUp","DTMod:Feint"],"picked":"DTMod:ForkedFire","floor":5},{"not_picked":["DTMod:BreakAttack","DTMod:BizarreTactic"],"picked":"DTMod:WarmUp","floor":7},{"not_picked":["DTMod:BalancedStrike","DTMod:BuildUp"],"picked":"DTMod:DarkBreath","floor":10},{"not_picked":["DTMod:LowKick","DTMod:Hide","DTMod:Weaken"],"picked":"SKIP","floor":11},{"not_picked":["DTMod:OpeningTactic","DTMod:LightShield"],"picked":"DTMod:RepeatStrike","floor":16},{"not_picked":["DTMod:ShieldDrain","DTMod:MasterPlan+1"],"picked":"DTMod:Dissolve","floor":18},{"not_picked":["DTMod:ForkedFire","DTMod:Cover","DTMod:MagicField+1"],"picked":"SKIP","floor":20},{"not_picked":["DTMod:ShieldDrain","DTMod:Feint+1"],"picked":"DTMod:Weaken+1","floor":21},{"not_picked":["DTMod:CrossStep","DTMod:Dissolve"],"picked":"DTMod:Conduct","floor":23},{"not_picked":["DTMod:TagTeam","DTMod:HeatWave","DTMod:WarmUp"],"picked":"SKIP","floor":25},{"not_picked":["DTMod:BurningEnergy","DTMod:CrossStep"],"picked":"DTMod:Hide+1","floor":27},{"not_picked":["DTMod:ComboAttack+1","DTMod:HeatWave+1"],"picked":"DTMod:Training","floor":28},{"not_picked":["DTMod:BurningEnergy","DTMod:Threaten+1"],"picked":"DTMod:BurningForce+1","floor":30},{"not_picked":["DTMod:Adaptation","DTMod:StarRain","DTMod:LowKick"],"picked":"SKIP","floor":31},{"not_picked":["DTMod:ExcessFootwork","DTMod:ResonanceForm"],"picked":"DTMod:Multitask","floor":33},{"not_picked":["Hallucinations","SwitchThreat"],"picked":"TheSimpletonMod:Gnats","floor":34},{"not_picked":["TheSimpletonMod:Frostbite","Looming Evil"],"picked":"Overencumbered","floor":34},{"not_picked":["Looming Evil","Slimebound:Icky"],"picked":"strawberrySpire:AscendersBanana","floor":34},{"not_picked":["DTMod:RunningTactic","DTMod:Cover","DTMod:Weaken"],"picked":"SKIP","floor":35},{"not_picked":["DTMod:Cover+1","DTMod:HeatWave+1"],"picked":"DTMod:DarkBreath","floor":36},{"not_picked":["DTMod:TauntingStrike+1","DTMod:Haste+1"],"picked":"DTMod:Training+1","floor":38},{"not_picked":["DTMod:Observe","DTMod:CleansingStrike"],"picked":"DTMod:BlueScale+1","floor":40},{"not_picked":["DTMod:BizarreTactic+1","DTMod:QuickFly","DTMod:Weaken+1"],"picked":"SKIP","floor":42},{"not_picked":["DTMod:Overwhelm","DTMod:ForkedFire+1"],"picked":"DTMod:CalculatedDefense+1","floor":46},{"not_picked":["DTMod:Punisher","DTMod:Shift","DTMod:BreakAttack+1"],"picked":"SKIP","floor":48}],"player_experience":464122,"relics_obtained":[{"floor":6,"key":"strawberrySpire:Starfruit"},{"floor":7,"key":"hubris:GlazedTorus"},{"floor":9,"key":"ReplayTheSpireMod:Ninjato"},{"floor":19,"key":"Dota2Spire:CrimsonGuard"},{"floor":23,"key":"Dota2Spire:ShadowBlade"},{"floor":25,"key":"strawberrySpire:DirtyLipstick"},{"floor":26,"key":"hubris:TenFootPole"},{"floor":31,"key":"aspiration:HiddenCompartment"},{"floor":40,"key":"StuffTheSpire:Experiment12"},{"floor":43,"key":"Orichalcum"}],"event_choices":[{"damage_healed":0,"gold_gain":0,"player_choice":"Rummage","damage_taken":0,"relics_obtained":["WarpedTongs"],"max_hp_gain":0,"max_hp_loss":0,"event_name":"Accursed Blacksmith","floor":4,"gold_loss":0,"cards_obtained":["Pain"]},{"damage_healed":0,"gold_gain":0,"player_choice":"Entered Light","damage_taken":11,"max_hp_gain":0,"max_hp_loss":0,"event_name":"Shining Light","floor":13,"gold_loss":0,"cards_upgraded":["DTMod:Strike","DTMod:TargetDefense"]},{"cards_removed":["DTMod:WarmUp"],"damage_healed":0,"gold_gain":0,"player_choice":"Took Card","damage_taken":0,"max_hp_gain":0,"max_hp_loss":0,"event_name":"NoteForYourself","floor":14,"gold_loss":0,"cards_obtained":["RobotSpaceExplorer:StarLightning"]}],"is_beta":false,"boss_relics":[{"not_picked":["strawberrySpire:RottenAvocado","conspire:RunicOctahedron"],"picked":"potionbrewer:BhaskarasWheel"},{"not_picked":["Honey Jar","Replay:Fungal Core"],"picked":"Replay:Ancient Bell"},{"not_picked":["ReplayTheSpireMod:TigerMarble","ReplayTheSpireMod:Lightbulb"],"picked":"halation:PrussianBluePaint"},{"not_picked":["StuffTheSpire:CocoNut","Snack Pack"],"picked":"hubris:SphereOfDissonance"},{"not_picked":["Calipers","jedi:gremlinknob"],"picked":"Durian"}],"items_purged_floors":[22,39],"is_endless":true,"potions_floor_spawned":[5,11,21,25,28,33,36,42,46],"killed_by":"MirrorBossEncounter","ascension_level":0}}