{"host":"2js2pxuugveqjuf7","time":1610400481,"event":{"mods":["BaseMod","Minty Spire (QoL Compilation)","Relic Stats","StSLib"],"gold_per_floor":[117,136,86,86,99,131,151,151,175,188,188,188,223,241,241,241,241],"floor_reached":16,"playtime":805,"items_purged":[],"score":157,"play_id":"c69b2196-f49d-48f7-b395-fbfc5a26c259","local_time":"20210111152801","is_ascension_mode":true,"campfire_choices":[{"data":"Shockwave","floor":8,"key":"SMITH"},{"data":"Dark Embrace","floor":11,"key":"SMITH"},{"data":"True Grit","floor":15,"key":"SMITH"}],"circlet_count":0,"master_deck":["Strike_R","Strike_R","Strike_R+1","Defend_R","Defend_R","Defend_R","Bash","True Grit+1","Cleave+1","Shockwave+1","Twin Strike","Dark Embrace+1","Dropkick","Anger","Disarm"],"relics":["Burning Blood","Akabeko","Whetstone","Happy Flower"],"acts_visited":["Exordium"],"potions_floor_usage":[7,10],"damage_taken":[{"damage":6,"enemies":"2 Louse","floor":1,"turns":3},{"damage":0,"enemies":"Small Slimes","floor":2,"turns":3},{"damage":1,"enemies":"Cultist","floor":5,"turns":3},{"damage":40,"enemies":"3 Sentries","floor":6,"turns":9},{"damage":9,"enemies":"Blue Slaver","floor":7,"turns":2},{"damage":4,"enemies":"Exordium Thugs","floor":10,"turns":3},{"damage":48,"enemies":"Gremlin Nob","floor":13,"turns":5},{"damage":4,"enemies":"Red Slaver","floor":14,"turns":3},{"damage":12,"enemies":"The Guardian","floor":16,"turns":9}],"seed_played":"-54019720003486092","potions_obtained":[{"floor":1,"key":"PowerPotion"},{"floor":2,"key":"Weak Potion"},{"floor":7,"key":"Fire Potion"},{"floor":10,"key":"SpeedPotion"}],"is_trial":false,"path_per_floor":["M","M","?","?","M","E","M","R","T","M","R","?","E","M","R","B"],"character_chosen":"IRONCLAD","items_purchased":[],"campfire_rested":0,"item_purchase_floors":[],"current_hp_per_floor":[80,86,86,79,84,50,47,47,47,49,49,49,7,9,9,0,0],"gold":241,"neow_bonus":"TEN_PERCENT_HP_BONUS","is_daily":false,"chose_seed":false,"campfire_upgraded":3,"win_rate":0.0,"timestamp":1610400481,"path_taken":["M","M","?","?","M","E","M","R","T","M","R","?","E","?","R","BOSS"],"items_purchased_type":[],"build_version":"2020-12-22","purchased_purges":0,"victory":false,"max_hp_per_floor":[88,88,88,88,88,88,88,88,88,88,88,88,88,88,88,88,88],"relic_stats":{"Happy Flower":[4],"counters":[9,40],"Whetstone":["Cleave","Strike_R"],"obtain_stats":[{"Happy Flower":13,"Whetstone":9,"Burning Blood":0,"Akabeko":6},{"Happy Flower":7,"Whetstone":5,"Burning Blood":0,"Akabeko":4},{"Happy Flower":28,"Whetstone":20,"Burning Blood":0,"Akabeko":18}],"Burning Blood":48},"card_choices":[{"not_picked":["Rage","Reckless Charge"],"picked":"True Grit","floor":1},{"not_picked":["Rupture","Battle Trance"],"picked":"Cleave","floor":2},{"not_picked":["Battle Trance","Entrench"],"picked":"Shockwave","floor":5},{"not_picked":["Shrug It Off","Headbutt"],"picked":"Twin Strike","floor":6},{"not_picked":["Heavy Blade","Perfected Strike"],"picked":"Dark Embrace","floor":7},{"not_picked":["Cleave","Shrug It Off"],"picked":"Dropkick","floor":10},{"not_picked":["Thunderclap","Pummel"],"picked":"Disarm","floor":13},{"not_picked":["Rupture","Heavy Blade","Clothesline"],"picked":"SKIP","floor":14}],"player_experience":252131,"relics_obtained":[{"floor":6,"key":"Akabeko"},{"floor":9,"key":"Whetstone"},{"floor":13,"key":"Happy Flower"}],"event_choices":[{"cards_removed":["Strike_R"],"damage_healed":0,"gold_gain":0,"player_choice":"Card Removal","damage_taken":0,"max_hp_gain":0,"max_hp_loss":0,"event_name":"The Cleric","floor":3,"gold_loss":50},{"cards_removed":["Defend_R"],"damage_healed":0,"gold_gain":0,"player_choice":"Card Removal","damage_taken":7,"max_hp_gain":0,"max_hp_loss":0,"event_name":"Golden Wing","floor":4,"gold_loss":0},{"damage_healed":0,"gold_gain":0,"cards_transformed":["Strike_R"],"player_choice":"Transformed","damage_taken":0,"max_hp_gain":0,"max_hp_loss":0,"event_name":"Transmorgrifier","floor":12,"gold_loss":0,"cards_obtained":["Anger"]}],"is_beta":false,"boss_relics":[],"items_purged_floors":[],"is_endless":false,"potions_floor_spawned":[1,2,7,10],"killed_by":"The Guardian","ascension_level":8}}