{"host":"j4nfyhit1dl35m08","time":1610408989,"event":{"mods":["BaseMod","Highlight Path","Jorbs\u0027s Wanderer Trilogy","Minty Spire (QoL Compilation)","StSLib"],"gold_per_floor":[115,135,165,175,193,226,226,254,254,288,299,299,299,322,322,442,442,462,377,415,434,453,496,516,516,516,49,87,87,122,147,147,276,276,297,365,698,251,251,290,290,326,353,353,395,233,233,233,233,238,238,238,35,65,70],"floor_reached":56,"playtime":8405,"items_purged":[],"score":1407,"play_id":"19863d57-8f73-4c80-b2dc-8e3c38453280","local_time":"20210111174949","is_ascension_mode":false,"campfire_choices":[{"data":"stsjorbsmod:BookOfTongues","floor":12.0,"key":"SMITH"},{"data":"stsjorbsmod:CorrodingBarrier","floor":15.0,"key":"SMITH"},{"data":"stsjorbsmod:DeathThroes","floor":25.0,"key":"SMITH"},{"data":"stsjorbsmod:OldPocket","floor":29.0,"key":"SMITH"},{"data":"stsjorbsmod:MirrorImage","floor":32.0,"key":"SMITH"},{"floor":44,"key":"RECALL"},{"data":"stsjorbsmod:MirrorImage","floor":49,"key":"SMITH"},{"data":"stsjorbsmod:MirrorImage","floor":52,"key":"SMITH"}],"circlet_count":0,"master_deck":["stsjorbsmod:ForbiddenGrimoire+1","stsjorbsmod:FreshAdventure","stsjorbsmod:EyeOfTheStorm","stsjorbsmod:FaerieFire","stsjorbsmod:BookOfTongues+1","stsjorbsmod:RefuseToForget","stsjorbsmod:LoseGrip+1","stsjorbsmod:FaerieFire+1","stsjorbsmod:WanderingMind","stsjorbsmod:CorrodingBarrier+1","stsjorbsmod:MirrorImage+1","stsjorbsmod:FlameWard","stsjorbsmod:Mania","stsjorbsmod:ArcaneForm+1","stsjorbsmod:Counterspell","stsjorbsmod:DeathThroes+1","stsjorbsmod:OldPocket+1","stsjorbsmod:MirrorImage+1","stsjorbsmod:WeightOfMemory","stsjorbsmod:TinyHut+1","stsjorbsmod:TrueStrike","stsjorbsmod:Counterspell+1","stsjorbsmod:FindFamiliar+1","stsjorbsmod:Feast","stsjorbsmod:MistyStep","stsjorbsmod:WanderingMind+1","stsjorbsmod:Fireball","stsjorbsmod:MistyStep+1","stsjorbsmod:LoseGrip","stsjorbsmod:HedgeWizard","stsjorbsmod:MirrorImage+1","stsjorbsmod:Materialize","stsjorbsmod:Channel","stsjorbsmod:HedgeWizard+1"],"relics":["stsjorbsmod:GrimoireRelic","Happy Flower","Frozen Egg 2","Vajra","Bag of Preparation","Pandora\u0027s Box","PreservedInsect","White Beast Statue","Art of War","Frozen Eye","Ornamental Fan","The Courier","Sozu","Calipers","Membership Card","Bronze Scales","Nunchaku","Pear","Shuriken","Pocketwatch","Boot","HornCleat","Centennial Puzzle","stsjorbsmod:MindGlassRelic","Orichalcum","Toy Ornithopter"],"acts_visited":["Exordium","TheCity","TheBeyond","TheEnding"],"potions_floor_usage":[55,55,55],"damage_taken":[{"damage":2.0,"enemies":"Jaw Worm","floor":1.0,"turns":5.0},{"damage":0.0,"enemies":"Small Slimes","floor":2.0,"turns":2.0},{"damage":0.0,"enemies":"2 Louse","floor":3.0,"turns":3.0},{"damage":7.0,"enemies":"Exordium Thugs","floor":4.0,"turns":7.0},{"damage":5.0,"enemies":"Red Slaver","floor":5.0,"turns":4.0},{"damage":10.0,"enemies":"Lagavulin","floor":6.0,"turns":6.0},{"damage":12.0,"enemies":"Gremlin Nob","floor":8.0,"turns":4.0},{"damage":7.0,"enemies":"Large Slime","floor":10.0,"turns":6.0},{"damage":15.0,"enemies":"Exordium Thugs","floor":11.0,"turns":7.0},{"damage":10.0,"enemies":"Hexaghost","floor":16.0,"turns":8.0},{"damage":0.0,"enemies":"Shell Parasite","floor":18.0,"turns":5.0},{"damage":0.0,"enemies":"3 Byrds","floor":20.0,"turns":6.0},{"damage":0.0,"enemies":"Snecko","floor":21.0,"turns":5.0},{"damage":15.0,"enemies":"Centurion and Healer","floor":22.0,"turns":7.0},{"damage":0.0,"enemies":"Book of Stabbing","floor":23.0,"turns":4.0},{"damage":0.0,"enemies":"Sentry and Sphere","floor":24.0,"turns":2.0},{"damage":22.0,"enemies":"Slavers","floor":28.0,"turns":5.0},{"damage":8.0,"enemies":"Cultist and Chosen","floor":30.0,"turns":7.0},{"damage":1.0,"enemies":"Snake Plant","floor":31.0,"turns":4.0},{"damage":0.0,"enemies":"Collector","floor":33.0,"turns":7.0},{"damage":0,"enemies":"Orb Walker","floor":35,"turns":4},{"damage":0,"enemies":"Mind Bloom Boss Battle","floor":36,"turns":6},{"damage":0,"enemies":"Nemesis","floor":40,"turns":5},{"damage":6,"enemies":"3 Shapes","floor":42,"turns":3},{"damage":12,"enemies":"Reptomancer","floor":45,"turns":5},{"damage":42,"enemies":"Donu and Deca","floor":50,"turns":8},{"damage":25,"enemies":"Shield and Spear","floor":54,"turns":8},{"damage":29,"enemies":"The Heart","floor":55,"turns":8}],"seed_played":"7531216821702946645","potions_obtained":[{"floor":1.0,"key":"Fire Potion"},{"floor":3.0,"key":"FearPotion"},{"floor":5.0,"key":"BlessingOfTheForge"},{"floor":10.0,"key":"SkillPotion"},{"floor":11.0,"key":"LiquidMemories"},{"floor":18.0,"key":"PowerPotion"},{"floor":24.0,"key":"CultistPotion"},{"floor":28.0,"key":"Block Potion"},{"floor":30.0,"key":"Regen Potion"}],"is_trial":false,"path_per_floor":["M","M","M","M","M","E","?","E","T","M","M","R","?","T","R","B",null,"M","?","M","M","M","E","M","R","T","$","E","R","M","M","R","B",null,"M","?","?","$","?","E","?","M","T","R","E","$","T","?","R","B",null,"R","$","E","B",null],"character_chosen":"WANDERER","items_purchased":["stsjorbsmod:Feast","Frozen Eye","Ornamental Fan","Membership Card","Bronze Scales","Nunchaku","Pear","Shuriken","HornCleat","stsjorbsmod:MirrorImage","stsjorbsmod:MindGlassRelic","Orichalcum","stsjorbsmod:Materialize","stsjorbsmod:Channel"],"campfire_rested":0,"item_purchase_floors":[27,27,27,38,38,38,38,38,46,46,53,53,53,53],"current_hp_per_floor":[74,74,74,72,70,62,67,56,56,52,42,42,42,42,42,32,77,77,77,77,77,72,75,76,76,76,76,65,65,70,76,76,86,95,95,97,97,107,107,109,109,114,114,114,114,114,114,114,114,72,117,117,117,92,88],"gold":70,"neow_bonus":"TEN_PERCENT_HP_BONUS","is_daily":false,"chose_seed":false,"campfire_upgraded":7,"win_rate":0.0,"timestamp":1610408989,"path_taken":["M","M","M","M","M","E","?","E","T","M","M","R","?","?","R","BOSS","M","?","M","M","M","E","M","R","T","$","E","R","M","M","R","BOSS","M","?","?","$","?","E","?","?","T","R","E","$","?","?","R","BOSS","R","$","E","BOSS"],"items_purchased_type":["Card","Relic","Relic","Relic","Relic","Relic","Relic","Relic","Relic","Card","Relic","Relic","Card","Card"],"build_version":"2020-12-22","purchased_purges":0,"victory":true,"max_hp_per_floor":[74,74,74,76,76,76,81,81,81,81,83,83,77,77,77,77,77,77,77,77,77,81,81,81,81,81,81,87,87,91,93,93,95,95,95,97,97,107,107,109,109,115,115,115,117,117,117,117,117,117,117,117,117,117,117],"card_choices":[{"not_picked":["stsjorbsmod:TrueStrike","stsjorbsmod:ChatteringStrike"],"picked":"stsjorbsmod:FaerieFire","floor":1.0},{"not_picked":["stsjorbsmod:Firebolt","stsjorbsmod:UnseenServant"],"picked":"stsjorbsmod:BookOfTongues","floor":2.0},{"not_picked":["stsjorbsmod:ChatteringStrike","stsjorbsmod:AnimateObjects"],"picked":"stsjorbsmod:RefuseToForget","floor":3.0},{"not_picked":["stsjorbsmod:UnseenServant","stsjorbsmod:Mindworm"],"picked":"stsjorbsmod:LoseGrip","floor":4.0},{"not_picked":["stsjorbsmod:ParryingBlow","stsjorbsmod:BurningFlask","stsjorbsmod:ArcaneWeapon"],"picked":"SKIP","floor":5.0},{"not_picked":["stsjorbsmod:ArcaneWeapon","stsjorbsmod:Hibernate"],"picked":"stsjorbsmod:FaerieFire","floor":6.0},{"not_picked":["stsjorbsmod:RefuseToForget","stsjorbsmod:FaerieFire","stsjorbsmod:Hurt"],"picked":"SKIP","floor":8.0},{"not_picked":["stsjorbsmod:ChatteringStrike","stsjorbsmod:MagicMirror+1"],"picked":"stsjorbsmod:WanderingMind","floor":10.0},{"not_picked":["stsjorbsmod:MistyStep","stsjorbsmod:BurningFlask"],"picked":"stsjorbsmod:CorrodingBarrier","floor":11.0},{"not_picked":["stsjorbsmod:Fear","stsjorbsmod:ThirstingSword"],"picked":"stsjorbsmod:MirrorImage","floor":16.0},{"not_picked":["stsjorbsmod:RefuseToForget+1","stsjorbsmod:Hurt"],"picked":"stsjorbsmod:WeightOfMemory","floor":18.0},{"not_picked":["stsjorbsmod:FracturedMind+1","stsjorbsmod:MageArmor"],"picked":"stsjorbsmod:TinyHut+1","floor":20.0},{"not_picked":["stsjorbsmod:ArcaneWeapon+1","stsjorbsmod:DisguiseSelf"],"picked":"stsjorbsmod:TrueStrike","floor":21.0},{"not_picked":["stsjorbsmod:Hibernate+1","stsjorbsmod:Index"],"picked":"stsjorbsmod:Counterspell+1","floor":22.0},{"not_picked":["stsjorbsmod:ChatteringStrike","stsjorbsmod:ColorSpray","stsjorbsmod:Rest"],"picked":"SKIP","floor":23.0},{"not_picked":["stsjorbsmod:TrueStrike+1","stsjorbsmod:Thorns"],"picked":"stsjorbsmod:FindFamiliar+1","floor":24.0},{"not_picked":["stsjorbsmod:BlackTentacles","stsjorbsmod:DoubleCheck"],"picked":"stsjorbsmod:MistyStep","floor":28.0},{"not_picked":["stsjorbsmod:Hurt","stsjorbsmod:Counterspell"],"picked":"stsjorbsmod:Firebolt","floor":30.0},{"not_picked":["stsjorbsmod:TollTheDead","stsjorbsmod:UnseenServant+1"],"picked":"stsjorbsmod:WanderingMind+1","floor":31.0},{"not_picked":["stsjorbsmod:ArcaneForm+1","stsjorbsmod:HoldMonster"],"picked":"stsjorbsmod:Fireball","floor":33.0},{"not_picked":["stsjorbsmod:RayOfFrost","stsjorbsmod:Mania","stsjorbsmod:Rest+1"],"picked":"SKIP","floor":35},{"not_picked":["stsjorbsmod:TrueStrike+1","stsjorbsmod:Introspection+1"],"picked":"stsjorbsmod:MistyStep+1","floor":36},{"not_picked":["stsjorbsmod:FindFamiliar+1","stsjorbsmod:BurningFlask"],"picked":"stsjorbsmod:LoseGrip","floor":40},{"not_picked":["stsjorbsmod:FracturedMind","stsjorbsmod:FlameWard"],"picked":"stsjorbsmod:HedgeWizard","floor":42},{"not_picked":["stsjorbsmod:Materialize","stsjorbsmod:ArcaneWeapon+1"],"picked":"stsjorbsmod:AnimateObjects+1","floor":45},{"not_picked":["stsjorbsmod:Will","stsjorbsmod:AnimateObjects"],"picked":"stsjorbsmod:HedgeWizard+1","floor":54}],"player_experience":325906,"relics_obtained":[{"floor":6.0,"key":"Happy Flower"},{"floor":8.0,"key":"Frozen Egg 2"},{"floor":9.0,"key":"Vajra"},{"floor":14.0,"key":"Bag of Preparation"},{"floor":23.0,"key":"White Beast Statue"},{"floor":26.0,"key":"Art of War"},{"floor":28.0,"key":"The Courier"},{"floor":36,"key":"Calipers"},{"floor":40,"key":"Pocketwatch"},{"floor":45,"key":"Boot"},{"floor":47,"key":"Centennial Puzzle"},{"floor":54,"key":"Toy Ornithopter"}],"event_choices":[{"damage_healed":0.0,"max_hp_gain":5.0,"max_hp_loss":0.0,"gold_gain":0.0,"event_name":"Big Fish","player_choice":"Donut","floor":7.0,"gold_loss":0.0,"damage_taken":0.0},{"damage_healed":0.0,"max_hp_gain":0.0,"max_hp_loss":6.0,"gold_gain":0.0,"event_name":"Golden Idol","player_choice":"Lose Max HP","floor":13.0,"gold_loss":0.0,"damage_taken":0.0,"relics_obtained":["Golden Idol"]},{"damage_healed":0.0,"max_hp_gain":0.0,"max_hp_loss":0.0,"gold_gain":0.0,"event_name":"Addict","player_choice":"Obtained Relic","floor":19.0,"gold_loss":85.0,"damage_taken":0.0,"relics_obtained":["PreservedInsect"]},{"damage_healed":0,"gold_gain":0,"player_choice":"Fight","damage_taken":0,"max_hp_gain":0,"max_hp_loss":0,"event_name":"MindBloom","floor":36,"gold_loss":0},{"damage_healed":0,"gold_gain":333,"player_choice":"Gave Idol","damage_taken":0,"max_hp_gain":0,"max_hp_loss":0,"event_name":"The Moai Head","floor":37,"relics_lost":["Golden Idol"],"gold_loss":0},{"cards_removed":["stsjorbsmod:Firebolt"],"damage_healed":0,"gold_gain":0,"player_choice":"Removed Attack","damage_taken":0,"max_hp_gain":0,"max_hp_loss":0,"event_name":"Falling","floor":39,"gold_loss":0},{"cards_removed":["stsjorbsmod:ChainLightning"],"damage_healed":5,"gold_gain":0,"player_choice":"Offered Common","damage_taken":0,"max_hp_gain":0,"max_hp_loss":0,"event_name":"Bonfire Elementals","floor":41,"gold_loss":0},{"cards_removed":["stsjorbsmod:ChainLightning"],"damage_healed":5,"gold_gain":0,"player_choice":"Offered Special","damage_taken":0,"max_hp_gain":0,"max_hp_loss":0,"event_name":"Bonfire Elementals","floor":41,"gold_loss":0},{"cards_removed":["stsjorbsmod:AnimateObjects"],"damage_healed":0,"gold_gain":0,"player_choice":"Card Removal","damage_taken":0,"max_hp_gain":0,"max_hp_loss":0,"event_name":"Wheel of Change","floor":48,"gold_loss":0}],"is_beta":false,"boss_relics":[{"not_picked":["Tiny House","Runic Dome"],"picked":"Pandora\u0027s Box"},{"not_picked":["Velvet Choker","Runic Pyramid"],"picked":"Sozu"}],"items_purged_floors":[],"is_endless":false,"potions_floor_spawned":[1,3,5,10,11,16,18,22,23,24,28,30,31,33,35,36,40,42,45,54],"ascension_level":0}}