{"host":"gtv41eena9h15rk5","time":1610379432,"event":{"mods":["BaseMod","Downfall","Marisa£®ÏF”Í°°ƒß¿Ì…≥£©","Minty Spire (QoL Compilation)","Replay The Spire","Shop Mod","StSLib","The Bug Knight","The Construct","The Cursed","The Runesmith","The Servant 0.9.4","[IsaacMod]“‘»ˆº‚À˛"],"gold_per_floor":[112,112,132,152,327,327,357,357,357,391,407,407,417,435,435,533,533,544,544,544,544,544],"floor_reached":21,"playtime":964,"items_purged":[],"score":208,"play_id":"96328a26-5dc1-4bb2-ba52-1fac6bd47cb7","local_time":"20210111233712","is_ascension_mode":true,"campfire_choices":[{"data":"Seek","floor":6.0,"key":"SMITH"},{"floor":8.0,"key":"REST"},{"floor":12.0,"key":"REST"}],"circlet_count":0,"master_deck":["Strike_B","Strike_B","Strike_B","Strike_B","Defend_B","Defend_B","Defend_B","Defend_B","Zap","Dualcast","ReplayTheSpireMod:Reroute Power","Seek+1","Redo","Doubt","Defragment","Distribution","Stack","Fan","Conserve Battery","Aggregate+1","Aggregate","FTL","Echo Form","Glacier"],"relics":["Cracked Core","HushsDoor","BookofShadows","Bronze Scales","Dream Catcher","PillsDrop","Snack Pack","SacredBark","Mercury Hourglass"],"acts_visited":["Exordium","TheCity"],"potions_floor_usage":[16,16,16],"damage_taken":[{"damage":8.0,"enemies":"Small Slimes","floor":1.0,"turns":3.0},{"damage":1.0,"enemies":"Cultist","floor":3.0,"turns":3.0},{"damage":2.0,"enemies":"2 Louse","floor":4.0,"turns":2.0},{"damage":33.0,"enemies":"Gremlin Nob","floor":7.0,"turns":5.0},{"damage":4.0,"enemies":"3 Sentries","floor":10.0,"turns":2.0},{"damage":26.0,"enemies":"Gremlin Gang","floor":11.0,"turns":6.0},{"damage":7.0,"enemies":"Red Slaver","floor":13.0,"turns":4.0},{"damage":7.0,"enemies":"2 Fungi Beasts","floor":14.0,"turns":3.0},{"damage":34,"enemies":"Fading Forest","floor":16,"turns":11},{"damage":22,"enemies":"Chosen","floor":18,"turns":6},{"damage":35,"enemies":"Shell Parasite","floor":21,"turns":3}],"seed_played":"-587935190848397011","potions_obtained":[{"floor":4.0,"key":"AttackPotion"},{"floor":10.0,"key":"Reflective Coating"},{"floor":13.0,"key":"hexamod:EctoCoolerPotion"},{"floor":16,"key":"AttackPotion"}],"is_trial":false,"path_per_floor":["M","?","M","M","?","R","E","R","T","E","M","R","M","M","R","B",null,"M","?","?","M"],"character_chosen":"DEFECT","items_purchased":[],"campfire_rested":2,"item_purchase_floors":[],"current_hp_per_floor":[67,60,59,57,57,57,24,46,46,42,16,37,30,26,47,25,73,51,51,51,16,16],"gold":544,"neow_bonus":"RANDOM_COMMON_RELIC","is_daily":false,"chose_seed":false,"campfire_upgraded":1,"win_rate":0.0,"timestamp":1610379432,"path_taken":["M","?","?","M","?","R","E","R","T","E","?","R","M","M","R","BOSS","M","?","?","M"],"items_purchased_type":[],"build_version":"2020-12-22","purchased_purges":0,"victory":false,"max_hp_per_floor":[75,75,75,75,75,75,75,75,75,70,70,70,70,73,73,73,73,73,73,73,73,73],"card_choices":[{"not_picked":[],"picked":"Bomb","floor":0.0},{"not_picked":["Compile Driver","Streamline"],"picked":"ReplayTheSpireMod:Reroute Power","floor":1.0},{"not_picked":["Cold Snap","Panic Button"],"picked":"Seek","floor":3.0},{"not_picked":["Go for the Eyes","Coolheaded"],"picked":"Redo","floor":4.0},{"not_picked":["Panic Button","Barrage"],"picked":"Defragment","floor":7.0},{"not_picked":["Lockon","Darkness"],"picked":"Distribution","floor":8.0},{"not_picked":["Compile Driver","Go for the Eyes"],"picked":"Stack","floor":10.0},{"not_picked":["Barrage","Cold Snap"],"picked":"Fan","floor":11.0},{"not_picked":["Panic Button","Steam"],"picked":"Conserve Battery","floor":12.0},{"not_picked":["Biased Cognition","Chaos"],"picked":"Aggregate","floor":13.0},{"not_picked":["Barrage","ReplayTheSpireMod:Repulse"],"picked":"Aggregate","floor":14.0},{"not_picked":["Hologram","Recycle"],"picked":"FTL","floor":15.0},{"not_picked":["Meteor Strike","Biased Cognition"],"picked":"Echo Form","floor":16},{"not_picked":["Hologram","Aggregate"],"picked":"Glacier","floor":18}],"player_experience":199857,"relics_obtained":[{"floor":7.0,"key":"Dream Catcher"},{"floor":9.0,"key":"PillsDrop"},{"floor":10.0,"key":"Snack Pack"}],"event_choices":[{"damage_healed":0.0,"max_hp_gain":0.0,"max_hp_loss":0.0,"gold_gain":0.0,"event_name":"Wheel of Change","player_choice":"Damaged","floor":2.0,"gold_loss":0.0,"damage_taken":7.0},{"damage_healed":0.0,"max_hp_gain":0.0,"max_hp_loss":0.0,"gold_gain":175.0,"event_name":"Liars Game","player_choice":"AGREE","floor":5.0,"gold_loss":0.0,"damage_taken":0.0,"cards_obtained":["Doubt"]},{"damage_healed":0,"gold_gain":0,"player_choice":"Ignored","damage_taken":0,"max_hp_gain":0,"max_hp_loss":0,"event_name":"Ghosts","floor":20,"gold_loss":0}],"is_beta":false,"boss_relics":[{"not_picked":["Runic Dome","Busted Crown"],"picked":"SacredBark"},{"not_picked":[]}],"items_purged_floors":[],"is_endless":false,"potions_floor_spawned":[4,10,13,14,16],"killed_by":"Shell Parasite","ascension_level":2}}