{"host":"t3am9egsh7oyry6t","time":1610335832,"event":{"mods":["AchievementEnabler","BaseMod","Colored Powertips","Googly Eyes","Minty Spire (QoL Compilation)","Relic Stats","StSLib","Synergy Search"],"gold_per_floor":[110,124,144,0,13,33,60,60,60,60,89,99,99,109,109,180,180,198,213,6,6,16,16,33,33,33,33,33,33],"floor_reached":28,"playtime":1305,"items_purged":["Shame"],"score":394,"play_id":"8560294d-989a-4e9e-887c-3f545a269db9","local_time":"20210110193032","is_ascension_mode":true,"campfire_choices":[{"data":"Disarm","floor":8,"key":"SMITH"},{"data":"Bash","floor":10,"key":"SMITH"},{"data":"Heavy Blade","floor":13,"key":"SMITH"},{"data":"Metallicize","floor":15,"key":"SMITH"},{"floor":23,"key":"REST"},{"data":"Reaper","floor":25,"key":"SMITH"}],"circlet_count":0,"master_deck":["AscendersBane","Strike_R","Strike_R","Strike_R","Defend_R","Defend_R","Defend_R","Defend_R","Bash+1","Heavy Blade+1","Wild Strike","Wild Strike","Iron Wave","Metallicize+1","Flex","Twin Strike","Disarm+1","Cleave","Inflame","Armaments","Demon Form","True Grit","Inflame","Finesse","Whirlwind+1","Reaper+1"],"relics":["Burning Blood","Bag of Preparation","PreservedInsect","Blue Candle","Regal Pillow","Mark of Pain","Pen Nib","Enchiridion"],"acts_visited":["Exordium","TheCity"],"potions_floor_usage":[7,18,18,19,22],"damage_taken":[{"damage":0,"enemies":"Cultist","floor":1,"turns":2},{"damage":0,"enemies":"2 Louse","floor":2,"turns":2},{"damage":5,"enemies":"Small Slimes","floor":3,"turns":4},{"damage":9,"enemies":"2 Fungi Beasts","floor":5,"turns":5},{"damage":0,"enemies":"Large Slime","floor":6,"turns":4},{"damage":24,"enemies":"Lagavulin","floor":7,"turns":7},{"damage":18,"enemies":"3 Sentries","floor":11,"turns":7},{"damage":5,"enemies":"Looter","floor":12,"turns":3},{"damage":16,"enemies":"Exordium Thugs","floor":14,"turns":3},{"damage":6,"enemies":"The Guardian","floor":16,"turns":11},{"damage":11,"enemies":"Chosen","floor":18,"turns":7},{"damage":21,"enemies":"3 Byrds","floor":19,"turns":7},{"damage":44,"enemies":"3 Cultists","floor":22,"turns":6},{"damage":27,"enemies":"Sentry and Sphere","floor":24,"turns":4},{"damage":8,"enemies":"Snecko","floor":28,"turns":4}],"seed_played":"6827298185596498358","potions_obtained":[{"floor":2,"key":"SkillPotion"},{"floor":6,"key":"FearPotion"},{"floor":11,"key":"Block Potion"},{"floor":14,"key":"PowerPotion"},{"floor":18,"key":"HeartOfIron"}],"is_trial":false,"path_per_floor":["M","M","M","$","M","M","E","R","T","R","E","M","R","M","R","B",null,"M","M","$","?","M","R","M","R","T","?","M"],"character_chosen":"IRONCLAD","items_purchased":["Bag of Preparation","Finesse","AttackPotion"],"campfire_rested":1,"item_purchase_floors":[4,20,20],"current_hp_per_floor":[74,75,75,75,72,75,57,57,57,57,45,46,46,36,36,36,65,60,45,45,45,7,44,23,23,23,7,0,0],"gold":33,"neow_bonus":"TRANSFORM_TWO_CARDS","is_daily":false,"chose_seed":false,"campfire_upgraded":5,"win_rate":0.0,"timestamp":1610335832,"path_taken":["M","M","M","$","M","M","E","R","T","R","E","M","R","M","R","BOSS","M","M","$","?","M","R","M","R","T","?","M"],"items_purchased_type":["Relic","Card","Potion"],"build_version":"2020-12-22","purchased_purges":1,"victory":false,"max_hp_per_floor":[75,75,75,75,75,75,75,75,75,75,75,75,75,75,75,75,75,75,75,75,75,75,75,75,75,75,75,75,75],"relic_stats":{"Regal Pillow":15,"counters":[15,76],"Blue Candle":[4],"PreservedInsect":33,"Pen Nib":[0],"Bag of Preparation":[24],"obtain_stats":[{"Regal Pillow":11,"Blue Candle":9,"Enchiridion":27,"PreservedInsect":7,"Mark of Pain":17,"Pen Nib":26,"Bag of Preparation":4,"Burning Blood":0},{"Regal Pillow":7,"Blue Candle":6,"Enchiridion":14,"PreservedInsect":6,"Mark of Pain":10,"Pen Nib":14,"Bag of Preparation":3,"Burning Blood":0},{"Regal Pillow":31,"Blue Candle":24,"Enchiridion":72,"PreservedInsect":24,"Mark of Pain":48,"Pen Nib":72,"Bag of Preparation":8,"Burning Blood":0}],"Burning Blood":75},"card_choices":[{"not_picked":["Perfected Strike","Armaments"],"picked":"Wild Strike","floor":1},{"not_picked":["Sentinel","Heavy Blade"],"picked":"Iron Wave","floor":2},{"not_picked":["Iron Wave","Thunderclap"],"picked":"Metallicize","floor":3},{"not_picked":["Carnage","Bloodletting"],"picked":"Flex","floor":5},{"not_picked":["Hemokinesis","Iron Wave"],"picked":"Twin Strike","floor":6},{"not_picked":["Seeing Red","Wild Strike"],"picked":"Disarm","floor":7},{"not_picked":["Barricade","Havoc"],"picked":"Cleave","floor":11},{"not_picked":["Rupture","Dropkick"],"picked":"Inflame","floor":12},{"not_picked":["Iron Wave","Clothesline"],"picked":"Armaments","floor":14},{"not_picked":["Juggernaut","Fiend Fire"],"picked":"Demon Form","floor":16},{"not_picked":["Flex","Sentinel"],"picked":"True Grit","floor":18},{"not_picked":["Rage","Anger"],"picked":"Inflame","floor":19},{"not_picked":["Rampage","Headbutt"],"picked":"Whirlwind+1","floor":22},{"not_picked":["Iron Wave","Reckless Charge"],"picked":"Reaper","floor":24}],"player_experience":494735,"relics_obtained":[{"floor":7,"key":"PreservedInsect"},{"floor":9,"key":"Blue Candle"},{"floor":11,"key":"Regal Pillow"},{"floor":26,"key":"Pen Nib"},{"floor":27,"key":"Enchiridion"}],"event_choices":[{"damage_healed":0,"gold_gain":0,"player_choice":"Ignored","damage_taken":0,"max_hp_gain":0,"max_hp_loss":0,"event_name":"Vampires","floor":21,"gold_loss":0},{"damage_healed":0,"gold_gain":0,"player_choice":"Obtained Book","damage_taken":16,"max_hp_gain":0,"max_hp_loss":0,"event_name":"Cursed Tome","floor":27,"gold_loss":0}],"is_beta":false,"boss_relics":[{"not_picked":["Philosopher\u0027s Stone","Calling Bell"],"picked":"Mark of Pain"}],"items_purged_floors":[20],"is_endless":false,"potions_floor_spawned":[2,6,11,14,16,18],"killed_by":"Snecko","ascension_level":14}}