{"host":"q9szs7qndgdlcq24","time":1610408942,"event":{"mods":["2.2 Compatiblity","AchievementEnabler","BaseMod","Bestiary","Colored Map","Colored Powertips","Dark Map","DeckTracker","Displayed Cursed Tome","Highlight Path","Minty Spire (QoL Compilation)","Random Character Button","StSLib","Unknown Chances"],"gold_per_floor":[114,189,204,219,234,264,264,264,314,344,44,44,59,24,24,124,124,139,154,154,4,19,19,34,49,99,24,24,24,24,39,39,39,39],"floor_reached":33,"playtime":1752,"items_purged":["Strike_R"],"score":257,"play_id":"f95d0718-3184-40e3-b325-a7dd85294d50","local_time":"20210112024902","daily_mods":["Allstar","ControlledChaos","Lethality"],"is_ascension_mode":false,"campfire_choices":[{"floor":7,"key":"REST"},{"floor":12,"key":"REST"},{"data":"Mayhem","floor":15,"key":"SMITH"},{"floor":23,"key":"REST"},{"floor":30,"key":"REST"},{"floor":32,"key":"REST"}],"circlet_count":0,"master_deck":["Strike_R","Strike_R","Strike_R","Strike_R","Defend_R","Defend_R","Defend_R","Defend_R","Bash","Mayhem+1","Panacea","Apotheosis","Good Instincts","Metamorphosis","Heavy Blade+1","Necronomicurse","Decay"],"relics":["Burning Blood","Frozen Eye","Magic Flower","Potion Belt","Sundial","Lantern","Medical Kit","Fusion Hammer","Lee\u0027s Waffle","Akabeko","Necronomicon"],"acts_visited":["Exordium","TheCity"],"potions_floor_usage":[6,16,16,19,19,25],"damage_taken":[{"damage":3,"enemies":"Jaw Worm","floor":1,"turns":3},{"damage":1,"enemies":"2 Louse","floor":3,"turns":4},{"damage":0,"enemies":"Small Slimes","floor":4,"turns":3},{"damage":16,"enemies":"Red Slaver","floor":5,"turns":3},{"damage":22,"enemies":"Gremlin Nob","floor":6,"turns":4},{"damage":25,"enemies":"Lagavulin","floor":10,"turns":4},{"damage":13,"enemies":"Looter","floor":13,"turns":3},{"damage":52,"enemies":"Hexaghost","floor":16,"turns":5},{"damage":11,"enemies":"Chosen","floor":18,"turns":5},{"damage":48,"enemies":"3 Byrds","floor":19,"turns":3},{"damage":21,"enemies":"Snake Plant","floor":22,"turns":5},{"damage":42,"enemies":"Chosen and Byrds","floor":24,"turns":7},{"damage":40,"enemies":"Shelled Parasite and Fungi","floor":25,"turns":4},{"damage":22,"enemies":"Sentry and Sphere","floor":31,"turns":4},{"damage":54,"enemies":"Automaton","floor":33,"turns":4}],"seed_played":"2608465768335268498","potions_obtained":[{"floor":3,"key":"GamblersBrew"},{"floor":4,"key":"DuplicationPotion"},{"floor":6,"key":"DistilledChaos"},{"floor":16,"key":"LiquidBronze"},{"floor":18,"key":"DistilledChaos"},{"floor":24,"key":"SkillPotion"}],"is_trial":false,"path_per_floor":["M","?","M","M","M","E","R","?","T","E","$","R","M","?","R","B",null,"M","M","?","$","M","R","M","M","T","$","?","?","R","M","R","B"],"character_chosen":"IRONCLAD","items_purchased":["Lantern","Medical Kit","Lee\u0027s Waffle"],"campfire_rested":5,"item_purchase_floors":[11,11,21],"current_hp_per_floor":[80,69,74,80,70,54,78,83,83,67,67,85,81,85,85,42,85,83,44,36,92,80,92,59,28,28,28,12,12,39,26,53,0,0],"gold":39,"neow_bonus":"","is_daily":true,"chose_seed":false,"campfire_upgraded":1,"win_rate":0.0,"timestamp":1610408942,"path_taken":["M","?","M","M","M","E","R","?","T","E","$","R","M","?","R","BOSS","M","M","?","$","M","R","M","?","T","$","?","?","R","M","R","BOSS"],"items_purchased_type":["Relic","Relic","Relic"],"build_version":"2020-12-22","purchased_purges":1,"victory":false,"max_hp_per_floor":[80,80,80,80,80,80,80,85,85,85,85,85,85,85,85,85,85,85,85,85,92,92,92,92,92,92,92,92,92,92,92,92,92,92],"card_choices":[{"not_picked":["Anger","Warcry","Sword Boomerang"],"picked":"SKIP","floor":1},{"not_picked":["Metallicize","Warcry","Headbutt"],"picked":"SKIP","floor":3},{"not_picked":["Cleave","Intimidate","Flex"],"picked":"SKIP","floor":4},{"not_picked":["Armaments","Shrug It Off","Twin Strike"],"picked":"SKIP","floor":5},{"not_picked":["True Grit","Anger","Fiend Fire"],"picked":"SKIP","floor":6},{"not_picked":["Body Slam","Uppercut","Twin Strike"],"picked":"SKIP","floor":10},{"not_picked":["Blood for Blood","Feel No Pain","Clash"],"picked":"SKIP","floor":13},{"not_picked":["Intimidate+1","Thunderclap","Clash"],"picked":"SKIP","floor":18},{"not_picked":["Body Slam","Flex","Twin Strike"],"picked":"SKIP","floor":19},{"not_picked":["Headbutt+1","Uppercut","Second Wind"],"picked":"SKIP","floor":22},{"not_picked":["Shockwave","Headbutt+1"],"picked":"Heavy Blade+1","floor":24},{"not_picked":["Sword Boomerang","Pommel Strike","Body Slam"],"picked":"SKIP","floor":25},{"not_picked":["Cleave","Bludgeon","Anger"],"picked":"SKIP","floor":31}],"player_experience":47545,"relics_obtained":[{"floor":6,"key":"Magic Flower"},{"floor":9,"key":"Potion Belt"},{"floor":10,"key":"Sundial"},{"floor":26,"key":"Akabeko"}],"event_choices":[{"damage_healed":0,"gold_gain":75,"player_choice":"Gather Gold","damage_taken":11,"max_hp_gain":0,"max_hp_loss":0,"event_name":"World of Goop","floor":2,"gold_loss":0},{"damage_healed":0,"gold_gain":0,"player_choice":"Donut","damage_taken":0,"max_hp_gain":5,"max_hp_loss":0,"event_name":"Big Fish","floor":8,"gold_loss":0},{"damage_healed":21,"gold_gain":0,"player_choice":"Healed","damage_taken":0,"max_hp_gain":0,"max_hp_loss":0,"event_name":"The Cleric","floor":14,"gold_loss":35},{"damage_healed":0,"gold_gain":0,"player_choice":"Damaged","damage_taken":8,"max_hp_gain":0,"max_hp_loss":0,"event_name":"Wheel of Change","floor":20,"gold_loss":0},{"damage_healed":0,"gold_gain":0,"player_choice":"Obtained Book","damage_taken":16,"max_hp_gain":0,"max_hp_loss":0,"event_name":"Cursed Tome","floor":28,"gold_loss":0},{"damage_healed":0,"gold_gain":0,"player_choice":"Smashed Altar","damage_taken":0,"max_hp_gain":0,"max_hp_loss":0,"event_name":"Forgotten Altar","floor":29,"gold_loss":0,"cards_obtained":["Decay"]}],"is_beta":false,"boss_relics":[{"not_picked":["Runic Dome","Calling Bell"],"picked":"Fusion Hammer"}],"items_purged_floors":[27],"is_endless":false,"potions_floor_spawned":[3,4,6,16,18,24],"killed_by":"Automaton","ascension_level":0}}