{"host":"uflv0e3ja7hvnij7","time":1610385318,"event":{"mods":["BaseMod","Better Altar","Better Match","Better Note","Better Sensory Stone","Better Skull","Better Third Choice","Marisa????????","Minty Spire (QoL Compilation)","Permanent Neow","Replay The Spire","StSLib"],"gold_per_floor":[119,137,137,137,150,150,169,169,169,169,169,39,39,39,66,85,85,182,182,200,200],"floor_reached":20,"playtime":937,"items_purged":[],"score":224,"play_id":"89e15520-1cf7-4bcb-8067-fe8c754427f6","local_time":"20210111121518","is_ascension_mode":true,"campfire_choices":[{"data":"Zap","floor":6,"key":"SMITH"},{"data":"Glacier","floor":14,"key":"SMITH"},{"floor":17,"key":"REST"}],"circlet_count":0,"master_deck":["Strike_B","Defend_B","Defend_B","Defend_B","Defend_B","Zap+1","Dualcast","Ball Lightning","Redo+1","ReplayTheSpireMod:System Scan","Panic Button","Glacier+1","Defragment+1","Redo","FIFO Queue","Defragment","Amplify","Amplify+1","Chaos+1","Skim+1"],"relics":["Cracked Core","Pear","Bottled Flame","Molten Egg 2","Astrolabe"],"acts_visited":["Exordium","TheCity"],"potions_floor_usage":[7,15],"damage_taken":[{"damage":1,"enemies":"Cultist","floor":1,"turns":3},{"damage":9,"enemies":"Jaw Worm","floor":2,"turns":3},{"damage":7,"enemies":"Small Slimes","floor":5,"turns":2},{"damage":15,"enemies":"Gremlin Gang","floor":7,"turns":3},{"damage":11,"enemies":"Replay:BlueRogue","floor":15,"turns":6},{"damage":0,"enemies":"Blue Slaver","floor":16,"turns":3},{"damage":8,"enemies":"Slime Boss","floor":18,"turns":7},{"damage":13,"enemies":"Chosen","floor":20,"turns":7}],"seed_played":"-7718057488632919776","potions_obtained":[{"floor":1,"key":"Energy Potion"},{"floor":7,"key":"SneckoOil"},{"floor":15,"key":"Strength Potion"},{"floor":20,"key":"EssenceOfSteel"}],"is_trial":false,"path_per_floor":["M","M","?","$","M","R","M","T","PTL","PTL","T","$","?","R","E","M","R","B",null,"M"],"character_chosen":"DEFECT","items_purchased":["Defragment","Redo"],"campfire_rested":1,"item_purchase_floors":[12,12],"current_hp_per_floor":[67,58,58,58,51,51,36,46,46,46,46,46,46,46,35,35,60,52,77,64,64],"gold":200,"neow_bonus":"THREE_CARDS","is_daily":false,"chose_seed":false,"campfire_upgraded":2,"win_rate":0.0,"timestamp":1610385318,"path_taken":["M","M","?","?","M","R","M","?","PTL","PTL","T","$","?","R","E","?","R","BOSS","M"],"items_purchased_type":["Card","Card"],"build_version":"2020-12-22","purchased_purges":0,"victory":false,"max_hp_per_floor":[75,75,75,75,75,75,75,85,85,85,85,85,85,85,85,85,85,85,85,85,85],"card_choices":[{"not_picked":["Stack","Go for the Eyes"],"picked":"Ball Lightning","floor":0},{"not_picked":["Coolheaded","Stack"],"picked":"Redo","floor":1},{"not_picked":["Go for the Eyes","Turbo"],"picked":"ReplayTheSpireMod:System Scan","floor":2},{"not_picked":["ReplayRNGCard","Loop"],"picked":"Panic Button","floor":5},{"not_picked":["Go for the Eyes","Rebound"],"picked":"Glacier","floor":7},{"not_picked":["ReplaySolidLightProjector","ReplayGash+1"],"picked":"FIFO Queue","floor":15},{"not_picked":["Hologram","Barrage+1"],"picked":"Defragment","floor":16},{"not_picked":["Fission","All For One+1"],"picked":"Amplify","floor":18}],"player_experience":553112,"relics_obtained":[{"floor":8,"key":"Pear"},{"floor":11,"key":"Bottled Flame"},{"floor":15,"key":"Molten Egg 2"}],"event_choices":[{"damage_healed":0,"gold_gain":0,"player_choice":"Upgraded","damage_taken":0,"max_hp_gain":0,"max_hp_loss":0,"event_name":"Upgrade Shrine","floor":3,"gold_loss":0,"cards_upgraded":["Redo"]},{"damage_healed":0,"gold_gain":0,"player_choice":"Forge","damage_taken":0,"max_hp_gain":0,"max_hp_loss":0,"event_name":"Accursed Blacksmith","floor":13,"gold_loss":0,"cards_upgraded":["Defragment"]}],"is_beta":false,"boss_relics":[{"not_picked":["SacredBark","Runic Dome"],"picked":"Astrolabe"}],"items_purged_floors":[],"is_endless":false,"potions_floor_spawned":[1,7,15,20],"killed_by":"Chosen","ascension_level":6}}