{"host":"3h5qf14xt40jhha0","time":1610325457,"event":{"mods":["AlwaysNeverKeys","BaseMod","Colored Powertips","Minty Spire (QoL Compilation)","Permanent Neow","Relic Stats","StSLib"],"gold_per_floor":[367,41,41,58,78,78,78,78],"floor_reached":7,"playtime":346,"items_purged":["Strike_G"],"score":82,"play_id":"1c0adf35-4919-40c1-babd-8cc39224e86d","local_time":"20210110193737","is_ascension_mode":true,"campfire_choices":[{"data":"Neutralize","floor":6,"key":"SMITH"}],"circlet_count":0,"master_deck":["AscendersBane","Strike_G","Strike_G","Strike_G","Strike_G","Defend_G","Defend_G","Defend_G","Defend_G","Defend_G","Survivor","Neutralize+1","Slice","Bouncing Flask","Cloak And Dagger","Blade Dance"],"relics":["Ring of the Snake","Art of War","Matryoshka"],"acts_visited":["Exordium"],"potions_floor_usage":[],"damage_taken":[{"damage":14,"enemies":"Cultist","floor":1,"turns":6},{"damage":4,"enemies":"Small Slimes","floor":4,"turns":5},{"damage":4,"enemies":"Jaw Worm","floor":5,"turns":4},{"damage":72,"enemies":"Gremlin Nob","floor":7,"turns":4}],"seed_played":"1358230922275965297","potions_obtained":[{"floor":1,"key":"Block Potion"}],"is_trial":false,"path_per_floor":["M","$","?","M","M","R","E"],"character_chosen":"THE_SILENT","items_purchased":["Art of War","Bouncing Flask"],"campfire_rested":0,"item_purchase_floors":[2,2],"current_hp_per_floor":[45,45,45,41,37,37,0,0],"gold":78,"neow_bonus":"TWO_FIFTY_GOLD","is_daily":false,"chose_seed":false,"campfire_upgraded":1,"win_rate":0.0,"timestamp":1610325457,"path_taken":["M","$","?","M","?","R","E"],"items_purchased_type":["Relic","Card"],"build_version":"2020-12-22","purchased_purges":1,"victory":false,"max_hp_per_floor":[60,60,60,60,60,60,60,60],"relic_stats":{"counters":[4,19],"Art of War":[1],"obtain_stats":[{"Matryoshka":3,"Art of War":2,"Ring of the Snake":0},{"Matryoshka":1,"Art of War":1,"Ring of the Snake":0},{"Matryoshka":6,"Art of War":6,"Ring of the Snake":0}],"Ring of the Snake":[8]},"card_choices":[{"not_picked":["Bane","Concentrate"],"picked":"Slice","floor":1},{"not_picked":["Prepared","Leg Sweep"],"picked":"Cloak And Dagger","floor":4},{"not_picked":["Leg Sweep","Well Laid Plans"],"picked":"Blade Dance","floor":5}],"player_experience":1312394,"relics_obtained":[],"event_choices":[{"damage_healed":0,"gold_gain":0,"player_choice":"Gave Potion","damage_taken":0,"relics_obtained":["Matryoshka"],"max_hp_gain":0,"max_hp_loss":0,"event_name":"WeMeetAgain","floor":3,"gold_loss":0}],"is_beta":false,"boss_relics":[],"items_purged_floors":[2],"is_endless":false,"potions_floor_spawned":[1],"killed_by":"Gremlin Nob","ascension_level":20}}