{"host":"j9mb68f21gkby8w3","time":1610344699,"event":{"mods":["AchievementEnabler","BaseMod","Beaked The Cultist","BetterRewards","CatGirl Mod","Colored Map","Colored Powertips","Displayed Cursed Tome","Downfall","Filter the Spire","Halation","HololiveMod","HornydragonMod","Hubris","Infinite Spire","Minty Spire (QoL Compilation)","Prisma Mod","Replay The Spire","Spicy Shops","StSLib","The Alterego","The Blackbeard","The Construct","The Disciple","The Forsaken"],"gold_per_floor":[115,131,146,160,173,201,201,228,280,280,313,313,330,330,330,434,434,414,426,436,459,88,88,114,114,114,132,132,161,175,189,189,284,284,298,308,308,308,308],"floor_reached":38,"playtime":4607,"items_purged":[],"score":1029,"play_id":"f3081976-1468-468f-a9c2-0d91615ab8ce","local_time":"20210110215819","is_ascension_mode":true,"campfire_choices":[{"floor":7.0,"key":"REST"},{"floor":12.0,"key":"REST"},{"floor":15.0,"key":"REST"},{"data":"alterego_mod:Palingenesis+1","floor":23.0,"key":"SMITH"},{"floor":25.0,"key":"REST"},{"floor":28.0,"key":"REST"},{"floor":32.0,"key":"REST"}],"circlet_count":0,"master_deck":["alterego_mod:Strike","alterego_mod:Strike+1","alterego_mod:Strike","alterego_mod:Strike","alterego_mod:Defend+1","alterego_mod:Defend","alterego_mod:Defend","alterego_mod:Defend","alterego_mod:Impale","alterego_mod:BigMeatyClaws+1","alterego_mod:BrynhildrsRune","alterego_mod:SakuraFive","alterego_mod:BiFurious","alterego_mod:BiFurious","alterego_mod:Jiggle","alterego_mod:Jiggle","alterego_mod:BiFurious","alterego_mod:Birthday","alterego_mod:MagicResistance","alterego_mod:1TonWallop","alterego_mod:Mirror","alterego_mod:IndependentAction","alterego_mod:Belts","alterego_mod:RidiculouslyBig","alterego_mod:BusterCard","alterego_mod:Palingenesis+2","alterego_mod:Bounce+1","alterego_mod:Bounce","alterego_mod:Bounce+1","Replay:UnknownCurse","alterego_mod:DiscoLights+1","ReplayTheSpireMod:Brewmster+1","alterego_mod:MagicResistance","alterego_mod:PurpleHair","alterego_mod:STier","alterego_mod:RidiculouslyBig","alterego_mod:Complex","alterego_mod:Venus","hubris:Gluttony","hubris:Gluttony","blackbeard:IntimidatingStrike","hubris:Gluttony","blackbeard:IntimidatingStrike","alterego_mod:TrickOrTreatment+1","hubris:Gluttony","blackbeard:IntimidatingStrike","alterego_mod:TrickOrTreatment+1","hubris:Gluttony","blackbeard:IntimidatingStrike","alterego_mod:TrickOrTreatment+1","hubris:Gluttony","blackbeard:IntimidatingStrike","alterego_mod:TrickOrTreatment+1","hubris:Gluttony","blackbeard:IntimidatingStrike","alterego_mod:TrickOrTreatment+1","hubris:Gluttony","blackbeard:IntimidatingStrike","alterego_mod:TrickOrTreatment+1","hubris:Gluttony","blackbeard:IntimidatingStrike","alterego_mod:TrickOrTreatment+1","hubris:Gluttony","blackbeard:IntimidatingStrike","Replay:SS_hec_4","alterego_mod:TrickOrTreatment+1","hubris:Gluttony","blackbeard:IntimidatingStrike","Replay:SS_hec_4","alterego_mod:TrickOrTreatment+1","hubris:Gluttony","blackbeard:IntimidatingStrike","Replay:SS_hec_4","alterego_mod:TrickOrTreatment+1","hubris:Gluttony","infinitespire:Starlight","blackbeard:IntimidatingStrike","Replay:SS_hec_4","alterego_mod:TrickOrTreatment+1","hubris:Gluttony","infinitespire:Starlight","blackbeard:IntimidatingStrike","Replay:SS_hec_4","alterego_mod:TrickOrTreatment+1","hubris:Gluttony","infinitespire:Starlight","blackbeard:IntimidatingStrike","Replay:SS_hec_4","alterego_mod:TrickOrTreatment+1","hubris:Gluttony","infinitespire:Starlight","blackbeard:IntimidatingStrike","Replay:SS_hec_4","alterego_mod:TrickOrTreatment+1","hubris:Gluttony","infinitespire:Starlight","blackbeard:IntimidatingStrike","Replay:SS_hec_4","alterego_mod:TrickOrTreatment+1","hubris:Gluttony","infinitespire:Starlight","blackbeard:IntimidatingStrike","Replay:SS_hec_4","alterego_mod:TrickOrTreatment+1","hubris:Gluttony","infinitespire:Starlight","blackbeard:IntimidatingStrike","Replay:SS_hec_4","alterego_mod:TrickOrTreatment+1","hubris:Gluttony","infinitespire:Starlight","blackbeard:IntimidatingStrike","Replay:SS_hec_4","alterego_mod:TrickOrTreatment+1","hubris:Gluttony","infinitespire:Starlight","blackbeard:IntimidatingStrike","Replay:SS_hec_4","alterego_mod:TrickOrTreatment+1","hubris:Gluttony","infinitespire:Starlight","blackbeard:IntimidatingStrike","Replay:SS_hec_4","alterego_mod:TrickOrTreatment+1","hubris:Gluttony","infinitespire:Starlight","blackbeard:IntimidatingStrike","Replay:SS_hec_4","alterego_mod:Nekomimi+1","alterego_mod:Nekomimi+1","alterego_mod:Pet","alterego_mod:Pet","alterego_mod:Pet","alterego_mod:Pet"],"relics":["alterego_mod:MasochisticConstitution","halation:NonexistentMirror","Dead Branch","Simple Rune","Anchor","hubris:MedicalManual","Art of War","Durian","Frozen Egg 2","theForsaken:PaleLantern","Akabeko","ReplayTheSpireMod:CursedCoin","Replay:Baseball","Pet Ghost","Replay:Bottled Flurry","hubris:DeckOfHolding","Calipers","ReplayTheSpireMod:SealedPack"],"acts_visited":["Exordium","TheCity","TheBeyond"],"potions_floor_usage":[35,36,36],"damage_taken":[{"damage":0.0,"enemies":"2 Louse","floor":1.0,"turns":2.0},{"damage":6.0,"enemies":"Cultist","floor":2.0,"turns":3.0},{"damage":2.0,"enemies":"Jaw Worm","floor":3.0,"turns":2.0},{"damage":12.0,"enemies":"2 Fungi Beasts","floor":4.0,"turns":3.0},{"damage":25.0,"enemies":"Looter","floor":5.0,"turns":4.0},{"damage":24.0,"enemies":"Replay:BlueRogue","floor":6.0,"turns":5.0},{"damage":15.0,"enemies":"Gremlin Nob","floor":8.0,"turns":4.0},{"damage":28.0,"enemies":"Lagavulin","floor":11.0,"turns":6.0},{"damage":0.0,"enemies":"Large Slime","floor":13.0,"turns":4.0},{"damage":52.0,"enemies":"The Guardian","floor":16.0,"turns":10.0},{"damage":12.0,"enemies":"2 Thieves","floor":18.0,"turns":4.0},{"damage":16.0,"enemies":"3 Byrds","floor":19.0,"turns":7.0},{"damage":3.0,"enemies":"Centurion and Healer","floor":20.0,"turns":8.0},{"damage":48.0,"enemies":"Gremlin Leader","floor":24.0,"turns":7.0},{"damage":4.0,"enemies":"3 Cultists","floor":27.0,"turns":5.0},{"damage":3.0,"enemies":"Slavers","floor":29.0,"turns":8.0},{"damage":11.0,"enemies":"Chosen and Byrds","floor":30.0,"turns":6.0},{"damage":6.0,"enemies":"Cultist and Chosen","floor":31.0,"turns":6.0},{"damage":0.0,"enemies":"Champ","floor":33.0,"turns":10.0},{"damage":27,"enemies":"3 Shapes","floor":35,"turns":5},{"damage":54,"enemies":"3 Darklings","floor":36,"turns":4},{"damage":47,"enemies":"Jaw Worm Horde","floor":38,"turns":3}],"seed_played":"-1844132280637089003","potions_obtained":[{"floor":2.0,"key":"AttackPotion"},{"floor":4.0,"key":"champ:CounterPotion"},{"floor":5.0,"key":"FearPotion"},{"floor":6.0,"key":"AttackPotion"},{"floor":11.0,"key":"Energy Potion"},{"floor":24.0,"key":"Energy Potion"},{"floor":31.0,"key":"LifebloodPotion"},{"floor":35,"key":"AttackPotion"},{"floor":36,"key":"construct:ShiftPotion"}],"is_trial":false,"path_per_floor":["M","M","M","M","M","E","R","E","T","?","E","R","M","?","R","B",null,"M","M","M","T","$","R","E","R","T","M","R","E","M","M","R","B",null,"M","M","?","M"],"character_chosen":"The_Alterego","items_purchased":["alterego_mod:SakuraFive","halation:NonexistentMirror","alterego_mod:BiFurious","Simple Rune","Anchor","ReplayTheSpireMod:CursedCoin","Replay:Baseball","Pet Ghost","alterego_mod:DiscoLights+1","ReplayTheSpireMod:Brewmster+1"],"campfire_rested":6,"item_purchase_floors":[0,0,0,0,0,22,22,22,22,22],"current_hp_per_floor":[70,65,64,55,33,15,37,37,37,37,12,36,38,38,62,20,83,81,68,68,68,68,68,23,49,49,53,79,79,79,78,91,91,91,65,17,17,0,0],"gold":308,"neow_bonus":"","is_daily":false,"chose_seed":false,"campfire_upgraded":1,"win_rate":0.0,"timestamp":1610344699,"path_taken":["M","M","M","M","M","E","R","E","T","?","E","R","M","?","R","BOSS","M","M","M","?","$","R","E","R","T","M","R","E","M","M","R","BOSS","M","M","?","M"],"items_purchased_type":["Card","Relic","Card","Relic","Relic","Relic","Relic","Relic","Card","Card"],"build_version":"2020-12-22","purchased_purges":0,"victory":false,"max_hp_per_floor":[70,71,72,73,74,75,75,81,81,81,82,82,82,82,82,83,83,84,85,86,86,86,86,87,87,87,88,88,89,90,91,91,91,91,92,93,93,93,93],"card_choices":[{"not_picked":["alterego_mod:DeftHands","alterego_mod:Stockings"],"picked":"alterego_mod:BiFurious","floor":1.0},{"not_picked":["alterego_mod:DestructionOfProperty","alterego_mod:Maid"],"picked":"alterego_mod:Birthday","floor":2.0},{"not_picked":["alterego_mod:Cooking","alterego_mod:Exercise"],"picked":"alterego_mod:MagicResistance","floor":3.0},{"not_picked":["alterego_mod:DiscoLights","alterego_mod:Mirror"],"picked":"alterego_mod:1TonWallop","floor":4.0},{"not_picked":["alterego_mod:Undulate","alterego_mod:Valkyrie"],"picked":"alterego_mod:Mirror","floor":5.0},{"not_picked":["alterego_mod:BiFurious","alterego_mod:MagicResistance"],"picked":"alterego_mod:IndependentAction","floor":6.0},{"not_picked":["alterego_mod:Belle","alterego_mod:Cooking"],"picked":"alterego_mod:Belts","floor":8.0},{"not_picked":["alterego_mod:Cooking","alterego_mod:Cushion"],"picked":"alterego_mod:RidiculouslyBig","floor":11.0},{"not_picked":["alterego_mod:Birthday","alterego_mod:Belle"],"picked":"alterego_mod:BusterCard","floor":13.0},{"not_picked":["alterego_mod:Valkyrie","alterego_mod:GIGAMILK"],"picked":"alterego_mod:Palingenesis+1","floor":16.0},{"not_picked":["alterego_mod:1TonWallop","alterego_mod:Jiggle"],"picked":"alterego_mod:Bounce+1","floor":18.0},{"not_picked":["alterego_mod:RocketPunch","alterego_mod:SakuraFive+1"],"picked":"alterego_mod:Bounce","floor":19.0},{"not_picked":["alterego_mod:Cushion","alterego_mod:DestructionOfProperty"],"picked":"alterego_mod:Bounce+1","floor":20.0},{"not_picked":["alterego_mod:Support+1","alterego_mod:DiscoLights+1"],"picked":"alterego_mod:MagicResistance","floor":24.0},{"not_picked":["alterego_mod:Jiggle","alterego_mod:Cycle+1"],"picked":"alterego_mod:PurpleHair","floor":27.0},{"not_picked":["alterego_mod:DeftHands","alterego_mod:Mirror"],"picked":"alterego_mod:STier","floor":29.0},{"not_picked":["alterego_mod:DiscoLights+1","alterego_mod:Collar"],"picked":"alterego_mod:RidiculouslyBig","floor":30.0},{"not_picked":["alterego_mod:Table","alterego_mod:Maid"],"picked":"alterego_mod:Complex","floor":31.0},{"not_picked":["alterego_mod:STier","alterego_mod:PainIsPleasure+1"],"picked":"alterego_mod:Venus","floor":33.0},{"not_picked":["m_Survivalism","Slimebound:Split"],"picked":"blackbeard:IntimidatingStrike","floor":34},{"not_picked":["alterego_mod:STier","alterego_mod:IdEs"],"picked":"alterego_mod:TrickOrTreatment","floor":34},{"not_picked":["hubris:Ssssneak","expansioncontent:DefensiveStance"],"picked":"Replay:SS_hec_4","floor":34},{"not_picked":["infinitespire:Fortify","ReplayTheSpireMod:Book of Names"],"picked":"infinitespire:Starlight","floor":34},{"not_picked":["alterego_mod:Undulate","alterego_mod:Skirt+1"],"picked":"alterego_mod:Nekomimi+1","floor":35},{"not_picked":["alterego_mod:BustOut+1","alterego_mod:Santa"],"picked":"alterego_mod:Pet","floor":36}],"player_experience":3268491,"relics_obtained":[{"floor":6.0,"key":"Art of War"},{"floor":8.0,"key":"Durian"},{"floor":11.0,"key":"Frozen Egg 2"},{"floor":21.0,"key":"Akabeko"},{"floor":24.0,"key":"Replay:Bottled Flurry"},{"floor":26.0,"key":"hubris:DeckOfHolding"},{"floor":29.0,"key":"Calipers"}],"event_choices":[{"damage_healed":0.0,"max_hp_gain":0.0,"max_hp_loss":0.0,"gold_gain":0.0,"event_name":"Purifier","player_choice":"Ignored","floor":14.0,"gold_loss":0.0,"damage_taken":0.0},{"damage_healed":0,"gold_gain":0,"player_choice":"Ignored","damage_taken":0,"max_hp_gain":0,"max_hp_loss":0,"event_name":"Tomb of Lord Red Mask","floor":37,"gold_loss":0}],"is_beta":false,"boss_relics":[{"not_picked":["SacredBark","Runic Pyramid"],"picked":"theForsaken:PaleLantern"},{"not_picked":["halation:LoveArrow","Coffee Dripper"],"picked":"ReplayTheSpireMod:SealedPack"}],"items_purged_floors":[],"is_endless":false,"potions_floor_spawned":[2,4,5,6,11,24,29,31,33,35,36],"killed_by":"Jaw Worm Horde","ascension_level":2}}