{"host":"d3bsw5ou8fswq5qc","time":1614217202,"event":{"mods":["Aspiration","BaseMod","Colored Map","Conspire","Downfall","GifTheSpireLib","Googly Eyes","Minty Spire (QoL Compilation)","Replay The Spire","StSLib","Stuff the Spire","The Jungle"],"gold_per_floor":[119,139,139,139,139,183,203,478,478,478,493,225,225,247,247,259,259],"floor_reached":16,"language":"FRA","playtime":1133,"items_purged":["Regret"],"score":115,"play_id":"29922e9c-f4f9-472c-a0d0-a41cd32f8d14","local_time":"20210225024002","is_ascension_mode":true,"campfire_choices":[{"data":"Bash","floor":10,"key":"SMITH"},{"floor":13,"key":"REST"},{"floor":15,"key":"REST"}],"circlet_count":0,"master_deck":["Strike_R","Strike_R","Strike_R","Strike_R","Strike_R","Defend_R","Defend_R","Defend_R","Defend_R","Bash+1","Thunderclap","Wild Strike","conspire:ExplosiveBarrier","Disarm","Iron Wave","Metallicize+1","Shrug It Off+1","StuffTheSpire:FreeRealEstate","Pommel Strike","Perfected Strike"],"relics":["Burning Blood","aspiration:Nostalgia","Ring of the Snake","Golden Idol","StuffTheSpire:Nightcore","aspiration:StickyExplosives_weak","Frozen Egg 2","BargainBundle"],"acts_visited":["Exordium"],"potions_floor_usage":[16,16],"damage_taken":[{"damage":3,"enemies":"2 Louse","floor":1,"turns":3},{"damage":5,"enemies":"Small Slimes","floor":2,"turns":3},{"damage":37,"enemies":"Lagavulin","floor":6,"turns":6},{"damage":0,"enemies":"Jaw Worm","floor":7,"turns":2},{"damage":22,"enemies":"Gremlin Gang","floor":11,"turns":5},{"damage":17,"enemies":"Exordium Wildlife","floor":14,"turns":4},{"damage":75,"enemies":"Fading Forest","floor":16,"turns":9}],"seed_played":"-6612460889268474338","potions_obtained":[{"floor":14,"key":"Fire Potion"}],"is_trial":false,"path_per_floor":["M","M","?","?","T","E","M","?","T","R","M","$","R","M","R","B"],"character_chosen":"IRONCLAD","items_purchased":["Metallicize+1","BargainBundle","Shrug It Off+1","Milkshake","Block Potion","champ:CounterPotion","StuffTheSpire:FreeRealEstate","Pommel Strike"],"campfire_rested":2,"item_purchase_floors":[12,12,12,12,12,12,12,12],"current_hp_per_floor":[80,80,80,60,60,29,35,35,35,35,19,19,43,32,56,0,0],"gold":259,"neow_bonus":"NOSTALGIA","is_daily":false,"chose_seed":false,"campfire_upgraded":1,"win_rate":0.0,"timestamp":1614217202,"path_taken":["M","M","?","?","?","E","?","?","T","R","M","$","R","M","R","BOSS"],"items_purchased_type":["Card","Relic","Card","Potion","Potion","Potion","Card","Card"],"build_version":"2020-12-22","purchased_purges":1,"victory":false,"max_hp_per_floor":[80,80,80,80,80,80,80,80,80,80,80,80,80,80,80,80,80],"card_choices":[{"not_picked":["Clash","Heavy Blade"],"picked":"Thunderclap","floor":1},{"not_picked":["True Grit","StuffTheSpire:RockThrow"],"picked":"Wild Strike","floor":2},{"not_picked":["Run Through","Eclipse"],"picked":"conspire:ExplosiveBarrier","floor":6},{"not_picked":["StuffTheSpire:Pyroclast","True Grit"],"picked":"Disarm","floor":7},{"not_picked":["StuffTheSpire:RockThrow","Entrench"],"picked":"Iron Wave","floor":11},{"not_picked":["Sever Soul","StuffTheSpire:Incineration"],"picked":"Perfected Strike","floor":14}],"player_experience":306789,"relics_obtained":[{"floor":5,"key":"StuffTheSpire:Nightcore"},{"floor":6,"key":"aspiration:StickyExplosives_weak"},{"floor":9,"key":"Frozen Egg 2"}],"event_choices":[{"damage_healed":0,"gold_gain":0,"player_choice":"Disagree","damage_taken":0,"max_hp_gain":0,"max_hp_loss":0,"event_name":"conspire:LoneGhost","floor":3,"gold_loss":0},{"damage_healed":0,"gold_gain":0,"player_choice":"Take Damage","damage_taken":20,"relics_obtained":["Golden Idol"],"max_hp_gain":0,"max_hp_loss":0,"event_name":"Golden Idol","floor":4,"gold_loss":0},{"damage_healed":0,"gold_gain":275,"player_choice":"Desecrate","damage_taken":0,"max_hp_gain":0,"max_hp_loss":0,"event_name":"Golden Shrine","floor":8,"gold_loss":0,"cards_obtained":["Regret"]}],"is_beta":false,"boss_relics":[],"items_purged_floors":[12],"is_endless":false,"potions_floor_spawned":[14],"killed_by":"Fading Forest","ascension_level":3}}