{"host":"yassvrowvc2yfwp2","time":1614228761,"event":{"mods":["2.2 Compatiblity","Act Like it!","BaseMod","Better Note","Curses Come First","Dota2Spire","Downfall","HololiveMod","Jorbs\u0027s Wanderer Trilogy","Minty Spire (QoL Compilation)","Prisma Mod","Rare Cards Sparkle","Reimu£®≤©¿ˆ¡È√Œ£©","Replay The Spire","Say the Spire","Spicy Shops","StSLib","The Bug Knight","The Cursed","The Servant 0.9.4"],"gold_per_floor":[66,82,82,82,82,100,100,100,119,129,154,173,173,200,210,313,313,313,323,323,333,351,381,381,407,427,446,446,446,446,458,476,476,476],"floor_reached":33,"language":"ZHS","playtime":1090,"items_purged":[],"score":445,"play_id":"2c5bc788-9060-4c1e-ad1c-450765ebaa0f","local_time":"20210225125241","is_ascension_mode":true,"campfire_choices":[{"data":"Hololive_Trident","floor":1,"key":"SMITH"},{"data":"Hololive_StrengthChampion","floor":8,"key":"SMITH"},{"data":"Hololive_LuckPotion","floor":13,"key":"SMITH"},{"floor":29,"key":"REST"}],"circlet_count":0,"master_deck":["Hololive_Strike+1","Hololive_Strike+1","Hololive_Defend+1","Hololive_Defend+1","Hololive_Defend+1","Hololive_Defend+1","Hololive_LuckPotion+1","Hololive_Trident+1","Hololive_Psychosis","Hololive_LuckPotion+1","Hololive_StrengthChampion+1","Hololive_LuckPotion+1","Hololive_StrengthChampion","Hololive_StrengthChampion","Hololive_LuckPotion","Hololive_HuntDinosaur","Hololive_CallAiraniIofifteen","Hololive_Sequa+1","Hololive_Breathe","Hololive_Breathe","Hololive_CocoNews+1","Hololive_CandyCastle","Hololive_HuntDinosaur+1","Hololive_Spy+1"],"relics":["Hololive_TheStar","Hololive_Peko","ReplayTheSpireMod:Ninjato","Boot","Dota2Spire:MantaStyle","Runic Pyramid","Mirror","MealTicket","ReplayTheSpireMod:TigerMarble"],"acts_visited":["Exordium","TheCity"],"potions_floor_usage":[23,33,33],"damage_taken":[{"damage":0,"enemies":"Cultist","floor":2,"turns":3},{"damage":0,"enemies":"Small Slimes","floor":6,"turns":2},{"damage":0,"enemies":"Jaw Worm","floor":9,"turns":2},{"damage":0,"enemies":"Gremlin Gang","floor":10,"turns":3},{"damage":2,"enemies":"Lagavulin","floor":11,"turns":4},{"damage":0,"enemies":"Looter","floor":12,"turns":2},{"damage":0,"enemies":"Gremlin Nob","floor":14,"turns":3},{"damage":0,"enemies":"3 Louse","floor":15,"turns":3},{"damage":0,"enemies":"IC_STATUS_ARCHETYPE","floor":16,"turns":5},{"damage":0,"enemies":"Shell Parasite","floor":19,"turns":4},{"damage":0,"enemies":"Chosen","floor":21,"turns":3},{"damage":0,"enemies":"Snecko","floor":22,"turns":4},{"damage":4,"enemies":"Slavers","floor":23,"turns":5},{"damage":24,"enemies":"Book of Stabbing","floor":25,"turns":5},{"damage":0,"enemies":"Snake Plant","floor":26,"turns":3},{"damage":0,"enemies":"Shelled Parasite and Fungi","floor":27,"turns":4},{"damage":0,"enemies":"3 Cultists","floor":31,"turns":5},{"damage":0,"enemies":"Snake Plant","floor":32,"turns":3},{"damage":29,"enemies":"DF_ARCHETYPE_CLAW","floor":33,"turns":5}],"seed_played":"1618434035482071317","potions_obtained":[{"floor":2,"key":"Death Potion"},{"floor":9,"key":"Dexterity Potion"},{"floor":10,"key":"Dota2Spire:HealingSalve"},{"floor":25,"key":"SkillPotion"}],"is_trial":false,"path_per_floor":["R","M","?","?","?","M","T","R","M","M","E","M","R","E","M","B",null,"R","M","?","M","M","E","T","E","M","M","?","R","?","M","M","B"],"character_chosen":"Hololive_HololiveCharacter","items_purchased":[],"campfire_rested":1,"item_purchase_floors":[],"current_hp_per_floor":[38,38,30,30,30,30,30,30,30,30,28,28,28,28,28,28,38,38,38,38,38,38,34,34,10,10,10,10,21,21,21,21,0,0],"gold":476,"neow_bonus":"TEN_PERCENT_HP_BONUS","is_daily":false,"chose_seed":false,"campfire_upgraded":3,"win_rate":0.0,"timestamp":1614228761,"path_taken":["R","M","?","?","?","M","T","R","M","M","E","?","R","E","M","BOSS","R","M","?","?","M","E","T","E","M","M","?","R","?","M","M","BOSS"],"items_purchased_type":[],"build_version":"2020-12-22","purchased_purges":0,"victory":false,"max_hp_per_floor":[38,38,38,38,38,38,38,38,38,38,38,38,38,38,38,38,38,38,38,38,38,38,38,38,38,38,38,38,38,38,38,38,38,38],"card_choices":[{"not_picked":["Hololive_OvertimeWork","Hololive_FlyingPonyTail","Hololive_CallMinatoAqua"],"picked":"Hololive_Psychosis","floor":2},{"not_picked":["Hololive_LuckPotion","Hololive_CandyCastle","Hololive_DevilCharm"],"picked":"Hololive_StrengthChampion","floor":6},{"not_picked":["Hololive_Sequa","Hololive_Trident","Hololive_StrengthChampion"],"picked":"Hololive_LuckPotion","floor":9},{"not_picked":["Hololive_DevilCharm","Hololive_CocoNews","Hololive_OvertimeWork"],"picked":"Hololive_StrengthChampion","floor":10},{"not_picked":["Hololive_Drill","Hololive_Breathe","Hololive_Teleport"],"picked":"Hololive_StrengthChampion","floor":11},{"not_picked":["Hololive_Psychosis","Hololive_StrengthChampion","Hololive_Breathe"],"picked":"Hololive_LuckPotion","floor":12},{"not_picked":["Hololive_OpenUp","Hololive_Sequa","Hololive_Rebound","Hololive_CallAZKi"],"picked":"SKIP","floor":14},{"not_picked":["Hololive_Psychosis","Hololive_OvertimeWork","Hololive_CallMinatoAqua"],"picked":"Hololive_HuntDinosaur","floor":15},{"not_picked":["Hololive_Breathe","Hololive_CallYogiri+1","Hololive_CallAmaneKanata"],"picked":"Hololive_Sequa+1","floor":19},{"not_picked":["Hololive_Rebound","Hololive_CallOmaruPolka+1","Hololive_CallTokoyamiTowa"],"picked":"Hololive_Breathe","floor":21},{"not_picked":["Hololive_CallManoAloe","Hololive_Sequa","Hololive_LuckPotion"],"picked":"Hololive_Breathe","floor":22},{"not_picked":["Hololive_CallAkaiHaato","Hololive_CallAmaneKanata","Hololive_Teleport"],"picked":"Hololive_CocoNews+1","floor":23},{"not_picked":["Hololive_CallKiryuuCoco","Hololive_Rebound","Hololive_DiamondStrike"],"picked":"Hololive_CandyCastle","floor":25},{"not_picked":["Hololive_Psychosis","Hololive_CocoNews","Hololive_CallOmaruPolka+1"],"picked":"Hololive_HuntDinosaur+1","floor":26},{"not_picked":["Hololive_CallShiroganeNoel","Hololive_Watashimo","Hololive_HuntDinosaur","Hololive_CallYukihanaLamy+1"],"picked":"SKIP","floor":27},{"not_picked":["Hololive_CocoNews","Hololive_CallHoshimachiSuisei","Hololive_Drill","Hololive_Sequa+1"],"picked":"SKIP","floor":31},{"not_picked":["Hololive_LuckPotion","Hololive_DevilCharm","Hololive_CallShiranuiFlare"],"picked":"Hololive_Spy+1","floor":32}],"player_experience":2209362,"relics_obtained":[{"floor":7,"key":"ReplayTheSpireMod:Ninjato"},{"floor":11,"key":"Boot"},{"floor":14,"key":"Dota2Spire:MantaStyle"},{"floor":23,"key":"Mirror"},{"floor":24,"key":"MealTicket"},{"floor":25,"key":"ReplayTheSpireMod:TigerMarble"}],"event_choices":[{"damage_healed":0,"gold_gain":0,"player_choice":"Entered Light","damage_taken":8,"max_hp_gain":0,"max_hp_loss":0,"event_name":"Shining Light","floor":3,"gold_loss":0,"cards_upgraded":["Hololive_LuckPotion","Hololive_Defend"]},{"cards_removed":["Hololive_CallAiraniIofifteen"],"damage_healed":0,"gold_gain":0,"player_choice":"Give","damage_taken":0,"max_hp_gain":0,"max_hp_loss":0,"event_name":"betterNote:BetterNote","floor":20,"gold_loss":0,"cards_obtained":["Injury"]},{"damage_healed":0,"gold_gain":0,"player_choice":"Simplicity","damage_taken":0,"max_hp_gain":0,"max_hp_loss":0,"event_name":"Back to Basics","floor":28,"gold_loss":0,"cards_upgraded":["Hololive_Strike","Hololive_Strike","Hololive_Defend","Hololive_Defend","Hololive_Defend"]}],"is_beta":false,"boss_relics":[{"not_picked":["Replay:Drink Me","Replay:Bronze Core"],"picked":"Runic Pyramid"}],"items_purged_floors":[],"is_endless":false,"potions_floor_spawned":[2,9,10,12,21,25,27,32],"killed_by":"DF_ARCHETYPE_CLAW","ascension_level":1}}