{"host":"7oiwk103j2prpym5","time":1614293227,"event":{"mods":["BaseMod","BetterRewards","Colored Map","Colored Powertips","GifTheSpireLib","Infinite Spire","Minty Spire (QoL Compilation)","Permanent Neow","Relic Filter Mod","Reliquary","Remove Card Discount Mod","Replay The Spire","StSLib","Stuff the Spire","Weighted Paths"],"gold_per_floor":[134,166,166,196,254,345,362,393,462,480,205,246,246,263,263,364,414,434,470,506,6,6,6,48,48,48,48],"floor_reached":26,"language":"ENG","playtime":2105,"items_purged":["Strike_G","Defend_G","Strike_G","Defend_G","Strike_G","Defend_G"],"score":324,"play_id":"0adf45f4-210f-4231-bb01-2174c4ff8bfa","local_time":"20210225164707","is_ascension_mode":false,"campfire_choices":[{"floor":13,"key":"REST"},{"floor":15,"key":"REST"},{"floor":25,"key":"REST"}],"circlet_count":0,"master_deck":["Strike_G","Strike_G","Defend_G","Defend_G","Survivor","Neutralize","Infinite Blades","Dodge and Roll","HandOfGreed+1","Replay:Poison Smokescreen","Sucker Punch","Setup","Deflect+1","Catalyst","Dash","Flying Knee","Infinite Blades","Bane","StuffTheSpire:DoubleShiv+1","Venomology","Heel Hook","Dagger Throw","Outmaneuver","Envenom","Predator+1"],"relics":["Ring of the Snake","Strawberry","reliquary:Buckler","Bottled Lightning","StuffTheSpire:PointBlank","Juzu Bracelet","Tiny House","Toy Ornithopter","StuffTheSpire:WitherSkull"],"acts_visited":["Exordium","TheCity"],"potions_floor_usage":[6,14,14,18,19,20,20,24,24,24,26,26,26,26,26],"damage_taken":[{"damage":0,"enemies":"2 Louse","floor":1,"turns":2},{"damage":3,"enemies":"infinitespire:Voidling","floor":2,"turns":5},{"damage":0,"enemies":"Jaw Worm","floor":4,"turns":5},{"damage":2,"enemies":"2 Fungi Beasts","floor":5,"turns":3},{"damage":16,"enemies":"3 Sentries","floor":6,"turns":11},{"damage":1,"enemies":"Blue Slaver","floor":7,"turns":3},{"damage":22,"enemies":"Lagavulin","floor":8,"turns":7},{"damage":6,"enemies":"Large Slime","floor":10,"turns":5},{"damage":11,"enemies":"Exordium Thugs","floor":12,"turns":3},{"damage":6,"enemies":"3 Louse","floor":14,"turns":3},{"damage":12,"enemies":"Hexaghost","floor":16,"turns":8},{"damage":9,"enemies":"Shell Parasite","floor":18,"turns":5},{"damage":23,"enemies":"2 Thieves","floor":19,"turns":4},{"damage":50,"enemies":"Shelled Parasite and Fungi","floor":20,"turns":9},{"damage":15,"enemies":"Centurion and Healer","floor":24,"turns":7},{"damage":70,"enemies":"Nightmare","floor":26,"turns":6}],"seed_played":"-4435508332585576165","potions_obtained":[{"floor":2,"key":"LiquidBronze"},{"floor":3,"key":"DistilledChaos"},{"floor":3,"key":"Weak Potion"},{"floor":6,"key":"SneckoOil"},{"floor":14,"key":"GamblersBrew"},{"floor":17,"key":"Swift Potion"},{"floor":20,"key":"Doom Potion"},{"floor":24,"key":"EntropicBrew"}],"is_trial":false,"path_per_floor":["M","M","?","M","M","E","M","E","T","M","$","M","R","M","R","B",null,"M","M","M","$","PTL","PTL","M","R","NM"],"character_chosen":"THE_SILENT","items_purchased":["Strawberry","Infinite Blades","Dodge and Roll","Flying Knee","Juzu Bracelet","Infinite Blades","Envenom","Toy Ornithopter","StuffTheSpire:WitherSkull","Predator+1"],"campfire_rested":3,"item_purchase_floors":[0,0,0,11,11,11,21,21,21,21],"current_hp_per_floor":[67,64,64,64,62,46,45,23,23,17,17,6,29,23,46,34,82,73,50,9,9,9,9,9,33,0,0],"gold":48,"neow_bonus":"","is_daily":false,"chose_seed":false,"campfire_upgraded":0,"win_rate":0.0,"timestamp":1614293227,"path_taken":["M","M","?","M","M","E","M","E","T","?","$","M","R","M","R","BOSS","M","M","M","$","PTL","PTL","M","R","NM"],"items_purchased_type":["Relic","Card","Card","Card","Relic","Card","Card","Relic","Relic","Card"],"build_version":"2020-12-22","purchased_purges":6,"victory":false,"max_hp_per_floor":[77,77,77,77,77,77,77,77,77,77,77,77,77,77,77,77,82,82,82,82,82,82,82,82,82,82,82],"card_choices":[{"not_picked":["Bane","Dagger Spray"],"picked":"Replay:Poison Smokescreen","floor":1},{"not_picked":["Quick Slash","Dagger Spray"],"picked":"Sucker Punch","floor":2},{"not_picked":["PiercingWail","Dagger Throw"],"picked":"Setup","floor":4},{"not_picked":["ReplayTheSpireMod:Tripwire","Prepared"],"picked":"Deflect","floor":5},{"not_picked":["Endless Agony","StuffTheSpire:ClusterCrunch","StuffTheSpire:Incantation"],"picked":"SKIP","floor":6},{"not_picked":["Dagger Throw","StuffTheSpire:Injection"],"picked":"Catalyst","floor":7},{"not_picked":["Accuracy","PiercingWail"],"picked":"Dash","floor":8},{"not_picked":["Dodge and Roll","Endless Agony","StuffTheSpire:ClusterCrunch"],"picked":"SKIP","floor":10},{"not_picked":["Concentrate","StuffTheSpire:Injection"],"picked":"Bane","floor":12},{"not_picked":["ReplayTheSpireMod:Shiv Toss","Masterful Stab"],"picked":"StuffTheSpire:DoubleShiv","floor":14},{"not_picked":["Die Die Die","Poison Darts"],"picked":"Venomology","floor":16},{"not_picked":["Sucker Punch","Distraction"],"picked":"Heel Hook","floor":17},{"not_picked":["Dash","StuffTheSpire:Shiver","ReplayTheSpireMod:The Works"],"picked":"SKIP","floor":18},{"not_picked":["Blur","Setup"],"picked":"Dagger Throw","floor":19},{"not_picked":["Deflect+1","Slice"],"picked":"Outmaneuver","floor":20},{"not_picked":["Outmaneuver","Acrobatics","Underhanded Strike"],"picked":"SKIP","floor":24}],"player_experience":921456,"relics_obtained":[{"floor":6,"key":"reliquary:Buckler"},{"floor":8,"key":"Bottled Lightning"},{"floor":9,"key":"StuffTheSpire:PointBlank"}],"event_choices":[{"damage_healed":0,"gold_gain":0,"player_choice":"Got Potions","damage_taken":0,"max_hp_gain":0,"max_hp_loss":0,"event_name":"Lab","floor":3,"gold_loss":0}],"is_beta":false,"boss_relics":[{"not_picked":["Kintsugi","reliquary:Craggleroot"],"picked":"Tiny House"}],"items_purged_floors":[0,0,0,0,11,11],"is_endless":false,"potions_floor_spawned":[2,6,8,12,14,20,24],"killed_by":"Nightmare","ascension_level":0}}