{"host":"dzvdy2cvkhifjmvi","time":1614233309,"event":{"mods":["BaseMod","Downfall","Infinite Spire","Marisa????????","Minty Spire (QoL Compilation)","Replay The Spire","StSLib","The Cursed","The Disciple","The Servant 0.9.4"],"gold_per_floor":[99,99,99,119,139,158,158,143,43,59,59,69,69,54,74,174,174,174,206,231,231,216,116,116,116,128,128,144,171,188,202,215,316,316,216,231,231,241,241,241,241,241],"floor_reached":40,"language":"ENG","playtime":4000,"items_purged":[],"score":475,"play_id":"56f0615e-fd08-47c3-b0e4-243f46d1e890","local_time":"20210224230829","is_ascension_mode":false,"campfire_choices":[{"data":"sneckomod:Restock","floor":9.0,"key":"SMITH"},{"data":"sneckomod:UnknownUncommonPower","floor":11.0,"key":"SMITH"},{"data":"sneckomod:SoulCleanse","floor":13.0,"key":"SMITH"},{"floor":18.0,"key":"RECALL"},{"data":"sneckomod:UnknownRareSkill","floor":23,"key":"SMITH"},{"data":"sneckomod:SerpentMind","floor":27,"key":"SMITH"},{"data":"sneckomod:UnknownBoss","floor":35,"key":"SMITH"}],"circlet_count":0,"master_deck":["sneckomod:Strike","sneckomod:Defend","sneckomod:Defend","sneckomod:Defend","sneckomod:TailWhip+1","sneckomod:SnekBite","sneckomod:Unknown","Slimebound:Prepare","sneckomod:TailWhip+1","sneckomod:QuickMove","sneckomod:SoulCleanse+1","sneckomod:Restock+1","sneckomod:UnknownUncommonPower+1","sneckomod:UnknownRareSkill+1","sneckomod:TrashToTreasure","sneckomod:SoulExchange","sneckomod:SerpentMind+1","sneckomod:MorePower","sneckomod:UnknownRareAttack","sneckomod:UnknownWeak+1","Spreading Infection","sneckomod:UnknownUncommonPower+1","sneckomod:Nope","sneckomod:UnknownRareSkill+1","sneckomod:UnknownClassSLIMEBOUND","infinitespire:Starlight","sneckomod:UnknownRareAttack+1","sneckomod:UnendingSupply","sneckomod:UnknownRareSkill+1","sneckomod:UnknownRarePower+1","sneckomod:UnknownExhaust+1","sneckomod:UnknownBoss+1","sneckomod:UnknownRareSkill+1"],"relics":["sneckomod:SneckoSoul","downfall:HeartBlessingBlue","Sozu","downfall:HeartBlessingRed","Mercury Hourglass","Ring of Searing","Ring of Peace","Replay:Accelerometer","infinitespire:Cupcake","downfall:HeartBlessingGreen"],"acts_visited":["Exordium","TheCity","TheBeyond"],"potions_floor_usage":[],"damage_taken":[{"damage":0.0,"enemies":"2 Louse","floor":4.0,"turns":2.0},{"damage":3.0,"enemies":"Jaw Worm","floor":5.0,"turns":3.0},{"damage":0.0,"enemies":"Cultist","floor":6.0,"turns":3.0},{"damage":0.0,"enemies":"downfall:FleeingMerchant","floor":8.0,"turns":4.0},{"damage":0.0,"enemies":"Lots of Slimes","floor":10.0,"turns":1.0},{"damage":4.0,"enemies":"Red Slaver","floor":12.0,"turns":3.0},{"damage":0.0,"enemies":"downfall:FleeingMerchant","floor":14.0,"turns":4.0},{"damage":0.0,"enemies":"downfall:LooterAlt","floor":15.0,"turns":3.0},{"damage":42.0,"enemies":"DF_ARCHETYPE_STREAMLINE","floor":16.0,"turns":10.0},{"damage":17.0,"enemies":"3 Byrds","floor":19.0,"turns":7.0},{"damage":5,"enemies":"Chosen","floor":20,"turns":5},{"damage":15,"enemies":"downfall:FleeingMerchant","floor":22,"turns":4},{"damage":10,"enemies":"Snake Plant","floor":26,"turns":5},{"damage":11,"enemies":"Shelled Parasite and Fungi","floor":28,"turns":5},{"damage":10,"enemies":"Nightmare","floor":29,"turns":6},{"damage":33,"enemies":"Snecko","floor":30,"turns":5},{"damage":26,"enemies":"Centurion and Healer","floor":31,"turns":5},{"damage":10,"enemies":"Sentry and Sphere","floor":32,"turns":5},{"damage":24,"enemies":"IC_MUSHROOM_ARCHETYPE","floor":33,"turns":6},{"damage":10,"enemies":"3 Darklings","floor":36,"turns":3},{"damage":20,"enemies":"Orb Walker","floor":38,"turns":4},{"damage":90,"enemies":"Nightmare","floor":40,"turns":5}],"seed_played":"-6638179960104379760","potions_obtained":[{"floor":4.0,"key":"Strength Potion"},{"floor":5.0,"key":"Milkshake"},{"floor":12.0,"key":"Ancient Potion"}],"is_trial":false,"path_per_floor":["R","?","?","M","M","M","T","$","R","M","R","M","R","$","M","B",null,"R","M","M","?","$","R","T","?","M","R","M","NM","M","M","M","B",null,"R","M","?","M","?","NM"],"character_chosen":"THE_SNECKO","items_purchased":[],"campfire_rested":0,"item_purchase_floors":[],"current_hp_per_floor":[99,99,99,99,96,96,96,96,106,106,106,102,102,102,102,60,109,109,92,87,87,72,72,72,72,62,62,51,56,43,27,27,13,109,109,107,107,87,87,0,0,0],"gold":241,"neow_bonus":"TEN_PERCENT_HP_BONUS","is_daily":false,"chose_seed":false,"campfire_upgraded":6,"win_rate":0.0,"timestamp":1614233309,"path_taken":["R","?","?","M","?","M","T","$","R","M","R","?","R","?","M","BOSS","R","M","M","?","$","R","T","?","M","R","M","NM","M","M","M","BOSS","R","M","?","M","?","NM"],"items_purchased_type":[],"build_version":"2020-12-22","purchased_purges":0,"victory":false,"max_hp_per_floor":[99,99,99,99,99,99,99,99,109,109,109,109,109,109,109,109,109,109,109,109,109,109,109,109,109,109,109,109,109,109,109,109,109,109,109,109,109,109,109,109,109,109],"card_choices":[{"not_picked":["sneckomod:DiceBlock","sneckomod:DiceCrush"],"picked":"sneckomod:UnknownDraw","floor":4.0},{"not_picked":["sneckomod:ImprovisedGuard","sneckomod:RainOfDice"],"picked":"sneckomod:QuickMove","floor":5.0},{"not_picked":["sneckomod:DiceCrush","sneckomod:QuickBite"],"picked":"sneckomod:SoulCleanse","floor":6.0},{"not_picked":["sneckomod:UnknownVulnerable","sneckomod:SoulRoll"],"picked":"sneckomod:Restock","floor":8.0},{"not_picked":["sneckomod:QuickMove","sneckomod:UnknownClassSLIMEBOUND"],"picked":"sneckomod:UnknownUncommonPower","floor":10.0},{"not_picked":["sneckomod:Unknown2Cost","sneckomod:ImprovisedAttack","sneckomod:ImprovisedGuard"],"picked":"SKIP","floor":12.0},{"not_picked":["sneckomod:DefensiveFlair","sneckomod:UnknownClassGUARDIAN"],"picked":"sneckomod:UnknownRareSkill","floor":14.0},{"not_picked":["sneckomod:UnknownCommonAttack","sneckomod:SoulCleanse"],"picked":"sneckomod:TrashToTreasure","floor":15.0},{"not_picked":["sneckomod:UnknownRareAttack","sneckomod:Restock"],"picked":"sneckomod:SoulExchange","floor":16.0},{"not_picked":["sneckomod:QuickBite+1","sneckomod:Unknown1Cost","sneckomod:UnknownClassHEXA_GHOST_PURPLE+1"],"picked":"SKIP","floor":19},{"not_picked":["sneckomod:UnknownCommonSkill","sneckomod:UnknownBlock"],"picked":"sneckomod:SerpentMind","floor":20},{"not_picked":["sneckomod:UnknownVulnerable+1","sneckomod:Unknown2Cost+1"],"picked":"sneckomod:UnknownWeak+1","floor":22},{"not_picked":["sneckomod:UnknownClassHEXA_GHOST_PURPLE","sneckomod:DiceCrush","sneckomod:WideSting+1"],"picked":"SKIP","floor":22},{"not_picked":["sneckomod:UnknownDraw+1","sneckomod:UnknownX+1"],"picked":"sneckomod:UnknownUncommonPower+1","floor":26},{"not_picked":["sneckomod:QuickBite","sneckomod:UnknownClassHEXA_GHOST_PURPLE"],"picked":"sneckomod:Nope","floor":26},{"not_picked":["sneckomod:UnknownWeak+1","sneckomod:UnknownStrike+1"],"picked":"sneckomod:UnknownRareSkill+1","floor":28},{"not_picked":["sneckomod:UnknownUncommonSkill","sneckomod:UnknownCommonAttack"],"picked":"sneckomod:UnknownClassSLIMEBOUND","floor":28},{"not_picked":["infinitespire:SealOfDarkness+","infinitespire:Gouge"],"picked":"infinitespire:Starlight","floor":29},{"not_picked":["sneckomod:UnknownStrike","sneckomod:QuickBite","sneckomod:DiceCrush"],"picked":"SKIP","floor":29},{"not_picked":["sneckomod:Unknown2Cost+1","sneckomod:UnknownVulnerable+1"],"picked":"sneckomod:UnknownRareAttack+1","floor":30},{"not_picked":["sneckomod:DiceBlock","sneckomod:UnknownClassSLIMEBOUND"],"picked":"sneckomod:UnendingSupply","floor":30},{"not_picked":["sneckomod:UnknownClassHEXA_GHOST_PURPLE+1","sneckomod:UnknownCommonSkill+1"],"picked":"sneckomod:UnknownRareSkill+1","floor":31},{"not_picked":["sneckomod:QuickMove","sneckomod:WideSting+1","sneckomod:Nope"],"picked":"SKIP","floor":31},{"not_picked":["sneckomod:Unknown0Cost+1","sneckomod:UnknownUncommonPower+1"],"picked":"sneckomod:UnknownRarePower+1","floor":32},{"not_picked":["sneckomod:WideSting","sneckomod:UnknownClassHEXA_GHOST_PURPLE","sneckomod:RainOfDice"],"picked":"SKIP","floor":32},{"not_picked":["sneckomod:UnknownVulnerable+1","sneckomod:UnknownUncommonPower+1"],"picked":"sneckomod:UnknownExhaust+1","floor":33},{"not_picked":["sneckomod:Mudshield","sneckomod:UnknownRareSkill"],"picked":"sneckomod:UnknownBoss","floor":33},{"not_picked":["sneckomod:Unknown1Cost+1","sneckomod:UnknownClassSLIMEBOUND+1"],"picked":"sneckomod:UnknownRareSkill+1","floor":36},{"not_picked":["sneckomod:UnknownClassHEXA_GHOST_PURPLE","sneckomod:UnknownCommonAttack","sneckomod:DiceBlock"],"picked":"SKIP","floor":36},{"not_picked":["sneckomod:IronFang+1","sneckomod:Unknown2Cost","sneckomod:UnknownDraw+1"],"picked":"SKIP","floor":38}],"player_experience":1431808,"relics_obtained":[{"floor":24,"key":"Mercury Hourglass"},{"floor":25,"key":"Ring of Searing"},{"floor":25,"key":"Ring of Peace"},{"floor":29,"key":"Replay:Accelerometer"}],"event_choices":[{"damage_healed":0,"gold_gain":0,"cards_transformed":["sneckomod:Strike","sneckomod:Strike"],"player_choice":"Became Test Subject","damage_taken":0,"max_hp_gain":0,"max_hp_loss":0,"event_name":"Drug Dealer","floor":21,"gold_loss":0,"cards_obtained":["sneckomod:MorePower","sneckomod:UnknownRareAttack"]},{"cards_removed":["sneckomod:UnknownDraw"],"damage_healed":0,"gold_gain":0,"player_choice":"Removed Skill","damage_taken":0,"max_hp_gain":0,"max_hp_loss":0,"event_name":"Falling","floor":39,"gold_loss":0}],"is_beta":false,"boss_relics":[{"not_picked":["Tiny House","ReplayTheSpireMod:DimensionalGlitch"],"picked":"Sozu"},{"not_picked":["Calling Bell","Empty Cage"],"picked":"infinitespire:Cupcake"}],"items_purged_floors":[],"is_endless":true,"potions_floor_spawned":[4,5,12,20,26,30,36],"killed_by":"Nightmare","ascension_level":0}}