{"host":"90jl2h70xtuoeg0i","time":1614242554,"event":{"mods":["AchievementEnabler","BaseMod","Colored Map","Colored Powertips","Minty Spire (QoL Compilation)","Relic Stats","ojb\u0027s Better Paths Mod","ojb\u0027s Info Mod"],"gold_per_floor":[111,127,74,86,86,86,117,117,163,163,174,199,216,229,229,229,229],"floor_reached":16,"language":"ENG","playtime":1378,"items_purged":[],"score":274,"play_id":"6d3b6086-d340-401d-83cb-0725595e9d4c","local_time":"20210225034234","is_ascension_mode":true,"campfire_choices":[{"data":"Cloak And Dagger","floor":6.0,"key":"SMITH"},{"data":"Blade Dance","floor":8.0,"key":"SMITH"},{"data":"Neutralize","floor":10.0,"key":"SMITH"},{"data":"Leg Sweep","floor":15.0,"key":"SMITH"}],"circlet_count":0,"master_deck":["AscendersBane","Strike_G","Strike_G","Strike_G","Strike_G","Strike_G","Defend_G","Defend_G","Defend_G","Defend_G","Defend_G","Survivor","Neutralize+1","Blade Dance+1","Cloak And Dagger+1","All Out Attack","Leg Sweep+1","Setup"],"relics":["WristBlade","PreservedInsect","Frozen Egg 2"],"acts_visited":["Exordium"],"potions_floor_usage":[16],"damage_taken":[{"damage":3.0,"enemies":"2 Louse","floor":1.0,"turns":4.0},{"damage":0.0,"enemies":"Small Slimes","floor":2.0,"turns":2.0},{"damage":7.0,"enemies":"Jaw Worm","floor":4.0,"turns":2.0},{"damage":19.0,"enemies":"Lagavulin","floor":7.0,"turns":8.0},{"damage":10.0,"enemies":"Exordium Thugs","floor":11.0,"turns":4.0},{"damage":0.0,"enemies":"3 Sentries","floor":12.0,"turns":3.0},{"damage":0.0,"enemies":"Gremlin Gang","floor":13.0,"turns":1.0},{"damage":8.0,"enemies":"Exordium Wildlife","floor":14.0,"turns":4.0},{"damage":24,"enemies":"Slime Boss","floor":16,"turns":8}],"seed_played":"1844934407417774749","potions_obtained":[{"floor":2.0,"key":"Block Potion"},{"floor":7.0,"key":"PowerPotion"},{"floor":14.0,"key":"SkillPotion"}],"is_trial":false,"path_per_floor":["M","M","$","M","?","R","E","R","T","R","M","E","M","M","R","B"],"character_chosen":"THE_SILENT","items_purchased":["Cloak And Dagger"],"campfire_rested":0,"item_purchase_floors":[3],"current_hp_per_floor":[56,56,56,49,54,54,35,35,35,35,25,25,25,17,17,0,0],"gold":229,"neow_bonus":"BOSS_RELIC","is_daily":false,"chose_seed":false,"campfire_upgraded":4,"win_rate":0.0,"timestamp":1614242554,"path_taken":["M","M","$","M","?","R","E","R","T","R","M","E","M","M","R","BOSS"],"items_purchased_type":["Card"],"build_version":"2020-12-22","purchased_purges":0,"victory":false,"max_hp_per_floor":[66,66,66,66,71,71,71,71,71,71,71,71,71,71,71,71,71],"relic_stats":{"counters":[9,36],"PreservedInsect":32,"obtain_stats":[{"WristBlade":0,"PreservedInsect":7,"Frozen Egg 2":12,"Ring of the Snake":0},{"WristBlade":0,"PreservedInsect":4,"Frozen Egg 2":6,"Ring of the Snake":0},{"WristBlade":0,"PreservedInsect":16,"Frozen Egg 2":23,"Ring of the Snake":0}]},"card_choices":[{"not_picked":["Acrobatics","Underhanded Strike"],"picked":"Blade Dance","floor":1.0},{"not_picked":["Underhanded Strike","Prepared","Riddle With Holes"],"picked":"SKIP","floor":2.0},{"not_picked":["Bane","Poisoned Stab","Dagger Throw"],"picked":"SKIP","floor":4.0},{"not_picked":["Well Laid Plans","Doppelganger"],"picked":"All Out Attack","floor":7.0},{"not_picked":["All Out Attack","Eviscerate"],"picked":"Leg Sweep","floor":11.0},{"not_picked":["Eviscerate","Catalyst","Dagger Throw"],"picked":"SKIP","floor":12.0},{"not_picked":["Poisoned Stab","Crippling Poison","Riddle With Holes"],"picked":"SKIP","floor":13.0},{"not_picked":["Poisoned Stab","Crippling Poison","Riddle With Holes"],"picked":"SKIP","floor":13.0},{"not_picked":["Dodge and Roll","Dagger Throw"],"picked":"Setup","floor":14.0}],"player_experience":1489775,"relics_obtained":[{"floor":7.0,"key":"PreservedInsect"},{"floor":12.0,"key":"Frozen Egg 2"}],"event_choices":[{"damage_healed":0.0,"max_hp_gain":5.0,"max_hp_loss":0.0,"gold_gain":0.0,"event_name":"Big Fish","player_choice":"Donut","floor":5.0,"gold_loss":0.0,"damage_taken":0.0}],"is_beta":false,"boss_relics":[],"items_purged_floors":[],"is_endless":false,"potions_floor_spawned":[2,7,14],"killed_by":"Slime Boss","ascension_level":20}}