{"host":"fanbhphodrg87rgt","time":1614294612,"event":{"mods":["Astrologer","BaseMod","Colored Powertips","Fiend Mod","Friendly Minions","Infinite Spire","Marisa????????","Minty Spire (QoL Compilation)","Replay The Spire","StSLib","Td1madao Mod","The Administrix","The Hierophant","The Mystic","The Servant 0.9.4"],"gold_per_floor":[114,39,55,66,66,66,123,123,123,138,170,189,46,60,60,157,157,174,174,174,186,215,215,250,250,250,250,274,274,286,315,325,341,341,448,448,458,470,516,535,535,535],"floor_reached":41,"language":"ENG","playtime":4657,"items_purged":["astrologer:CosmicExpanse","New Defend Magic"],"score":507,"play_id":"1e993cea-d8d0-4c36-b2a5-7d0a86e4433c","local_time":"20210226001012","daily_mods":["Draft"],"is_ascension_mode":true,"campfire_choices":[{"data":"Black Shadow","floor":6,"key":"SMITH"},{"data":"Break Into","floor":8,"key":"SMITH"},{"data":"Pod Fire","floor":15,"key":"SMITH"},{"data":"Fire Up","floor":23,"key":"SMITH"},{"floor":25,"key":"REST"},{"data":"Fire Up","floor":29,"key":"SMITH"},{"data":"Fire Up","floor":34,"key":"SMITH"}],"circlet_count":0,"master_deck":["hierophant:Encroach","astrologer:MeteorShower","Fire Up+1","Break Into+1","astrologer:CrystalBall","Black Shadow+1","Afterwards","Here Defend Chip","Fire Up+1","hierophant:Blessing","Afterwards","Pod Fire+1","hierophant:Racketeering","Retrieval Recycling","Cooling Song","astrologer:TheChariot"],"relics":["Apod","Ring of Chaos","Divine Protection","Blue Candle","Eternal Feather","Tiny Chest","Toolbox","Red Mask","Anchor","CeramicFish","Mercury Hourglass","Empty Cage","Toy Ornithopter"],"acts_visited":["Exordium","TheCity","TheBeyond"],"potions_floor_usage":[22,24,31,40,41,41],"damage_taken":[{"damage":0,"enemies":"Cultist","floor":1,"turns":5},{"damage":0,"enemies":"Jaw Worm","floor":3,"turns":3},{"damage":5,"enemies":"2 Louse","floor":4,"turns":6},{"damage":7,"enemies":"Gremlin Nob","floor":7,"turns":3},{"damage":0,"enemies":"Large Slime","floor":10,"turns":5},{"damage":0,"enemies":"Lagavulin","floor":11,"turns":3},{"damage":0,"enemies":"Exordium Thugs","floor":12,"turns":6},{"damage":0,"enemies":"Looter","floor":14,"turns":3},{"damage":27,"enemies":"Fading Forest","floor":16,"turns":11},{"damage":4,"enemies":"Shell Parasite","floor":18,"turns":5},{"damage":0,"enemies":"Chosen","floor":21,"turns":4},{"damage":38,"enemies":"Masked Bandits","floor":22,"turns":9},{"damage":24,"enemies":"Slavers","floor":24,"turns":6},{"damage":3,"enemies":"Centurion and Healer","floor":30,"turns":5},{"damage":25,"enemies":"Gremlin Leader","floor":31,"turns":6},{"damage":5,"enemies":"3 Cultists","floor":32,"turns":7},{"damage":0,"enemies":"Shelled Parasite and Fungi","floor":33,"turns":4},{"damage":30,"enemies":"Automaton","floor":35,"turns":8},{"damage":0,"enemies":"3 Shapes","floor":37,"turns":4},{"damage":32,"enemies":"3 Darklings","floor":38,"turns":9},{"damage":11,"enemies":"Maw","floor":40,"turns":6},{"damage":84,"enemies":"2 Orb Walkers","floor":41,"turns":5}],"seed_played":"-8689061099332331638","potions_obtained":[{"floor":4,"key":"AttackPotion"},{"floor":10,"key":"Toxic Potion"},{"floor":12,"key":"Regen Potion"},{"floor":24,"key":"DistilledChaos"},{"floor":35,"key":"BlessingOfTheForge"},{"floor":37,"key":"Adrenaline Potion"}],"is_trial":true,"path_per_floor":["M","$","M","M","?","R","?","R","T","M","E","M","$","M","R","B",null,"M","?","AVR","M","?","R","E","R","PTL","PTL","T","R","M","E","M","M","R","B",null,"M","M","T","M","?"],"character_chosen":"TD1MADAO_CLASS","items_purchased":["Tiny Chest"],"campfire_rested":1,"item_purchase_floors":[13],"current_hp_per_floor":[70,70,70,70,75,75,68,68,68,75,75,75,75,75,75,55,75,71,71,71,71,37,46,29,60,60,60,60,69,72,54,56,63,72,45,75,75,50,50,51,0,0],"gold":535,"neow_bonus":"","is_daily":false,"chose_seed":false,"campfire_upgraded":6,"win_rate":0.0,"timestamp":1614294612,"path_taken":["M","?","M","M","?","R","?","R","T","M","E","M","$","M","R","BOSS","M","?","AVR","M","?","R","E","R","PTL","PTL","T","R","M","E","M","?","R","BOSS","M","M","?","?","?"],"items_purchased_type":["Relic"],"build_version":"2020-12-22","purchased_purges":2,"victory":false,"max_hp_per_floor":[70,70,70,70,75,75,75,75,75,75,75,75,75,75,75,75,75,75,75,75,75,75,75,75,75,75,75,75,75,75,75,75,75,75,75,75,75,75,75,75,75,75],"card_choices":[{"not_picked":["astrologer:TheDevil","Winding Magic"],"picked":"hierophant:Encroach","floor":0},{"not_picked":["Provocative","Recovery Mechanism"],"picked":"astrologer:MeteorShower","floor":0},{"not_picked":["hierophant:Sermon","astrologer:SpaceDust"],"picked":"Fire Up","floor":0},{"not_picked":["hierophant:SolarFlare","Floating Swing Kick"],"picked":"Break Into","floor":0},{"not_picked":["Lunge","Cursed Blade"],"picked":"astrologer:CrystalBall","floor":0},{"not_picked":["hierophant:FlamingChariot","hierophant:CoinFling"],"picked":"astrologer:CosmicExpanse","floor":0},{"not_picked":["hierophant:Smite","astrologer:Eclipse"],"picked":"Black Shadow","floor":0},{"not_picked":["astrologer:FrozenStar","Oblique Hack"],"picked":"hierophant:MorningPrayer","floor":0},{"not_picked":["astrologer:Still","hierophant:RustyCrate"],"picked":"Afterwards","floor":0},{"not_picked":["astrologer:Eclipse","Winding Magic"],"picked":"Here Defend Chip","floor":0},{"not_picked":["hierophant:MorningPrayer","hierophant:SecretStash"],"picked":"New Defend Magic","floor":0},{"not_picked":["hierophant:PassingBell","astrologer:Glimpse"],"picked":"Fire Up","floor":0},{"not_picked":["Twin Teeth","astrologer:Stardust"],"picked":"hierophant:Blessing","floor":0},{"not_picked":["hierophant:Chorus","astrologer:FrozenStar"],"picked":"Fire Up","floor":0},{"not_picked":["hierophant:PassingBell","hierophant:Rebuild"],"picked":"Afterwards","floor":0},{"not_picked":["astrologer:StarOfCourage","astrologer:TheHermit"],"picked":"Pod Fire","floor":1},{"not_picked":["astrologer:Judgement","Light Attack","hierophant:HolyVerse"],"picked":"SKIP","floor":3},{"not_picked":["astrologer:Judgement","astrologer:TheEmperor","astrologer:CosmicExpanse"],"picked":"SKIP","floor":4},{"not_picked":["astrologer:ReadTheStars","Revenge"],"picked":"hierophant:Racketeering","floor":10},{"not_picked":["astrologer:Moonlight","astrologer:TheEmpress","astrologer:WheelofFortune"],"picked":"SKIP","floor":11},{"not_picked":["hierophant:AuricBeam","hierophant:RustyCrate","hierophant:SealAway"],"picked":"SKIP","floor":12},{"not_picked":["hierophant:AuricBeam","hierophant:RustyCrate","hierophant:SealAway"],"picked":"SKIP","floor":12},{"not_picked":["astrologer:TheHighPriestess","hierophant:Sermon","hierophant:DisplayOfPower"],"picked":"SKIP","floor":14},{"not_picked":["astrologer:Trine","Black Warm Hole"],"picked":"Retrieval Recycling","floor":16},{"not_picked":["hierophant:MorningPrayer","astrologer:StarOfRegret","hierophant:FieryStrike+1"],"picked":"SKIP","floor":18},{"not_picked":["Provocative","Reinforcement Parts","hierophant:Blessing"],"picked":"SKIP","floor":21},{"not_picked":["hierophant:Mercenaries+1","Afterwards"],"picked":"Cooling Song","floor":22},{"not_picked":["hierophant:Encroach","Winding Magic","Fire Blade"],"picked":"SKIP","floor":24},{"not_picked":["hierophant:Smite","astrologer:Temperance+1","Reflection Mechanism"],"picked":"SKIP","floor":30},{"not_picked":["Chip Synthesis","astrologer:TheStar","hierophant:Flagellation"],"picked":"SKIP","floor":31},{"not_picked":["hierophant:Alms","hierophant:FaithHealing","astrologer:ReadTheStars"],"picked":"SKIP","floor":32},{"not_picked":["astrologer:ShiningStar","astrologer:CometStrike","Black Execution"],"picked":"SKIP","floor":33},{"not_picked":["Black Warm Hole","astrologer:Alignment"],"picked":"astrologer:TheChariot","floor":35},{"not_picked":["astrologer:Radiance+1","Perfect Defend+1","Machining"],"picked":"SKIP","floor":37},{"not_picked":["astrologer:ReadTheStars+1","hierophant:Encroach","hierophant:Purify+1"],"picked":"SKIP","floor":38},{"not_picked":["hierophant:CoinFling+1","hierophant:Remorse","hierophant:Patience+1"],"picked":"SKIP","floor":40}],"player_experience":4829705,"relics_obtained":[{"floor":9,"key":"Blue Candle"},{"floor":11,"key":"Eternal Feather"},{"floor":22,"key":"Red Mask"},{"floor":24,"key":"Anchor"},{"floor":28,"key":"CeramicFish"},{"floor":31,"key":"Mercury Hourglass"},{"floor":39,"key":"Toy Ornithopter"}],"event_choices":[{"damage_healed":0,"gold_gain":0,"player_choice":"Donut","damage_taken":0,"max_hp_gain":5,"max_hp_loss":0,"event_name":"Big Fish","floor":5,"gold_loss":0},{"damage_healed":0,"gold_gain":0,"player_choice":"Searched \u00272\u0027 times","damage_taken":0,"relics_obtained":["Divine Protection"],"max_hp_gain":0,"max_hp_loss":0,"event_name":"Dead Adventurer","floor":7,"gold_loss":0},{"damage_healed":0,"gold_gain":0,"player_choice":"Fought Bandits","damage_taken":0,"max_hp_gain":0,"max_hp_loss":0,"event_name":"Masked Bandits","floor":22,"gold_loss":0},{"damage_healed":0,"gold_gain":0,"player_choice":"Fight","damage_taken":0,"max_hp_gain":0,"max_hp_loss":0,"event_name":"Mysterious Sphere","floor":41,"gold_loss":0}],"is_beta":false,"boss_relics":[{"not_picked":["Kintsugi","Replay:Wanted Poster","Replay:Ancient Bell"]},{"not_picked":["Runic Pyramid","Snecko Eye"],"picked":"Empty Cage"}],"items_purged_floors":[2,20],"is_endless":false,"potions_floor_spawned":[4,10,12,21,24,35,37,38],"killed_by":"2 Orb Walkers","ascension_level":1}}