{"host":"xumidyqji6pg2yy3","time":1614233156,"event":{"mods":["BaseMod","Colored Map","Minty Spire (QoL Compilation)","Quick Restart","StSLib","The Alterego"],"gold_per_floor":[115,127,145,21,31,31,31],"floor_reached":6,"language":"ZHS","playtime":539,"items_purged":["alterego_mod:Impale"],"score":40,"play_id":"856075b9-808b-48da-a4a2-36057dbcee58","local_time":"20210225140556","is_ascension_mode":true,"campfire_choices":[],"circlet_count":0,"master_deck":["alterego_mod:Strike","alterego_mod:Strike","alterego_mod:Strike","alterego_mod:Strike","alterego_mod:Defend","alterego_mod:Defend","alterego_mod:Defend","alterego_mod:Defend","alterego_mod:BigMeatyClaws","alterego_mod:BrynhildrsRune","alterego_mod:PainIsPleasure","alterego_mod:Valentines","alterego_mod:Punishment","alterego_mod:Jiggle","alterego_mod:Mirror","alterego_mod:Smother"],"relics":["alterego_mod:MasochisticConstitution"],"acts_visited":["Exordium"],"potions_floor_usage":[],"damage_taken":[{"damage":6,"enemies":"Cultist","floor":1,"turns":4},{"damage":21,"enemies":"Jaw Worm","floor":2,"turns":6},{"damage":4,"enemies":"2 Louse","floor":3,"turns":3},{"damage":27,"enemies":"Gremlin Gang","floor":5,"turns":10},{"damage":71,"enemies":"Gremlin Nob","floor":6,"turns":5}],"seed_played":"-565394472706628737","potions_obtained":[{"floor":1,"key":"EssenceOfSteel"},{"floor":3,"key":"DuplicationPotion"}],"is_trial":false,"path_per_floor":["M","M","M","$","M","E"],"character_chosen":"The_Alterego","items_purchased":["alterego_mod:Mirror"],"campfire_rested":0,"item_purchase_floors":[4],"current_hp_per_floor":[65,52,49,49,56,0,0],"gold":31,"neow_bonus":"ONE_RANDOM_RARE_CARD","is_daily":false,"chose_seed":false,"campfire_upgraded":0,"win_rate":0.0,"timestamp":1614233156,"path_taken":["M","M","?","?","M","E"],"items_purchased_type":["Card"],"build_version":"2020-12-22","purchased_purges":1,"victory":false,"max_hp_per_floor":[71,72,73,73,74,74,74],"card_choices":[{"not_picked":["alterego_mod:DeftHands","alterego_mod:1TonWallop"],"picked":"alterego_mod:Valentines","floor":1},{"not_picked":["alterego_mod:Birthday","alterego_mod:Bounce"],"picked":"alterego_mod:Punishment","floor":2},{"not_picked":["alterego_mod:BustOut","alterego_mod:Complex"],"picked":"alterego_mod:Jiggle","floor":3},{"not_picked":["alterego_mod:Skirt","alterego_mod:Punishment"],"picked":"alterego_mod:Smother","floor":5}],"player_experience":97760,"relics_obtained":[],"event_choices":[],"is_beta":false,"boss_relics":[],"items_purged_floors":[4],"is_endless":false,"potions_floor_spawned":[1,3],"killed_by":"Gremlin Nob","ascension_level":1}}