{"host":"mp4nw1ahnxiisuiw","time":1614265430,"event":{"mods":["AchievementEnabler","BaseMod","Better Note","Block Reminder","Colored Map","Colored Powertips","Curses Come First","DeckTracker","Dio Mod","Downfall","Hero for Fun","Highlight Path","HololiveMod","Koishi","Marisa????????","Minty Spire (QoL Compilation)","Permanent Neow","Quick Restart","Rare Cards Sparkle","Relic Sorter","Relic Stats","Remilia??????","Replay The Spire","Small Relic Pack","Spikes Relics","StSLib","Td1madao Mod","The Animator","The Bug Knight","The Senshi","Waifu the Spire","Wandering Minibosses"],"gold_per_floor":[88,105,105,105,105,118,118,118,150,150,174,206,17,36,62,62,62,182,182,200,223,223,246,270,270,310,24,92,108,140,161,161,171,171,278,278,298,313,336,356,50,85,137,137,190,190,190,227,227,265,265,275,275],"floor_reached":52,"language":"ENG","playtime":2528,"items_purged":[],"score":1024,"play_id":"f418cc40-50cf-4061-845f-172af057b252","local_time":"20210225160350","is_ascension_mode":true,"campfire_choices":[{"data":"Hololive_CallDoris","floor":8,"key":"SMITH"},{"data":"Hololive_CallOkamiMio","floor":10,"key":"SMITH"},{"data":"Hololive_StrengthChampion","floor":17,"key":"SMITH"},{"data":"Hololive_CallShiroganeNoel","floor":25,"key":"SMITH"},{"data":"Hololive_Rebirth","floor":34,"key":"SMITH"},{"data":"Hololive_DurableLive","floor":44,"key":"SMITH"},{"data":"Hololive_StrengthChampion+1","floor":44,"key":"SMITH"},{"data":"Hololive_StrengthChampion+2","floor":46,"key":"SMITH"},{"data":"Hololive_StrengthChampion+3","floor":46,"key":"SMITH"},{"data":"Hololive_StrengthChampion+4","floor":51,"key":"SMITH"},{"data":"Hololive_StrengthChampion+5","floor":51,"key":"SMITH"}],"circlet_count":0,"master_deck":["Hololive_CallMinatoAqua","Hololive_CallUsadaPekora+1","Hololive_CallMurasakiShion","Hololive_CallShiranuiFlare","Hololive_CallSpadeEcho","Hololive_Breathe","Hololive_Strike","Hololive_Strike","Hololive_Defend","Hololive_Defend","Hololive_CallDoris+1","Hololive_CallOkamiMio+1","Hololive_CallAyundaRisu","Hololive_Spy","Hololive_CallHimemoriLuna","Hololive_MaximGun","Hololive_Psychosis","Hololive_StrengthChampion+6","Hololive_Rebirth+1","Hololive_CallShiroganeNoel+1","Hololive_CallUruhaRushia+1","Hololive_StarCraft","Hololive_HighAtkLowDef","Hololive_CallAkiRosenthal","Hololive_CallTokoyamiTowa","Hololive_CallTsunomakiWatame","Hololive_DurableLive+1","Hololive_CallOzoraSubaru","Hololive_CallNakiriAyame","Hololive_OvertimeWork+1","Pot Of Greed","Pot Of Greed","Pot Of Greed","Hololive_CallSakuraMiko+1","Hololive_LuckPotion+1","Hololive_CallTokoyamiTowa+1","Hololive_CallKiryuuCoco+1"],"relics":["Hololive_TheStar","NlothsMask","Dream Catcher","Pen Nib","Tiny Chest","Hololive_Finger","StoneCalendar","Hololive_LightStick","Matryoshka","Black Star","RoseTintedShades","Omamori","Replay:Arrowhead","Grinning Jar","Frozen Egg 2","Happy Flower","HollowMod:PaleOreRelic","Orichalcum","CaptainsWheel","downfall:ExtraCursedBell","Vajra","Rawhide","Replay:Towering Pillar of Hats"],"acts_visited":["Exordium","TheCity","TheBeyond"],"potions_floor_usage":[],"damage_taken":[{"damage":0,"enemies":"Jaw Worm","floor":1,"turns":3},{"damage":0,"enemies":"Cultist","floor":2,"turns":3},{"damage":0,"enemies":"Small Slimes","floor":6,"turns":3},{"damage":0,"enemies":"Lagavulin","floor":9,"turns":5},{"damage":0,"enemies":"3 Sentries","floor":12,"turns":5},{"damage":14,"enemies":"Exordium Thugs","floor":14,"turns":4},{"damage":0,"enemies":"Lagavulin","floor":15,"turns":3},{"damage":0,"enemies":"Fading Forest","floor":18,"turns":11},{"damage":0,"enemies":"Chosen","floor":20,"turns":4},{"damage":0,"enemies":"Shell Parasite","floor":21,"turns":3},{"damage":0,"enemies":"Snecko","floor":23,"turns":4},{"damage":0,"enemies":"Centurion and Healer","floor":24,"turns":5},{"damage":0,"enemies":"Gremlin Leader","floor":26,"turns":6},{"damage":0,"enemies":"Cultist and Chosen","floor":29,"turns":3},{"damage":0,"enemies":"Book of Stabbing","floor":30,"turns":4},{"damage":0,"enemies":"Chosen and Byrds","floor":31,"turns":2},{"damage":0,"enemies":"Snecko","floor":33,"turns":3},{"damage":0,"enemies":"Collector","floor":35,"turns":6},{"damage":0,"enemies":"3 Shapes","floor":37,"turns":3},{"damage":0,"enemies":"3 Darklings","floor":38,"turns":5},{"damage":0,"enemies":"Sphere and 2 Shapes","floor":40,"turns":4},{"damage":0,"enemies":"Nemesis","floor":42,"turns":7},{"damage":0,"enemies":"Maw","floor":43,"turns":6},{"damage":0,"enemies":"HollowMod:StalkingDevout","floor":48,"turns":7},{"damage":0,"enemies":"Spire Growth","floor":50,"turns":4},{"damage":38,"enemies":"Awakened One","floor":52,"turns":9}],"seed_played":"-7435527745816370421","potions_obtained":[{"floor":1,"key":"FearPotion"},{"floor":6,"key":"Elixir"},{"floor":7,"key":"Milkshake"}],"is_trial":false,"path_per_floor":["M","M","PTL","PTL","?","M","?","R","E","R","T","E","$","M","E","$","R","B",null,"M","M","?","M","M","R","E","$","T","M","E","M","?","M","R_BF","B",null,"M","M","T","M","$","E","M","R","T","R","?","E","?","M","R","B"],"character_chosen":"Hololive_HololiveCharacter","items_purchased":["Hololive_MaximGun","Hololive_Psychosis","Hololive_LightStick","Hololive_HighAtkLowDef","Replay:Arrowhead"],"campfire_rested":0,"item_purchase_floors":[13,13,27,27,41],"current_hp_per_floor":[35,35,35,35,35,35,35,35,35,35,35,35,35,21,21,21,21,29,35,35,35,35,35,35,35,35,35,35,35,35,35,35,35,35,35,35,35,35,35,35,35,35,35,35,35,35,35,35,35,35,35,0,0],"gold":275,"neow_bonus":"UPGRADE_CARD","is_daily":false,"chose_seed":false,"campfire_upgraded":11,"win_rate":0.0,"timestamp":1614265430,"path_taken":["M","M","PTL","PTL","?","?","?","R","E","R","T","E","?","?","E","?","R","BOSS","M","M","?","M","M","R","E","$","T","M","E","M","?","M","R_BF","BOSS","M","M","?","M","$","E","M","R","T","R","?","E","?","M","R","BOSS"],"items_purchased_type":["Card","Card","Relic","Card","Relic"],"build_version":"2020-12-22","purchased_purges":0,"victory":false,"max_hp_per_floor":[35,35,35,35,35,35,35,35,35,35,35,35,35,35,35,35,35,35,35,35,35,35,35,35,35,35,35,35,35,35,35,35,35,35,35,35,35,35,35,35,35,35,35,35,35,35,35,35,35,35,35,35,35],"relic_stats":{"Dream Catcher":0,"Happy Flower":[6],"counters":[26,122],"Tiny Chest":1,"StoneCalendar":[118],"Pen Nib":[10],"Black Star":2,"Orichalcum":[48],"obtain_stats":[{"Happy Flower":45,"Replay:Towering Pillar of Hats":49,"Vajra":49,"StoneCalendar":26,"RoseTintedShades":39,"Rawhide":49,"Pen Nib":12,"Omamori":39,"Frozen Egg 2":42,"Orichalcum":48,"Replay:Arrowhead":41,"Dream Catcher":9,"Hololive_LightStick":27,"CaptainsWheel":48,"Matryoshka":30,"Hololive_TheStar":0,"Tiny Chest":15,"Hololive_Finger":19,"Black Star":36,"HollowMod:PaleOreRelic":45,"Grinning Jar":42,"downfall:ExtraCursedBell":49,"NlothsMask":5},{"Happy Flower":23,"Replay:Towering Pillar of Hats":24,"Vajra":24,"StoneCalendar":13,"RoseTintedShades":20,"Rawhide":24,"Pen Nib":5,"Omamori":20,"Frozen Egg 2":22,"Orichalcum":24,"Replay:Arrowhead":21,"Dream Catcher":4,"Hololive_LightStick":13,"CaptainsWheel":24,"Matryoshka":15,"Hololive_TheStar":0,"Tiny Chest":7,"Hololive_Finger":8,"Black Star":18,"HollowMod:PaleOreRelic":23,"Grinning Jar":22,"downfall:ExtraCursedBell":24,"NlothsMask":2},{"Happy Flower":102,"Replay:Towering Pillar of Hats":109,"Vajra":109,"StoneCalendar":59,"RoseTintedShades":85,"Rawhide":109,"Pen Nib":19,"Omamori":85,"Frozen Egg 2":96,"Orichalcum":109,"Replay:Arrowhead":89,"Dream Catcher":14,"Hololive_LightStick":59,"CaptainsWheel":109,"Matryoshka":66,"Hololive_TheStar":0,"Tiny Chest":26,"Hololive_Finger":37,"Black Star":77,"HollowMod:PaleOreRelic":102,"Grinning Jar":96,"downfall:ExtraCursedBell":109,"NlothsMask":6}]},"card_choices":[{"not_picked":["Hololive_CallMoonaHoshinova","Hololive_Breathe","Hololive_Trident"],"picked":"Hololive_CallDoris","floor":1},{"not_picked":["Hololive_Psychosis","Hololive_CallMinatoAqua","Hololive_StrengthChampion"],"picked":"Hololive_CallOkamiMio","floor":2},{"not_picked":["Hololive_CallYozoraMel","Hololive_CallDoris","Hololive_Sequa"],"picked":"Hololive_CallAyundaRisu","floor":6},{"not_picked":["Hololive_BringToTrial","Hololive_CallFriendA","Hololive_Rebound"],"picked":"Hololive_Spy","floor":9},{"not_picked":["Hololive_CocoNews","Hololive_LuckPotion","Hololive_Trident"],"picked":"Hololive_CallHimemoriLuna","floor":12},{"not_picked":["Hololive_CallUsadaPekora","Hololive_LuckPotion","Hololive_RevenueBasedLive"],"picked":"Hololive_StrengthChampion","floor":14},{"not_picked":["Hololive_FlyingPonyTail","Hololive_Rebound","Hololive_CallYozoraMel","Hololive_Trident"],"picked":"SKIP","floor":15},{"not_picked":["Hololive_DiamondStrike","Hololive_BeCareful","Hololive_WolfAndLamb"],"picked":"Hololive_Rebirth","floor":18},{"not_picked":["Hololive_BringToTrial","Hololive_LuckPotion","Hololive_Rebound+1"],"picked":"Hololive_CallShiroganeNoel","floor":20},{"not_picked":["Hololive_FlyingPonyTail","Hololive_Breathe","Hololive_CallDoris"],"picked":"Hololive_StrengthChampion+1","floor":21},{"not_picked":["Hololive_OvertimeWork","Hololive_FlyingPonyTail","Hololive_Psychosis","Hololive_Trident"],"picked":"SKIP","floor":23},{"not_picked":["Hololive_CallRoboco","Hololive_FlyingPonyTail","Hololive_Trident+1"],"picked":"Hololive_CallUruhaRushia+1","floor":24},{"not_picked":["Hololive_CallManoAloe+1","Hololive_StrengthChampion","Hololive_Psychosis"],"picked":"Hololive_StarCraft","floor":26},{"not_picked":["Hololive_LuckPotion","Hololive_Breathe","Hololive_RevenueBasedLive"],"picked":"Hololive_CallAkiRosenthal","floor":29},{"not_picked":["Hololive_CallRosalyn","Hololive_CallShiranuiFlare","Hololive_Psychosis","Hololive_Drill"],"picked":"SKIP","floor":30},{"not_picked":["Hololive_Sequa","Hololive_CallRoboco","Hololive_RevenueBasedLive"],"picked":"Hololive_CallTokoyamiTowa","floor":31},{"not_picked":["Hololive_Breathe","Hololive_FlyingPonyTail","Hololive_Sequa"],"picked":"Hololive_CallTsunomakiWatame","floor":33},{"not_picked":["Hololive_HighAtkLowDef","Hololive_MaximGun","Hololive_FlareMind"],"picked":"Hololive_DurableLive","floor":35},{"not_picked":["Hololive_CallDoris+1","Hololive_HuntDinosaur","Hololive_CallAkaiHaato"],"picked":"Hololive_CallOzoraSubaru","floor":37},{"not_picked":["Hololive_RevenueBasedLive","Hololive_FlyingPonyTail+1","Hololive_CallAZKi"],"picked":"Hololive_CallNakiriAyame","floor":38},{"not_picked":["Hololive_FlyingPonyTail+1","Hololive_CallTokinoSora","Hololive_CallMinatoAqua"],"picked":"Hololive_OvertimeWork+1","floor":40},{"not_picked":["Hololive_ScarfAndHalo","Hololive_HuntDinosaur+1","Hololive_FlyingPonyTail+1"],"picked":"Hololive_CallSakuraMiko+1","floor":42},{"not_picked":["Hololive_RevenueBasedLive+1","Hololive_Psychosis","Hololive_StrengthChampion"],"picked":"Hololive_LuckPotion+1","floor":43},{"not_picked":["Hololive_Psychosis+1","Hololive_OvertimeWork+1","Hololive_ScarfAndHalo"],"picked":"Hololive_CallTokoyamiTowa+1","floor":48},{"not_picked":["Hololive_StrengthChampion+1","Hololive_OvertimeWork+1","Hololive_CallUruhaRushia+1"],"picked":"Hololive_CallKiryuuCoco+1","floor":50}],"player_experience":140733,"relics_obtained":[{"floor":9,"key":"Dream Catcher"},{"floor":12,"key":"Pen Nib"},{"floor":15,"key":"Tiny Chest"},{"floor":26,"key":"StoneCalendar"},{"floor":30,"key":"Matryoshka"},{"floor":39,"key":"RoseTintedShades"},{"floor":39,"key":"Omamori"},{"floor":42,"key":"Grinning Jar"},{"floor":42,"key":"Frozen Egg 2"},{"floor":45,"key":"Happy Flower"},{"floor":45,"key":"HollowMod:PaleOreRelic"},{"floor":48,"key":"Orichalcum"},{"floor":48,"key":"CaptainsWheel"},{"floor":49,"key":"Vajra"},{"floor":49,"key":"Rawhide"},{"floor":49,"key":"Replay:Towering Pillar of Hats"}],"event_choices":[{"damage_healed":0,"gold_gain":0,"player_choice":"Trade","damage_taken":0,"relics_obtained":["NlothsMask"],"max_hp_gain":0,"max_hp_loss":0,"event_name":"FaceTrader","floor":5,"gold_loss":0},{"damage_healed":0,"gold_gain":0,"player_choice":"Got Potions","damage_taken":0,"max_hp_gain":0,"max_hp_loss":0,"event_name":"Lab","floor":7,"gold_loss":0},{"damage_healed":0,"gold_gain":0,"player_choice":"Ignored","damage_taken":0,"max_hp_gain":0,"max_hp_loss":0,"event_name":"Ghosts","floor":22,"gold_loss":0},{"cards_removed":["Hololive_StrengthChampion"],"damage_healed":0,"gold_gain":0,"player_choice":"Removed Attack","damage_taken":0,"max_hp_gain":0,"max_hp_loss":0,"event_name":"Falling","floor":47,"gold_loss":0}],"is_beta":false,"boss_relics":[{"not_picked":["Fusion Hammer","bronze:MakeshiftBattery"],"picked":"Hololive_Finger"},{"not_picked":["Snecko Eye","Ring of Chaos"],"picked":"Black Star"}],"items_purged_floors":[],"is_endless":false,"potions_floor_spawned":[1,6,9,12,20,24,26,33,38,40,42,48],"killed_by":"Awakened One","ascension_level":3}}