{"host":"m4cv073m2dwwf2wf","time":1614277986,"event":{"mods":["BaseMod","Better Third Choice","Card Forge","Colored Map","Downfall","Hermit","Infinite Spire","Jorbs\u0027s Wanderer Trilogy","Minty Spire (QoL Compilation)","Spicy Shops","StSLib","The Cursed","TheFirefly"],"gold_per_floor":[99,109,47,47,63,77,77,92,92,92,104,104,122,234,252,355,355,355,378,398,417,417,445,445,467,467,469,469,521,521,521],"floor_reached":29,"language":"ENG","playtime":2067,"items_purged":[],"score":230,"play_id":"621d19f0-2bfe-4840-af62-dad5743a3dd4","local_time":"20210225133306","is_ascension_mode":true,"campfire_choices":[{"data":"hexamod:Sear","floor":1.0,"key":"SMITH"},{"data":"hexamod:RadiantFlame","floor":10,"key":"SMITH"},{"data":"hexamod:FastForward","floor":12,"key":"SMITH"},{"data":"hexamod:WildfireWeapon","floor":18,"key":"SMITH"},{"floor":26,"key":"REST"}],"circlet_count":0,"master_deck":["hexamod:Strike","hexamod:Strike","hexamod:Defend","hexamod:Defend","hexamod:Defend","hexamod:Defend","hexamod:Sear+1","hexamod:Float","hexamod:FastForward+1","hexamod:FlamesFromBeyond","hexamod:ThermalTransfer","hexamod:RadiantFlame+1","hexamod:HeatCrush","hexamod:ShieldOfDarkness","hexamod:HeatShield+1","hexamod:GhostOfSpirePast","hexamod:BurningTouch","hexamod:Hexaguard","hexamod:WildfireWeapon+1","hexamod:SpectralSpark"],"relics":["Hammer of Thor","Seething Fire","Anvil of the Gods","Philosopher\u0027s Stone","infinitespire:Midas Blood","infinitespire:CursedDice","Black Star","infinitespire:Bottled Soul","Nilry\u0027s Codex","SsserpentHead"],"acts_visited":["Exordium","TheCity"],"potions_floor_usage":[13,14,14,14,16,20],"damage_taken":[{"damage":2.0,"enemies":"Cultist","floor":2.0,"turns":3.0},{"damage":0,"enemies":"downfall:FleeingMerchant","floor":3,"turns":4},{"damage":8,"enemies":"2 Louse","floor":5,"turns":3},{"damage":4,"enemies":"Small Slimes","floor":6,"turns":3},{"damage":6,"enemies":"Blue Slaver","floor":8,"turns":3},{"damage":1,"enemies":"3 Louse","floor":11,"turns":4},{"damage":0,"enemies":"Large Slime","floor":13,"turns":4},{"damage":28,"enemies":"downfall:Heads","floor":14,"turns":6},{"damage":0,"enemies":"Red Slaver","floor":15,"turns":3},{"damage":20,"enemies":"IC_STATUS_ARCHETYPE","floor":16,"turns":6},{"damage":16,"enemies":"downfall:LooterAlt2","floor":19,"turns":4},{"damage":10,"enemies":"3 Byrds","floor":20,"turns":4},{"damage":11,"enemies":"Centurion and Healer","floor":21,"turns":4},{"damage":16,"enemies":"3 Cultists","floor":23,"turns":6},{"damage":21,"enemies":"Sentry and Sphere","floor":25,"turns":5},{"damage":13,"enemies":"Centurion and Healer","floor":29,"turns":5}],"seed_played":"-5327202007522301106","potions_obtained":[{"floor":5,"key":"SkillPotion"},{"floor":8,"key":"hexamod:DoubleChargePotion"},{"floor":11,"key":"LiquidMemories"},{"floor":13,"key":"GamblersBrew"},{"floor":15,"key":"Swift Potion"},{"floor":19,"key":"infinitespire:BlackPotion"},{"floor":23,"key":"FearPotion"}],"is_trial":false,"path_per_floor":["R","M","$","T","M","M","T","M","?","R","M","R","M","?","M","B",null,"R","M","M","M","?","M","T","M","R","?","?","M"],"character_chosen":"THE_SPIRIT","items_purchased":["hexamod:ThermalTransfer"],"campfire_rested":1,"item_purchase_floors":[3],"current_hp_per_floor":[70,68,68,68,60,56,56,50,55,55,54,54,54,26,26,6,75,75,59,49,38,38,22,22,1,23,7,7,0,0,0],"gold":521,"neow_bonus":"BOSS_RELIC","is_daily":false,"chose_seed":false,"campfire_upgraded":4,"win_rate":0.0,"timestamp":1614277986,"path_taken":["R","M","?","?","M","M","T","?","?","R","M","R","M","?","M","BOSS","R","M","M","M","?","M","T","M","R","?","?","?"],"items_purchased_type":["Card"],"build_version":"2020-12-22","purchased_purges":0,"victory":false,"max_hp_per_floor":[70,70,70,70,70,70,70,70,75,75,75,75,75,75,75,75,75,75,75,75,75,75,75,75,75,75,75,75,75,75,75],"card_choices":[{"not_picked":["hexamod:HeatCrush","hexamod:Firestarter"],"picked":"hexamod:FastForward","floor":2.0},{"not_picked":["hexamod:Hexaguard","hexamod:SecondSeal"],"picked":"hexamod:FlamesFromBeyond","floor":3},{"not_picked":["hexamod:BacktrackSmack","hexamod:RecurringNightmare"],"picked":"hexamod:RadiantFlame","floor":5},{"not_picked":["hexamod:SuperheatedStrike","hexamod:SpectersWail"],"picked":"hexamod:HeatCrush","floor":6},{"not_picked":["hexamod:EmpoweredFlame","hexamod:SpectersWail"],"picked":"hexamod:ShieldOfDarkness","floor":8},{"not_picked":["hexamod:SwordOfDarkness","hexamod:Hexaguard","hexamod:StepThrough"],"picked":"SKIP","floor":11},{"not_picked":["hexamod:FifthSeal","hexamod:SuperheatedStrike"],"picked":"hexamod:HeatShield","floor":13},{"not_picked":["hexamod:ThirdSeal","hexamod:SwordOfDarkness"],"picked":"hexamod:BurningTouch","floor":14},{"not_picked":["hexamod:BurningTouch","hexamod:DynamicBlow"],"picked":"hexamod:Hexaguard","floor":15},{"not_picked":["hexamod:TurnItUp","hexamod:ApocalypseNow"],"picked":"hexamod:WildfireWeapon","floor":16},{"not_picked":["hexamod:BurningTouch","hexamod:BacktrackSmack","hexamod:GhostOfSpirePast"],"picked":"SKIP","floor":19},{"not_picked":["hexamod:Hexaguard","hexamod:HauntingEcho","hexamod:ThermalTransfer+1"],"picked":"SKIP","floor":20},{"not_picked":["hexamod:FirstSeal","hexamod:SwordOfDarkness","hexamod:BacktrackSmack+1"],"picked":"SKIP","floor":21},{"not_picked":["hexamod:FlamesFromBeyond","hexamod:GhostShield"],"picked":"hexamod:SpectralSpark","floor":23},{"not_picked":["hexamod:Hexaguard+1","hexamod:HauntingEcho","hexamod:ThermalTransfer+1"],"picked":"SKIP","floor":25}],"player_experience":235444,"relics_obtained":[{"floor":4,"key":"infinitespire:Midas Blood"},{"floor":7,"key":"infinitespire:CursedDice"},{"floor":24,"key":"infinitespire:Bottled Soul"},{"floor":27,"key":"Nilry\u0027s Codex"}],"event_choices":[{"damage_healed":0,"gold_gain":0,"player_choice":"Donut","damage_taken":0,"max_hp_gain":5,"max_hp_loss":0,"event_name":"Big Fish","floor":9,"gold_loss":0},{"damage_healed":0,"gold_gain":0,"player_choice":"Trade","damage_taken":0,"relics_obtained":["SsserpentHead"],"max_hp_gain":0,"max_hp_loss":0,"event_name":"FaceTrader","floor":28,"gold_loss":0}],"is_beta":false,"boss_relics":[{"not_picked":["Sozu","Runic Dome"],"picked":"Black Star"}],"items_purged_floors":[],"is_endless":false,"potions_floor_spawned":[5,8,11,13,15,19,23],"killed_by":"Centurion and Healer","ascension_level":1}}