{"host":"sz4vhr3g5wh6zlgr","time":1614285577,"event":{"mods":["2.2 Compatiblity","AchievementEnabler","AlwaysNeverKeys","Ascension Reborn","Bartender","BaseMod","Better Note","BetterRewards","Clawfect","Colored Map","Colored Powertips","Dota2Spire","Faster Ascension Climbing","Highlight Path","Minty Spire (QoL Compilation)","Permanent Neow","Rare Cards Sparkle","Replay The Spire","Shop Mod","StSLib","SuperFastMode","Transform Curses","Uncapped","Unceasing Turn Reminder","[IsaacMod]????"],"gold_per_floor":[136,154,154,172,172,202,202,263,263,301,323,341,359,401,401,526,526,549,476,476,476,476,558,391,507,539,659,659,764,858,950,865,962,962,1196,1196,1264,1394,1493,1668,1668,1808,1906,1906,1906,1545,1689,1825,1965,2095,2095,2235,2235,2235,973,1080,1800],"floor_reached":58,"language":"ENG","playtime":2887,"items_purged":[],"score":1524,"play_id":"6d1de7ef-3de8-42b2-b65c-fc368523a781","local_time":"20210225170937","is_ascension_mode":true,"campfire_choices":[{"data":"Coolheaded","floor":7.0,"key":"SMITH"},{"data":"Coolheaded","floor":15.0,"key":"SMITH"},{"data":"Hologram","floor":34.0,"key":"SMITH"},{"data":"Echo Form","floor":44.0,"key":"SMITH"},{"data":"Hologram","floor":51.0,"key":"SMITH"},{"data":"Coolheaded","floor":54,"key":"SMITH"}],"circlet_count":0,"master_deck":["Gash+1","Gash+1","Gash+1","Gash+1","Gash+1","Defend_B+1","Defend_B+1","Defend_B+1","Defend_B+1","Defend_B+1","BettingIsNotGood","Redo+1","Loop+1","Seek","Coolheaded+1","Coolheaded+1","Clawfect:ClawpileDriver+1","Madness","White Noise+1","Redo+1","Capacitor+1","Seek","Coolheaded+1","Clawfect:ClawForOne","Clawfect:Clawrage+1","Clawfect:Clawline+1","Loop","Turbo+1","Force Field+1","Clawfect:ClawForTheEyes","Hologram+1","Conserve Battery+1","Clawfect:ClawCell+1","Echo Form+1","Clawfect:ClawForOne","Impatience","ReplayTheSpireMod:Calculation Training+1","Clawfect:ClawSnap","Conserve Battery","Coolheaded+1","Clawfect:ClawSnap+1","Defragment+1","Clawfect:ClawSnap","Hologram+1","ReplaySort","Clawfect:Clawrage","Coolheaded+1","Stack+1","Stack","Loop","Blizzard","FTL","Leap","FTL+1"],"relics":["HushsDoor","Ring of Chaos","UnicornStump","Tiny Chest","Cables","Solar Panel","Dota2Spire:DrumOfEndurance","BookOfRevelations","BookofShadows","War Paint","Orichalcum","TungstenRod","Black Star","Replay:Bandana","Whetstone","Ornamental Fan","Kunai","Blood Vial","PreservedInsect","Replay:WaspNest","DataDisk","Snack Pack","AnarchistCookbook","TheBible","TuHaoJin","Question Card","BloodDonationMachine","Silver_Glasses","Nunchaku","CaptainsWheel","ReplayFunnel","Pet Ghost","Simple Rune","Dota2Spire:EtherealBlade","Mercury Hourglass","YumHeart","Shuriken","Dota2Spire:LotusOrb","Dota2Spire:MonkeyKingBar","Dota2Spire:Dagon","Lee\u0027s Waffle","Geode","Replay:Antivirus Software"],"acts_visited":["Exordium","TheCity","TheBeyond","TheEnding"],"potions_floor_usage":[57,57],"damage_taken":[{"damage":0.0,"enemies":"2 Louse","floor":1.0,"turns":3.0},{"damage":3.0,"enemies":"Cultist","floor":2.0,"turns":3.0},{"damage":0.0,"enemies":"Small Slimes","floor":4.0,"turns":4.0},{"damage":7.0,"enemies":"Replay:BlueRogue","floor":6.0,"turns":4.0},{"damage":3.0,"enemies":"Gremlin Nob","floor":10.0,"turns":4.0},{"damage":5.0,"enemies":"Looter","floor":11.0,"turns":3.0},{"damage":0.0,"enemies":"Lots of Slimes","floor":12.0,"turns":3.0},{"damage":3.0,"enemies":"Blue Slaver","floor":13.0,"turns":3.0},{"damage":0.0,"enemies":"3 Sentries","floor":14.0,"turns":4.0},{"damage":16.0,"enemies":"The Guardian","floor":16.0,"turns":5.0},{"damage":0.0,"enemies":"Chosen","floor":18.0,"turns":3.0},{"damage":0.0,"enemies":"Spheric Guardian","floor":23.0,"turns":2.0},{"damage":10.0,"enemies":"Gremlin Leader","floor":25.0,"turns":4.0},{"damage":11.0,"enemies":"Slavers","floor":27.0,"turns":4.0},{"damage":0.0,"enemies":"Replay:Snechameleon","floor":29.0,"turns":3.0},{"damage":0.0,"enemies":"Chosen and Byrds","floor":30.0,"turns":3.0},{"damage":2.0,"enemies":"Cultist and Chosen","floor":31.0,"turns":4.0},{"damage":0.0,"enemies":"Centurion and Healer","floor":33.0,"turns":4.0},{"damage":2.0,"enemies":"Automaton","floor":35.0,"turns":3.0},{"damage":0.0,"enemies":"Orb Walker","floor":37.0,"turns":2.0},{"damage":0.0,"enemies":"3 Darklings","floor":38.0,"turns":3.0},{"damage":0.0,"enemies":"4 Shapes","floor":39.0,"turns":2.0},{"damage":0.0,"enemies":"Mind Bloom Boss Battle","floor":40.0,"turns":2.0},{"damage":2.0,"enemies":"Nemesis","floor":42.0,"turns":3.0},{"damage":0.0,"enemies":"3 Darklings","floor":43.0,"turns":2.0},{"damage":0.0,"enemies":"2 Orb Walkers","floor":47.0,"turns":3.0},{"damage":0.0,"enemies":"Maw","floor":48.0,"turns":2.0},{"damage":2.0,"enemies":"Writhing Mass","floor":49.0,"turns":4.0},{"damage":0.0,"enemies":"R_Hoarder","floor":50.0,"turns":2.0},{"damage":3.0,"enemies":"Donu and Deca","floor":52.0,"turns":3.0},{"damage":3,"enemies":"Shield and Spear","floor":56,"turns":2},{"damage":0,"enemies":"Delirium","floor":57,"turns":7}],"seed_played":"-1008221263233346426","potions_obtained":[{"floor":1.0,"key":"PowerPotion"},{"floor":1.0,"key":"Dota2Spire:HealingSalve"},{"floor":2.0,"key":"Venom Potion"}],"is_trial":false,"path_per_floor":["M","M","?","M","?","E","R","T","T","E","M","M","M","E","R","B",null,"M","?","?","PTL","PTL","M","$","E","T","E","T","E","M","M","?","M","R","B",null,"M","M","M","?","T","E","M","R","T","$","?","M","M","E","R","B",null,"R","$","E","B",null],"character_chosen":"DEFECT","items_purchased":["Whetstone","Loop","Clawfect:ClawForOne","Impatience","Mercury Hourglass","Clawfect:ClawSnap","Hologram","Dota2Spire:MonkeyKingBar","Dota2Spire:Dagon","Lee\u0027s Waffle","Stack","Loop","Blizzard","FTL","Leap"],"campfire_rested":0,"item_purchase_floors":[24,24,36,36,46,46,46,55,55,55,55,55,55,55,55],"current_hp_per_floor":[79,76,76,79,79,72,72,72,72,69,64,64,61,61,61,51,83,83,83,83,83,83,83,83,81,81,72,72,83,83,83,83,83,83,87,81,81,81,81,81,81,81,81,81,81,81,81,81,79,81,81,81,81,81,88,88,88],"gold":1800,"neow_bonus":"BOSS_RELIC","is_daily":false,"chose_seed":false,"campfire_upgraded":6,"win_rate":0.0,"timestamp":1614285577,"path_taken":["M","M","?","?","?","E","R","?","T","E","M","M","M","E","R","BOSS","M","?","?","PTL","PTL","M","?","E","?","E","T","E","M","M","?","M","R","BOSS","M","M","?","?","?","E","M","R","T","?","?","M","?","E","R","BOSS","R","$","E","BOSS"],"items_purchased_type":["Relic","Card","Card","Card","Relic","Card","Card","Relic","Relic","Relic","Card","Card","Card","Undefined","Card"],"build_version":"2020-12-22","purchased_purges":0,"victory":true,"max_hp_per_floor":[79,79,79,79,79,79,79,79,79,79,79,79,79,79,79,83,83,83,83,83,83,83,83,83,83,83,83,83,83,83,83,83,83,83,87,81,81,81,81,81,81,81,81,81,81,81,81,81,81,81,81,81,81,81,88,88,88],"card_choices":[{"not_picked":[],"picked":"BettingIsNotGood","floor":0.0},{"not_picked":["Fan","Fusion"],"picked":"Redo","floor":1.0},{"not_picked":["Hologram","Clawfect:ClawForTheEyes+1"],"picked":"Loop+1","floor":2.0},{"not_picked":["Clawfect:ClawpileDriver","Clawfect:ClawingBeam"],"picked":"Seek","floor":4.0},{"not_picked":["Skim","Panic Button"],"picked":"Coolheaded","floor":6.0},{"not_picked":["ReplaySolidLightProjector","Double Energy+1"],"picked":"Coolheaded","floor":6.0},{"not_picked":["Rebound","BootSequence"],"picked":"Clawfect:ClawpileDriver","floor":10.0},{"not_picked":["Clawfect:Clawter+1","Clawfect:ClawLightning"],"picked":"FTL","floor":10.0},{"not_picked":["BootSequence+1","Aggregate"],"picked":"White Noise+1","floor":11.0},{"not_picked":["Panic Button","Bomb"],"picked":"Redo+1","floor":12.0},{"not_picked":["ReplayTheSpireMod:System Scan+1","Turbo"],"picked":"Capacitor+1","floor":13.0},{"not_picked":["Recycle","Clawfect:ClawingBeam"],"picked":"Seek","floor":14.0},{"not_picked":["Blizzard","Clawfect:Clawter"],"picked":"Coolheaded","floor":14.0},{"not_picked":["Core Surge","Amplify"],"picked":"Clawfect:ClawForOne","floor":16.0},{"not_picked":["Cancel","Capacitor"],"picked":"Clawfect:Clawrage","floor":18.0},{"not_picked":["Storm+1","Panic Button+1"],"picked":"Clawfect:Clawline+1","floor":23.0},{"not_picked":["FIFO Queue+1","Clawfect:Clawline"],"picked":"Turbo+1","floor":25.0},{"not_picked":["Clawfect:ClawForTheEyes","Static Discharge"],"picked":"Force Field+1","floor":27.0},{"not_picked":["FTL","BootSequence"],"picked":"Clawfect:ClawForTheEyes","floor":29.0},{"not_picked":["Capacitor+1","Time Bomb+1"],"picked":"Hologram","floor":30.0},{"not_picked":["Clawfect:ClawLightning","Clawfect:ClawForTheEyes"],"picked":"Conserve Battery+1","floor":31.0},{"not_picked":["ElectricPowerLearning","Sunder+1","Clawfect:Clawline+1"],"picked":"Clawfect:ClawCell+1","floor":33.0},{"not_picked":["Multi-Cast","Core Surge","Seek"],"picked":"Echo Form","floor":35.0},{"not_picked":["Clawfect:Clawrage+1","Conserve Battery+1","Sunder+1"],"picked":"ReplayTheSpireMod:Calculation Training+1","floor":37.0},{"not_picked":["Panic Button+1","Clawfect:Clawrage+1","Rebound+1"],"picked":"Clawfect:ClawSnap","floor":38.0},{"not_picked":["Panic Button+1","FTL+1","Gash+1"],"picked":"Conserve Battery","floor":39.0},{"not_picked":["Distribution+1","Turbo","Glacier+1"],"picked":"Coolheaded","floor":40.0},{"not_picked":["Steam Power","Rainbow","Storm"],"picked":"Clawfect:ClawSnap+1","floor":42.0},{"not_picked":["Aggregate+1","Conserve Battery+1","BasicCrystalCard"],"picked":"Defragment+1","floor":43.0},{"not_picked":["ReplayGash+1","Rebound+1","Steam Power"],"picked":"ReplaySort","floor":47.0},{"not_picked":["BasicCrystalCard+1","ReplaySolidLightProjector+1","Sunder+1"],"picked":"Clawfect:Clawrage","floor":48.0},{"not_picked":["Lockon","Steam","Stack"],"picked":"Coolheaded+1","floor":49.0},{"not_picked":["Rebound","Clawfect:ScrapingClaw","Multi-Cast"],"picked":"Stack+1","floor":50.0},{"not_picked":["Turbo+1","Stack","Clawfect:ClawForTheEyes"],"picked":"FTL+1","floor":56}],"player_experience":1401775,"relics_obtained":[{"floor":2.0,"key":"Tiny Chest"},{"floor":6.0,"key":"Cables"},{"floor":8.0,"key":"Solar Panel"},{"floor":8.0,"key":"Dota2Spire:DrumOfEndurance"},{"floor":9.0,"key":"BookOfRevelations"},{"floor":9.0,"key":"BookofShadows"},{"floor":10.0,"key":"War Paint"},{"floor":14.0,"key":"Orichalcum"},{"floor":16.0,"key":"TungstenRod"},{"floor":25.0,"key":"Ornamental Fan"},{"floor":25.0,"key":"Kunai"},{"floor":26.0,"key":"Blood Vial"},{"floor":26.0,"key":"PreservedInsect"},{"floor":27.0,"key":"Replay:WaspNest"},{"floor":27.0,"key":"DataDisk"},{"floor":28.0,"key":"Snack Pack"},{"floor":28.0,"key":"AnarchistCookbook"},{"floor":29.0,"key":"TheBible"},{"floor":29.0,"key":"TuHaoJin"},{"floor":35.0,"key":"BloodDonationMachine"},{"floor":38.0,"key":"Nunchaku"},{"floor":40.0,"key":"CaptainsWheel"},{"floor":41.0,"key":"ReplayFunnel"},{"floor":42.0,"key":"Pet Ghost"},{"floor":42.0,"key":"Simple Rune"},{"floor":45.0,"key":"Dota2Spire:EtherealBlade"},{"floor":47.0,"key":"YumHeart"},{"floor":50.0,"key":"Shuriken"},{"floor":50.0,"key":"Dota2Spire:LotusOrb"},{"floor":56,"key":"Geode"},{"floor":56,"key":"Replay:Antivirus Software"}],"event_choices":[{"damage_healed":0.0,"max_hp_gain":0.0,"max_hp_loss":0.0,"gold_gain":0.0,"event_name":"Golden Wing","player_choice":"Ignored","floor":3.0,"gold_loss":0.0,"damage_taken":0.0},{"damage_healed":0.0,"max_hp_gain":0.0,"max_hp_loss":0.0,"gold_gain":0.0,"event_name":"WeMeetAgain","player_choice":"Paid Gold","floor":19.0,"gold_loss":73.0,"damage_taken":0.0,"relics_obtained":["Replay:Bandana"]},{"damage_healed":0.0,"max_hp_gain":0.0,"max_hp_loss":0.0,"gold_gain":0.0,"event_name":"Beggar","player_choice":"Ignored","floor":20.0,"gold_loss":0.0,"damage_taken":0.0},{"damage_healed":0.0,"max_hp_gain":0.0,"max_hp_loss":0.0,"gold_gain":0.0,"event_name":"Addict","player_choice":"Obtained Relic","floor":32.0,"gold_loss":85.0,"damage_taken":0.0,"relics_obtained":["Question Card"]},{"damage_healed":0.0,"max_hp_gain":0.0,"max_hp_loss":0.0,"gold_gain":0.0,"event_name":"MindBloom","player_choice":"Fight","floor":40.0,"gold_loss":0.0,"damage_taken":0.0},{"damage_healed":0.0,"max_hp_gain":0.0,"max_hp_loss":0.0,"gold_gain":0.0,"event_name":"Mysterious Sphere","player_choice":"Fight","floor":47.0,"gold_loss":0.0,"damage_taken":0.0}],"is_beta":false,"boss_relics":[{"not_picked":["Replay:Wanted Poster","Inserter"],"picked":"Black Star"},{"not_picked":[]},{"not_picked":["Philosopher\u0027s Stone","Replay:Ancient Bell"],"picked":"Silver_Glasses"},{"not_picked":[]}],"items_purged_floors":[],"is_endless":false,"potions_floor_spawned":[1,6,12,13,23,25,27,33,39,43,49,50],"ascension_level":0}}