{"host":"nptej036rrbiurf5","time":1614225209,"event":{"mods":["BaseMod","Colored Map","Colored Powertips","DeckTracker","Minty Spire (QoL Compilation)","StSLib","SuperFastMode"],"gold_per_floor":[10,25,42,52,76,76,87,121,133,180,207,238,250,277,289,372,384,410,255,265,265,21,21,21,49,73,91,105,118,138,155,155,155,155],"floor_reached":33,"language":"KOR","playtime":6312,"items_purged":["Strike_R"],"score":570,"play_id":"0c024a20-bcb6-4b23-b1ea-821716e587e7","local_time":"20210225125329","is_ascension_mode":true,"campfire_choices":[{"data":"Bash","floor":6.0,"key":"SMITH"},{"data":"Fire Breathing","floor":13.0,"key":"SMITH"},{"data":"Corruption","floor":15.0,"key":"SMITH"},{"data":"Corruption","floor":23.0,"key":"SMITH"},{"floor":32,"key":"REST"}],"circlet_count":0,"master_deck":["AscendersBane","Strike_R+1","Strike_R+1","Strike_R+1","Strike_R+1","Defend_R+1","Defend_R+1","Defend_R+1","Defend_R+1","Bash+1","Offering","Thunderclap","Sword Boomerang","Reaper","Anger","Flame Barrier","Shrug It Off","Armaments","Fire Breathing+1","Corruption+1","Corruption+1","Burning Pact","Juggernaut","Burning Pact","Bloodletting","Immolate","Ghostly","Ghostly","Ghostly","Burning Pact","Entrench","Battle Trance","Flame Barrier+1"],"relics":["Burning Blood","Bag of Marbles","MawBank","Singing Bowl","Regal Pillow","Mark of Pain","Orrery","Centennial Puzzle","Strawberry"],"acts_visited":["Exordium","TheCity"],"potions_floor_usage":[33,33],"damage_taken":[{"damage":11.0,"enemies":"Cultist","floor":1.0,"turns":4.0},{"damage":10.0,"enemies":"2 Louse","floor":2.0,"turns":3.0},{"damage":2.0,"enemies":"Jaw Worm","floor":3.0,"turns":3.0},{"damage":8.0,"enemies":"2 Fungi Beasts","floor":4.0,"turns":3.0},{"damage":19.0,"enemies":"Blue Slaver","floor":7.0,"turns":4.0},{"damage":29.0,"enemies":"Lagavulin","floor":8.0,"turns":6.0},{"damage":42.0,"enemies":"Gremlin Nob","floor":10.0,"turns":4.0},{"damage":6.0,"enemies":"Looter","floor":11.0,"turns":3.0},{"damage":6.0,"enemies":"2 Fungi Beasts","floor":12.0,"turns":3.0},{"damage":4.0,"enemies":"Gremlin Gang","floor":14.0,"turns":2.0},{"damage":20.0,"enemies":"Slime Boss","floor":16.0,"turns":8.0},{"damage":26.0,"enemies":"Shell Parasite","floor":18.0,"turns":5.0},{"damage":14.0,"enemies":"Chosen","floor":20.0,"turns":5.0},{"damage":11.0,"enemies":"Book of Stabbing","floor":25.0,"turns":6.0},{"damage":23.0,"enemies":"Snecko","floor":27.0,"turns":6.0},{"damage":9.0,"enemies":"Snake Plant","floor":28.0,"turns":5.0},{"damage":17.0,"enemies":"Centurion and Healer","floor":29.0,"turns":5.0},{"damage":6,"enemies":"Shelled Parasite and Fungi","floor":30,"turns":6},{"damage":18,"enemies":"Sentry and Sphere","floor":31,"turns":7},{"damage":72,"enemies":"Collector","floor":33,"turns":7}],"seed_played":"-6316915464701905644","potions_obtained":[{"floor":2.0,"key":"BloodPotion"},{"floor":3.0,"key":"AttackPotion"},{"floor":11.0,"key":"GamblersBrew"},{"floor":14.0,"key":"SmokeBomb"},{"floor":16.0,"key":"Explosive Potion"},{"floor":28.0,"key":"EssenceOfSteel"},{"floor":29,"key":"LiquidBronze"}],"is_trial":false,"path_per_floor":["M","M","M","M","T","R","M","E","T","E","M","M","R","M","R","B",null,"M","$","M","?","$","R","?","E","T","M","M","M","M","M","R","B"],"character_chosen":"IRONCLAD","items_purchased":["Orrery","Centennial Puzzle"],"campfire_rested":1,"item_purchase_floors":[19,22],"current_hp_per_floor":[63,59,63,73,73,73,60,58,58,27,31,31,31,38,38,40,68,50,50,48,40,40,40,40,44,44,30,31,24,30,20,50,0,0],"gold":155,"neow_bonus":"THREE_RARE_CARDS","is_daily":false,"chose_seed":false,"campfire_upgraded":4,"win_rate":0.0,"timestamp":1614225209,"path_taken":["M","M","M","M","?","R","M","E","T","E","?","M","R","M","R","BOSS","M","?","M","?","?","R","?","E","T","M","M","?","M","M","R","BOSS"],"items_purchased_type":["Relic","Relic"],"build_version":"2020-12-22","purchased_purges":1,"victory":false,"max_hp_per_floor":[75,75,75,75,75,75,75,75,75,77,77,77,77,77,77,77,77,79,79,81,40,40,40,40,47,47,47,47,47,49,51,51,51,51],"card_choices":[{"not_picked":["Barricade","Limit Break"],"picked":"Offering","floor":0.0},{"not_picked":["Sever Soul","Hemokinesis"],"picked":"Thunderclap","floor":1.0},{"not_picked":["Clash","Heavy Blade"],"picked":"Sword Boomerang","floor":2.0},{"not_picked":["Whirlwind","Battle Trance"],"picked":"Reaper","floor":3.0},{"not_picked":["Clothesline","Disarm"],"picked":"Anger","floor":4.0},{"not_picked":["Thunderclap","Heavy Blade"],"picked":"Flame Barrier","floor":7.0},{"not_picked":["Pommel Strike","Heavy Blade"],"picked":"Shrug It Off","floor":8.0},{"not_picked":["True Grit","Intimidate","Rage"],"picked":"Singing Bowl","floor":10.0},{"not_picked":["Havoc","Thunderclap"],"picked":"Armaments","floor":11.0},{"not_picked":["Iron Wave","Spot Weakness"],"picked":"Fire Breathing","floor":12.0},{"not_picked":["Seeing Red","Wild Strike"],"picked":"Corruption","floor":14.0},{"not_picked":["Exhume","Demon Form"],"picked":"Corruption","floor":16.0},{"not_picked":["Thunderclap","Rupture","Clash+1"],"picked":"Singing Bowl","floor":18.0},{"not_picked":["True Grit+1","Entrench"],"picked":"Burning Pact","floor":19.0},{"not_picked":["Headbutt","Iron Wave"],"picked":"Juggernaut","floor":19.0},{"not_picked":["Reckless Charge+1","Inflame"],"picked":"Burning Pact","floor":19.0},{"not_picked":["Flex","Uppercut"],"picked":"Bloodletting","floor":19.0},{"not_picked":["Corruption","Headbutt"],"picked":"Immolate","floor":19.0},{"not_picked":["Iron Wave","Sword Boomerang+1","Whirlwind"],"picked":"Singing Bowl","floor":20.0},{"not_picked":["Body Slam","Infernal Blade"],"picked":"Burning Pact","floor":25.0},{"not_picked":["Burning Pact","Flex"],"picked":"Entrench","floor":27.0},{"not_picked":["Clash","Infernal Blade"],"picked":"Battle Trance","floor":28.0},{"not_picked":["Ghostly Armor","Wild Strike"],"picked":"Flame Barrier+1","floor":29},{"not_picked":["Anger","Armaments","Wild Strike"],"picked":"Singing Bowl","floor":30},{"not_picked":["Sword Boomerang+1","Headbutt","Dual Wield"],"picked":"Singing Bowl","floor":31}],"player_experience":1028841,"relics_obtained":[{"floor":5.0,"key":"Bag of Marbles"},{"floor":8.0,"key":"MawBank"},{"floor":9.0,"key":"Singing Bowl"},{"floor":10.0,"key":"Regal Pillow"},{"floor":25.0,"key":"Strawberry"}],"event_choices":[{"damage_healed":0.0,"max_hp_gain":0.0,"max_hp_loss":41.0,"gold_gain":0.0,"event_name":"Ghosts","player_choice":"Became a Ghost","floor":21.0,"gold_loss":0.0,"damage_taken":0.0,"cards_obtained":["Ghostly","Ghostly","Ghostly"]},{"damage_healed":0.0,"max_hp_gain":0.0,"max_hp_loss":0.0,"gold_gain":0.0,"event_name":"Back to Basics","player_choice":"Simplicity","floor":24.0,"gold_loss":0.0,"damage_taken":0.0,"cards_upgraded":["Strike_R","Strike_R","Strike_R","Strike_R","Defend_R","Defend_R","Defend_R","Defend_R"]}],"is_beta":false,"boss_relics":[{"not_picked":["Black Blood","SlaversCollar"],"picked":"Mark of Pain"}],"items_purged_floors":[22],"is_endless":false,"potions_floor_spawned":[2,3,11,14,16,25,28,29],"killed_by":"Collector","ascension_level":20}}