{"host":"4par9lyhj7bf4dsa","time":1614291623,"event":{"mods":["AchievementEnabler","BaseMod","Colored Map","Minty Spire (QoL Compilation)","Relic Stats","StSLib"],"gold_per_floor":[114,64,76,76,90,123,123,148,148,164,194,208,208,225,225,300,300,310,90,102,102,117,117,117,117],"floor_reached":24,"language":"ENG","playtime":1073,"items_purged":["Strike_P"],"score":401,"play_id":"34c21085-c859-452a-b703-a20a91ad2aee","local_time":"20210226092023","is_ascension_mode":true,"campfire_choices":[{"floor":7,"key":"REST"},{"floor":13,"key":"REST"},{"floor":15,"key":"REST"},{"floor":23,"key":"REST"}],"circlet_count":0,"master_deck":["AscendersBane","Strike_P","Strike_P","Strike_P","Defend_P","Defend_P","Defend_P","Eruption","Vigilance","CutThroughFate","Fasting2","EmptyMind","Ragnarok","Consecrate","Wallop","TalkToTheHand","Tantrum","Vault","Adaptation+1","TalkToTheHand","Conclude+1"],"relics":["Fusion Hammer","Regal Pillow","Kunai","Bag of Preparation","Velvet Choker","DollysMirror","Nloth\u0027s Gift"],"acts_visited":["Exordium","TheCity"],"potions_floor_usage":[11,12,24],"damage_taken":[{"damage":2,"enemies":"Small Slimes","floor":1,"turns":4},{"damage":1,"enemies":"2 Louse","floor":3,"turns":2},{"damage":0,"enemies":"Cultist","floor":5,"turns":2},{"damage":30,"enemies":"3 Sentries","floor":6,"turns":6},{"damage":28,"enemies":"Gremlin Nob","floor":8,"turns":4},{"damage":8,"enemies":"Lots of Slimes","floor":10,"turns":2},{"damage":0,"enemies":"Lagavulin","floor":11,"turns":4},{"damage":12,"enemies":"Exordium Wildlife","floor":12,"turns":3},{"damage":0,"enemies":"2 Fungi Beasts","floor":14,"turns":2},{"damage":29,"enemies":"The Guardian","floor":16,"turns":8},{"damage":28,"enemies":"2 Thieves","floor":18,"turns":3},{"damage":0,"enemies":"3 Byrds","floor":20,"turns":2},{"damage":5,"enemies":"Shelled Parasite and Fungi","floor":22,"turns":3},{"damage":75,"enemies":"Slavers","floor":24,"turns":5}],"seed_played":"-6646248458669602533","potions_obtained":[{"floor":6,"key":"Explosive Potion"},{"floor":10,"key":"LiquidMemories"},{"floor":12,"key":"Explosive Potion"},{"floor":18,"key":"SteroidPotion"},{"floor":20,"key":"Regen Potion"}],"is_trial":false,"path_per_floor":["M","?","M","?","M","E","R","E","T","M","E","M","R","M","R","B",null,"M","$","M","?","M","R","E"],"character_chosen":"WATCHER","items_purchased":["DollysMirror"],"campfire_rested":4,"item_purchase_floors":[19],"current_hp_per_floor":[63,63,62,62,62,32,68,40,40,32,32,20,56,56,72,43,65,37,37,37,37,32,68,0,0],"gold":117,"neow_bonus":"BOSS_RELIC","is_daily":false,"chose_seed":false,"campfire_upgraded":0,"win_rate":0.0,"timestamp":1614291623,"path_taken":["M","?","M","?","?","E","R","E","T","M","E","M","R","M","R","BOSS","M","?","M","?","?","R","E"],"items_purchased_type":["Relic"],"build_version":"2020-12-22","purchased_purges":1,"victory":false,"max_hp_per_floor":[72,72,72,72,72,72,72,72,72,72,72,72,72,72,72,72,72,72,72,72,72,72,72,72,72],"relic_stats":{"Regal Pillow":45,"counters":[14,50],"Bag of Preparation":[14],"Nloth\u0027s Gift":0,"Kunai":[12],"obtain_stats":[{"Regal Pillow":6,"Bottled Flame":9,"DollysMirror":19,"Velvet Choker":17,"Fusion Hammer":0,"Bag of Preparation":11,"Nloth\u0027s Gift":21,"Kunai":8,"PureWater":0},{"Regal Pillow":4,"Bottled Flame":5,"DollysMirror":11,"Velvet Choker":10,"Fusion Hammer":0,"Bag of Preparation":7,"Nloth\u0027s Gift":12,"Kunai":5,"PureWater":0},{"Regal Pillow":14,"Bottled Flame":18,"DollysMirror":40,"Velvet Choker":37,"Fusion Hammer":0,"Bag of Preparation":24,"Nloth\u0027s Gift":42,"Kunai":18,"PureWater":0}]},"card_choices":[{"not_picked":["PathToVictory","EmptyBody"],"picked":"CutThroughFate","floor":1},{"not_picked":["ClearTheMind","CutThroughFate"],"picked":"Fasting2","floor":3},{"not_picked":["Protect","Halt"],"picked":"EmptyMind","floor":5},{"not_picked":["Vengeance","WindmillStrike"],"picked":"Ragnarok","floor":6},{"not_picked":["Crescendo","Protect"],"picked":"Consecrate","floor":8},{"not_picked":["Prostrate","Vengeance"],"picked":"Wallop","floor":10},{"not_picked":["SandsOfTime","ThirdEye"],"picked":"TalkToTheHand","floor":11},{"not_picked":["BowlingBash","EmptyFist"],"picked":"Tantrum","floor":12},{"not_picked":["BattleHymn","SandsOfTime","ClearTheMind"],"picked":"SKIP","floor":14},{"not_picked":["Judgement","DevaForm"],"picked":"Vault","floor":16},{"not_picked":["ForeignInfluence","FlyingSleeves"],"picked":"Adaptation+1","floor":18},{"not_picked":["EmptyBody+1","Meditate"],"picked":"Conclude+1","floor":20},{"not_picked":["PathToVictory","WaveOfTheHand+1","CutThroughFate"],"picked":"SKIP","floor":22}],"player_experience":1152497,"relics_obtained":[{"floor":6,"key":"Regal Pillow"},{"floor":8,"key":"Kunai"},{"floor":9,"key":"Bottled Flame"},{"floor":11,"key":"Bag of Preparation"}],"event_choices":[{"cards_removed":["Defend_P"],"damage_healed":0,"gold_gain":0,"player_choice":"Card Removal","damage_taken":0,"max_hp_gain":0,"max_hp_loss":0,"event_name":"The Cleric","floor":2,"gold_loss":50},{"damage_healed":0,"gold_gain":0,"player_choice":"0 cards matched","damage_taken":0,"max_hp_gain":0,"max_hp_loss":0,"event_name":"Match and Keep!","floor":4,"gold_loss":0,"cards_obtained":[]},{"damage_healed":0,"gold_gain":0,"player_choice":"Traded Relic","damage_taken":0,"relics_obtained":["Nloth\u0027s Gift"],"max_hp_gain":0,"max_hp_loss":0,"event_name":"N\u0027loth","floor":21,"relics_lost":["Bottled Flame"],"gold_loss":0}],"is_beta":false,"boss_relics":[{"not_picked":["Coffee Dripper","Busted Crown"],"picked":"Velvet Choker"}],"items_purged_floors":[19],"is_endless":false,"potions_floor_spawned":[6,10,12,18,20],"killed_by":"Slavers","ascension_level":13}}