{"host":"g792ep1fbt4i7bvb","time":1614231421,"event":{"mods":["BaseMod","Beaked The Cultist","Colored Map","Colored Powertips","Highlight Path","Minty Spire (QoL Compilation)","StSLib","SuperFastMode","The Cursed"],"gold_per_floor":[116,137,164,164,11,54,77,77,77,77,77,177,177,216,216,328,328,357,378,399,411,411,411,440,440,440],"floor_reached":25,"language":"JPN","playtime":1411,"items_purged":[],"score":247,"play_id":"8f0714f2-d993-4ded-9e5e-1ff24815df4d","local_time":"20210225143701","is_ascension_mode":true,"campfire_choices":[{"data":"beaked:SurvivalInstinct","floor":11.0,"key":"SMITH"},{"data":"beaked:RitualOfBody","floor":13.0,"key":"SMITH"},{"data":"beaked:Negation","floor":15,"key":"SMITH"},{"data":"beaked:Brace","floor":23,"key":"SMITH"}],"circlet_count":0,"master_deck":["beaked:Strike_Y","beaked:Strike_Y","beaked:Strike_Y","beaked:Strike_Y","beaked:Strike_Y","beaked:Strike_Y","beaked:Defend_Y","beaked:Defend_Y","beaked:Defend_Y","beaked:Defend_Y","beaked:Ceremony","beaked:Ceremony","beaked:Ceremony","beaked:Windmill","beaked:Daydream+1","beaked:Brace+1","beaked:RitualOfBody+1","beaked:MachineSpirit","beaked:SurvivalInstinct+1","beaked:Negation+1","beaked:WildInstinct","beaked:MaddeningMurmurs+1","beaked:TuckingFeathers","beaked:Brace+1","beaked:AwakenedForm"],"relics":["beaked:MendingPlumage","CeramicFish","Letter Opener","Pear","Tiny Chest","Black Star","Nloth\u0027s Gift"],"acts_visited":["Exordium","TheCity"],"potions_floor_usage":[14,16,19,21,24],"damage_taken":[{"damage":18.0,"enemies":"Jaw Worm","floor":1.0,"turns":5.0},{"damage":4.0,"enemies":"Small Slimes","floor":2.0,"turns":5.0},{"damage":6.0,"enemies":"Cultist","floor":3.0,"turns":4.0},{"damage":36.0,"enemies":"3 Sentries","floor":6.0,"turns":13.0},{"damage":26.0,"enemies":"Large Slime","floor":7.0,"turns":8.0},{"damage":0.0,"enemies":"Lots of Slimes","floor":10.0,"turns":1.0},{"damage":39,"enemies":"Gremlin Nob","floor":14,"turns":5},{"damage":45,"enemies":"The Guardian","floor":16,"turns":15},{"damage":36,"enemies":"Chosen","floor":18,"turns":6},{"damage":31,"enemies":"2 Thieves","floor":19,"turns":5},{"damage":16,"enemies":"Centurion and Healer","floor":20,"turns":11},{"damage":33,"enemies":"3 Cultists","floor":21,"turns":6},{"damage":52,"enemies":"Sentry and Sphere","floor":24,"turns":10},{"damage":23,"enemies":"Gremlin Leader","floor":25,"turns":3}],"seed_played":"-8110495621450707875","potions_obtained":[{"floor":2.0,"key":"ColorlessPotion"},{"floor":3.0,"key":"AttackPotion"},{"floor":7.0,"key":"SmokeBomb"},{"floor":18,"key":"FearPotion"},{"floor":20,"key":"LiquidBronze"},{"floor":21,"key":"ColorlessPotion"}],"is_trial":false,"path_per_floor":["M","M","M","?","$","E","M","?","T","M","R","?","R","E","R","B",null,"M","M","M","M","?","R","M","E"],"character_chosen":"BEAKED_THE_CULTIST","items_purchased":["beaked:Brace","beaked:RitualOfBody","Fire Potion"],"campfire_rested":0,"item_purchase_floors":[5,5,5],"current_hp_per_floor":[40,49,48,48,48,50,50,32,42,42,42,42,42,22,22,32,60,38,22,45,29,29,29,7,0,0],"gold":440,"neow_bonus":"RANDOM_COMMON_RELIC","is_daily":false,"chose_seed":false,"campfire_upgraded":4,"win_rate":0.0,"timestamp":1614231421,"path_taken":["M","M","M","?","$","E","M","?","T","M","R","?","R","E","R","BOSS","M","M","?","M","?","R","?","E"],"items_purchased_type":["Card","Card","Potion"],"build_version":"2020-12-22","purchased_purges":0,"victory":false,"max_hp_per_floor":[50,50,50,50,50,50,50,50,60,60,60,60,60,60,60,60,60,60,60,60,60,60,60,60,60,60],"card_choices":[{"not_picked":["beaked:Poke","beaked:MimicHuntress","beaked:DesperateSwing"],"picked":"SKIP","floor":1.0},{"not_picked":["beaked:DigDeep","beaked:StunningBlow"],"picked":"beaked:Windmill","floor":2.0},{"not_picked":["beaked:Replenish","beaked:Windmill"],"picked":"beaked:Daydream","floor":3.0},{"not_picked":["beaked:Pecker","beaked:CheekyTricks"],"picked":"beaked:MachineSpirit","floor":6.0},{"not_picked":["beaked:Molting","beaked:TuckingFeathers"],"picked":"beaked:SurvivalInstinct","floor":7.0},{"not_picked":["beaked:RuinSticks","beaked:Devastation"],"picked":"beaked:Negation","floor":14},{"not_picked":["beaked:CheekyTricks","beaked:DarkTribute"],"picked":"beaked:WildInstinct","floor":16},{"not_picked":["beaked:Recite","beaked:Replenish"],"picked":"beaked:MaddeningMurmurs+1","floor":18},{"not_picked":["beaked:Poke","beaked:Mantra+1"],"picked":"beaked:TuckingFeathers","floor":19},{"not_picked":["beaked:CursingBlood","beaked:Resilience+1"],"picked":"beaked:Brace+1","floor":20},{"not_picked":["beaked:MimicHuntress","beaked:RuinSticks+1","beaked:Flinch"],"picked":"SKIP","floor":21},{"not_picked":["beaked:VigorBurst","beaked:Resilience"],"picked":"beaked:AwakenedForm","floor":24}],"player_experience":825656,"relics_obtained":[{"floor":6.0,"key":"InkBottle"},{"floor":9.0,"key":"Pear"},{"floor":14,"key":"Tiny Chest"}],"event_choices":[{"damage_healed":0.0,"max_hp_gain":0.0,"max_hp_loss":0.0,"gold_gain":0.0,"event_name":"Living Wall","player_choice":"Grow","floor":4.0,"gold_loss":0.0,"damage_taken":0.0,"cards_upgraded":["beaked:Daydream"]},{"damage_healed":0.0,"max_hp_gain":0.0,"max_hp_loss":0.0,"gold_gain":0.0,"event_name":"Scrap Ooze","player_choice":"Success","floor":8.0,"gold_loss":0.0,"damage_taken":18.0,"relics_obtained":["Letter Opener"]},{"damage_healed":0.0,"max_hp_gain":0.0,"max_hp_loss":0.0,"gold_gain":100.0,"event_name":"Golden Shrine","player_choice":"Pray","floor":12.0,"gold_loss":0.0,"damage_taken":0.0},{"damage_healed":0,"gold_gain":0,"player_choice":"Traded Relic","damage_taken":0,"relics_obtained":["Nloth\u0027s Gift"],"max_hp_gain":0,"max_hp_loss":0,"event_name":"N\u0027loth","floor":22,"relics_lost":["InkBottle"],"gold_loss":0}],"is_beta":false,"boss_relics":[{"not_picked":["Tiny House","Velvet Choker"],"picked":"Black Star"}],"items_purged_floors":[],"is_endless":false,"potions_floor_spawned":[2,3,7,10,18,20,21],"killed_by":"Gremlin Leader","ascension_level":3}}