{"host":"28bpuzdckreop5i0","time":1614215760,"event":{"mods":["BaseMod","Downfall","Minty Spire (QoL Compilation)","Relic Stats","Shop Mod","StSLib"],"gold_per_floor":[349,280,340,17,17,17,17,2,2,12,23,36,36,49,80,80,80,80],"floor_reached":16,"language":"ENG","playtime":688,"items_purged":[],"score":92,"play_id":"0c1e5969-17bd-4d12-9fae-5aa4172f03bd","local_time":"20210224191600","is_ascension_mode":false,"campfire_choices":[{"floor":6,"key":"REST"},{"floor":9,"key":"REST"}],"circlet_count":0,"master_deck":["sneckomod:Strike","sneckomod:Strike","sneckomod:Strike","sneckomod:Defend","sneckomod:Defend","sneckomod:Defend","sneckomod:TailWhip","sneckomod:SnekBite","sneckomod:Unknown","Slimebound:Split","sneckomod:UnknownStrength","sneckomod:UnknownDraw","sneckomod:SlitherStrike","sneckomod:CheapStock","expansioncontent:PrepareCrush","sneckomod:UnknownColorless","sneckomod:DangerNoodle","sneckomod:WideSting","sneckomod:CheapStock","sneckomod:CheapStock","sneckomod:UnknownDexterity","sneckomod:MixItUp"],"relics":["sneckomod:SneckoSoul","Oddly Smooth Stone","bronze:BronzeIdol","Ginger"],"acts_visited":["Exordium"],"potions_floor_usage":[13,16,16],"damage_taken":[{"damage":5,"enemies":"downfall:FleeingMerchant","floor":2,"turns":4},{"damage":45,"enemies":"3 Sentries","floor":3,"turns":7},{"damage":15,"enemies":"downfall:FleeingMerchant","floor":4,"turns":4},{"damage":20,"enemies":"downfall:FleeingMerchant","floor":8,"turns":4},{"damage":11,"enemies":"Jaw Worm","floor":10,"turns":3},{"damage":0,"enemies":"Small Slimes","floor":11,"turns":4},{"damage":0,"enemies":"Cultist","floor":12,"turns":2},{"damage":0,"enemies":"Red Slaver","floor":13,"turns":1},{"damage":14,"enemies":"downfall:LooterAlt","floor":14,"turns":4},{"damage":4,"enemies":"2 Fungi Beasts","floor":15,"turns":4},{"damage":19,"enemies":"DF_ARCHETYPE_STREAMLINE","floor":16,"turns":3}],"seed_played":"3410602823550870908","potions_obtained":[{"floor":3,"key":"SmokeBomb"},{"floor":10,"key":"BlessingOfTheForge"},{"floor":11,"key":"sneckomod:MuddlingPotion"}],"is_trial":false,"path_per_floor":["R","$","?","$","?","R","T","$","R","M","M","M","M","M","M","B"],"character_chosen":"THE_SNECKO","items_purchased":["sneckomod:UnknownDraw","bronze:BronzeIdol","expansioncontent:PrepareCrush","sneckomod:UnknownColorless"],"campfire_rested":2,"item_purchase_floors":[2,4,4,4],"current_hp_per_floor":[81,76,31,16,16,40,40,20,44,33,33,33,33,19,15,0,0,0],"gold":80,"neow_bonus":"TWO_FIFTY_GOLD","is_daily":false,"chose_seed":false,"campfire_upgraded":0,"win_rate":0.0,"timestamp":1614215760,"path_taken":["R","$","?","$","?","R","T","?","R","M","M","M","M","?","M","BOSS"],"items_purchased_type":["Card","Relic","Card","Card"],"build_version":"2020-12-22","purchased_purges":0,"victory":false,"max_hp_per_floor":[81,81,81,81,81,81,81,81,81,81,81,81,81,81,81,81,81,81],"relic_stats":{"counters":[11,39],"Ginger":[0],"obtain_stats":[{"Oddly Smooth Stone":3,"Ginger":7,"sneckomod:SneckoSoul":0,"bronze:BronzeIdol":4},{"Oddly Smooth Stone":2,"Ginger":3,"sneckomod:SneckoSoul":0,"bronze:BronzeIdol":3},{"Oddly Smooth Stone":10,"Ginger":14,"sneckomod:SneckoSoul":0,"bronze:BronzeIdol":14}]},"card_choices":[{"not_picked":["sneckomod:DiceBlock","sneckomod:QuickMove"],"picked":"sneckomod:UnknownStrength","floor":2},{"not_picked":["sneckomod:UnknownStrength","sneckomod:MasterEye"],"picked":"sneckomod:SlitherStrike","floor":3},{"not_picked":["sneckomod:Nope","sneckomod:QuickBite"],"picked":"sneckomod:CheapStock","floor":4},{"not_picked":["sneckomod:DiceCrush","sneckomod:RainOfDice"],"picked":"sneckomod:DangerNoodle","floor":8},{"not_picked":["sneckomod:DiceCrush","sneckomod:UnknownWeak"],"picked":"sneckomod:WideSting","floor":10},{"not_picked":["sneckomod:UnknownVulnerable","sneckomod:UnknownWeak"],"picked":"sneckomod:CheapStock","floor":11},{"not_picked":["sneckomod:Nope","sneckomod:PureSnecko"],"picked":"sneckomod:CheapStock","floor":12},{"not_picked":["sneckomod:QuickMove","sneckomod:WideSting"],"picked":"sneckomod:UnknownDexterity","floor":14},{"not_picked":["sneckomod:UnknownVulnerable","sneckomod:Unknown1Cost"],"picked":"sneckomod:MixItUp","floor":15}],"player_experience":1018118,"relics_obtained":[{"floor":3,"key":"Oddly Smooth Stone"},{"floor":7,"key":"Ginger"}],"event_choices":[{"damage_healed":0,"gold_gain":0,"player_choice":"Fled","damage_taken":0,"max_hp_gain":0,"max_hp_loss":0,"event_name":"Scrap Ooze","floor":5,"gold_loss":0}],"is_beta":false,"boss_relics":[],"items_purged_floors":[],"is_endless":false,"potions_floor_spawned":[3,10,11,13],"killed_by":"DF_ARCHETYPE_STREAMLINE","ascension_level":0}}