{"host":"q0zivyteofxuwz3g","time":1614271969,"event":{"mods":["AchievementEnabler","BaseMod","BetterRewards","Minty Spire (QoL Compilation)","Relic Filter","StSLib"],"gold_per_floor":[116,291,303,77,92,126,126,152,152,152,168,179,179,198,198,299,299,319,330,347,378,393,393,393],"floor_reached":23,"language":"ENG","playtime":1309,"items_purged":["Doubt"],"score":330,"play_id":"b077f333-decd-462a-90f9-0fe512b213d6","local_time":"20210225135249","is_ascension_mode":false,"campfire_choices":[{"floor":10,"key":"REST"},{"floor":13,"key":"RECALL"},{"data":"Adaptation","floor":15,"key":"SMITH"}],"circlet_count":0,"master_deck":["Eruption","Vigilance","SandsOfTime","FearNoEvil","DeusExMachina","DeusExMachina","Tantrum","FlyingSleeves","Worship","ReachHeaven","Consecrate+1","Tantrum","Adaptation+1","ClearTheMind+1","SashWhip","FlurryOfBlows","ClearTheMind+1","ReachHeaven","Devotion","FlurryOfBlows","FlurryOfBlows","LessonLearned","Pray+1","SignatureMove","FlyingSleeves","MasterReality","EmptyBody"],"relics":["PureWater","Pandora\u0027s Box","HornCleat","Shuriken","VioletLotus","Red Mask"],"acts_visited":["TheCity"],"potions_floor_usage":[6,8,14,21,23,23],"damage_taken":[{"damage":12.0,"enemies":"Small Slimes","floor":1.0,"turns":2.0},{"damage":5.0,"enemies":"2 Louse","floor":3.0,"turns":2.0},{"damage":11.0,"enemies":"Jaw Worm","floor":5.0,"turns":2.0},{"damage":0,"enemies":"3 Sentries","floor":6,"turns":2},{"damage":4,"enemies":"Gremlin Nob","floor":8,"turns":3},{"damage":0,"enemies":"2 Fungi Beasts","floor":11,"turns":2},{"damage":5,"enemies":"Red Slaver","floor":12,"turns":2},{"damage":0,"enemies":"Large Slime","floor":14,"turns":2},{"damage":24,"enemies":"The Guardian","floor":16,"turns":4},{"damage":0,"enemies":"3 Byrds","floor":18,"turns":3},{"damage":20,"enemies":"2 Thieves","floor":19,"turns":2},{"damage":13,"enemies":"Snake Plant","floor":20,"turns":3},{"damage":7,"enemies":"Masked Bandits","floor":21,"turns":3},{"damage":20,"enemies":"Cultist and Chosen","floor":22,"turns":4},{"damage":14,"enemies":"Gremlin Leader","floor":23,"turns":3}],"seed_played":"8275309860507579818","potions_obtained":[{"floor":5,"key":"SkillPotion"},{"floor":6,"key":"Explosive Potion"},{"floor":11,"key":"CultistPotion"},{"floor":12,"key":"SkillPotion"},{"floor":19,"key":"Strength Potion"},{"floor":21,"key":"GamblersBrew"},{"floor":22,"key":"PowerPotion"}],"is_trial":false,"path_per_floor":["M","?","M","$","M","E","?","E","T","R","M","M","R","M","R","B",null,"M","M","M","?","M","E"],"character_chosen":"WATCHER","items_purchased":["Pandora\u0027s Box","Adaptation","ClearTheMind","SashWhip"],"campfire_rested":1,"item_purchase_floors":[0,4,4,4],"current_hp_per_floor":[60,60,55,55,44,44,30,26,26,47,47,42,42,42,42,18,72,72,52,39,32,12,0,0],"gold":393,"neow_bonus":"","is_daily":false,"chose_seed":false,"campfire_upgraded":1,"win_rate":0.0,"timestamp":1614271969,"path_taken":["M","?","M","$","M","E","?","E","T","R","M","M","R","M","R","BOSS","M","M","M","?","M","E"],"items_purchased_type":["Relic","Card","Card","Card"],"build_version":"2020-12-22","purchased_purges":1,"victory":false,"max_hp_per_floor":[72,72,72,72,72,72,72,72,72,72,72,72,72,72,72,72,72,72,72,72,72,72,72,72],"card_choices":[{"not_picked":["JustLucky","ClearTheMind"],"picked":"Consecrate","floor":1.0},{"not_picked":["Indignation","EmptyBody"],"picked":"Tantrum","floor":3.0},{"not_picked":["CutThroughFate","BowlingBash"],"picked":"FlurryOfBlows","floor":5},{"not_picked":["ThirdEye","WaveOfTheHand"],"picked":"ClearTheMind","floor":6},{"not_picked":["Meditate","CrushJoints"],"picked":"ReachHeaven","floor":8},{"not_picked":["Pray","FlyingSleeves"],"picked":"Devotion","floor":11},{"not_picked":["Prostrate","JustLucky"],"picked":"FlurryOfBlows","floor":12},{"not_picked":["Protect","FollowUp"],"picked":"FlurryOfBlows","floor":14},{"not_picked":["Brilliance","Devotion"],"picked":"LessonLearned","floor":16},{"not_picked":["Halt","Weave+1"],"picked":"Pray+1","floor":18},{"not_picked":["Worship","EmptyFist"],"picked":"SignatureMove","floor":19},{"not_picked":["EmptyFist","Adaptation"],"picked":"FlyingSleeves","floor":20},{"not_picked":["PathToVictory","BowlingBash"],"picked":"MasterReality","floor":21},{"not_picked":["Wallop","ThirdEye"],"picked":"EmptyBody","floor":22}],"player_experience":204364,"relics_obtained":[{"floor":6,"key":"HornCleat"},{"floor":8,"key":"Shuriken"},{"floor":21,"key":"Red Mask"}],"event_choices":[{"damage_healed":0.0,"max_hp_gain":0.0,"max_hp_loss":0.0,"gold_gain":175.0,"event_name":"Liars Game","player_choice":"AGREE","floor":2.0,"gold_loss":0.0,"damage_taken":0.0,"cards_obtained":["Doubt"]},{"damage_healed":0,"gold_gain":0,"player_choice":"Entered Light","damage_taken":14,"max_hp_gain":0,"max_hp_loss":0,"event_name":"Shining Light","floor":7,"gold_loss":0,"cards_upgraded":["ClearTheMind","ClearTheMind"]},{"damage_healed":0,"gold_gain":0,"player_choice":"Fought Bandits","damage_taken":0,"max_hp_gain":0,"max_hp_loss":0,"event_name":"Masked Bandits","floor":21,"gold_loss":0}],"is_beta":false,"boss_relics":[{"not_picked":["Philosopher\u0027s Stone","Cursed Key"],"picked":"VioletLotus"}],"items_purged_floors":[4],"is_endless":false,"potions_floor_spawned":[5,6,11,12,19,21,22],"killed_by":"Gremlin Leader","ascension_level":0}}