{"host":"st1kg310ms6sytc5","time":1614237003,"event":{"mods":["Act Like it!","BaseMod","CapriCore","Good Game Mod","Library of Ruina","Library of Ruina Extra","Minty Spire (QoL Compilation)","StSLib","SuperFastMode","Wide Potions","Yakumo Yukari mod"],"gold_per_floor":[362,382,9,26,43,74,74,108,135,135,161,161,181,181,181,283,283,299,311,29,45,74,74,107,107,158,174,202,221,232,266,266,367,367,386,396,396,442,307,341,341,370,370,389,389,405,405,422,422,422,422,422,422,60,94,94],"floor_reached":57,"language":"ZHS","playtime":2023,"items_purged":["FocusedStrikes","BoundaryOfDeath","LightAttack","ChargeAndCover"],"score":1904,"play_id":"d6e6345e-e241-47b9-b536-7db515a6f72b","local_time":"20210225151003","is_ascension_mode":true,"campfire_choices":[{"data":"CleanUp","floor":7.0,"key":"SMITH"},{"data":"Reload","floor":12.0,"key":"SMITH"},{"data":"QuickAttack","floor":15.0,"key":"SMITH"},{"data":"Diversion","floor":23.0,"key":"SMITH"},{"floor":25.0,"key":"RECALL"},{"data":"Observe","floor":32.0,"key":"SMITH"},{"data":"Enlightenment","floor":45,"key":"SMITH"},{"data":"Dodge","floor":47,"key":"SMITH"},{"data":"Unlock1","floor":49,"key":"SMITH"},{"data":"Outburst","floor":53,"key":"SMITH"}],"circlet_count":0,"master_deck":["Dodge+1","LightDefense","LightDefense","LightDefense","LightDefense","CleanUp+1","Outburst+1","Unlock1+1","QuickAttack+1","Diversion+1","Reload+1","DimensionalRift","Observe+1","MultiBlock+1","GoinFirst","Unlock1","Slice_lor","HighSpeedStabbing","ChargeUp+1","Enlightenment+1","MultiBlock+1","RapidGashes+1","MultiHit","BackAttack+1","HandleRequest","Parry2+1","Deflect_lor"],"relics":["PageOfLibrarian","REME:ComplimentaryCards","PageOfOzma","Frozen Egg 2","PageOfSnowWhitesApple","Pen Nib","Nunchaku","SlaversCollar","Membership Card","Happy Flower","Red Mask","Bag of Marbles","Dream Catcher","PageOfGreed","PageOfTheQueenOfHatred","Busted Crown","Turnip","DollysMirror","PageOfTheKnightOfDespair","PageOfWrath","PageOfPorccubus","PageOfNihil","PageOfTodaysShyLook","PageOfThreeBirds","Kunai"],"acts_visited":["Exordium","TheCity","TheBeyond","TheEnding"],"potions_floor_usage":[50,56,56,56],"damage_taken":[{"damage":0.0,"enemies":"Cultist","floor":1.0,"turns":4.0},{"damage":0.0,"enemies":"Jaw Worm","floor":2.0,"turns":3.0},{"damage":0.0,"enemies":"2 Louse","floor":4.0,"turns":1.0},{"damage":0.0,"enemies":"Blue Slaver","floor":5.0,"turns":2.0},{"damage":1.0,"enemies":"Gremlin Nob","floor":6.0,"turns":4.0},{"damage":0.0,"enemies":"3 Sentries","floor":8.0,"turns":4.0},{"damage":0.0,"enemies":"Gremlin Nob","floor":11.0,"turns":2.0},{"damage":0.0,"enemies":"Large Slime","floor":13.0,"turns":2.0},{"damage":0.0,"enemies":"Hexaghost","floor":16.0,"turns":3.0},{"damage":0.0,"enemies":"Spheric Guardian","floor":18.0,"turns":1.0},{"damage":0.0,"enemies":"Shell Parasite","floor":19.0,"turns":1.0},{"damage":0.0,"enemies":"3 Cultists","floor":21.0,"turns":2.0},{"damage":0.0,"enemies":"Masked Bandits","floor":22.0,"turns":2.0},{"damage":0.0,"enemies":"Gremlin Leader","floor":24.0,"turns":3.0},{"damage":0.0,"enemies":"Snecko","floor":27.0,"turns":2.0},{"damage":0.0,"enemies":"Slavers","floor":28.0,"turns":2.0},{"damage":0.0,"enemies":"Snake Plant","floor":29.0,"turns":1.0},{"damage":0.0,"enemies":"Centurion and Healer","floor":30.0,"turns":1.0},{"damage":0.0,"enemies":"Book of Stabbing","floor":31.0,"turns":2.0},{"damage":0.0,"enemies":"KingOfGreed","floor":33.0,"turns":6.0},{"damage":0.0,"enemies":"Orb Walker","floor":35.0,"turns":2.0},{"damage":0.0,"enemies":"3 Darklings","floor":36.0,"turns":1.0},{"damage":8,"enemies":"2 Orb Walkers","floor":38,"turns":2},{"damage":0,"enemies":"Nemesis","floor":40,"turns":2},{"damage":0,"enemies":"Reptomancer","floor":42,"turns":3},{"damage":37,"enemies":"Nemesis","floor":44,"turns":6},{"damage":0,"enemies":"Transient","floor":46,"turns":4},{"damage":0,"enemies":"Jaw Worm Horde","floor":48,"turns":1},{"damage":0,"enemies":"Donu and Deca","floor":50,"turns":1},{"damage":0,"enemies":"Shield and Spear","floor":55,"turns":2},{"damage":5,"enemies":"The Heart","floor":56,"turns":4}],"seed_played":"8582143509477678222","potions_obtained":[{"floor":1.0,"key":"SkillPotion"},{"floor":5.0,"key":"SteroidPotion"},{"floor":16.0,"key":"AttackPotion"},{"floor":19.0,"key":"CultistPotion"},{"floor":22.0,"key":"Ancient Potion"},{"floor":30.0,"key":"Dexterity Potion"},{"floor":38,"key":"PowerPotion"}],"is_trial":false,"path_per_floor":["M","M","$","M","M","E","R","E","T","T","E","R","M","?","R","B",null,"M","M","$","M","?","R","E","R","T","M","E","M","M","E","R","B",null,"M","M","?","?","$","E","?","E","T","E","R","M","R","M","R","B",null,null,"R","$","E","B",null],"character_chosen":"Librarian","items_purchased":["PageOfOzma","Unlock1","Membership Card","Happy Flower","DollysMirror","PageOfTodaysShyLook","PageOfThreeBirds","HandleRequest","Parry2+1","ColorlessPotion"],"campfire_rested":0,"item_purchase_floors":[3,3,20,20,39,54,54,54,54,54],"current_hp_per_floor":[54,54,54,54,54,53,53,53,53,53,53,53,53,53,53,53,80,80,80,80,80,80,80,80,80,80,80,80,80,80,80,80,80,80,80,80,70,64,64,67,67,70,70,42,42,48,48,48,48,51,53,80,80,80,80,77],"gold":94,"neow_bonus":"TWO_FIFTY_GOLD","is_daily":false,"chose_seed":false,"campfire_upgraded":9,"win_rate":0.0,"timestamp":1614237003,"path_taken":["M","M","$","M","M","E","R","E","T","?","E","R","M","?","R","BOSS","M","M","$","M","?","R","E","R","T","M","E","M","M","E","R","BOSS","M","M","?","?","$","E","?","E","T","E","R","M","R","?","R","BOSS","R","$","E","BOSS"],"items_purchased_type":["Relic","Card","Relic","Relic","Relic","Relic","Relic","Card","Card","Potion"],"build_version":"2020-12-22","purchased_purges":4,"victory":true,"max_hp_per_floor":[57,72,72,71,71,71,71,71,71,71,80,80,80,80,80,80,80,80,80,80,80,80,80,80,80,80,80,80,80,80,80,80,80,80,80,80,80,80,80,80,80,80,80,80,80,80,80,80,80,80,80,80,80,80,80,80],"card_choices":[{"not_picked":["YoureAHindrance","SuppressingShot","SharpSwipe","TraceOfFumes","FlowOfTheSword","GreatSerpentsImpact","MultiHit","SpearedSweep"],"picked":"CleanUp","floor":1.0},{"not_picked":["UnavoidableGaze","Multislash","EndlessBattle","GuidanceOfTheGears","MultiBlock","PreemptiveStrike","GuardingStance","Rewind"],"picked":"Outburst","floor":2.0},{"not_picked":["Punishment","GreatSerpentsImpact","PinpointShot","BladeWhirl","GatherIntel","Preparation","DesperateStruggle","SharpenedBlade"],"picked":"QuickAttack","floor":4.0},{"not_picked":["GuidanceOfTheGears","QuickAttack","Thrust","FleetFootsteps","Gamble","WillProduceFineSilk","Gigigig","FieryWaltz"],"picked":"Diversion","floor":5.0},{"not_picked":["Disposal","TendonChords","SkitterAway","Wallop_lor","EnergyShield","LawAndOrder","PinpointShot","BladeWhirl"],"picked":"Reload","floor":6.0},{"not_picked":["Riposte","EnergyConversion","FierceCharge","SnakesPrey+1","Commandeering","LeRegole","AsThePrescriptOrders","MultiHit","Faith"],"picked":"SKIP","floor":8.0},{"not_picked":["EnergyShield","UnavoidableGaze","TieShanKao","Juggling","SnakesPrey+1","BlowItUp","Multislash","WrathOfTorment","FlyingSword"],"picked":"SKIP","floor":11.0},{"not_picked":["BindingArms","PinpointShot","SilentMist+1","SinglePointStab","Multislash","Diversion","StrongStrike","Feast","IngredientHunt"],"picked":"SKIP","floor":13.0},{"not_picked":["MindCrush","GutHarvesting"],"picked":"Observe","floor":16.0},{"not_picked":["FlowOfTheSword+1","QuickSuppression","TendonChords","WillBeTasty","Rewind","Bvapour","GrazeTheGrass","BackAttack"],"picked":"MultiBlock+1","floor":18.0},{"not_picked":["IdentifyWeakpoint","Multislash","BizarreAttack","IronWall","Quickness","BiAn+1","MultiHit","Leap_lor","GrazeTheGrass"],"picked":"SKIP","floor":19.0},{"not_picked":["SinglePointStab","Parry2+1","SunsetBlade+1","GrazeTheGrass","Diversion+1","FlowOfTheSword","ShockingBlow","Leap_lor"],"picked":"GoinFirst","floor":21.0},{"not_picked":["Decapitation","ChiWen","AutonomousRush","Parry","YoureAHindrance+1","FieryWaltz","StrongStrike+1","SkyClearingCut","FleetFootsteps"],"picked":"SKIP","floor":24.0},{"not_picked":["Zzzzzap","DriedUp","ShockingBlow","TheArtOfRapidSteps","AsThePrescriptOrders","PreemptiveStrike","IllEndYou","DimensionalRift"],"picked":"Unlock1","floor":27.0},{"not_picked":["ChargeUp+1","Preparation","EnergyCycle","BackAttack+1","SweepTheBackstreets","UnforgettableMelody+1","BladeWhirl","ShockingBlow"],"picked":"Slice_lor","floor":28.0},{"not_picked":["CutIn","FleetFootsteps+1","GuidanceOfTheGears+1","SinglePointStab","EnergyStrike+1","TendonChords","SenseQuarry","Pound"],"picked":"HighSpeedStabbing","floor":29.0},{"not_picked":["SmokingPipe","Thrust+1","UnavoidableGaze","ProselytesBlade","Leap_lor","GuidanceOfTheGears","EndlessBattle","WildCard","Standoff"],"picked":"SKIP","floor":30.0},{"not_picked":["Fence","DestructiveImpact","GroundSmash","QuickAttack","ChiWen","ClassAndRespect+1","Rewind+1","GuidanceOfTheGears","HandleRequest+1"],"picked":"SKIP","floor":31.0},{"not_picked":["Commandeering","WillProduceFineSilk"],"picked":"ChargeUp+1","floor":33.0},{"not_picked":["Disposal","DefenseOrder","DarkCloud+1","SnakesPrey+1","CombatPreparation+1","BattleCommand","BiXi"],"picked":"SKIP","floor":35.0},{"not_picked":["Wallop_lor","SteelKnuckles","DestructiveImpact+1","UnavoidableGaze+1","ClassAndRespect","BackAttack","SunsetBlade+1"],"picked":"SKIP","floor":36.0},{"not_picked":["Deep Breath","Bandage Up","Purity","Secret Technique","Swift Strike","Discovery"],"picked":"Enlightenment","floor":37},{"not_picked":["LoosenUp","CoordinatedAssault","HardRehearsal+1","SilentNight","GrazeTheGrass","TendonChords+1"],"picked":"RapidGashes+1","floor":40},{"not_picked":["Feast+1","StrikeDown+1","TrimTheIngredients+1","Unlock1+1","HighKick","FierceCharge"],"picked":"MultiHit","floor":42},{"not_picked":["EnergyCycle+1","ScratchThat","Thrust+1","IdentifyWeakpoint","QuickAttack","AutonomousRush+1","Outburst"],"picked":"SKIP","floor":44},{"not_picked":["TendonChords","ShrineToMusic+1","Concentration+1","DefenseOrder+1","Wallop_lor+1","ProselytesBlade+1","Faith"],"picked":"SKIP","floor":46},{"not_picked":["Standoff+1","Quickness","Gigigig+1","MultiHit","Preparation","RapidGashes"],"picked":"BackAttack+1","floor":48},{"not_picked":["ScratchThat","Gigigig","BladeWhirl","StructuralAnalysis+1","Multislash","DefenseOrder"],"picked":"Deflect_lor","floor":55}],"player_experience":1451812,"relics_obtained":[{"floor":6.0,"key":"Frozen Egg 2"},{"floor":8.0,"key":"PageOfSnowWhitesApple"},{"floor":9.0,"key":"Pen Nib"},{"floor":11.0,"key":"Nunchaku"},{"floor":22.0,"key":"Red Mask"},{"floor":24.0,"key":"Bag of Marbles"},{"floor":26.0,"key":"Dream Catcher"},{"floor":28.0,"key":"PageOfGreed"},{"floor":31.0,"key":"PageOfTheQueenOfHatred"},{"floor":38,"key":"Turnip"},{"floor":40,"key":"PageOfTheKnightOfDespair"},{"floor":42,"key":"PageOfWrath"},{"floor":43,"key":"PageOfPorccubus"},{"floor":44,"key":"PageOfNihil"},{"floor":55,"key":"Kunai"}],"event_choices":[{"damage_healed":0.0,"max_hp_gain":0.0,"max_hp_loss":0.0,"gold_gain":0.0,"cards_transformed":["LightAttack"],"event_name":"Living Wall","player_choice":"Change","floor":14.0,"gold_loss":0.0,"damage_taken":0.0,"cards_obtained":["DimensionalRift"]},{"damage_healed":0.0,"max_hp_gain":0.0,"max_hp_loss":0.0,"gold_gain":0.0,"event_name":"Masked Bandits","player_choice":"Fought Bandits","floor":22.0,"gold_loss":0.0,"damage_taken":0.0},{"damage_healed":0,"gold_gain":0,"player_choice":"Memory 3","damage_taken":10,"max_hp_gain":0,"max_hp_loss":0,"event_name":"SensoryStone","floor":37,"gold_loss":0},{"damage_healed":0,"gold_gain":0,"player_choice":"Fight","damage_taken":0,"max_hp_gain":0,"max_hp_loss":0,"event_name":"Mysterious Sphere","floor":38,"gold_loss":0},{"cards_removed":["LightAttack"],"damage_healed":0,"gold_gain":0,"player_choice":"Offered Basic","damage_taken":0,"max_hp_gain":0,"max_hp_loss":0,"event_name":"Bonfire Elementals","floor":41,"gold_loss":0}],"is_beta":false,"boss_relics":[{"not_picked":["Runic Pyramid","Philosopher\u0027s Stone"],"picked":"SlaversCollar"},{"not_picked":["Velvet Choker","Black Star"],"picked":"Busted Crown"}],"items_purged_floors":[3,20,39,54],"is_endless":false,"potions_floor_spawned":[1,5,16,19,22,28,30,33,38,46,48],"ascension_level":2}}