{"host":"5qkhoeeerm2epmkk","time":1614218794,"event":{"mods":["Aspiration","BaseMod","Block Reminder","Colored Map","Colored Powertips","Conspire","Custom Start","Energized Spire","GifTheSpireLib","Halation","Jedi Mod","Minty Spire (QoL Compilation)","Quick Restart","Replay The Spire","Shop Mod","StSLib","Stuff the Spire","SuperFastMode","The Animator","Trackpad"],"gold_per_floor":[17,35,35,48,48,83,83,117,199,199,219,237,267,285,285,285,285],"floor_reached":16,"language":"ENG","playtime":669,"items_purged":[],"score":244,"play_id":"ed035865-544e-4d15-bc6b-766e71df9ce0","local_time":"20210224210634","is_ascension_mode":true,"campfire_choices":[{"floor":7,"key":"REST"},{"floor":10,"key":"REST"},{"floor":15,"key":"REST"}],"circlet_count":0,"master_deck":["AscendersBane","Strike_R","Strike_R","Strike_R","Strike_R","Strike_R","Defend_R","Defend_R","Defend_R","Defend_R","Shrug It Off","ReplayTheSpireMod:Stacked","Uppercut","Perfected Strike","Perfected Strike","Armaments","Anger"],"relics":["Burning Blood","WingedGreaves","StuffTheSpire:GrapeVine","halation:KoshaPiece","StuffTheSpire:BottledHeartBeat","Self Forming Clay","Replay:Wax Seal"],"acts_visited":["Exordium"],"potions_floor_usage":[6,13,13],"damage_taken":[{"damage":11,"enemies":"Jaw Worm","floor":1,"turns":5},{"damage":4,"enemies":"Cultist","floor":2,"turns":5},{"damage":8,"enemies":"Small Slimes","floor":4,"turns":5},{"damage":24,"enemies":"Lagavulin","floor":6,"turns":6},{"damage":29,"enemies":"3 Sentries","floor":8,"turns":14},{"damage":4,"enemies":"2 Fungi Beasts","floor":11,"turns":4},{"damage":11,"enemies":"Looter","floor":12,"turns":4},{"damage":36,"enemies":"Lagavulin","floor":13,"turns":6},{"damage":11,"enemies":"Exordium Thugs","floor":14,"turns":5},{"damage":38,"enemies":"The Guardian","floor":16,"turns":5}],"seed_played":"3568888554215747867","potions_obtained":[{"floor":1,"key":"FearPotion"},{"floor":8,"key":"Strength Potion"},{"floor":11,"key":"Ancient Potion"},{"floor":14,"key":"SpeedPotion"}],"is_trial":false,"path_per_floor":["M","M","?","M","?","E","R","E","T","R","M","M","E","M","R","B"],"character_chosen":"IRONCLAD","items_purchased":[],"campfire_rested":3,"item_purchase_floors":[],"current_hp_per_floor":[63,65,47,45,45,27,49,26,26,48,50,45,15,10,32,0,0],"gold":285,"neow_bonus":"ONE_RARE_RELIC","is_daily":false,"chose_seed":false,"campfire_upgraded":0,"win_rate":0.0,"timestamp":1614218794,"path_taken":["M","M","?","M","?","E","R","E","T","R","?","?","E","M","R","BOSS"],"items_purchased_type":[],"build_version":"2020-12-22","purchased_purges":0,"victory":false,"max_hp_per_floor":[75,75,75,75,75,75,75,75,75,75,75,75,75,75,75,75,75],"card_choices":[{"not_picked":["Heavy Blade","Thunderclap"],"picked":"Shrug It Off","floor":1},{"not_picked":["StuffTheSpire:Slingshot","Run Through"],"picked":"ReplayTheSpireMod:Stacked","floor":2},{"not_picked":["Clothesline","Iron Wave"],"picked":"Uppercut","floor":4},{"not_picked":["Hemokinesis","Burning Pact"],"picked":"Perfected Strike","floor":6},{"not_picked":["Dark Embrace","Clothesline"],"picked":"Perfected Strike","floor":8},{"not_picked":["Replay:Undeath\u0027s Touch","Offering"],"picked":"Armaments","floor":11},{"not_picked":["Warcry","jedi:hate","StuffTheSpire:RagingBull"],"picked":"SKIP","floor":12},{"not_picked":["jedi:controlledanger","Run Through"],"picked":"Anger","floor":13},{"not_picked":["Havoc","Abandon","StuffTheSpire:Resist"],"picked":"SKIP","floor":14}],"player_experience":1890779,"relics_obtained":[{"floor":6,"key":"halation:KoshaPiece"},{"floor":8,"key":"StuffTheSpire:BottledHeartBeat"},{"floor":9,"key":"Self Forming Clay"},{"floor":13,"key":"Replay:Wax Seal"}],"event_choices":[{"damage_healed":0,"gold_gain":0,"player_choice":"Success","damage_taken":18,"relics_obtained":["StuffTheSpire:GrapeVine"],"max_hp_gain":0,"max_hp_loss":0,"event_name":"Scrap Ooze","floor":3,"gold_loss":0},{"cards_removed":["Bash"],"damage_healed":0,"gold_gain":0,"player_choice":"Offered Basic","damage_taken":0,"max_hp_gain":0,"max_hp_loss":0,"event_name":"Bonfire Elementals","floor":5,"gold_loss":0}],"is_beta":false,"boss_relics":[],"items_purged_floors":[],"is_endless":false,"potions_floor_spawned":[1,8,11,12,14],"killed_by":"The Guardian","ascension_level":20}}