{"host":"nolo0osttpwefhwj","time":1614262709,"event":{"mods":["AchievementEnabler","BaseMod","Bestiary","Colored Powertips","Minty Spire (QoL Compilation)","Permanent Neow","Quick Restart","Relic Stats"],"gold_per_floor":[110,123,123,123,134,134,134,166,166,191,341,351,276,55,55,55,55],"floor_reached":16,"language":"ENG","playtime":763,"items_purged":["Strike_R"],"score":259,"play_id":"bbcfdfbc-ae65-48e0-a6aa-75e0c2ccb588","local_time":"20210225151829","is_ascension_mode":true,"campfire_choices":[{"data":"Corruption","floor":6,"key":"SMITH"},{"data":"Uppercut","floor":15,"key":"SMITH"}],"circlet_count":0,"master_deck":["AscendersBane","Strike_R","Strike_R","Defend_R","Defend_R","Defend_R","Defend_R","Bash","Corruption+1","Ghostly Armor","Sever Soul","Limit Break","Dual Wield","Shrug It Off","Uppercut+1"],"relics":["Burning Blood","Charon\u0027s Ashes","Matryoshka","Nunchaku"],"acts_visited":["Exordium"],"potions_floor_usage":[5,8,16],"damage_taken":[{"damage":6,"enemies":"Jaw Worm","floor":1,"turns":5},{"damage":4,"enemies":"Small Slimes","floor":2,"turns":4},{"damage":0,"enemies":"Cultist","floor":5,"turns":4},{"damage":36,"enemies":"Lagavulin","floor":8,"turns":8},{"damage":0,"enemies":"3 Sentries","floor":10,"turns":4},{"damage":12,"enemies":"Large Slime","floor":12,"turns":5},{"damage":54,"enemies":"Slime Boss","floor":16,"turns":11}],"seed_played":"-4469730413614920854","potions_obtained":[{"floor":1,"key":"DistilledChaos"},{"floor":2,"key":"Regen Potion"},{"floor":5,"key":"Block Potion"}],"is_trial":false,"path_per_floor":["M","M","?","?","M","R","?","E","T","E","?","M","?","$","R","B"],"character_chosen":"IRONCLAD","items_purchased":["Shrug It Off","Uppercut"],"campfire_rested":0,"item_purchase_floors":[14,14],"current_hp_per_floor":[68,70,70,70,75,75,80,62,62,68,68,62,62,62,62,8,8],"gold":55,"neow_bonus":"ONE_RANDOM_RARE_CARD","is_daily":false,"chose_seed":false,"campfire_upgraded":2,"win_rate":0.0,"timestamp":1614262709,"path_taken":["M","M","?","?","?","R","?","E","T","E","?","M","?","$","R","BOSS"],"items_purchased_type":["Card","Card"],"build_version":"2020-12-22","purchased_purges":1,"victory":false,"max_hp_per_floor":[75,75,75,75,75,75,80,80,80,80,80,80,80,80,80,80,80],"relic_stats":{"Nunchaku":[2],"counters":[7,41],"Charon\u0027s Ashes":[260],"obtain_stats":[{"Nunchaku":10,"Matryoshka":9,"Charon\u0027s Ashes":8,"Burning Blood":0},{"Nunchaku":5,"Matryoshka":4,"Charon\u0027s Ashes":4,"Burning Blood":0},{"Nunchaku":25,"Matryoshka":21,"Charon\u0027s Ashes":21,"Burning Blood":0}],"Burning Blood":35},"card_choices":[{"not_picked":["Intimidate","Searing Blow","Dark Embrace"],"picked":"SKIP","floor":1},{"not_picked":["Searing Blow","Havoc"],"picked":"Ghostly Armor","floor":2},{"not_picked":["Body Slam","Wild Strike","Cleave"],"picked":"SKIP","floor":5},{"not_picked":["Pommel Strike","Iron Wave"],"picked":"Dual Wield","floor":8},{"not_picked":["Intimidate","Thunderclap","Power Through"],"picked":"SKIP","floor":10},{"not_picked":["Bludgeon","Iron Wave","Anger"],"picked":"SKIP","floor":12}],"player_experience":315854,"relics_obtained":[{"floor":8,"key":"Charon\u0027s Ashes"},{"floor":9,"key":"Matryoshka"},{"floor":10,"key":"Nunchaku"}],"event_choices":[{"damage_healed":0,"gold_gain":0,"cards_transformed":["Strike_R"],"player_choice":"Change","damage_taken":0,"max_hp_gain":0,"max_hp_loss":0,"event_name":"Living Wall","floor":3,"gold_loss":0,"cards_obtained":["Sever Soul"]},{"damage_healed":0,"gold_gain":0,"cards_transformed":["Strike_R"],"player_choice":"Transformed","damage_taken":0,"max_hp_gain":0,"max_hp_loss":0,"event_name":"Transmorgrifier","floor":4,"gold_loss":0,"cards_obtained":["Limit Break"]},{"damage_healed":0,"gold_gain":0,"player_choice":"Donut","damage_taken":0,"max_hp_gain":5,"max_hp_loss":0,"event_name":"Big Fish","floor":7,"gold_loss":0},{"damage_healed":0,"gold_gain":150,"player_choice":"AGREE","damage_taken":0,"max_hp_gain":0,"max_hp_loss":0,"event_name":"Liars Game","floor":11,"gold_loss":0,"cards_obtained":["Doubt"]},{"cards_removed":["Doubt"],"damage_healed":0,"gold_gain":0,"player_choice":"Card Removal","damage_taken":0,"max_hp_gain":0,"max_hp_loss":0,"event_name":"The Cleric","floor":13,"gold_loss":75}],"is_beta":false,"boss_relics":[],"items_purged_floors":[14],"is_endless":false,"potions_floor_spawned":[1,2,5],"killed_by":"Slime Boss","ascension_level":19}}