{"host":"50per11302020","time":1614242201,"event":{"mods":["AchievementEnabler","BaseMod","Colored Map","Minty Spire (QoL Compilation)","Relic Stats","StSLib"],"gold_per_floor":[112,62,62,15,62,75,75,95,120,120,133,133,308,308,308,412,412,425,212,227,152,80,95,95,95,95,95,112,191,191,191,191],"floor_reached":31,"language":"ENG","playtime":1190,"items_purged":[],"score":232,"play_id":"b6197cbc-2bcd-43be-9efb-eb58deb375e8","local_time":"20210225003641","is_ascension_mode":true,"campfire_choices":[{"data":"Armaments","floor":7,"key":"SMITH"},{"data":"Bash","floor":10,"key":"SMITH"},{"data":"Searing Blow","floor":12,"key":"SMITH"},{"data":"Searing Blow+1","floor":15,"key":"SMITH"},{"floor":25,"key":"REST"},{"data":"Dual Wield","floor":27,"key":"SMITH"},{"floor":30,"key":"REST"}],"circlet_count":0,"master_deck":["Defend_R","Defend_R","Bash+1","Reckless Charge+1","Flame Barrier+1","Barricade+1","Searing Blow+2","Armaments+1","Dual Wield+1","Immolate","Panache","Shrug It Off","Shrug It Off+1","Rage","Brutality","Iron Wave","Feel No Pain+1"],"relics":["Astrolabe"],"acts_visited":["Exordium","TheCity"],"potions_floor_usage":[23],"damage_taken":[{"damage":0,"enemies":"Jaw Worm","floor":1,"turns":3},{"damage":1,"enemies":"Cultist","floor":6,"turns":3},{"damage":0,"enemies":"Small Slimes","floor":8,"turns":5},{"damage":2,"enemies":"Blue Slaver","floor":11,"turns":3},{"damage":21,"enemies":"The Guardian","floor":16,"turns":18},{"damage":28,"enemies":"2 Thieves","floor":18,"turns":4},{"damage":9,"enemies":"3 Byrds","floor":20,"turns":4},{"damage":21,"enemies":"Snake Plant","floor":23,"turns":2},{"damage":17,"enemies":"Snecko","floor":28,"turns":9},{"damage":61,"enemies":"Gremlin Leader","floor":31,"turns":7}],"seed_played":"723902503054359709","potions_obtained":[{"floor":6,"key":"SteroidPotion"},{"floor":8,"key":"AttackPotion"},{"floor":18,"key":"Explosive Potion"},{"floor":20,"key":"HeartOfIron"}],"is_trial":false,"path_per_floor":["M","?","?","$","T","M","R","M","T","R","M","R","?","?","R","B",null,"M","$","M","?","$","M","?","R","T","R","M","T","R","E"],"character_chosen":"IRONCLAD","items_purchased":["Armaments","Panache","Shrug It Off","Rage"],"campfire_rested":2,"item_purchase_floors":[4,19,19,22],"current_hp_per_floor":[80,80,80,80,80,79,79,79,79,79,77,77,77,70,70,49,80,52,52,43,43,43,22,22,46,46,46,29,29,53,0,0],"gold":191,"neow_bonus":"BOSS_RELIC","is_daily":false,"chose_seed":false,"campfire_upgraded":5,"win_rate":0.0,"timestamp":1614242201,"path_taken":["M","?","?","$","?","M","R","M","T","R","?","R","?","?","R","BOSS","M","$","M","?","$","M","?","R","T","R","M","?","R","E"],"items_purchased_type":["Card","Card","Card","Card"],"build_version":"2020-12-18","purchased_purges":0,"victory":false,"max_hp_per_floor":[80,80,80,80,80,80,80,80,80,80,80,80,80,80,80,80,80,80,80,80,80,80,80,80,80,80,80,80,80,80,80,80],"relic_stats":{"counters":[10,58],"Astrolabe":["Reckless Charge","Flame Barrier","Barricade"],"obtain_stats":[{"Astrolabe":0,"Burning Blood":0},{"Astrolabe":0,"Burning Blood":0},{"Astrolabe":0,"Burning Blood":0}]},"card_choices":[{"not_picked":["Havoc","Sword Boomerang"],"picked":"Searing Blow","floor":1},{"not_picked":["Wild Strike","Clash"],"picked":"Dual Wield","floor":6},{"not_picked":["Clothesline","Flex","Sword Boomerang"],"picked":"SKIP","floor":8},{"not_picked":["Wild Strike","Anger","Pummel"],"picked":"SKIP","floor":11},{"not_picked":["Offering","Exhume"],"picked":"Immolate","floor":16},{"not_picked":["Cleave","Clash+1","Carnage"],"picked":"SKIP","floor":18},{"not_picked":["Armaments","True Grit"],"picked":"Shrug It Off+1","floor":20},{"not_picked":["Anger","Seeing Red+1","Twin Strike"],"picked":"SKIP","floor":23},{"not_picked":["Blood for Blood+1","Exhume"],"picked":"Feel No Pain+1","floor":28}],"player_experience":459910,"relics_obtained":[],"event_choices":[{"cards_removed":["Strike_R"],"damage_healed":0,"gold_gain":0,"player_choice":"Card Removal","damage_taken":0,"max_hp_gain":0,"max_hp_loss":0,"event_name":"The Cleric","floor":2,"gold_loss":50},{"damage_healed":0,"gold_gain":0,"player_choice":"Fled","damage_taken":0,"max_hp_gain":0,"max_hp_loss":0,"event_name":"Scrap Ooze","floor":3,"gold_loss":0},{"damage_healed":0,"gold_gain":175,"player_choice":"AGREE","damage_taken":0,"max_hp_gain":0,"max_hp_loss":0,"event_name":"Liars Game","floor":13,"gold_loss":0,"cards_obtained":["Doubt"]},{"cards_removed":["Doubt"],"damage_healed":0,"gold_gain":0,"player_choice":"Card Removal","damage_taken":7,"max_hp_gain":0,"max_hp_loss":0,"event_name":"Golden Wing","floor":14,"gold_loss":0},{"cards_removed":["Strike_R"],"damage_healed":0,"gold_gain":0,"player_choice":"Gave Gold","damage_taken":0,"max_hp_gain":0,"max_hp_loss":0,"event_name":"Beggar","floor":21,"gold_loss":75},{"damage_healed":0,"gold_gain":0,"cards_transformed":["Strike_R","Defend_R"],"player_choice":"Became Test Subject","damage_taken":0,"max_hp_gain":0,"max_hp_loss":0,"event_name":"Drug Dealer","floor":24,"gold_loss":0,"cards_obtained":["Brutality","Iron Wave"]}],"is_beta":true,"boss_relics":[{"not_picked":["Fusion Hammer","Pandora\u0027s Box","Calling Bell"]}],"items_purged_floors":[],"is_endless":false,"potions_floor_spawned":[6,8,18,20],"killed_by":"Gremlin Leader","ascension_level":1}}