{"host":"8rwnpls8n88jrgbg","time":1614232373,"event":{"mods":["AchievementEnabler","BaseMod","Colored Map","Colored Powertips","DeckTracker","Keyboard Shortcuts","Minty Spire (QoL Compilation)","Relic Stats","StSLib","SuperFastMode"],"gold_per_floor":[13,27,38,49,63,63,93,18,18,18,51,62,62,62,62,62,62],"floor_reached":16,"language":"KOR","playtime":541,"items_purged":[],"score":196,"play_id":"cb336305-dc8d-4936-9a00-4a06248b2fc3","local_time":"20210225145253","is_ascension_mode":true,"campfire_choices":[{"data":"Infernal Blade","floor":6,"key":"SMITH"},{"data":"Corruption","floor":10,"key":"SMITH"},{"floor":13,"key":"REST"},{"floor":15,"key":"REST"}],"circlet_count":0,"master_deck":["AscendersBane","Strike_R","Strike_R+1","Strike_R","Strike_R","Strike_R","Defend_R+1","Defend_R","Defend_R","Defend_R","Corruption+1","Second Wind","Infernal Blade+1","Sword Boomerang","Cleave","Perfected Strike","Wild Strike","Pommel Strike+1"],"relics":["Burning Blood","Vajra","Molten Egg 2","Omamori"],"acts_visited":["Exordium"],"potions_floor_usage":[4,11,16],"damage_taken":[{"damage":11.0,"enemies":"2 Louse","floor":1.0,"turns":3.0},{"damage":0.0,"enemies":"Jaw Worm","floor":2.0,"turns":3.0},{"damage":1.0,"enemies":"Small Slimes","floor":3.0,"turns":4.0},{"damage":0,"enemies":"2 Fungi Beasts","floor":4,"turns":3},{"damage":8,"enemies":"Blue Slaver","floor":5,"turns":4},{"damage":40,"enemies":"3 Sentries","floor":7,"turns":8},{"damage":35,"enemies":"Lagavulin","floor":11,"turns":6},{"damage":7,"enemies":"Looter","floor":12,"turns":3},{"damage":33,"enemies":"The Guardian","floor":16,"turns":10}],"seed_played":"-7861896414181182030","potions_obtained":[{"floor":3.0,"key":"EntropicBrew"},{"floor":5,"key":"CultistPotion"},{"floor":12,"key":"ColorlessPotion"}],"is_trial":false,"path_per_floor":["M","M","M","M","M","R","E","?","T","R","E","M","R","?","R","B"],"character_chosen":"IRONCLAD","items_purchased":[],"campfire_rested":2,"item_purchase_floors":[],"current_hp_per_floor":[63,69,74,75,73,73,39,39,39,39,10,9,31,8,30,0,0],"gold":62,"neow_bonus":"THREE_RARE_CARDS","is_daily":false,"chose_seed":false,"campfire_upgraded":2,"win_rate":0.0,"timestamp":1614232373,"path_taken":["M","M","M","M","M","R","E","?","T","R","E","M","R","?","R","BOSS"],"items_purchased_type":[],"build_version":"2020-12-22","purchased_purges":0,"victory":false,"max_hp_per_floor":[75,75,75,75,75,75,75,75,75,75,75,75,75,75,75,75,75],"relic_stats":{"counters":[9,44],"obtain_stats":[{"Vajra":7,"Molten Egg 2":9,"Omamori":11,"Burning Blood":0},{"Vajra":6,"Molten Egg 2":6,"Omamori":7,"Burning Blood":0},{"Vajra":25,"Molten Egg 2":25,"Omamori":31,"Burning Blood":0}],"Burning Blood":43},"card_choices":[{"not_picked":["Impervious","Barricade"],"picked":"Corruption","floor":0.0},{"not_picked":["Pommel Strike","True Grit"],"picked":"Second Wind","floor":1.0},{"not_picked":["Pummel","Armaments"],"picked":"Infernal Blade","floor":2.0},{"not_picked":["Clothesline","Infernal Blade"],"picked":"Sword Boomerang","floor":3.0},{"not_picked":["Armaments","Twin Strike"],"picked":"Cleave","floor":4},{"not_picked":["Wild Strike","Disarm"],"picked":"Perfected Strike","floor":5},{"not_picked":["Corruption","Heavy Blade"],"picked":"Wild Strike","floor":7},{"not_picked":["Armaments","Dropkick+1"],"picked":"Pommel Strike+1","floor":11},{"not_picked":["Dual Wield","Iron Wave+1","Flex"],"picked":"SKIP","floor":12}],"player_experience":1537387,"relics_obtained":[{"floor":7,"key":"Vajra"},{"floor":9,"key":"Molten Egg 2"},{"floor":11,"key":"Omamori"}],"event_choices":[{"cards_removed":["Bash"],"damage_healed":0,"gold_gain":0,"player_choice":"Card Removal","damage_taken":0,"max_hp_gain":0,"max_hp_loss":0,"event_name":"The Cleric","floor":8,"gold_loss":75},{"damage_healed":0,"gold_gain":0,"player_choice":"Entered Light","damage_taken":23,"max_hp_gain":0,"max_hp_loss":0,"event_name":"Shining Light","floor":14,"gold_loss":0,"cards_upgraded":["Defend_R","Strike_R"]}],"is_beta":false,"boss_relics":[],"items_purged_floors":[],"is_endless":false,"potions_floor_spawned":[3,5,7,12],"killed_by":"The Guardian","ascension_level":15}}