{"host":"ya062ahhhuj9au1o","time":1614222676,"event":{"mods":["BaseMod","Better Third Choice","Downfall","Filter the Spire","Hermit","Minty Spire (QoL Compilation)","Random Character Button","Robot Space Explorer","Somnambulant","StSLib","The Bug Knight","The Cursed","The Marked","The Servant 0.9.4"],"gold_per_floor":[118,137,87,87,119,119,119,119,119,183,183,211,211,237,237,339,339,371,310,40,69,99,99,22,36,36,67,102,102,12,12,12,111,111,111],"floor_reached":34,"language":"ENG","playtime":2216,"items_purged":[],"score":621,"play_id":"44f77e48-1d0e-4265-aa25-2fb39a62ca03","local_time":"20210224221116","is_ascension_mode":true,"campfire_choices":[{"data":"hermit:DeadOrAlive","floor":6.0,"key":"SMITH"},{"data":"hermit:Snapshot","floor":8.0,"key":"SMITH"},{"data":"1","floor":11.0,"key":"LIFT"},{"data":"2","floor":15.0,"key":"LIFT"},{"data":"3","floor":23.0,"key":"LIFT"},{"floor":29,"key":"REST"},{"floor":32,"key":"REST"}],"circlet_count":0,"master_deck":["hermit:Strike_Hermit","hermit:Strike_Hermit+1","hermit:Strike_Hermit","hermit:Strike_Hermit","hermit:Defend_Hermit","hermit:Snapshot+1","hermit:Covet","hermit:DeadOrAlive+1","hermit:BigShot","hermit:Showdown","hermit:Glare","hermit:RoundhouseKick","hermit:CalledShot","Impatience","hermit:GoldenBullet","hermit:Quickdraw","hermit:HeroicBravado","hermit:FatalDesire"],"relics":["Sozu","Centennial Puzzle","Girya","PreservedInsect","Fusion Hammer","Lantern","Bag of Marbles","Pantograph","Omamori","Calling Bell","Art of War","Toxic Egg 2","Bird Faced Urn"],"acts_visited":["Exordium","TheCity","TheBeyond"],"potions_floor_usage":[],"damage_taken":[{"damage":0.0,"enemies":"Jaw Worm","floor":1.0,"turns":3.0},{"damage":0.0,"enemies":"2 Louse","floor":2.0,"turns":2.0},{"damage":0.0,"enemies":"Cultist","floor":5.0,"turns":2.0},{"damage":30.0,"enemies":"3 Sentries","floor":10.0,"turns":9.0},{"damage":20.0,"enemies":"Lagavulin","floor":12.0,"turns":5.0},{"damage":0.0,"enemies":"Blue Slaver","floor":14.0,"turns":2.0},{"damage":0.0,"enemies":"Slime Boss","floor":16.0,"turns":4.0},{"damage":6.0,"enemies":"Spheric Guardian","floor":18.0,"turns":3.0},{"damage":12.0,"enemies":"Chosen and Byrds","floor":21.0,"turns":3.0},{"damage":11.0,"enemies":"Sentry and Sphere","floor":22.0,"turns":3.0},{"damage":3.0,"enemies":"Cultist and Chosen","floor":25.0,"turns":3.0},{"damage":1,"enemies":"3 Cultists","floor":27,"turns":3},{"damage":10,"enemies":"Book of Stabbing","floor":28,"turns":2},{"damage":78,"enemies":"Automaton","floor":33,"turns":8}],"seed_played":"-8617552381763337386","potions_obtained":[],"is_trial":false,"path_per_floor":["M","M","?","?","M","R","?","R","T","E","R","E","?","M","R","B",null,"M","?","$","M","M","R","$","M","T","M","E","R","?","$","R","B",null],"character_chosen":"HERMIT","items_purchased":["Bag of Marbles","hermit:CalledShot","Impatience","hermit:GoldenBullet"],"campfire_rested":2,"item_purchase_floors":[20,20,20,24],"current_hp_per_floor":[68,68,68,73,73,73,73,73,73,43,43,23,23,23,23,23,66,60,60,60,48,37,37,37,34,34,33,23,47,47,47,71,2,61,61],"gold":111,"neow_bonus":"BOSS_RELIC","is_daily":false,"chose_seed":false,"campfire_upgraded":2,"win_rate":0.0,"timestamp":1614222676,"path_taken":["M","M","?","?","M","R","?","R","T","E","R","E","?","?","R","BOSS","M","?","$","M","M","R","$","?","T","M","E","R","?","?","R","BOSS"],"items_purchased_type":["Relic","Card","Card","Card"],"build_version":"2020-12-22","purchased_purges":0,"victory":false,"max_hp_per_floor":[75,75,75,80,80,80,80,80,80,80,80,80,80,80,80,80,80,80,80,80,80,80,80,80,80,80,80,80,80,80,80,80,80,80,80],"card_choices":[{"not_picked":["hermit:Snipe","hermit:Roulette","hermit:ItchyTrigger"],"picked":"SKIP","floor":1.0},{"not_picked":["hermit:Determination","hermit:Headshot"],"picked":"hermit:DeadOrAlive","floor":2.0},{"not_picked":["hermit:Cheat","hermit:Manifest"],"picked":"hermit:BigShot","floor":5.0},{"not_picked":["hermit:EyeOfTheStorm","hermit:Snipe"],"picked":"hermit:Showdown","floor":10.0},{"not_picked":["hermit:Roulette","hermit:Snipe"],"picked":"hermit:Glare","floor":12.0},{"not_picked":["hermit:Grudge","hermit:ShadowCloak"],"picked":"hermit:RoundhouseKick","floor":14.0},{"not_picked":["hermit:LowProfile","hermit:Misfire","hermit:Malice"],"picked":"SKIP","floor":18.0},{"not_picked":["hermit:Vantage","hermit:Malice","hermit:Scavenge"],"picked":"SKIP","floor":21.0},{"not_picked":["hermit:TakeAim","hermit:SprayPray","hermit:BigShot+1"],"picked":"SKIP","floor":22.0},{"not_picked":["hermit:Midnight+1","hermit:Malice"],"picked":"hermit:Quickdraw","floor":25},{"not_picked":["hermit:Showdown+1","hermit:HoleUp","hermit:EyeOfTheStorm"],"picked":"SKIP","floor":27},{"not_picked":["hermit:HighCaliber","hermit:Roulette"],"picked":"hermit:HeroicBravado","floor":28},{"not_picked":["hermit:Magnum","hermit:OverwhelmingPower"],"picked":"hermit:FatalDesire","floor":33}],"player_experience":1837956,"relics_obtained":[{"floor":9.0,"key":"Centennial Puzzle"},{"floor":10.0,"key":"Girya"},{"floor":12.0,"key":"PreservedInsect"},{"floor":26,"key":"Pantograph"},{"floor":28,"key":"Omamori"},{"floor":34,"key":"Art of War"},{"floor":34,"key":"Toxic Egg 2"},{"floor":34,"key":"Bird Faced Urn"}],"event_choices":[{"cards_removed":["hermit:Defend_Hermit"],"damage_healed":0.0,"max_hp_gain":0.0,"max_hp_loss":0.0,"gold_gain":0.0,"event_name":"The Cleric","player_choice":"Card Removal","floor":3.0,"gold_loss":50.0,"damage_taken":0.0},{"damage_healed":0.0,"max_hp_gain":5.0,"max_hp_loss":0.0,"gold_gain":0.0,"event_name":"Big Fish","player_choice":"Donut","floor":4.0,"gold_loss":0.0,"damage_taken":0.0},{"damage_healed":0.0,"max_hp_gain":0.0,"max_hp_loss":0.0,"gold_gain":0.0,"event_name":"betterThird:BetterSerpent","player_choice":"Ignored","floor":7.0,"gold_loss":0.0,"damage_taken":119.0},{"cards_removed":["hermit:Defend_Hermit"],"damage_healed":0.0,"max_hp_gain":0.0,"max_hp_loss":0.0,"gold_gain":0.0,"event_name":"Purifier","player_choice":"Purged","floor":13.0,"gold_loss":0.0,"damage_taken":0.0},{"damage_healed":0.0,"max_hp_gain":0.0,"max_hp_loss":0.0,"gold_gain":0.0,"event_name":"WeMeetAgain","player_choice":"Paid Gold","floor":19.0,"gold_loss":61.0,"damage_taken":0.0,"relics_obtained":["Lantern"]},{"cards_removed":["hermit:Defend_Hermit"],"damage_healed":0,"gold_gain":0,"player_choice":"Upgrade and Remove","damage_taken":0,"max_hp_gain":0,"max_hp_loss":0,"event_name":"Designer","floor":30,"gold_loss":90,"cards_upgraded":["hermit:Strike_Hermit"]}],"is_beta":false,"boss_relics":[{"not_picked":["Pandora\u0027s Box","Philosopher\u0027s Stone"],"picked":"Fusion Hammer"},{"not_picked":["Snecko Eye","Coffee Dripper"],"picked":"Calling Bell"}],"items_purged_floors":[],"is_endless":false,"potions_floor_spawned":[10,12,16,21,25,33],"ascension_level":9}}