{"host":"vhikgave70uorr7d","time":1614234095,"event":{"mods":["100% Spire Juice","Ascension Reborn","Ascension Unlocker","BaseMod","Beaked The Cultist","Better Altar","Better Match","Better Note","Better Sensory Stone","Better Skull","Better Third Choice","BetterRewards","Colored Powertips","Dark Map","Defuse TimeMaze Blight","Downfall","Energized Spire","Evolution","Googly Eyes","Highlight Path","Hubris","Infinite Spire","Minty Spire (QoL Compilation)","MostiFishMod","Permanent Neow","Poor People Problems","Quick Restart","Rare Cards Sparkle","Reliquary","Remove Card Discount Mod","Replay The Spire","Small Relic Pack","Spicy Shops","StSLib","The Alterego","The Blue Laboratory","The Bug Knight","The Construct","The Hayseed","The Hierophant","The Runesmith","The Servant 0.9.4","The Vixen","The Wild Card","TheVacant","Transform Curses"],"gold_per_floor":[111,124,153,103,117,117,46,76,171,202,202,218,254,278,278,392,392,405,405,405,419,442,476,499,529,529,543,560,576,382,399,399,524,524,541,541,553,573,589,589,623,623,623,623,623,643,680,694,694,814,814,814,478,513,513],"floor_reached":56,"language":"ENG","playtime":6291,"items_purged":["Defend_B","Defend_B","Defend_B","Dualcast","MostiFishMod:PushDownKick","Sweeping Beam","Compile Driver","Compile Driver","Beam Cell","Zap+1","BasicCrystalCard+1","FTL+1","Parasite"],"score":1648,"play_id":"f9e602ed-191d-406f-97a5-3fb868ccccf9","local_time":"20210225012135","is_ascension_mode":true,"campfire_choices":[{"data":"Consume","floor":6.0,"key":"SMITH"},{"data":"Zap","floor":11.0,"key":"SMITH"},{"data":"Chaos","floor":11.0,"key":"SMITH"},{"floor":15.0,"key":"RECALL"},{"data":"Creative AI","floor":32.0,"key":"SMITH"},{"data":"FTL","floor":32.0,"key":"SMITH"},{"data":"Defragment","floor":40,"key":"SMITH"},{"data":"MostiFishMod:Prepare","floor":40,"key":"SMITH"},{"data":"1","floor":49,"key":"LIFT"},{"data":"White Noise","floor":52,"key":"SMITH"},{"data":"Self Repair","floor":52,"key":"SMITH"}],"circlet_count":0,"master_deck":["Cold Snap+1","Cold Snap+1","Consume+1","Capacitor+1","Gash+1","Cold Snap+1","FIFO Queue+1","Chaos+1","Creative AI+1","Compile Driver+1","White Noise+1","infinitespire:Gouge+1","infinitespire:Collect+1","Ball Lightning+1","Self Repair+1","ReplayTheSpireMod:Reroute Power+1","Defragment+1","Coolheaded+1","MostiFishMod:LinkProtocol+1","Amplify+1","MostiFishMod:Prepare+1","Cold Snap+1","FIFO Queue+1","Crystallizer+1","Heatsinks+1","Defragment+1","infinitespire:Oblivion+1","Cold Snap+1","Compile Driver+1","Capacitor+1","Gash+1"],"relics":["Cracked Core","EVO:Axolotl","DaveBox","ShadowXiaoBlade","SynthV:TestCard","hubris:BundleOfHerbs","Matryoshka","Replay:Arrowhead","Replay:WaspNest","Oddly Smooth Stone","FossilizedHelix","Black Star","PatriotShield","hubris:PeanutButter","Replay:Bottled Eggs","Anchor","White Beast Statue","construct:RocketBooster","Bottled Lightning","Replay:Rubber Ducky","Toxic Egg 2","Bottled Lightning","Sozu","hubris:SoftwareUpdate","HollowMod:QueensCombRelic","energizedSpire:MagnifyingGlass","Mummified Hand","hubris:MysteriousPyramids","hubris:BallOfYels","Whetstone","Nuclear Battery","HandDrill","reliquary:RoseTintedGlasses","Kunai","hubris:Icosahedron","Ice Cream","Girya","Quantum Egg","infinitespire:Lucky Rock","Civilization","Guide Book","reliquary:FeatherDuster","CaptainsWheel"],"acts_visited":["Exordium","TheCity","TheBeyond","TheEnding"],"potions_floor_usage":[],"damage_taken":[{"damage":0.0,"enemies":"Cultist","floor":1.0,"turns":2.0},{"damage":5.0,"enemies":"Jaw Worm","floor":2.0,"turns":2.0},{"damage":0.0,"enemies":"Small Slimes","floor":5.0,"turns":1.0},{"damage":3.0,"enemies":"3 Sentries","floor":8.0,"turns":4.0},{"damage":0.0,"enemies":"HollowMod:MossKnight","floor":10.0,"turns":4.0},{"damage":1.0,"enemies":"Exordium Wildlife","floor":12.0,"turns":2.0},{"damage":8.0,"enemies":"3 Sentries","floor":13.0,"turns":4.0},{"damage":6.0,"enemies":"Lots of Slimes","floor":14.0,"turns":3.0},{"damage":23.0,"enemies":"Hexaghost","floor":16.0,"turns":5.0},{"damage":5.0,"enemies":"Chosen","floor":18.0,"turns":4.0},{"damage":0.0,"enemies":"Spheric Guardian","floor":21.0,"turns":1.0},{"damage":0.0,"enemies":"Centurion and Healer","floor":22.0,"turns":2.0},{"damage":4.0,"enemies":"Gremlin Leader","floor":23.0,"turns":4.0},{"damage":0.0,"enemies":"Sentry and Sphere","floor":24.0,"turns":2.0},{"damage":0.0,"enemies":"Book of Stabbing","floor":25.0,"turns":3.0},{"damage":0.0,"enemies":"Chosen and Byrds","floor":27.0,"turns":1.0},{"damage":0.0,"enemies":"Snake Plant","floor":28.0,"turns":2.0},{"damage":0.0,"enemies":"Cultist and Chosen","floor":29.0,"turns":4.0},{"damage":0.0,"enemies":"Shelled Parasite and Fungi","floor":31.0,"turns":2.0},{"damage":0.0,"enemies":"Collector","floor":33.0,"turns":3.0},{"damage":0.0,"enemies":"Orb Walker","floor":35.0,"turns":2.0},{"damage":0.0,"enemies":"3 Shapes","floor":37.0,"turns":3.0},{"damage":0.0,"enemies":"Sphere and 2 Shapes","floor":38.0,"turns":3.0},{"damage":0.0,"enemies":"Spire Growth","floor":39.0,"turns":4.0},{"damage":0,"enemies":"beaked:SuperParasite","floor":41,"turns":2},{"damage":0,"enemies":"Maw","floor":46,"turns":3},{"damage":0,"enemies":"R_Hoarder","floor":47,"turns":2},{"damage":0,"enemies":"Writhing Mass","floor":48,"turns":2},{"damage":0,"enemies":"hubris:GrandSnecko","floor":50,"turns":2},{"damage":0,"enemies":"Shield and Spear","floor":54,"turns":2},{"damage":0,"enemies":"The Heart","floor":55,"turns":3}],"seed_played":"3298860842461314792","potions_obtained":[{"floor":1.0,"key":"blueLaboratory:CoolantVial"},{"floor":8.0,"key":"blueLaboratory:PolymorphPotion"},{"floor":10.0,"key":"LiquidBronze"},{"floor":14.0,"key":"DistilledChaos"},{"floor":18.0,"key":"Energy Potion"}],"is_trial":false,"path_per_floor":["M","M","T","?","M","R","$","E","T","E","R","M","E","M","R","B",null,"M","?","AVR","M","M","E","M","E","T","M","M","M","$","M","R","B",null,"M","?","M","M","M","R","E","AVR","T","?","?","M","E","M","R","B",null,"R","$","E","B",null],"character_chosen":"DEFECT","items_purchased":["Cold Snap","hubris:SoftwareUpdate","infinitespire:Lucky Rock","Civilization","Guide Book"],"campfire_rested":0,"item_purchase_floors":[7,30,53,53,53],"current_hp_per_floor":[79,74,74,74,74,74,74,71,71,71,71,70,62,56,56,33,79,74,74,74,74,74,70,79,79,79,79,79,79,79,79,79,52,52,52,52,52,52,52,52,52,52,52,52,52,52,52,52,52,52,52,52,49,51,54],"gold":513,"neow_bonus":"THREE_CARDS","is_daily":false,"chose_seed":false,"campfire_upgraded":9,"win_rate":0.0,"timestamp":1614234095,"path_taken":["M","M","?","?","M","R","?","E","T","E","R","M","E","M","R","BOSS","M","?","AVR","M","M","E","M","E","T","M","M","M","$","M","R","BOSS","M","?","?","M","M","R","E","AVR","T","?","?","?","E","M","R","BOSS","R","$","E","BOSS"],"items_purchased_type":["Card","Relic","Relic","Relic","Relic"],"build_version":"2020-12-22","purchased_purges":13,"victory":true,"max_hp_per_floor":[79,79,79,79,79,79,79,79,79,79,79,79,79,79,79,79,79,79,79,79,79,79,79,79,79,79,79,79,79,79,79,79,52,52,52,52,52,52,52,52,52,52,52,52,52,52,52,52,52,52,52,52,49,51,54],"card_choices":[{"not_picked":["MostiFishMod:IceShield","Ball Lightning"],"picked":"Consume","floor":0.0},{"not_picked":["Conserve Battery","Cold Snap"],"picked":"Sweeping Beam","floor":1.0},{"not_picked":["Static Discharge","MostiFishMod:Overload","Panic Button","Hologram"],"picked":"MostiFishMod:PushDownKick","floor":2.0},{"not_picked":["hubris:PowerSurge","Beam Cell","Turbo","Conserve Battery"],"picked":"Gash","floor":5.0},{"not_picked":["Coolheaded","Go for the Eyes","Hologram","Conserve Battery"],"picked":"FIFO Queue","floor":8.0},{"not_picked":["Skim","ReplayTheSpireMod:System Scan","Rebound","hubris:DoWhile"],"picked":"Chaos","floor":10.0},{"not_picked":["Barrage","Hologram","Conserve Battery","Ball Lightning","hubris:PowerSurge"],"picked":"SKIP","floor":12.0},{"not_picked":["Barrage","Hologram","MostiFishMod:Hijack","Static Discharge"],"picked":"Beam Cell","floor":13.0},{"not_picked":["Reprogram","ReplayTheSpireMod:System Scan","Leap","Doom and Gloom"],"picked":"BasicCrystalCard","floor":14.0},{"not_picked":["Rainbow","MostiFishMod:Overload","ReplayTheSpireMod:Omega Cannon","Meteor Strike"],"picked":"Creative AI","floor":16.0},{"not_picked":["Hologram+1","Beam Cell","Redo","MostiFishMod:PushDownKick"],"picked":"Compile Driver+1","floor":18.0},{"not_picked":["Tempest","Stack","Steam Power","ReplaySolidLightProjector+1"],"picked":"Ball Lightning+1","floor":21.0},{"not_picked":["Sweeping Beam","Heatsinks","Steam","BootSequence"],"picked":"Self Repair","floor":22.0},{"not_picked":["MostiFishMod:Culaccino","hubris:Ukulele+1","Rebound+1","Stack"],"picked":"FTL","floor":23.0},{"not_picked":["Auto Shields","ReplaySolidLightProjector","Gash","Consume"],"picked":"ReplayTheSpireMod:Reroute Power+1","floor":24.0},{"not_picked":["Rebound","Gash","MostiFishMod:PushDownKick+1","Hologram+1"],"picked":"Defragment","floor":25.0},{"not_picked":["BootSequence+1","Hologram+1","Steam+1","Stack+1"],"picked":"Coolheaded+1","floor":27.0},{"not_picked":["Stack+1","Redo+1","Turbo+1","MostiFishMod:PushDownKick"],"picked":"MostiFishMod:LinkProtocol+1","floor":28.0},{"not_picked":["ReplayTheSpireMod:Reroute Power+1","Stack+1","Turbo+1","ReplayTheSpireMod:System Scan+1","Sweeping Beam"],"picked":"SKIP","floor":29.0},{"not_picked":["Tempest+1","Rip and Tear","Sweeping Beam+1","Cold Snap"],"picked":"Amplify+1","floor":31.0},{"not_picked":["ReplayRNGCard+1","MostiFishMod:ActiveDefenseSystem","MostiFishMod:ATRI+1","MostiFishMod:Hijack+1"],"picked":"MostiFishMod:Prepare","floor":33.0},{"not_picked":["BasicCrystalCard+1","Steam Power+1","Stack+1","Steam+1"],"picked":"Cold Snap","floor":35.0},{"not_picked":["Go for the Eyes+1","MostiFishMod:IceShield+1","BootSequence+1","Panic Button+1","Streamline"],"picked":"SKIP","floor":37.0},{"not_picked":["Undo+1","Compile Driver+1","Rebound","Streamline+1"],"picked":"Crystallizer","floor":38.0},{"not_picked":["Stack+1","Static Discharge","FTL+1","Panic Button+1"],"picked":"Heatsinks+1","floor":39},{"not_picked":["Sweeping Beam+1","Rebound+1","hubris:SpecializedCircuitry","Rip and Tear"],"picked":"Defragment+1","floor":41},{"not_picked":["Steam Power+1","Panic Button+1","Steam+1","Go for the Eyes"],"picked":"Cold Snap+1","floor":46},{"not_picked":["Sweeping Beam","Stack+1","Reinforced Body+1","Leap+1"],"picked":"Compile Driver+1","floor":47},{"not_picked":["ReplaySolidLightProjector+1","Steam+1","Go for the Eyes","Blizzard"],"picked":"Capacitor+1","floor":48},{"not_picked":["ReplaySort+1","Hello World","Barrage","Coolheaded+1"],"picked":"Gash+1","floor":54}],"player_experience":305868,"relics_obtained":[{"floor":1.0,"key":"SynthV:TestCard"},{"floor":3.0,"key":"infinitespire:Satchel"},{"floor":8.0,"key":"hubris:BundleOfHerbs"},{"floor":9.0,"key":"Matryoshka"},{"floor":10.0,"key":"Replay:WaspNest"},{"floor":13.0,"key":"Oddly Smooth Stone"},{"floor":16.0,"key":"FossilizedHelix"},{"floor":23.0,"key":"Replay:Bottled Eggs"},{"floor":23.0,"key":"Anchor"},{"floor":25.0,"key":"White Beast Statue"},{"floor":25.0,"key":"construct:RocketBooster"},{"floor":26.0,"key":"Replay:Rubber Ducky"},{"floor":26.0,"key":"Toxic Egg 2"},{"floor":33.0,"key":"HollowMod:QueensCombRelic"},{"floor":41,"key":"hubris:BallOfYels"},{"floor":41,"key":"Whetstone"},{"floor":43,"key":"reliquary:RoseTintedGlasses"},{"floor":43,"key":"Kunai"},{"floor":47,"key":"Girya"},{"floor":47,"key":"Quantum Egg"},{"floor":54,"key":"reliquary:FeatherDuster"},{"floor":54,"key":"CaptainsWheel"}],"event_choices":[{"cards_removed":["Defend_B"],"damage_healed":0.0,"max_hp_gain":0.0,"max_hp_loss":0.0,"gold_gain":0.0,"event_name":"The Cleric","player_choice":"Card Removal","floor":4.0,"gold_loss":50.0,"damage_taken":0.0},{"cards_removed":["Gash"],"damage_healed":0.0,"max_hp_gain":0.0,"max_hp_loss":0.0,"gold_gain":0.0,"event_name":"betterNote:BetterNote","player_choice":"Take \u0026 Give","floor":19.0,"gold_loss":0.0,"damage_taken":0.0,"cards_obtained":["White Noise"]},{"damage_healed":0.0,"max_hp_gain":0.0,"max_hp_loss":0.0,"gold_gain":0.0,"event_name":"Duplicator","player_choice":"Copied","floor":36.0,"gold_loss":0.0,"damage_taken":0.0,"cards_obtained":["FIFO Queue"]},{"damage_healed":0,"gold_gain":0,"player_choice":"Upgraded","damage_taken":0,"max_hp_gain":0,"max_hp_loss":0,"event_name":"Upgrade Shrine","floor":45,"gold_loss":0,"cards_upgraded":["infinitespire:Oblivion"]}],"is_beta":false,"boss_relics":[{"not_picked":["EE1DDrone","GreenFoldingFan"],"picked":"Black Star"},{"not_picked":["relicPack:ShieldShield","Empty Cage","relicPack:KazumaCape"]}],"items_purged_floors":[7,7,7,7,7,7,7,7,20,42,53,53,53],"is_endless":false,"potions_floor_spawned":[1,8,10,14,18,21,27,28,29,31,33,35,37,38,39,41,46,47,48,54],"ascension_level":0}}