{"host":"8zow35rkxv448q2r","time":1614267458,"event":{"mods":["AchievementEnabler","BaseMod","Colored Map","Colored Powertips","Minty Spire (QoL Compilation)","Relic Stats"],"gold_per_floor":[112,112,112,128,128,159,159,84,132,90,160,160,200,218,218,317,317,332,332,332],"floor_reached":19,"language":"ENG","playtime":735,"items_purged":["Injury"],"score":346,"play_id":"df1ea6b1-c6a8-45ed-92c5-a6a417ab7381","local_time":"20210225103738","is_ascension_mode":true,"campfire_choices":[{"floor":7,"key":"REST"},{"floor":12,"key":"REST"},{"floor":15,"key":"REST"}],"circlet_count":0,"master_deck":["AscendersBane","Strike_R","Strike_R","Strike_R","Strike_R","Strike_R+1","Defend_R","Defend_R","Defend_R","Defend_R","Bash+1","Shockwave","Clothesline","Blood for Blood","Whirlwind","Bludgeon","Demon Form","Cleave"],"relics":["Fusion Hammer","Matryoshka","Golden Idol","Whetstone","Singing Bowl","Bag of Preparation","Potion Belt","Cursed Key"],"acts_visited":["Exordium","TheCity"],"potions_floor_usage":[6,13,16],"damage_taken":[{"damage":1,"enemies":"Small Slimes","floor":1,"turns":4},{"damage":12,"enemies":"Jaw Worm","floor":4,"turns":3},{"damage":35,"enemies":"Lagavulin","floor":6,"turns":6},{"damage":19,"enemies":"Gremlin Nob","floor":13,"turns":4},{"damage":1,"enemies":"Cultist","floor":14,"turns":3},{"damage":54,"enemies":"Slime Boss","floor":16,"turns":9},{"damage":33,"enemies":"Spheric Guardian","floor":18,"turns":4},{"damage":31,"enemies":"Shell Parasite","floor":19,"turns":3}],"seed_played":"7645062132472067240","potions_obtained":[{"floor":4,"key":"BlessingOfTheForge"},{"floor":6,"key":"Block Potion"},{"floor":14,"key":"FearPotion"}],"is_trial":false,"path_per_floor":["M","?","?","M","?","E","R","$","T","$","?","R","E","M","R","B",null,"M","M"],"character_chosen":"IRONCLAD","items_purchased":["Whirlwind"],"campfire_rested":3,"item_purchase_floors":[10],"current_hp_per_floor":[67,67,56,44,44,9,31,31,31,31,31,53,34,35,58,4,59,26,0,0],"gold":332,"neow_bonus":"BOSS_RELIC","is_daily":false,"chose_seed":false,"campfire_upgraded":0,"win_rate":0.0,"timestamp":1614267458,"path_taken":["M","?","?","M","?","E","R","$","T","?","?","R","E","?","R","BOSS","M","M"],"items_purchased_type":["Card"],"build_version":"2020-12-22","purchased_purges":1,"victory":false,"max_hp_per_floor":[75,75,75,75,75,75,75,75,75,75,75,75,75,77,77,77,77,77,77,77],"relic_stats":{"Singing Bowl":2,"counters":[8,36],"Golden Idol":41,"Bag of Preparation":[10],"Whetstone":["Strike_R","Bash"],"Cursed Key":0,"obtain_stats":[{"Potion Belt":13,"Matryoshka":3,"Singing Bowl":9,"Golden Idol":5,"Fusion Hammer":0,"Bag of Preparation":9,"Whetstone":6,"Cursed Key":17,"Burning Blood":0},{"Potion Belt":4,"Matryoshka":1,"Singing Bowl":3,"Golden Idol":2,"Fusion Hammer":0,"Bag of Preparation":3,"Whetstone":3,"Cursed Key":6,"Burning Blood":0},{"Potion Belt":17,"Matryoshka":4,"Singing Bowl":13,"Golden Idol":7,"Fusion Hammer":0,"Bag of Preparation":13,"Whetstone":13,"Cursed Key":29,"Burning Blood":0}]},"card_choices":[{"not_picked":["Sword Boomerang","Havoc"],"picked":"Shockwave","floor":1},{"not_picked":["Warcry","Clash"],"picked":"Clothesline","floor":4},{"not_picked":["Intimidate","True Grit"],"picked":"Blood for Blood","floor":6},{"not_picked":["Cleave","Pummel"],"picked":"Bludgeon","floor":13},{"not_picked":["Dark Embrace","Warcry","Clash"],"picked":"Singing Bowl","floor":14},{"not_picked":["Berserk","Fiend Fire"],"picked":"Demon Form","floor":16},{"not_picked":["Shockwave","Intimidate"],"picked":"Cleave","floor":18}],"player_experience":244209,"relics_obtained":[{"floor":6,"key":"Whetstone"},{"floor":9,"key":"Singing Bowl"},{"floor":9,"key":"Bag of Preparation"},{"floor":13,"key":"Potion Belt"}],"event_choices":[{"damage_healed":0,"gold_gain":0,"player_choice":"Ignored","damage_taken":0,"max_hp_gain":0,"max_hp_loss":0,"event_name":"Liars Game","floor":2,"gold_loss":0},{"damage_healed":0,"gold_gain":0,"player_choice":"Success","damage_taken":11,"relics_obtained":["Matryoshka"],"max_hp_gain":0,"max_hp_loss":0,"event_name":"Scrap Ooze","floor":3,"gold_loss":0},{"damage_healed":0,"gold_gain":0,"player_choice":"Take Wound","damage_taken":0,"relics_obtained":["Golden Idol"],"max_hp_gain":0,"max_hp_loss":0,"event_name":"Golden Idol","floor":5,"gold_loss":0,"cards_obtained":["Injury"]},{"damage_healed":0,"gold_gain":70,"player_choice":"Gained Gold","damage_taken":0,"max_hp_gain":0,"max_hp_loss":0,"event_name":"Golden Wing","floor":11,"gold_loss":0}],"is_beta":false,"boss_relics":[{"not_picked":["Black Star","Sozu"],"picked":"Cursed Key"}],"items_purged_floors":[8],"is_endless":false,"potions_floor_spawned":[4,6,14],"killed_by":"Shell Parasite","ascension_level":20}}