{"host":"a1eatafr7pisesky","time":1614265305,"event":{"mods":["AchievementEnabler","BaseMod","Colored Map","Keyboard Shortcuts","Minty Spire (QoL Compilation)","Say the Spire","StSLib","SuperFastMode","everything is the same but u backflip on backflip"],"gold_per_floor":[115,115,40,40,190,190,190,216,241,278,25,65,78,99,99,99,99],"floor_reached":16,"language":"KOR","playtime":166,"items_purged":["Defend_G","Doubt"],"score":228,"play_id":"c9a8b69e-aee1-4223-93d3-782ce9901737","local_time":"20210226000145","is_ascension_mode":true,"campfire_choices":[{"floor":7.0,"key":"REST"},{"data":"Adrenaline","floor":15.0,"key":"SMITH"}],"circlet_count":0,"master_deck":["AscendersBane","Strike_G","Strike_G","Strike_G","Strike_G","Defend_G","Defend_G+1","Defend_G","Defend_G","Survivor","Neutralize+1","All Out Attack","Poisoned Stab","Blade Dance","Adrenaline+1","Predator"],"relics":["Ring of the Snake","NeowsBlessing","Golden Idol","Vajra","MawBank","Happy Flower","Boot"],"acts_visited":["Exordium"],"potions_floor_usage":[16,16],"damage_taken":[{"damage":0.0,"enemies":"Small Slimes","floor":1.0,"turns":1.0},{"damage":0.0,"enemies":"2 Louse","floor":10.0,"turns":1.0},{"damage":0.0,"enemies":"Gremlin Nob","floor":12.0,"turns":1.0},{"damage":0.0,"enemies":"Cultist","floor":13.0,"turns":3.0},{"damage":4.0,"enemies":"Blue Slaver","floor":14.0,"turns":2.0},{"damage":31,"enemies":"Slime Boss","floor":16,"turns":4}],"seed_played":"-7860967137833150986","potions_obtained":[{"floor":10.0,"key":"Poison Potion"},{"floor":12.0,"key":"LiquidMemories"}],"is_trial":false,"path_per_floor":["M","?","$","?","?","?","R","T","T","M","$","E","M","M","R","B"],"character_chosen":"THE_SILENT","items_purchased":["Happy Flower"],"campfire_rested":1,"item_purchase_floors":[11],"current_hp_per_floor":[59,59,59,36,36,16,35,35,35,35,35,35,35,31,31,0,0],"gold":99,"neow_bonus":"THREE_ENEMY_KILL","is_daily":false,"chose_seed":false,"campfire_upgraded":1,"win_rate":0.0,"timestamp":1614265305,"path_taken":["M","?","$","?","?","?","R","?","T","?","$","E","M","M","R","BOSS"],"items_purchased_type":["Relic"],"build_version":"2020-12-22","purchased_purges":2,"victory":false,"max_hp_per_floor":[66,66,66,66,66,66,66,66,66,66,66,66,66,66,66,66,66],"card_choices":[{"not_picked":["Backflip","Flechettes"],"picked":"All Out Attack","floor":1.0},{"not_picked":["Deadly Poison","Flying Knee"],"picked":"Poisoned Stab","floor":10.0},{"not_picked":["Leg Sweep","Bane"],"picked":"Blade Dance","floor":12.0},{"not_picked":["Sucker Punch","PiercingWail"],"picked":"Adrenaline","floor":13.0},{"not_picked":["Skewer","Masterful Stab"],"picked":"Predator","floor":14.0}],"player_experience":497260,"relics_obtained":[{"floor":8.0,"key":"Vajra"},{"floor":9.0,"key":"MawBank"},{"floor":12.0,"key":"Boot"}],"event_choices":[{"cards_removed":["Strike_G"],"damage_healed":0.0,"max_hp_gain":0.0,"max_hp_loss":0.0,"gold_gain":0.0,"event_name":"Living Wall","player_choice":"Forget","floor":2.0,"gold_loss":0.0,"damage_taken":0.0},{"damage_healed":0.0,"max_hp_gain":0.0,"max_hp_loss":0.0,"gold_gain":0.0,"event_name":"Golden Idol","player_choice":"Take Damage","floor":4.0,"gold_loss":0.0,"damage_taken":23.0,"relics_obtained":["Golden Idol"]},{"damage_healed":0.0,"max_hp_gain":0.0,"max_hp_loss":0.0,"gold_gain":150.0,"event_name":"Liars Game","player_choice":"AGREE","floor":5.0,"gold_loss":0.0,"damage_taken":0.0,"cards_obtained":["Doubt"]},{"damage_healed":0.0,"max_hp_gain":0.0,"max_hp_loss":0.0,"gold_gain":0.0,"event_name":"Shining Light","player_choice":"Entered Light","floor":6.0,"gold_loss":0.0,"damage_taken":20.0,"cards_upgraded":["Defend_G","Neutralize"]}],"is_beta":false,"boss_relics":[],"items_purged_floors":[3,11],"is_endless":false,"potions_floor_spawned":[10,12,14],"killed_by":"Slime Boss","ascension_level":17}}