{"host":"y4fuci1jk2rsxnep","time":1614274022,"event":{"mods":["AchievementEnabler","BaseMod","Colored Powertips","Custom Start","Defuse TimeMaze Blight","Dio Mod","Downfall","Hermit","Hero for Fun","Hubris","Hunter ??","Infinite Spire","Minty Spire (QoL Compilation)","Quick Restart","Reliquary","Remove Card Discount Mod","Replay The Spire","StSLib","The Blackbeard","The Bug Knight","The Mystic","The Runesmith"],"gold_per_floor":[110,110,110,74,86,120,120,149,173,101,132,132,132,149,149,149,149],"floor_reached":16,"language":"ENG","playtime":849,"items_purged":[],"score":169,"play_id":"e17ca077-c8e5-4a98-9cbc-f79fcd619ae2","local_time":"20210225182702","is_ascension_mode":true,"campfire_choices":[{"data":"hermit:FlashPowder","floor":7,"key":"SMITH"},{"data":"hermit:LoneWolf","floor":13,"key":"SMITH"},{"data":"hermit:Gestalt","floor":15,"key":"SMITH"}],"circlet_count":0,"master_deck":["hermit:Strike_Hermit","hermit:Strike_Hermit","hermit:Strike_Hermit+1","hermit:Strike_Hermit","hermit:Defend_Hermit","hermit:Defend_Hermit","hermit:Defend_Hermit","hermit:Defend_Hermit","hermit:Snapshot","hermit:Covet","hermit:Gestalt+1","hermit:FlashPowder+1","hermit:Quickdraw+1","hermit:Glare","hermit:Gestalt","hermit:LoneWolf+1","hermit:GoldenBullet"],"relics":["hermit:Momento","NeowsBlessing","hubris:Towel","reliquary:Buckler","Happy Flower","PreservedInsect","reliquary:TatteredRug","hubris:Icosahedron"],"acts_visited":["Exordium"],"potions_floor_usage":[8,8,16,16,16],"damage_taken":[{"damage":0,"enemies":"Jaw Worm","floor":1,"turns":1},{"damage":0,"enemies":"Cultist","floor":5,"turns":1},{"damage":0,"enemies":"Lagavulin","floor":6,"turns":1},{"damage":4,"enemies":"3 Sentries","floor":8,"turns":8},{"damage":4,"enemies":"Gremlin Nob","floor":11,"turns":4},{"damage":2,"enemies":"2 Louse","floor":14,"turns":2},{"damage":70,"enemies":"Slime Boss","floor":16,"turns":14}],"seed_played":"2026150804780986455","potions_obtained":[{"floor":1,"key":"hermit:Tonic"},{"floor":3,"key":"AttackPotion"},{"floor":3,"key":"GamblersBrew"},{"floor":11,"key":"LifebloodPotion"},{"floor":14,"key":"DistilledChaos"}],"is_trial":false,"path_per_floor":["M","?","?","$","M","E","R","E","T","$","E","?","R","M","R","B"],"character_chosen":"HERMIT","items_purchased":["hermit:FlashPowder","hermit:Gestalt"],"campfire_rested":0,"item_purchase_floors":[4,10],"current_hp_per_floor":[75,75,75,75,75,75,75,71,71,71,67,67,67,65,65,0,0],"gold":149,"neow_bonus":"THREE_ENEMY_KILL","is_daily":false,"chose_seed":false,"campfire_upgraded":3,"win_rate":0.0,"timestamp":1614274022,"path_taken":["M","?","?","$","?","E","R","E","T","$","E","?","R","M","R","BOSS"],"items_purchased_type":["Card","Card"],"build_version":"2020-12-22","purchased_purges":0,"victory":false,"max_hp_per_floor":[75,75,75,75,75,75,75,75,75,75,75,75,75,75,75,75,75],"card_choices":[{"not_picked":["hermit:Snipe","hermit:Brawl"],"picked":"hermit:Gestalt","floor":1},{"not_picked":["hermit:TrackingShot","hermit:PistolWhip"],"picked":"hermit:Quickdraw","floor":5},{"not_picked":["hermit:Ricochet","hermit:Feint"],"picked":"hermit:Glare","floor":6},{"not_picked":["hermit:Ricochet","hermit:ItchyTrigger","hermit:TrackingShot"],"picked":"SKIP","floor":8},{"not_picked":["hermit:Roulette","hermit:Glare"],"picked":"hermit:LoneWolf","floor":11},{"not_picked":["hermit:Maintenance","hermit:TakeAim"],"picked":"hermit:GoldenBullet","floor":14}],"player_experience":711964,"relics_obtained":[{"floor":6,"key":"reliquary:Buckler"},{"floor":8,"key":"Happy Flower"},{"floor":9,"key":"PreservedInsect"},{"floor":11,"key":"reliquary:TatteredRug"}],"event_choices":[{"damage_healed":0,"gold_gain":0,"player_choice":"Got Potions","damage_taken":0,"max_hp_gain":0,"max_hp_loss":0,"event_name":"Lab","floor":3,"gold_loss":0}],"is_beta":false,"boss_relics":[],"items_purged_floors":[],"is_endless":false,"potions_floor_spawned":[1,5,11,14],"killed_by":"Slime Boss","ascension_level":4}}