{"host":"z8uivwf40jrpk7h3","time":1614277174,"event":{"mods":["BaseMod","Lobotomy","Minty Spire (QoL Compilation)","Replay The Spire","StSLib"],"gold_per_floor":[111,186,186,198,198,198,214,245,322,322,322],"floor_reached":10,"language":"ZHS","playtime":309,"items_purged":[],"score":69,"play_id":"cdfbc0ff-1a57-4adf-85e6-4d197ac814f5","local_time":"20210226021934","is_ascension_mode":true,"campfire_choices":[{"data":"Blade Dance","floor":6,"key":"SMITH"}],"circlet_count":0,"master_deck":["Strike_G","Strike_G","Strike_G","Strike_G","Defend_G","Defend_G","Defend_G","Defend_G","Defend_G","Survivor","Neutralize","Blade Dance+1","Acrobatics"],"relics":["Ring of the Snake","CogitoBucket","Ring of Hypnosis","ReplayTheSpireMod:TigerMarble","Replay:Accelerometer"],"acts_visited":["Exordium"],"potions_floor_usage":[8],"damage_taken":[{"damage":0.0,"enemies":"Small Slimes","floor":1.0,"turns":3.0},{"damage":0,"enemies":"2 Louse","floor":4,"turns":3},{"damage":0,"enemies":"Jaw Worm","floor":7,"turns":3},{"damage":16,"enemies":"3 Sentries","floor":8,"turns":8},{"damage":24,"enemies":"Lagavulin","floor":10,"turns":7}],"seed_played":"7133011158022598457","potions_obtained":[{"floor":7,"key":"FearPotion"},{"floor":8,"key":"DuplicationPotion"}],"is_trial":false,"path_per_floor":["M","?","?","M","?","R","M","E","T","E"],"character_chosen":"THE_SILENT","items_purchased":[],"campfire_rested":0,"item_purchase_floors":[],"current_hp_per_floor":[70,59,59,59,59,59,59,43,43,19,19],"gold":322,"neow_bonus":"","is_daily":false,"chose_seed":false,"campfire_upgraded":1,"win_rate":0.0,"timestamp":1614277174,"path_taken":["M","?","?","M","?","R","M","E","T","E"],"items_purchased_type":[],"build_version":"2020-12-22","purchased_purges":0,"victory":false,"max_hp_per_floor":[70,70,70,70,70,70,70,70,70,70,70],"card_choices":[{"not_picked":["Skewer","Sneak Up","Outmaneuver"],"picked":"SKIP","floor":1.0},{"not_picked":["Reflex","PiercingWail"],"picked":"Blade Dance","floor":4},{"not_picked":["Footwork","ReplayTheSpireMod:The Works"],"picked":"Acrobatics","floor":7},{"not_picked":["Deflect","Bane","Flechettes"],"picked":"SKIP","floor":8}],"player_experience":112474,"relics_obtained":[{"floor":3,"key":"Ring of Hypnosis"},{"floor":8,"key":"ReplayTheSpireMod:TigerMarble"},{"floor":9,"key":"Replay:Accelerometer"}],"event_choices":[{"damage_healed":0.0,"max_hp_gain":0.0,"max_hp_loss":0.0,"gold_gain":75.0,"event_name":"World of Goop","player_choice":"Gather Gold","floor":2.0,"gold_loss":0.0,"damage_taken":11.0},{"cards_removed":["Strike_G"],"damage_healed":0,"gold_gain":0,"player_choice":"Forget","damage_taken":0,"max_hp_gain":0,"max_hp_loss":0,"event_name":"Living Wall","floor":5,"gold_loss":0}],"is_beta":false,"boss_relics":[],"items_purged_floors":[],"is_endless":false,"potions_floor_spawned":[7,8],"killed_by":"Lagavulin","ascension_level":1}}