{"host":"xsfbp1yx1f2ea5z7","time":1614248437,"event":{"mods":["100% Spire Juice","AchievementEnabler","Act Like it!","Bard","BaseMod","Beaked The Cultist","Better Altar","Better Match","Better Note","Better Sensory Stone","Better Skull","Better Third Choice","BetterRewards","Block Reminder","ChefMod","Colored Map","Colored Powertips","Conspire","DeckTracker","Downfall","GifTheSpireLib","Halation","Hermit","Hubris","Infinite Spire","Jedi Mod","Jorbs\u0027s Wanderer Trilogy","Library of Ruina","Library of Ruina Extra","Marked Mod","Mimic Mod","Minty Spire (QoL Compilation)","Replay The Spire","Robot Space Explorer","Spicy Shops","StSLib","The Blackbeard","The Hierophant","The Jungle","The Marked","The Runesmith","TheBandit","Unceasing Turn Reminder","Wandering Minibosses","everything is the same but u backflip on backflip"],"gold_per_floor":[111,128,403,13,29,29,61,61,98,112,112,128,140,45,45,142,142,157,85,97,97,108,108,134,134,166,179,179,194,213,224,224,327,327,347,362,375,375,50,81,128,169,169,185,185,185,249,268,268,268,268,268,268,25,52,52],"floor_reached":57,"language":"ENG","playtime":2995,"items_purged":["Regret","LightAttack"],"score":1165,"play_id":"0da49b43-9a67-499f-a52d-20db8c11b506","local_time":"20210225182037","is_ascension_mode":false,"campfire_choices":[{"data":"Gamble","floor":6,"key":"SMITH"},{"data":"FlashingStrike","floor":8,"key":"SMITH"},{"data":"DesperateStruggle","floor":11,"key":"SMITH"},{"data":"ForTheFamily","floor":15,"key":"SMITH"},{"floor":23,"key":"RECALL"},{"data":"TendonChords","floor":28,"key":"SMITH"},{"data":"ForTheFamily","floor":32,"key":"SMITH"},{"data":"Crow Ritual","floor":46,"key":"SMITH"},{"floor":49,"key":"REST"},{"data":"Crow Ritual","floor":53,"key":"SMITH"}],"circlet_count":0,"master_deck":["Dodge","LightDefense","LightAttack","LightDefense","LightDefense","LightDefense","ChargeAndCover","FocusedStrikes","Gamble+1","BayonetCombat","HardRehearsal","DeepDrag","Riposte","FlashingStrike+1","DesperateStruggle+1","GoinFirst","RushDown","Eject","LawAndOrder+1","ForTheFamily+1","ForTheFamily+1","MirageStorm","DesperateStruggle+1","BattleCommand","FierceOnslaught","Unlock1+1","Castigation","Rewind","TendonChords+1","FrontalAssault","CoordinatedAssault+1","FocusFire+1","GutHarvesting","StructuralAnalysis","BladeWhirl+1","FierceCharge+1","Crow Ritual+1","Decapitation","EnergyStrike+1","StructuralAnalysis+1","SteelKnuckles+1","Crow Ritual+1","BoundaryOfDeath","QuickAttack+1","Commandeering","TendonChords"],"relics":["PageOfLibrarian","infinitespire:Beetle Shell","Blue Doll","conspire:DecoderRing","Replay:Baseball","hubris:CrackedHourglass","Anchor","PageOfScorchedGirl","wanderingMiniBosses:AbyssPearl","Painkiller Herb","hubris:Icosahedron","PageOfBloodbath","Durian","Pocketwatch","Lee\u0027s Waffle","PageOfGalaxyChild"],"acts_visited":["Exordium","TheCity","TheBeyond","TheEnding"],"potions_floor_usage":[10,18,29,29,33,44,50,56,56],"damage_taken":[{"damage":0,"enemies":"conspire:RoseBush","floor":1,"turns":4},{"damage":0,"enemies":"infinitespire:Voidling","floor":2,"turns":3},{"damage":6,"enemies":"Jaw Worm","floor":5,"turns":2},{"damage":3,"enemies":"Replay:BlueRogue","floor":7,"turns":3},{"damage":0,"enemies":"3 Louse","floor":9,"turns":3},{"damage":12,"enemies":"3 Louse","floor":10,"turns":2},{"damage":5,"enemies":"Gremlin Gang","floor":12,"turns":5},{"damage":2,"enemies":"Large Slime","floor":13,"turns":1},{"damage":56,"enemies":"Hexaghost","floor":16,"turns":8},{"damage":0,"enemies":"conspire:FuzzyDice","floor":18,"turns":1},{"damage":2,"enemies":"Chosen","floor":20,"turns":3},{"damage":19,"enemies":"Snake Plant","floor":22,"turns":3},{"damage":35,"enemies":"Book of Stabbing","floor":24,"turns":4},{"damage":4,"enemies":"Cultist and Chosen","floor":26,"turns":3},{"damage":2,"enemies":"Cultist and Chosen","floor":27,"turns":4},{"damage":2,"enemies":"Shelled Parasite and Fungi","floor":29,"turns":3},{"damage":2,"enemies":"Snecko","floor":30,"turns":3},{"damage":10,"enemies":"conspire:HollyBat","floor":31,"turns":7},{"damage":4,"enemies":"conspire:MysteriousRune","floor":33,"turns":4},{"damage":19,"enemies":"3 Shapes","floor":35,"turns":2},{"damage":2,"enemies":"Orb Walker","floor":36,"turns":2},{"damage":0,"enemies":"Spire Growth","floor":37,"turns":2},{"damage":4,"enemies":"Giant Head","floor":40,"turns":5},{"damage":9,"enemies":"Jaw Worm Horde","floor":41,"turns":3},{"damage":18,"enemies":"Sphere and 2 Shapes","floor":42,"turns":3},{"damage":4,"enemies":"3 Darklings","floor":44,"turns":3},{"damage":35,"enemies":"Nemesis","floor":47,"turns":5},{"damage":4,"enemies":"Writhing Mass","floor":48,"turns":2},{"damage":49,"enemies":"Replay:Hell Engine","floor":50,"turns":7},{"damage":2,"enemies":"Replay:Hell Engine","floor":51,"turns":6},{"damage":14,"enemies":"Shield and Spear","floor":55,"turns":3},{"damage":72,"enemies":"The Heart","floor":56,"turns":6}],"seed_played":"-8433591640609077082","potions_obtained":[{"floor":1,"key":"Doom Potion"},{"floor":2,"key":"LiquidBronze"},{"floor":7,"key":"Doom Potion"},{"floor":16,"key":"Energy Potion"},{"floor":20,"key":"champ:CounterPotion"},{"floor":24,"key":"Weak Potion"},{"floor":29,"key":"Explosive Potion"},{"floor":31,"key":"DistilledChaos"},{"floor":33,"key":"Regen Potion"},{"floor":47,"key":"Languid Potion"},{"floor":55,"key":"BlessingOfTheForge"}],"is_trial":false,"path_per_floor":["M","M","?","$","M","R","E","R","MIM","M","R","M","M","$","R","B",null,"M","$","M","?","M","R","E","?","MIM","M","R","M","M","M","R","B",null,"?","?","?","?","T","E","?","?","T","?","?","T","E","?","T","B",null,null,"T","T","E","B",null],"character_chosen":"Librarian","items_purchased":["Blue Doll","HardRehearsal","DeepDrag","LawAndOrder+1","ForTheFamily","BattleCommand","Crow Ritual","PageOfBloodbath","Lee\u0027s Waffle","Commandeering"],"campfire_rested":1,"item_purchase_floors":[4,4,4,14,14,19,39,39,54,54],"current_hp_per_floor":[60,60,60,60,54,54,61,61,68,60,60,77,78,78,78,34,78,78,78,78,78,60,60,44,44,50,48,48,49,47,43,43,39,79,60,58,61,61,61,65,56,41,41,46,46,46,14,10,35,35,33,84,84,91,77,19],"gold":52,"neow_bonus":"RANDOM_COMMON_RELIC","is_daily":false,"chose_seed":false,"campfire_upgraded":8,"win_rate":0.0,"timestamp":1614248437,"path_taken":["M","M","?","$","M","R","E","R","MIM","?","R","M","M","$","R","BOSS","M","$","M","?","?","R","E","?","MIM","M","R","M","M","?","R","BOSS","?","?","?","?","T","E","?","?","T","?","?","T","E","?","T","BOSS","T","T","E","BOSS"],"items_purchased_type":["Relic","Card","Card","Card","Card","Card","Card","Relic","Relic","Card"],"build_version":"2020-12-22","purchased_purges":2,"victory":true,"max_hp_per_floor":[62,62,62,62,76,76,76,76,76,65,78,78,78,78,78,78,78,78,78,78,78,78,78,78,78,79,79,79,79,79,79,79,79,79,79,79,79,79,79,84,84,84,84,84,84,84,84,84,84,84,84,84,84,91,91,91],"card_choices":[{"not_picked":["EndlessBattle","Parry","FleetEdge","BiAn","UnforgettableMelody","DevastatingThrash","ViolentFlame","EnergyStrike"],"picked":"Gamble","floor":1},{"not_picked":["Crush","BackAttack","InhaleSmoke","FlowOfTheSword","UnavoidableGaze","Diversion","Faith","Standoff"],"picked":"BayonetCombat","floor":2},{"not_picked":["Multislash","EnergyShield","MultiHit","PuppetBlockade","Thrust","FierceCharge","SnakesPrey","UnavoidableGaze"],"picked":"Riposte","floor":5},{"not_picked":["BlowItUp","CoordinatedAssault","QuickAttack","ScratchThat","Preparation","InhaleSmoke","Quickness","EnergyConversion"],"picked":"FlashingStrike","floor":7},{"not_picked":["DarkCloud","StayCalm","BiAn","Rampage_lor","DevastatingThrash","Wallop_lor","EnergyStrike","FierceOnslaught"],"picked":"DesperateStruggle","floor":9},{"not_picked":["SmokingPipe","Overcharge","DevastatingThrash","ViolentFlame","PinpointShot","BiAn","CircusKnives","SerpentSwordTechnique"],"picked":"GoinFirst","floor":10},{"not_picked":["SharpSwipe","Multislash","PinpointShot","ClassAndRespect","StrikeDown","SerpentSwordTechnique","TasteMyFlamingBat","FlyingSword"],"picked":"RushDown","floor":12},{"not_picked":["HiddenBlade","FlyingSword","HighKick","BiAn","FieryWaltz","LawAndOrder","HandleRequest","AsThePrescriptOrders"],"picked":"Eject","floor":13},{"not_picked":["Punishment","DaringDecision"],"picked":"MirageStorm","floor":16},{"not_picked":["Pound","DarkCloud","GrazeTheGrass","AlloutWar","BindingChains","BulkyImpact","UpbeatPerformance+1","Multislash"],"picked":"DesperateStruggle+1","floor":18},{"not_picked":["PreemptiveStrike","FleetEdge","Diversion+1","MindCrush","IronWall","SerpentSwordTechnique+1","AsThePrescriptOrders+1","Reload"],"picked":"FierceOnslaught","floor":20},{"not_picked":["FlashOfSunup","ClassAndRespect+1","EnergyShield+1","Rewind+1","FlamingDragonFist","DarkCloud","BladeWhirl","Endure"],"picked":"Unlock1+1","floor":22},{"not_picked":["Multislash+1","SharpNails","BiAn","DirtyBlow","ReadyUp","TendonChords","Zzzzzap+1","BackAttack"],"picked":"Castigation","floor":24},{"not_picked":["StrongStrike","TimeForALittleTest","StrikeDown","SuppressingShot","BiAn+1","SkyClearingCut","ClassAndRespect","SnakesPrey"],"picked":"Rewind","floor":26},{"not_picked":["Faith","LawAndOrder","EnergyShield+1","DesperateStruggle","VioletBlade","HandleRequest","Leap_lor","SilentMist+1"],"picked":"TendonChords","floor":27},{"not_picked":["FleetFootsteps+1","FleshFillet","Faith","QuickSuppression+1","Parry","Concentration","DarkCloud","Quickness"],"picked":"FrontalAssault","floor":29},{"not_picked":["EndlessBattle","FieryWaltz+1","GuidanceOfTheGears","Struggle","Parry2+1","EnergyCycle","MultiHit","PinpointShot"],"picked":"CoordinatedAssault+1","floor":30},{"not_picked":["GrazeTheGrass","Standoff+1","Tailoring","FaintMemories","Multislash+1","WillBeTasty","MultiBlock","Leap_lor"],"picked":"FocusFire+1","floor":31},{"not_picked":["ScratchThat","Tttonst"],"picked":"GutHarvesting","floor":33},{"not_picked":["EnergyCycle+1","Preparation","Parry+1","SnakesPrey+1","WaitUp+1","StayCalm+1","SunsetBlade+1","EnergyStrike+1"],"picked":"StructuralAnalysis","floor":35},{"not_picked":["MultiHit","HighKick","SpearedSweep+1","DesperateStruggle+1","GrazeTheGrass+1","Duel_lor+1","Leap_lor","Faith+1"],"picked":"BladeWhirl+1","floor":36},{"not_picked":["FrontalAssault+1","InhaleSmoke","IdentifyWeakpoint","ViolentFlame+1","Pound+1","UndertakePrescript","ShrineToMusic","Gamble"],"picked":"FierceCharge+1","floor":37},{"not_picked":["SmokingPipe","WillOfThePrescript","Execute_lor","InnerArdor","SharpNails+1","BiteOff+1","FeelinGood","BayonetCombat"],"picked":"Decapitation","floor":40},{"not_picked":["BayonetCombat+1","Duel_lor","AGoldenOpportunity+1","ViolentFlame+1","Leap_lor+1","Parry2","ClassAndRespect","YoureTooSlow"],"picked":"EnergyStrike+1","floor":41},{"not_picked":["Quickness","PinpointShot+1","Parry2+1","GrazeTheGrass+1","JiaoTu+1","FleshFillet","TimeForALittleTest","SunsetBlade"],"picked":"StructuralAnalysis+1","floor":42},{"not_picked":["HighSpeedStabbing","SerpentSwordTechnique","Quickness+1","Parry2","MultiBlock","BiAn+1","DirtyBlow","Multislash+1"],"picked":"SteelKnuckles+1","floor":44},{"not_picked":["Pound+1","SearingSword+1","GuardingStance","StrikeDown+1","PuppetBlockade","SerpentSwordTechnique+1","UpbeatPerformance","EnergyCycle"],"picked":"BoundaryOfDeath","floor":47},{"not_picked":["Feast+1","Transpierce","Guardian_lor","SearingSword+1","StayCalm+1","ViolentFlame","SpearedSweep","WillOfThePrescript+1"],"picked":"QuickAttack+1","floor":48},{"not_picked":["DestructiveImpact+1","WillOfThePrescript","InhaleSmoke+1","Unlock1+1","CombatPreparation","EnergyCycle+1","Preparation+1","AGoldenOpportunity+1"],"picked":"TendonChords","floor":55}],"player_experience":31683,"relics_obtained":[{"floor":7,"key":"conspire:DecoderRing"},{"floor":9,"key":"Replay:Baseball"},{"floor":24,"key":"Anchor"},{"floor":26,"key":"PageOfScorchedGirl"},{"floor":31,"key":"wanderingMiniBosses:AbyssPearl"},{"floor":40,"key":"Durian"},{"floor":47,"key":"Pocketwatch"},{"floor":55,"key":"PageOfGalaxyChild"}],"event_choices":[{"damage_healed":0,"gold_gain":275,"player_choice":"Desecrate","damage_taken":0,"max_hp_gain":0,"max_hp_loss":0,"event_name":"Golden Shrine","floor":3,"gold_loss":0,"cards_obtained":["Regret"]},{"cards_removed":["LightAttack"],"damage_healed":0,"gold_gain":0,"player_choice":"Purged","damage_taken":0,"max_hp_gain":0,"max_hp_loss":0,"event_name":"Purifier","floor":21,"gold_loss":0},{"damage_healed":0,"gold_gain":0,"player_choice":"Ignored","damage_taken":0,"max_hp_gain":0,"max_hp_loss":0,"event_name":"betterNote:BetterNote","floor":25,"gold_loss":0,"cards_obtained":["Battle Trance"]},{"damage_healed":0,"gold_gain":0,"player_choice":"Copied","damage_taken":0,"max_hp_gain":0,"max_hp_loss":0,"event_name":"Duplicator","floor":45,"gold_loss":0,"cards_obtained":["Crow Ritual"]}],"is_beta":false,"boss_relics":[{"not_picked":["Sozu","hubris:Stopwatch"],"picked":"hubris:CrackedHourglass"},{"not_picked":["halation:Yufonium","halation:MonkeysPaw"],"picked":"Painkiller Herb"}],"items_purged_floors":[4,54],"is_endless":false,"potions_floor_spawned":[1,2,7,16,20,24,29,31,33,36,40,42,47,48,55],"ascension_level":0}}