{"host":"t0bo9kmlst92gdfh","time":1614227961,"event":{"mods":["Bard","BaseMod","Block Reminder","Colored Powertips","DeckTracker","Jorbs\u0027s Wanderer Trilogy","Minty Spire (QoL Compilation)","Relic Stats","Reliquary","StSLib","The Animator","The Cursed","The Elementalist","The Gatherer"],"gold_per_floor":[109,122,132,132,145,176,176,176,176],"floor_reached":8,"language":"ENG","playtime":1044,"items_purged":[],"score":58,"play_id":"d02d7c22-3911-4500-bf8c-482891b8d4b2","local_time":"20210224203921","is_ascension_mode":false,"campfire_choices":[{"data":"animator:Shion","floor":7.0,"key":"SMITH"}],"circlet_count":0,"master_deck":["animator:Strike_Konosuba","animator:Defend_Konosuba","animator:Strike","animator:Strike","animator:Strike","animator:Defend","animator:Defend","animator:Defend","animator:Kazuma","animator:Aqua","animator:Priestess","animator:Jibril","animator:Shion+1","animator:Benimaru"],"relics":["animator:LivingPicture","animator:TheMissingPiece","animator:PurgingStone","GremlinMask","PreservedInsect"],"acts_visited":["Exordium"],"potions_floor_usage":[],"damage_taken":[{"damage":13.0,"enemies":"Cultist","floor":1.0,"turns":6.0},{"damage":0.0,"enemies":"Jaw Worm","floor":2.0,"turns":10.0},{"damage":5.0,"enemies":"2 Louse","floor":3.0,"turns":3.0},{"damage":10.0,"enemies":"2 Fungi Beasts","floor":5.0,"turns":5.0},{"damage":29.0,"enemies":"Gremlin Nob","floor":6.0,"turns":4.0},{"damage":30,"enemies":"3 Sentries","floor":8,"turns":3}],"seed_played":"8182725008703244089","potions_obtained":[{"floor":2.0,"key":"AttackPotion"},{"floor":5.0,"key":"Swift Potion"}],"is_trial":false,"path_per_floor":["M","M","M","?","M","E","R","E"],"character_chosen":"THE_ANIMATOR","items_purchased":[],"campfire_rested":0,"item_purchase_floors":[],"current_hp_per_floor":[59,61,56,56,48,21,21,0,0],"gold":176,"neow_bonus":"TEN_PERCENT_HP_BONUS","is_daily":false,"chose_seed":false,"campfire_upgraded":1,"win_rate":0.0,"timestamp":1614227961,"path_taken":["M","M","M","?","?","E","R","E"],"items_purchased_type":[],"build_version":"2020-12-22","purchased_purges":0,"victory":false,"max_hp_per_floor":[72,72,72,72,72,72,72,72,72],"relic_stats":{"counters":[6,31],"PreservedInsect":30,"obtain_stats":[{"animator:PurgingStone":0,"animator:TheMissingPiece":0,"GremlinMask":4,"animator:LivingPicture":0,"PreservedInsect":6},{"animator:PurgingStone":0,"animator:TheMissingPiece":0,"GremlinMask":3,"animator:LivingPicture":0,"PreservedInsect":5},{"animator:PurgingStone":0,"animator:TheMissingPiece":0,"GremlinMask":19,"animator:LivingPicture":0,"PreservedInsect":28}]},"card_choices":[{"not_picked":["animator:MetalKnight","animator:Verdia"],"picked":"animator:Priestess","floor":1.0},{"not_picked":["animator:DolaSchwi","animator:Benimaru"],"picked":"animator:Jibril","floor":2.0},{"not_picked":["animator:ElricEdward","animator:GazelDwargon"],"picked":"animator:Shion","floor":3.0},{"not_picked":["animator:Hakurou","animator:Millim"],"picked":"animator:Benimaru","floor":5.0},{"not_picked":["animator:RoyMustang","animator:Sonic","animator:Tet"],"picked":"SKIP","floor":6.0}],"player_experience":72029,"relics_obtained":[{"floor":6.0,"key":"PreservedInsect"}],"event_choices":[{"damage_healed":0.0,"max_hp_gain":0.0,"max_hp_loss":0.0,"gold_gain":0.0,"event_name":"FaceTrader","player_choice":"Trade","floor":4.0,"gold_loss":0.0,"damage_taken":0.0,"relics_obtained":["GremlinMask"]}],"is_beta":false,"boss_relics":[],"items_purged_floors":[],"is_endless":false,"potions_floor_spawned":[2,5],"killed_by":"3 Sentries","ascension_level":0}}