{"host":"uyfpom4rlahfoee4","time":1614287954,"event":{"mods":["BaseMod","Downfall","Minty Spire (QoL Compilation)","StSLib"],"gold_per_floor":[99,116,126,38,338,338,338,350,363,381,394,408,123,139,153,248,248,248,260,276,294,233,233,233,233],"floor_reached":23,"language":"ENG","playtime":1941,"items_purged":[],"score":189,"play_id":"8a531d01-5413-480b-9fa7-81303fe275e7","local_time":"20210225131914","is_ascension_mode":false,"campfire_choices":[{"data":"bronze:Replicate","floor":1,"key":"SMITH"},{"data":"bronze:AlphaBuild","floor":18,"key":"SMITH"}],"circlet_count":0,"master_deck":["bronze:Strike","bronze:Strike","bronze:Strike","bronze:Strike","bronze:Defend","bronze:Defend","bronze:Defend","bronze:Defend","bronze:Replicate+1","bronze:Goto","bronze:Iterate","bronze:ChildClass","bronze:WhirlingStrike","bronze:Repair","downfall:Icky","downfall:Icky","bronze:Branch","bronze:Optimize","bronze:BugBarrage","bronze:BronzeArmor","bronze:AlphaBuild+1","bronze:BitShift","bronze:DelayedSlice","bronze:OilSpill","bronze:Shield","bronze:Verify","bronze:DelayedGuard+1","bronze:Repulsor","bronze:BugBarrage","bronze:Branch"],"relics":["bronze:BronzeCore","Bottled Flame","Bottled Lightning","Busted Crown"],"acts_visited":["Exordium","TheCity"],"potions_floor_usage":[13,21],"damage_taken":[{"damage":1,"enemies":"Cultist","floor":2,"turns":4},{"damage":3,"enemies":"Jaw Worm","floor":3,"turns":3},{"damage":4,"enemies":"downfall:FleeingMerchant","floor":4,"turns":4},{"damage":0,"enemies":"2 Louse","floor":8,"turns":1},{"damage":4,"enemies":"Blue Slaver","floor":9,"turns":4},{"damage":15,"enemies":"Exordium Thugs","floor":10,"turns":6},{"damage":8,"enemies":"Large Slime","floor":11,"turns":4},{"damage":7,"enemies":"Red Slaver","floor":12,"turns":3},{"damage":2,"enemies":"downfall:FleeingMerchant","floor":13,"turns":4},{"damage":0,"enemies":"Exordium Thugs","floor":14,"turns":4},{"damage":12,"enemies":"Large Slime","floor":15,"turns":4},{"damage":42,"enemies":"SI_SHIV_ARCHETYPE","floor":16,"turns":16},{"damage":3,"enemies":"Chosen","floor":19,"turns":6},{"damage":7,"enemies":"downfall:LooterAlt2","floor":20,"turns":4},{"damage":49,"enemies":"Cultist and Chosen","floor":21,"turns":7},{"damage":7,"enemies":"downfall:FleeingMerchant","floor":22,"turns":4},{"damage":15,"enemies":"Snecko","floor":23,"turns":4}],"seed_played":"4967866729426668634","potions_obtained":[{"floor":3,"key":"ColorlessPotion"},{"floor":8,"key":"Strength Potion"},{"floor":10,"key":"bronze:CleanCodePotion"},{"floor":11,"key":"Fire Potion"},{"floor":16,"key":"Swift Potion"}],"is_trial":false,"path_per_floor":["R","M","M","$","?","?","T","M","M","M","M","M","$","M","M","B",null,"R","M","M","M","$","M"],"character_chosen":"THE_AUTOMATON","items_purchased":["bronze:Repair","Bottled Lightning","bronze:DelayedSlice","bronze:Branch"],"campfire_rested":0,"item_purchase_floors":[4,13,13,22],"current_hp_per_floor":[77,76,73,69,69,69,69,69,72,67,66,69,74,77,72,35,77,77,74,70,28,28,20,20,20],"gold":233,"neow_bonus":"TEN_PERCENT_HP_BONUS","is_daily":false,"chose_seed":false,"campfire_upgraded":2,"win_rate":0.0,"timestamp":1614287954,"path_taken":["R","M","M","$","?","?","T","M","M","M","?","M","$","M","M","BOSS","R","M","M","M","$","M"],"items_purchased_type":["Card","Relic","Card","Card"],"build_version":"2020-12-22","purchased_purges":0,"victory":false,"max_hp_per_floor":[77,77,77,77,77,77,77,77,77,77,77,77,77,77,77,77,77,77,77,77,77,77,77,77,77],"card_choices":[{"not_picked":["bronze:GetLatest","bronze:NullPointer"],"picked":"bronze:Iterate","floor":2},{"not_picked":["bronze:Turbo","bronze:BugBarrage"],"picked":"bronze:ChildClass","floor":3},{"not_picked":["bronze:FineTuning","bronze:Turbo"],"picked":"bronze:WhirlingStrike","floor":4},{"not_picked":["bronze:Shield","bronze:CutThrough"],"picked":"bronze:Branch","floor":8},{"not_picked":["bronze:Shield","bronze:CloningBeam"],"picked":"bronze:Optimize","floor":9},{"not_picked":["bronze:Branch","bronze:Iterate"],"picked":"bronze:BugBarrage","floor":10},{"not_picked":["bronze:Invalidate","bronze:Allocate"],"picked":"bronze:BronzeArmor","floor":11},{"not_picked":["bronze:DelayedSlice","bronze:CloningBeam"],"picked":"bronze:AlphaBuild","floor":12},{"not_picked":["bronze:Iterate","bronze:BuggyMess"],"picked":"bronze:BitShift","floor":13},{"not_picked":["bronze:Invalidate","bronze:Iterate"],"picked":"bronze:OilSpill","floor":14},{"not_picked":["bronze:BitShift","bronze:CutThrough"],"picked":"bronze:Shield","floor":15},{"not_picked":["bronze:FindAndReplace","bronze:Virus"],"picked":"bronze:Verify","floor":16},{"not_picked":["bronze:Return"],"picked":"SKIP","floor":19},{"not_picked":[],"picked":"bronze:DelayedGuard+1","floor":20},{"not_picked":[],"picked":"bronze:Repulsor","floor":21},{"not_picked":[],"picked":"bronze:BugBarrage","floor":22}],"player_experience":207665,"relics_obtained":[{"floor":7,"key":"Bottled Flame"}],"event_choices":[],"is_beta":false,"boss_relics":[{"not_picked":["Philosopher\u0027s Stone","Tiny House"],"picked":"Busted Crown"}],"items_purged_floors":[],"is_endless":false,"potions_floor_spawned":[3,8,10,11,16,20],"killed_by":"Snecko","ascension_level":0}}