{"host":"nb3r5a3er9rrnn3n","time":1614270709,"event":{"mods":["Always Whale","BaseMod","Colored Map","Minty Spire (QoL Compilation)","Relic Stats","StSLib","everything is the same but u backflip on backflip"],"gold_per_floor":[116,116,183,183,200,226,238,277,289,328,354,382,421,453,465,552,564,591,603,615,640,68,97,107,133,133,133,150,169,196,196,196,273,273,291,316,329,329,383,40,40,75,100,100,127,2,2,15,15,15,15,15,15,15,50,50],"floor_reached":57,"language":"ENG","playtime":2852,"items_purged":["Strike_B","Parasite","Injury"],"score":3072,"play_id":"957e2e27-d108-418b-baac-76bbce7090c9","local_time":"20210226033149","is_ascension_mode":true,"campfire_choices":[{"data":"Zap","floor":7.0,"key":"SMITH"},{"data":"Sunder","floor":15.0,"key":"SMITH"},{"floor":27,"key":"DIG"},{"floor":32,"key":"REST"},{"floor":44,"key":"DIG"},{"floor":47,"key":"DIG"},{"floor":49,"key":"RECALL"},{"floor":53,"key":"DIG"}],"circlet_count":0,"master_deck":["AscendersBane","Defend_B+1","Zap+1","Dualcast","Streamline+1","Buffer+1","Static Discharge+1","Coolheaded+1","Reboot","Hologram","Reboot","Rebound","Doom and Gloom","Conserve Battery","Sunder+1","Conserve Battery","Creative AI","Turbo+1","Heatsinks","Storm","Reinforced Body","Biased Cognition","Skim+1","Consume","Storm","Tempest","Amplify","Storm+1","Heatsinks+1","Chill","Panacea","Impatience","Master of Strategy","Consume+1","Force Field","Echo Form"],"relics":["Astrolabe","MawBank","Art of War","HornCleat","Blood Vial","Odd Mushroom","Philosopher\u0027s Stone","Happy Flower","Sundial","StrikeDummy","DataDisk","Shovel","Bronze Scales","Ice Cream","Cursed Key","Calipers","TheAbacus","Strawberry","Akabeko","PreservedInsect","Juzu Bracelet","Incense Burner","Symbiotic Virus","Pocketwatch"],"acts_visited":["Exordium","TheCity","TheBeyond","TheEnding"],"potions_floor_usage":[23,25,30,51,51],"damage_taken":[{"damage":2.0,"enemies":"Jaw Worm","floor":1.0,"turns":4.0},{"damage":0.0,"enemies":"Small Slimes","floor":5.0,"turns":4.0},{"damage":0.0,"enemies":"Lagavulin","floor":6.0,"turns":6.0},{"damage":0.0,"enemies":"Gremlin Nob","floor":8.0,"turns":4.0},{"damage":8.0,"enemies":"3 Sentries","floor":10.0,"turns":6.0},{"damage":0.0,"enemies":"2 Louse","floor":11.0,"turns":2.0},{"damage":0.0,"enemies":"Red Slaver","floor":12.0,"turns":3.0},{"damage":0.0,"enemies":"The Mushroom Lair","floor":13.0,"turns":1.0},{"damage":12.0,"enemies":"Gremlin Gang","floor":14.0,"turns":2.0},{"damage":13.0,"enemies":"Slime Boss","floor":16.0,"turns":6.0},{"damage":1.0,"enemies":"3 Byrds","floor":18.0,"turns":1.0},{"damage":0.0,"enemies":"Spheric Guardian","floor":21.0,"turns":3.0},{"damage":48,"enemies":"Slavers","floor":23,"turns":5},{"damage":0,"enemies":"Shelled Parasite and Fungi","floor":24,"turns":5},{"damage":9,"enemies":"Gremlin Leader","floor":25,"turns":8},{"damage":0,"enemies":"Chosen and Byrds","floor":28,"turns":5},{"damage":0,"enemies":"Snake Plant","floor":29,"turns":3},{"damage":20,"enemies":"Book of Stabbing","floor":30,"turns":4},{"damage":0,"enemies":"Automaton","floor":33,"turns":7},{"damage":0,"enemies":"3 Shapes","floor":35,"turns":2},{"damage":0,"enemies":"Mind Bloom Boss Battle","floor":36,"turns":4},{"damage":0,"enemies":"Orb Walker","floor":37,"turns":2},{"damage":0,"enemies":"Nemesis","floor":42,"turns":5},{"damage":0,"enemies":"Giant Head","floor":45,"turns":3},{"damage":10,"enemies":"Writhing Mass","floor":48,"turns":4},{"damage":7,"enemies":"Time Eater","floor":50,"turns":4},{"damage":11,"enemies":"Awakened One","floor":51,"turns":4},{"damage":1,"enemies":"Shield and Spear","floor":55,"turns":4},{"damage":35,"enemies":"The Heart","floor":56,"turns":6}],"seed_played":"-3889000309760628814","potions_obtained":[{"floor":6.0,"key":"SpeedPotion"},{"floor":8.0,"key":"Dexterity Potion"},{"floor":11.0,"key":"PowerPotion"},{"floor":12.0,"key":"AttackPotion"},{"floor":16.0,"key":"GamblersBrew"},{"floor":18.0,"key":"SkillPotion"},{"floor":24,"key":"Fire Potion"},{"floor":29,"key":"LiquidBronze"},{"floor":33,"key":"Ancient Potion"},{"floor":37,"key":"Energy Potion"},{"floor":45,"key":"SpeedPotion"}],"is_trial":false,"path_per_floor":["M","?","?","?","M","E","R","E","T","E","M","M","?","M","R","B",null,"M","?","?","M","$","E","M","E","T","R","M","M","E","?","R","B",null,"M","?","M","?","T","$","?","E","T","R","E","$","R","M","R","B","B",null,"R","$","E","B",null],"character_chosen":"DEFECT","items_purchased":["Storm","Happy Flower","Sundial","TheAbacus","Chill"],"campfire_rested":1,"item_purchase_floors":[22,22,22,40,40],"current_hp_per_floor":[62,41,41,41,41,41,41,41,41,33,35,37,39,29,29,18,58,59,59,71,71,71,23,25,18,18,18,20,22,4,4,25,27,60,62,64,66,66,66,64,54,63,63,63,65,65,65,57,57,52,43,64,64,64,65,32],"gold":50,"neow_bonus":"BOSS_RELIC","is_daily":false,"chose_seed":false,"campfire_upgraded":2,"win_rate":0.0,"timestamp":1614270709,"path_taken":["M","?","?","?","?","E","R","E","T","E","?","M","?","M","R","BOSS","M","?","?","?","$","E","M","E","T","R","M","M","E","?","R","BOSS","M","?","M","?","?","$","?","E","T","R","E","?","R","M","R","BOSS","BOSS","R","$","E","BOSS"],"items_purchased_type":["Card","Relic","Relic","Relic","Card"],"build_version":"2020-12-22","purchased_purges":3,"victory":true,"max_hp_per_floor":[71,71,71,71,71,71,71,71,71,71,71,71,71,71,71,71,71,71,71,71,71,71,71,71,71,71,71,71,71,71,71,71,71,71,71,71,71,67,67,64,64,71,71,71,71,71,71,71,71,71,71,71,71,71,71,71],"relic_stats":{"Happy Flower":[25],"counters":[29,117],"Astrolabe":["Streamline","Buffer","Static Discharge"],"PreservedInsect":207,"Juzu Bracelet":0,"MawBank":192,"Cursed Key":2,"Blood Vial":44,"Shovel":4,"TheAbacus":[78],"Sundial":[22],"Bronze Scales":[222],"Art of War":[36],"obtain_stats":[{"Ice Cream":30,"Calipers":36,"Juzu Bracelet":45,"Incense Burner":47,"Cursed Key":34,"Blood Vial":10,"HornCleat":9,"Shovel":26,"TheAbacus":40,"Sundial":22,"Strawberry":42,"Philosopher\u0027s Stone":17,"Cracked Core":0,"Happy Flower":22,"Astrolabe":0,"PreservedInsect":44,"Odd Mushroom":13,"MawBank":6,"Akabeko":43,"DataDisk":25,"Bronze Scales":27,"Art of War":8,"StrikeDummy":23,"Symbiotic Virus":53,"Pocketwatch":55},{"Ice Cream":18,"Calipers":21,"Juzu Bracelet":24,"Incense Burner":24,"Cursed Key":19,"Blood Vial":5,"HornCleat":4,"Shovel":15,"TheAbacus":22,"Sundial":12,"Strawberry":23,"Philosopher\u0027s Stone":10,"Cracked Core":0,"Happy Flower":12,"Astrolabe":0,"PreservedInsect":23,"Odd Mushroom":8,"MawBank":3,"Akabeko":23,"DataDisk":15,"Bronze Scales":15,"Art of War":4,"StrikeDummy":13,"Symbiotic Virus":27,"Pocketwatch":28},{"Ice Cream":72,"Calipers":85,"Juzu Bracelet":95,"Incense Burner":95,"Cursed Key":79,"Blood Vial":24,"HornCleat":18,"Shovel":60,"TheAbacus":87,"Sundial":42,"Strawberry":92,"Philosopher\u0027s Stone":38,"Cracked Core":0,"Happy Flower":42,"Astrolabe":0,"PreservedInsect":92,"Odd Mushroom":30,"MawBank":14,"Akabeko":92,"DataDisk":60,"Bronze Scales":60,"Art of War":18,"StrikeDummy":47,"Symbiotic Virus":107,"Pocketwatch":111}],"Pocketwatch":[3]},"card_choices":[{"not_picked":["Darkness","Beam Cell"],"picked":"Coolheaded","floor":1.0},{"not_picked":["Fusion","Rebound"],"picked":"Hologram","floor":5.0},{"not_picked":["Buffer","Ball Lightning"],"picked":"Reboot","floor":6.0},{"not_picked":["FTL","Ball Lightning"],"picked":"Rebound","floor":8.0},{"not_picked":["Steam","Rebound"],"picked":"Doom and Gloom","floor":10.0},{"not_picked":["Stack","Fusion"],"picked":"Conserve Battery","floor":11.0},{"not_picked":["Cold Snap","Glacier"],"picked":"Sunder","floor":12.0},{"not_picked":["Lockon","Sweeping Beam"],"picked":"Conserve Battery","floor":13.0},{"not_picked":["Darkness","Turbo"],"picked":"Genetic Algorithm","floor":14.0},{"not_picked":["Multi-Cast","Thunder Strike"],"picked":"Creative AI","floor":16.0},{"not_picked":["Ball Lightning","Conserve Battery+1"],"picked":"Turbo+1","floor":18.0},{"not_picked":["Sweeping Beam","Gash"],"picked":"Heatsinks","floor":21.0},{"not_picked":["Coolheaded","Stack"],"picked":"Reinforced Body","floor":23},{"not_picked":["Leap","Melter"],"picked":"Biased Cognition","floor":24},{"not_picked":["Hologram","Barrage"],"picked":"Skim+1","floor":25},{"not_picked":["Turbo","Sweeping Beam"],"picked":"Consume","floor":28},{"not_picked":["Redo","Steam+1","Coolheaded"],"picked":"SKIP","floor":29},{"not_picked":["Steam","Multi-Cast","Beam Cell"],"picked":"SKIP","floor":30},{"not_picked":["Seek","Meteor Strike"],"picked":"Amplify","floor":33},{"not_picked":["Lockon","FTL"],"picked":"Storm+1","floor":35},{"not_picked":["Capacitor","Gash"],"picked":"Heatsinks+1","floor":37},{"not_picked":["Transmutation","Dark Shackles"],"picked":"Panacea","floor":41},{"not_picked":["Finesse","Chrysalis"],"picked":"Impatience","floor":41},{"not_picked":["Jack Of All Trades","Mayhem"],"picked":"Master of Strategy","floor":41},{"not_picked":["Rebound","Scrape","Steam"],"picked":"SKIP","floor":42},{"not_picked":["Leap","Rebound"],"picked":"Consume+1","floor":45},{"not_picked":["Sweeping Beam+1","Ball Lightning"],"picked":"Force Field","floor":48},{"not_picked":["Steam Power","Coolheaded"],"picked":"Echo Form","floor":55}],"player_experience":1679104,"relics_obtained":[{"floor":6.0,"key":"MawBank"},{"floor":8.0,"key":"Art of War"},{"floor":9.0,"key":"HornCleat"},{"floor":10.0,"key":"Blood Vial"},{"floor":13.0,"key":"Odd Mushroom"},{"floor":23,"key":"StrikeDummy"},{"floor":25,"key":"DataDisk"},{"floor":26,"key":"Shovel"},{"floor":27,"key":"Bronze Scales"},{"floor":30,"key":"Ice Cream"},{"floor":36,"key":"Calipers"},{"floor":42,"key":"Strawberry"},{"floor":43,"key":"Akabeko"},{"floor":44,"key":"PreservedInsect"},{"floor":45,"key":"Juzu Bracelet"},{"floor":47,"key":"Incense Burner"},{"floor":53,"key":"Symbiotic Virus"},{"floor":55,"key":"Pocketwatch"}],"event_choices":[{"damage_healed":0.0,"max_hp_gain":0.0,"max_hp_loss":0.0,"gold_gain":0.0,"event_name":"Shining Light","player_choice":"Entered Light","floor":2.0,"gold_loss":0.0,"damage_taken":21.0,"cards_upgraded":["Coolheaded","Defend_B"]},{"damage_healed":0.0,"max_hp_gain":0.0,"max_hp_loss":0.0,"gold_gain":67.0,"event_name":"Golden Wing","player_choice":"Gained Gold","floor":3.0,"gold_loss":0.0,"damage_taken":0.0},{"damage_healed":0.0,"max_hp_gain":0.0,"max_hp_loss":0.0,"gold_gain":0.0,"cards_transformed":["Defend_B"],"event_name":"Transmorgrifier","player_choice":"Transformed","floor":4.0,"gold_loss":0.0,"damage_taken":0.0,"cards_obtained":["Reboot"]},{"damage_healed":0.0,"max_hp_gain":0.0,"max_hp_loss":0.0,"gold_gain":0.0,"event_name":"Mushrooms","player_choice":"Fought Mushrooms","floor":13.0,"gold_loss":0.0,"damage_taken":0.0},{"damage_healed":0.0,"max_hp_gain":0.0,"max_hp_loss":0.0,"gold_gain":0.0,"event_name":"Vampires","player_choice":"Ignored","floor":19.0,"gold_loss":0.0,"damage_taken":0.0},{"cards_removed":["Genetic Algorithm"],"damage_healed":12.0,"max_hp_gain":0.0,"max_hp_loss":0.0,"gold_gain":0.0,"event_name":"Bonfire Elementals","player_choice":"Offered Uncommon","floor":20.0,"gold_loss":0.0,"damage_taken":0.0},{"damage_healed":0,"gold_gain":0,"cards_transformed":["Defend_B","Defend_B"],"player_choice":"Became Test Subject","damage_taken":0,"max_hp_gain":0,"max_hp_loss":0,"event_name":"Drug Dealer","floor":31,"gold_loss":0,"cards_obtained":["Storm","Tempest"]},{"damage_healed":0,"gold_gain":0,"player_choice":"Fight","damage_taken":0,"max_hp_gain":0,"max_hp_loss":0,"event_name":"MindBloom","floor":36,"gold_loss":0},{"damage_healed":0,"gold_gain":0,"player_choice":"Max HP","damage_taken":0,"max_hp_gain":0,"max_hp_loss":4,"event_name":"Winding Halls","floor":38,"gold_loss":0},{"damage_healed":0,"gold_gain":0,"player_choice":"Memory 3","damage_taken":10,"max_hp_gain":0,"max_hp_loss":0,"event_name":"SensoryStone","floor":41,"gold_loss":0}],"is_beta":false,"boss_relics":[{"not_picked":["Empty Cage","SacredBark"],"picked":"Philosopher\u0027s Stone"},{"not_picked":["Black Star","Runic Pyramid"],"picked":"Cursed Key"}],"items_purged_floors":[22,40,46],"is_endless":false,"potions_floor_spawned":[6,8,11,12,16,18,24,29,33,37,45,48],"ascension_level":20}}