{"host":"Krakhan","time":1614224115,"event":{"mods":["AchievementEnabler","BaseMod","Colored Map","Colored Powertips","Highlight Path","Minty Spire (QoL Compilation)","Rare Cards Sparkle","Relic Stats","StSLib"],"gold_per_floor":[14,27,41,106,121,147,147,177,227,227,238,3,19,30,30,108,108,119,119,134,134,154,154,154],"floor_reached":23,"language":"ENG","playtime":1247,"items_purged":["Strike_R"],"score":410,"play_id":"cc8a2b87-cd8a-41a4-9799-0b932c560036","local_time":"20210224223515","is_ascension_mode":true,"campfire_choices":[{"data":"Apotheosis","floor":7,"key":"SMITH"},{"floor":10,"key":"REST"},{"floor":15,"key":"REST"}],"circlet_count":0,"master_deck":["AscendersBane","Strike_R+1","Strike_R+1","Strike_R+1","Strike_R+1","Defend_R+1","Defend_R+1","Defend_R+1","Defend_R+1","Bash","Apotheosis+1","Carnage","Sword Boomerang","Thunderclap","Combust","Flame Barrier","Demon Form","Shockwave","Master of Strategy","Shrug It Off","True Grit","Feed","Pummel","Ghostly","Ghostly","Ghostly","Power Through"],"relics":["Burning Blood","InkBottle","Pantograph","Smiling Mask","Runic Dome"],"acts_visited":["Exordium","TheCity"],"potions_floor_usage":[6,23],"damage_taken":[{"damage":10,"enemies":"Jaw Worm","floor":1,"turns":5},{"damage":10,"enemies":"Small Slimes","floor":2,"turns":5},{"damage":0,"enemies":"Cultist","floor":3,"turns":4},{"damage":12,"enemies":"Exordium Wildlife","floor":5,"turns":4},{"damage":19,"enemies":"Lagavulin","floor":6,"turns":6},{"damage":30,"enemies":"Gremlin Nob","floor":8,"turns":4},{"damage":14,"enemies":"Blue Slaver","floor":11,"turns":5},{"damage":16,"enemies":"2 Fungi Beasts","floor":13,"turns":4},{"damage":9,"enemies":"Red Slaver","floor":14,"turns":3},{"damage":10,"enemies":"The Guardian","floor":16,"turns":7},{"damage":29,"enemies":"Shell Parasite","floor":18,"turns":6},{"damage":16,"enemies":"Chosen","floor":20,"turns":5},{"damage":29,"enemies":"Snake Plant","floor":22,"turns":4},{"damage":17,"enemies":"Gremlin Leader","floor":23,"turns":4}],"seed_played":"3136756994676520384","potions_obtained":[{"floor":3,"key":"Weak Potion"},{"floor":6,"key":"ElixirPotion"},{"floor":8,"key":"Strength Potion"},{"floor":20,"key":"SneckoOil"}],"is_trial":false,"path_per_floor":["M","M","M","?","M","E","R","E","T","R","M","$","M","M","R","B",null,"M","?","M","?","M","E"],"character_chosen":"IRONCLAD","items_purchased":["Master of Strategy"],"campfire_rested":2,"item_purchase_floors":[12],"current_hp_per_floor":[64,60,66,66,60,47,47,23,23,45,37,37,27,24,46,67,73,50,37,31,31,11,0,0],"gold":154,"neow_bonus":"RANDOM_COLORLESS_2","is_daily":false,"chose_seed":false,"campfire_upgraded":1,"win_rate":0.0,"timestamp":1614224115,"path_taken":["M","M","M","?","M","E","R","E","T","R","M","$","M","M","R","BOSS","M","?","M","?","M","E"],"items_purchased_type":["Card"],"build_version":"2020-12-18","purchased_purges":1,"victory":false,"max_hp_per_floor":[75,75,75,75,75,75,75,75,75,75,75,75,75,75,75,75,75,75,37,41,41,44,44,44],"relic_stats":{"counters":[14,66],"Pantograph":25,"Smiling Mask":25,"obtain_stats":[{"Runic Dome":17,"Pantograph":8,"Smiling Mask":9,"Burning Blood":0,"InkBottle":6},{"Runic Dome":10,"Pantograph":6,"Smiling Mask":6,"Burning Blood":0,"InkBottle":5},{"Runic Dome":47,"Pantograph":28,"Smiling Mask":28,"Burning Blood":0,"InkBottle":24}],"Burning Blood":78,"InkBottle":[9]},"card_choices":[{"not_picked":["Thinking Ahead","Metamorphosis"],"picked":"Apotheosis","floor":0},{"not_picked":["Battle Trance","Headbutt"],"picked":"Carnage","floor":1},{"not_picked":["Seeing Red","Body Slam"],"picked":"Sword Boomerang","floor":2},{"not_picked":["Shrug It Off","Disarm"],"picked":"Thunderclap","floor":3},{"not_picked":["Headbutt","Clothesline"],"picked":"Combust","floor":5},{"not_picked":["Brutality","Wild Strike"],"picked":"Flame Barrier","floor":6},{"not_picked":["Rage","Clash"],"picked":"Demon Form","floor":8},{"not_picked":["Twin Strike","Ghostly Armor"],"picked":"Shockwave","floor":11},{"not_picked":["Havoc","Flex"],"picked":"Shrug It Off","floor":13},{"not_picked":["Fire Breathing","Metallicize"],"picked":"True Grit","floor":14},{"not_picked":["Barricade","Brutality"],"picked":"Feed","floor":16},{"not_picked":["Sword Boomerang","Clash"],"picked":"Pummel","floor":18},{"not_picked":["Warcry","Headbutt"],"picked":"Power Through","floor":20},{"not_picked":["Combust","Perfected Strike","Entrench"],"picked":"SKIP","floor":22}],"player_experience":1403601,"relics_obtained":[{"floor":6,"key":"InkBottle"},{"floor":8,"key":"Pantograph"},{"floor":9,"key":"Smiling Mask"}],"event_choices":[{"damage_healed":0,"gold_gain":65,"player_choice":"Gained Gold","damage_taken":0,"max_hp_gain":0,"max_hp_loss":0,"event_name":"Golden Wing","floor":4,"gold_loss":0},{"damage_healed":0,"gold_gain":0,"player_choice":"Became a Ghost","damage_taken":0,"max_hp_gain":0,"max_hp_loss":38,"event_name":"Ghosts","floor":19,"gold_loss":0,"cards_obtained":["Ghostly","Ghostly","Ghostly"]},{"damage_healed":0,"gold_gain":0,"player_choice":"Simplicity","damage_taken":0,"max_hp_gain":0,"max_hp_loss":0,"event_name":"Back to Basics","floor":21,"gold_loss":0,"cards_upgraded":["Strike_R","Strike_R","Strike_R","Strike_R","Defend_R","Defend_R","Defend_R","Defend_R"]}],"is_beta":true,"boss_relics":[{"not_picked":["Runic Cube","Empty Cage"],"picked":"Runic Dome"}],"items_purged_floors":[12],"is_endless":false,"potions_floor_spawned":[3,6,8,20],"killed_by":"Gremlin Leader","ascension_level":20}}