{"host":"nptej036rrbiurf5","time":1614218862,"event":{"mods":["BaseMod","Colored Map","Colored Powertips","DeckTracker","Minty Spire (QoL Compilation)","StSLib","SuperFastMode"],"gold_per_floor":[114,128,139,154,79,113,113,188,211,211,225,256,22,52,52,52,52],"floor_reached":16,"language":"KOR","playtime":504,"items_purged":["Strike_R","Strike_R"],"score":240,"play_id":"c5cdd40d-7114-4b28-bccd-cb18433b3023","local_time":"20210225110742","is_ascension_mode":true,"campfire_choices":[{"data":"Demon Form","floor":7,"key":"SMITH"},{"floor":10,"key":"REST"},{"floor":15,"key":"REST"}],"circlet_count":0,"master_deck":["AscendersBane","Strike_R","Strike_R","Strike_R+1","Defend_R","Defend_R+1","Defend_R+1","Defend_R","Bash","Pommel Strike","Cleave+1","Intimidate","Demon Form+1","Sword Boomerang","Pommel Strike","Heavy Blade","Pummel","Disarm","Armaments"],"relics":["Burning Blood","War Paint","Whetstone","Smiling Mask","StoneCalendar"],"acts_visited":["Exordium"],"potions_floor_usage":[4,6,16],"damage_taken":[{"damage":6.0,"enemies":"Cultist","floor":1.0,"turns":3.0},{"damage":4.0,"enemies":"Small Slimes","floor":2.0,"turns":5.0},{"damage":9.0,"enemies":"Jaw Worm","floor":3.0,"turns":4.0},{"damage":6,"enemies":"Exordium Wildlife","floor":4,"turns":2},{"damage":45,"enemies":"3 Sentries","floor":6,"turns":7},{"damage":0,"enemies":"Lots of Slimes","floor":11,"turns":1},{"damage":19,"enemies":"Lagavulin","floor":12,"turns":6},{"damage":37,"enemies":"Gremlin Nob","floor":14,"turns":4},{"damage":34,"enemies":"The Guardian","floor":16,"turns":6}],"seed_played":"6141531808544188689","potions_obtained":[{"floor":2.0,"key":"SteroidPotion"},{"floor":3.0,"key":"Swift Potion"},{"floor":14,"key":"LiquidBronze"}],"is_trial":false,"path_per_floor":["M","M","M","M","$","E","R","?","T","R","M","E","$","E","R","B"],"character_chosen":"IRONCLAD","items_purchased":["Pummel","Disarm","Armaments"],"campfire_rested":2,"item_purchase_floors":[13,13,13],"current_hp_per_floor":[75,77,74,74,74,35,35,24,24,48,54,41,41,10,34,0,0],"gold":52,"neow_bonus":"TEN_PERCENT_HP_BONUS","is_daily":false,"chose_seed":false,"campfire_upgraded":1,"win_rate":0.0,"timestamp":1614218862,"path_taken":["M","M","M","M","?","E","R","?","T","R","M","E","$","E","R","BOSS"],"items_purchased_type":["Card","Card","Card"],"build_version":"2020-12-22","purchased_purges":2,"victory":false,"max_hp_per_floor":[82,82,82,82,82,82,82,82,82,82,82,82,82,82,82,82,82],"card_choices":[{"not_picked":["Wild Strike","Dark Embrace"],"picked":"Pommel Strike","floor":1.0},{"not_picked":["Havoc","True Grit"],"picked":"Cleave","floor":2.0},{"not_picked":["Cleave","Anger"],"picked":"Intimidate","floor":3.0},{"not_picked":["Perfected Strike","Evolve"],"picked":"Demon Form","floor":4},{"not_picked":["Dual Wield","Wild Strike"],"picked":"Sword Boomerang","floor":6},{"not_picked":["Clothesline","Searing Blow"],"picked":"Pommel Strike","floor":11},{"not_picked":["Bloodletting","Dropkick"],"picked":"Heavy Blade","floor":12},{"not_picked":["Rupture","Cleave","Combust"],"picked":"SKIP","floor":14}],"player_experience":1028337,"relics_obtained":[{"floor":6,"key":"War Paint"},{"floor":9,"key":"Whetstone"},{"floor":12,"key":"Smiling Mask"},{"floor":14,"key":"StoneCalendar"}],"event_choices":[{"damage_healed":0,"gold_gain":75,"player_choice":"Gather Gold","damage_taken":11,"max_hp_gain":0,"max_hp_loss":0,"event_name":"World of Goop","floor":8,"gold_loss":0}],"is_beta":false,"boss_relics":[],"items_purged_floors":[5,13],"is_endless":false,"potions_floor_spawned":[2,3,14],"killed_by":"The Guardian","ascension_level":20}}