{"host":"z0i2956snhkzdzmn","time":1614234335,"event":{"mods":["2.2 Compatiblity","Act Like it!","Arknights","BaseMod","Better Skull","Better Vampires","BetterRewards","Block Reminder","CatGirl Mod","Colored Powertips","Conspire","Curses Come First","Dota2Spire","GifTheSpireLib","GungeonMod","Highlight Path","Minty Spire (QoL Compilation)","Pale of the Ancients","Permanent Neow","Quick Restart","Rare Cards Sparkle","Relic Stats","Reliquary","StSLib","The Judge","The Marked","The Showman","TheBandit","Unceasing Turn Reminder","thorton"],"gold_per_floor":[118,138,23,23,38,55,86,86,136,136,191,207,219,219,219,315,315,340,358,28,28,55,55,55,55],"floor_reached":24,"language":"ENG","playtime":1041,"items_purged":[],"score":198,"play_id":"ded76480-a4bc-4dd4-9232-7db3a9ecf586","local_time":"20210224222535","is_ascension_mode":false,"campfire_choices":[{"floor":8,"key":"REST"},{"floor":10,"key":"REST"},{"floor":15,"key":"REST"},{"floor":23,"key":"REST"}],"circlet_count":0,"master_deck":["WordoMod:StrikeCard","WordoMod:StrikeCard","WordoMod:StrikeCard","WordoMod:StrikeCard","WordoMod:DefendCard","WordoMod:DefendCard","WordoMod:DefendCard","WordoMod:DefendCard","WordoMod:Accursed","WordoMod:IllWill","WordoMod:ProjectilePurge","WordoMod:Unchained","WordoMod:Plague","WordoMod:Behead","WordoMod:Petrified","WordoMod:Combo","WordoMod:MaliceSoul","WordoMod:AfflictedWeapon","Clumsy","WordoMod:Retaliate","WordoMod:Sacrilege","WordoMod:GreatSeal","WordoMod:Repent","WordoMod:LordOfTheFlies+1","Discovery","WordoMod:Sacrilege"],"relics":["WordoMod:Obsidian","WordoMod:Effigy","Lantern","GremlinMask","Bottled Flame","reliquary:PartyBalloon","thethorton:GreedFountain","HornCleat"],"acts_visited":["Exordium","TheCity"],"potions_floor_usage":[5,7,16,16,24],"damage_taken":[{"damage":1,"enemies":"Jaw Worm","floor":1,"turns":4},{"damage":6,"enemies":"Cultist","floor":2,"turns":3},{"damage":4,"enemies":"Small Slimes","floor":5,"turns":3},{"damage":19,"enemies":"3 Louse","floor":6,"turns":4},{"damage":20,"enemies":"Lagavulin","floor":7,"turns":5},{"damage":17,"enemies":"Exordium Thugs","floor":12,"turns":4},{"damage":0,"enemies":"Lots of Slimes","floor":13,"turns":1},{"damage":73,"enemies":"Hexaghost","floor":16,"turns":9},{"damage":51,"enemies":"Shell Parasite","floor":18,"turns":7},{"damage":4,"enemies":"Chosen","floor":19,"turns":4},{"damage":20,"enemies":"Snake Plant","floor":22,"turns":4},{"damage":33,"enemies":"Book of Stabbing","floor":24,"turns":3}],"seed_played":"7876894015742366183","potions_obtained":[{"floor":2,"key":"Block Potion"},{"floor":5,"key":"Ancient Potion"},{"floor":6,"key":"DistilledChaos"},{"floor":13,"key":"SkillPotion"},{"floor":19,"key":"SpeedPotion"},{"floor":22,"key":"GamblersBrew"}],"is_trial":false,"path_per_floor":["M","M","$","?","M","M","E","R","T","R","?","M","M","?","R","B",null,"M","M","$","?","M","R","E"],"character_chosen":"JUDGE_CLASS","items_purchased":["WordoMod:Plague","WordoMod:Behead","HornCleat","Discovery"],"campfire_rested":4,"item_purchase_floors":[3,3,20,20],"current_hp_per_floor":[74,68,68,68,64,45,25,47,47,69,69,52,52,57,80,7,80,29,25,25,25,5,29,0,0],"gold":55,"neow_bonus":"RANDOM_COMMON_RELIC","is_daily":false,"chose_seed":false,"campfire_upgraded":0,"win_rate":0.0,"timestamp":1614234335,"path_taken":["M","M","$","?","M","?","E","R","T","R","?","M","M","?","R","BOSS","M","M","$","?","?","R","E"],"items_purchased_type":["Card","Card","Relic","Card"],"build_version":"2020-12-22","purchased_purges":0,"victory":false,"max_hp_per_floor":[75,75,75,75,75,75,75,75,75,75,75,75,75,80,80,80,80,80,80,80,80,80,80,80,80],"relic_stats":{"counters":[12,51],"obtain_stats":[{"Lantern":0,"Bottled Flame":7,"WordoMod:Effigy":0,"HornCleat":20,"reliquary:PartyBalloon":9,"WordoMod:Obsidian":0,"GremlinMask":4,"DemoMod:GlassGuonStoneRelic":2,"thethorton:GreedFountain":17},{"Lantern":0,"Bottled Flame":5,"WordoMod:Effigy":0,"HornCleat":10,"reliquary:PartyBalloon":5,"WordoMod:Obsidian":0,"GremlinMask":2,"DemoMod:GlassGuonStoneRelic":2,"thethorton:GreedFountain":8},{"Lantern":0,"Bottled Flame":19,"WordoMod:Effigy":0,"HornCleat":44,"reliquary:PartyBalloon":19,"WordoMod:Obsidian":0,"GremlinMask":7,"DemoMod:GlassGuonStoneRelic":7,"thethorton:GreedFountain":33}]},"card_choices":[{"not_picked":["WordoMod:MementoMori","WordoMod:SoulSpear"],"picked":"WordoMod:ProjectilePurge","floor":1},{"not_picked":["WordoMod:MementoMori","WordoMod:Sickness"],"picked":"WordoMod:Unchained","floor":2},{"not_picked":["Parasite","WordoMod:Accursed"],"picked":"WordoMod:Petrified","floor":5},{"not_picked":["WordoMod:AfflictedWeapon","WordoMod:ShackleGuard"],"picked":"WordoMod:Combo","floor":5},{"not_picked":["WordoMod:Unchained","WordoMod:TheCure"],"picked":"WordoMod:MaliceSoul","floor":6},{"not_picked":["WordoMod:FalseDiagnosis","WordoMod:MentalFortitude"],"picked":"WordoMod:AfflictedWeapon","floor":7},{"not_picked":["Pain","Parasite"],"picked":"Clumsy","floor":12},{"not_picked":["WordoMod:Sacrilege","WordoMod:Exorcism"],"picked":"WordoMod:Retaliate","floor":12},{"not_picked":["WordoMod:BadMemories","WordoMod:Retaliate"],"picked":"WordoMod:Sacrilege","floor":13},{"not_picked":["WordoMod:DarkForm","WordoMod:MonkeysPaw"],"picked":"WordoMod:GreatSeal","floor":16},{"not_picked":["WordoMod:WillOWisp","WordoMod:FalseDiagnosis"],"picked":"WordoMod:Repent","floor":18},{"not_picked":["WordoMod:CurseBuckler","WordoMod:BreakChains+1"],"picked":"WordoMod:LordOfTheFlies+1","floor":19},{"not_picked":["WordoMod:Behead","WordoMod:FamousTechnique"],"picked":"WordoMod:Sacrilege","floor":22}],"player_experience":184098,"relics_obtained":[{"floor":7,"key":"Bottled Flame"},{"floor":9,"key":"reliquary:PartyBalloon"}],"event_choices":[{"damage_healed":0,"gold_gain":0,"player_choice":"Trade","damage_taken":0,"relics_obtained":["GremlinMask"],"max_hp_gain":0,"max_hp_loss":0,"event_name":"FaceTrader","floor":4,"gold_loss":0},{"damage_healed":0,"gold_gain":55,"player_choice":"Gained Gold","damage_taken":0,"max_hp_gain":0,"max_hp_loss":0,"event_name":"Golden Wing","floor":11,"gold_loss":0},{"damage_healed":0,"gold_gain":0,"player_choice":"Donut","damage_taken":0,"max_hp_gain":5,"max_hp_loss":0,"event_name":"Big Fish","floor":14,"gold_loss":0},{"damage_healed":0,"gold_gain":0,"player_choice":"Ignored","damage_taken":0,"max_hp_gain":0,"max_hp_loss":0,"event_name":"Purifier","floor":21,"gold_loss":0}],"is_beta":false,"boss_relics":[{"not_picked":["reliquary:RedPaperclip","conspire:SlowCooker"],"picked":"thethorton:GreedFountain"}],"items_purged_floors":[],"is_endless":false,"potions_floor_spawned":[2,5,6,13,19,22],"killed_by":"Book of Stabbing","ascension_level":0}}