{"host":"kh6fvhxn285ncg0o","time":1614226904,"event":{"mods":["Act Like it!","BaseMod","Colored Map","Friendly Minions","Keyboard Shortcuts","Minty Spire (QoL Compilation)","Quick Restart","Relic Stats","StSLib","SuperFastMode","UnlockEverythingMod"],"gold_per_floor":[113,263,263,22,42,73,73,99,99,8,23,34,64,95,107,196,208,230,255,294,317,346,383,445,483,520,562,574,605,629,691,703,789,801,832,859,621,843,739,739,764,764,764,798,809,605,313,330,330,330,330,330,330,48,82,82],"floor_reached":57,"language":"KOR","playtime":2127,"items_purged":["Doubt","Pain","Strike_R","Strike_R","Bash","Blood for Blood"],"score":4080,"play_id":"3ba3cef8-f196-469c-8356-14b6810cc5d2","local_time":"20210225132144","is_ascension_mode":true,"campfire_choices":[{"floor":7.0,"key":"REST"},{"floor":15.0,"key":"REST"},{"floor":28.0,"key":"REST"},{"floor":32.0,"key":"RECALL"},{"floor":40,"key":"REST"},{"floor":42,"key":"REST"},{"floor":49,"key":"REST"},{"floor":53,"key":"REST"}],"circlet_count":0,"master_deck":["AscendersBane","Defend_R","Defend_R","Defend_R","Defend_R","Flame Barrier","Hemokinesis","Shrug It Off","Juggernaut","Rage+1","Evolve","Fire Breathing","Corruption","Bloodletting+1","Reckless Charge+1","Seeing Red+1","Disarm","True Grit","Power Through","Sentinel","Shrug It Off+1","Offering","Pommel Strike+1","Shockwave","Discovery","Jack Of All Trades","Entrench","Rage+1","Armaments","Shrug It Off"],"relics":["Fusion Hammer","WarpedTongs","Membership Card","Dead Branch","Ornamental Fan","CaptainsWheel","MawBank","Astrolabe","Red Mask","Lantern","Ancient Tea Set","Blood Vial","Shuriken","Black Star","Kunai","Pantograph","Mercury Hourglass","Mango","Eternal Feather","Meat on the Bone","ClockworkSouvenir","Centennial Puzzle","Lee\u0027s Waffle","War Paint","Bronze Scales","Anchor"],"acts_visited":["Exordium","TheCity","TheBeyond","TheEnding"],"potions_floor_usage":[33,51,56,56],"damage_taken":[{"damage":2.0,"enemies":"2 Louse","floor":1.0,"turns":3.0},{"damage":1.0,"enemies":"Jaw Worm","floor":5.0,"turns":3.0},{"damage":18.0,"enemies":"Lagavulin","floor":6.0,"turns":7.0},{"damage":49.0,"enemies":"Gremlin Nob","floor":8.0,"turns":5.0},{"damage":2.0,"enemies":"Cultist","floor":11.0,"turns":3.0},{"damage":0.0,"enemies":"Blue Slaver","floor":12.0,"turns":3.0},{"damage":1.0,"enemies":"3 Sentries","floor":13.0,"turns":5.0},{"damage":4.0,"enemies":"Looter","floor":14.0,"turns":4.0},{"damage":3.0,"enemies":"Slime Boss","floor":16.0,"turns":6.0},{"damage":5.0,"enemies":"Shell Parasite","floor":18.0,"turns":5.0},{"damage":0.0,"enemies":"Spheric Guardian","floor":19.0,"turns":5.0},{"damage":2.0,"enemies":"Masked Bandits","floor":20.0,"turns":3.0},{"damage":8.0,"enemies":"3 Cultists","floor":21.0,"turns":3.0},{"damage":0.0,"enemies":"Snecko","floor":22.0,"turns":4.0},{"damage":0.0,"enemies":"Gremlin Leader","floor":23.0,"turns":5.0},{"damage":16.0,"enemies":"Book of Stabbing","floor":25.0,"turns":5.0},{"damage":6.0,"enemies":"Slavers","floor":27.0,"turns":4.0},{"damage":0.0,"enemies":"Centurion and Healer","floor":29.0,"turns":2.0},{"damage":0.0,"enemies":"Snake Plant","floor":30.0,"turns":3.0},{"damage":5,"enemies":"Champ","floor":33,"turns":6},{"damage":6,"enemies":"Orb Walker","floor":35,"turns":3},{"damage":7,"enemies":"3 Darklings","floor":36,"turns":3},{"damage":16,"enemies":"Nemesis","floor":41,"turns":5},{"damage":6,"enemies":"Reptomancer","floor":44,"turns":5},{"damage":0,"enemies":"Maw","floor":45,"turns":3},{"damage":11,"enemies":"Spire Growth","floor":48,"turns":3},{"damage":4,"enemies":"Donu and Deca","floor":50,"turns":4},{"damage":53,"enemies":"Time Eater","floor":51,"turns":10},{"damage":7,"enemies":"Shield and Spear","floor":55,"turns":3},{"damage":8,"enemies":"The Heart","floor":56,"turns":7}],"seed_played":"6286455282193742607","potions_obtained":[{"floor":1.0,"key":"SpeedPotion"},{"floor":12.0,"key":"Dexterity Potion"},{"floor":13.0,"key":"EntropicBrew"},{"floor":14.0,"key":"Ancient Potion"},{"floor":18.0,"key":"EntropicBrew"},{"floor":19.0,"key":"DistilledChaos"},{"floor":20.0,"key":"Strength Potion"},{"floor":21.0,"key":"ElixirPotion"},{"floor":30.0,"key":"Swift Potion"},{"floor":33,"key":"GamblersBrew"},{"floor":41,"key":"SpeedPotion"},{"floor":48,"key":"LiquidMemories"}],"is_trial":false,"path_per_floor":["M","?","?","$","M","E","R","E","T","$","M","M","E","M","R","B",null,"M","M","?","M","M","E","?","E","T","E","R","M","M","?","R","B",null,"M","M","$","?","?","R","E","R","T","E","M","$","$","M","R","B","B",null,"R","$","E","B",null],"character_chosen":"IRONCLAD","items_purchased":["Membership Card","Blood for Blood","Rage","Kunai","Discovery","ClockworkSouvenir","Jack Of All Trades","Centennial Puzzle","Entrench","Lee\u0027s Waffle","Armaments","War Paint","Shrug It Off","DuplicationPotion"],"campfire_rested":7,"item_purchase_floors":[4,4,10,37,37,46,46,47,47,47,54,54,54,54],"current_hp_per_floor":[66,66,66,66,65,47,69,20,20,20,18,18,17,13,35,32,64,59,59,57,49,49,49,42,26,26,22,44,46,48,48,48,45,68,64,59,59,59,59,75,73,89,89,83,85,85,96,85,96,92,55,86,96,96,89,88],"gold":82,"neow_bonus":"BOSS_RELIC","is_daily":false,"chose_seed":false,"campfire_upgraded":0,"win_rate":0.0,"timestamp":1614226904,"path_taken":["M","?","?","$","M","E","R","E","T","$","M","?","E","M","R","BOSS","M","M","?","M","M","E","?","E","T","E","R","M","?","?","R","BOSS","M","M","$","?","?","R","E","R","T","E","?","?","$","M","R","BOSS","BOSS","R","$","E","BOSS"],"items_purchased_type":["Relic","Card","Card","Relic","Card","Relic","Card","Relic","Card","Relic","Card","Relic","Card","Potion"],"build_version":"2020-12-22","purchased_purges":6,"victory":true,"max_hp_per_floor":[75,75,75,75,75,75,75,75,75,75,75,75,75,75,75,75,75,75,75,75,75,75,75,75,75,75,75,75,75,75,75,75,75,75,75,75,75,75,75,75,89,89,89,89,89,89,96,96,96,96,96,96,96,96,96,96],"relic_stats":{"Lee\u0027s Waffle":11,"counters":[30,130],"Dead Branch":[423],"Astrolabe":["Bloodletting","Reckless Charge","Seeing Red"],"Eternal Feather":21,"War Paint":["Rage","Shrug It Off"],"MawBank":288,"WarpedTongs":[127],"Mercury Hourglass":[124],"Blood Vial":14,"Centennial Puzzle":[15],"Ornamental Fan":[180],"Shuriken":[34],"Pantograph":11,"Bronze Scales":[96],"Black Star":3,"Kunai":[26],"obtain_stats":[{"Lantern":23,"Mango":41,"Ancient Tea Set":25,"Burning Blood":0,"ClockworkSouvenir":46,"Blood Vial":26,"Centennial Puzzle":47,"Pantograph":39,"Fusion Hammer":0,"Red Mask":20,"Kunai":37,"Lee\u0027s Waffle":47,"Dead Branch":6,"Astrolabe":17,"Eternal Feather":44,"War Paint":54,"MawBank":13,"WarpedTongs":3,"Mercury Hourglass":41,"CaptainsWheel":9,"Anchor":55,"Ornamental Fan":8,"Shuriken":27,"Bronze Scales":55,"Black Star":34,"Membership Card":4,"Meat on the Bone":44},{"Lantern":15,"Mango":23,"Ancient Tea Set":16,"Burning Blood":0,"ClockworkSouvenir":25,"Blood Vial":16,"Centennial Puzzle":25,"Pantograph":22,"Fusion Hammer":0,"Red Mask":12,"Kunai":22,"Lee\u0027s Waffle":25,"Dead Branch":3,"Astrolabe":9,"Eternal Feather":24,"War Paint":28,"MawBank":7,"WarpedTongs":1,"Mercury Hourglass":23,"CaptainsWheel":4,"Anchor":29,"Ornamental Fan":4,"Shuriken":17,"Bronze Scales":29,"Black Star":20,"Membership Card":1,"Meat on the Bone":24},{"Lantern":64,"Mango":95,"Ancient Tea Set":69,"Burning Blood":0,"ClockworkSouvenir":103,"Blood Vial":69,"Centennial Puzzle":103,"Pantograph":90,"Fusion Hammer":0,"Red Mask":52,"Kunai":90,"Lee\u0027s Waffle":103,"Dead Branch":13,"Astrolabe":39,"Eternal Feather":100,"War Paint":120,"MawBank":29,"WarpedTongs":3,"Mercury Hourglass":95,"CaptainsWheel":18,"Anchor":123,"Ornamental Fan":18,"Shuriken":73,"Bronze Scales":123,"Black Star":84,"Membership Card":3,"Meat on the Bone":100}],"Meat on the Bone":12},"card_choices":[{"not_picked":["Anger","Shrug It Off"],"picked":"Flame Barrier","floor":1.0},{"not_picked":["Sentinel","Twin Strike"],"picked":"Hemokinesis","floor":5.0},{"not_picked":["Anger","Clothesline"],"picked":"Shrug It Off","floor":6.0},{"not_picked":["Sword Boomerang","Pommel Strike"],"picked":"Juggernaut","floor":8.0},{"not_picked":["Rupture","Searing Blow"],"picked":"Evolve","floor":12.0},{"not_picked":["Thunderclap","Blood for Blood","Headbutt"],"picked":"SKIP","floor":13.0},{"not_picked":["Rupture","Hemokinesis"],"picked":"Fire Breathing","floor":14.0},{"not_picked":["Fiend Fire","Demon Form"],"picked":"Corruption","floor":16.0},{"not_picked":["Sever Soul","Thunderclap"],"picked":"Disarm","floor":18.0},{"not_picked":["Havoc","Pommel Strike"],"picked":"True Grit","floor":19.0},{"not_picked":["Warcry","Flex","Wild Strike"],"picked":"SKIP","floor":21.0},{"not_picked":["Clothesline","Headbutt"],"picked":"Power Through","floor":22.0},{"not_picked":["Armaments","Clothesline","Dropkick"],"picked":"SKIP","floor":23.0},{"not_picked":["Corruption","Twin Strike+1"],"picked":"Sentinel","floor":25.0},{"not_picked":["True Grit","Carnage"],"picked":"Shrug It Off","floor":27.0},{"not_picked":["Iron Wave","Sentinel","Armaments"],"picked":"SKIP","floor":29.0},{"not_picked":["Demon Form","Armaments","Clash"],"picked":"SKIP","floor":30.0},{"not_picked":["Bludgeon","Corruption"],"picked":"Offering","floor":33},{"not_picked":["Headbutt","Clothesline"],"picked":"Pommel Strike+1","floor":35},{"not_picked":["Whirlwind+1","Twin Strike"],"picked":"Shockwave","floor":36},{"not_picked":["Blood for Blood","Rupture","Metallicize"],"picked":"SKIP","floor":41},{"not_picked":["Pummel","Flex","Thunderclap+1"],"picked":"SKIP","floor":44},{"not_picked":["Twin Strike+1","Flex","Headbutt"],"picked":"SKIP","floor":45},{"not_picked":["Heavy Blade","Demon Form"],"picked":"Rage+1","floor":48},{"not_picked":["Whirlwind+1","Anger","Perfected Strike+1"],"picked":"SKIP","floor":55}],"player_experience":1522864,"relics_obtained":[{"floor":6.0,"key":"Dead Branch"},{"floor":8.0,"key":"Ornamental Fan"},{"floor":9.0,"key":"CaptainsWheel"},{"floor":13.0,"key":"MawBank"},{"floor":20.0,"key":"Red Mask"},{"floor":23.0,"key":"Lantern"},{"floor":25.0,"key":"Ancient Tea Set"},{"floor":26.0,"key":"Blood Vial"},{"floor":27.0,"key":"Shuriken"},{"floor":41,"key":"Mercury Hourglass"},{"floor":41,"key":"Mango"},{"floor":44,"key":"Eternal Feather"},{"floor":44,"key":"Meat on the Bone"},{"floor":55,"key":"Bronze Scales"},{"floor":55,"key":"Anchor"}],"event_choices":[{"damage_healed":0.0,"max_hp_gain":0.0,"max_hp_loss":0.0,"gold_gain":150.0,"event_name":"Liars Game","player_choice":"AGREE","floor":2.0,"gold_loss":0.0,"damage_taken":0.0,"cards_obtained":["Doubt"]},{"damage_healed":0.0,"max_hp_gain":0.0,"max_hp_loss":0.0,"gold_gain":0.0,"event_name":"Accursed Blacksmith","player_choice":"Rummage","floor":3.0,"gold_loss":0.0,"damage_taken":0.0,"relics_obtained":["WarpedTongs"],"cards_obtained":["Pain"]},{"damage_healed":0.0,"max_hp_gain":0.0,"max_hp_loss":0.0,"gold_gain":0.0,"event_name":"Masked Bandits","player_choice":"Fought Bandits","floor":20.0,"gold_loss":0.0,"damage_taken":0.0},{"damage_healed":0.0,"max_hp_gain":0.0,"max_hp_loss":0.0,"gold_gain":50.0,"event_name":"FaceTrader","player_choice":"Touch","floor":24.0,"gold_loss":0.0,"damage_taken":7.0},{"damage_healed":0.0,"max_hp_gain":0.0,"max_hp_loss":0.0,"gold_gain":50.0,"event_name":"Golden Shrine","player_choice":"Pray","floor":31.0,"gold_loss":0.0,"damage_taken":0.0},{"damage_healed":0,"gold_gain":222,"player_choice":"Wore Mask","damage_taken":0,"max_hp_gain":0,"max_hp_loss":0,"event_name":"Tomb of Lord Red Mask","floor":38,"gold_loss":0},{"damage_healed":0,"gold_gain":0,"player_choice":"Paid Gold","damage_taken":0,"relics_obtained":["Pantograph"],"max_hp_gain":0,"max_hp_loss":0,"event_name":"WeMeetAgain","floor":39,"gold_loss":104}],"is_beta":false,"boss_relics":[{"not_picked":["Philosopher\u0027s Stone","Busted Crown"],"picked":"Astrolabe"},{"not_picked":["Coffee Dripper","Mark of Pain"],"picked":"Black Star"}],"items_purged_floors":[4,10,37,46,47,54],"is_endless":false,"potions_floor_spawned":[1,12,13,14,18,19,20,21,30,33,41,48,55],"ascension_level":20}}