{"host":"kh6fvhxn285ncg0o","time":1614217945,"event":{"mods":["Act Like it!","BaseMod","Colored Map","Friendly Minions","Keyboard Shortcuts","Minty Spire (QoL Compilation)","Quick Restart","Relic Stats","StSLib","SuperFastMode","UnlockEverythingMod"],"gold_per_floor":[52,52,52,89,120,120,143,201,201,201,251,90,90,148,148,246,246,290,333,333,248,300,357,180,180,180,242,273,318,678,713,713,811,811,828,863,880,946,984,1042,1042,1071,1071,1112,1112,1170,1188,1248,1248,1273,1298,1298,1298,463,497,497],"floor_reached":57,"language":"KOR","playtime":2187,"items_purged":["Strike_R","Strike_R","Strike_R"],"score":3024,"play_id":"28ac1f33-df6d-47ed-9d08-4dba1d80dbf6","local_time":"20210225105225","is_ascension_mode":true,"campfire_choices":[{"data":"HandOfGreed","floor":6.0,"key":"SMITH"},{"data":"Bash","floor":10.0,"key":"SMITH"},{"data":"Disarm","floor":13.0,"key":"SMITH"},{"floor":15.0,"key":"RECALL"},{"data":"Immolate","floor":25.0,"key":"SMITH"},{"data":"Power Through","floor":32.0,"key":"SMITH"},{"data":"Evolve","floor":49.0,"key":"SMITH"},{"data":"Second Wind","floor":53,"key":"SMITH"}],"circlet_count":0,"master_deck":["AscendersBane","Strike_R","Defend_R","Defend_R","Defend_R","Defend_R","Bash+1","HandOfGreed+1","Disarm+1","Evolve+1","Immolate+1","Power Through+1","Battle Trance","Dark Embrace","Impervious","Seeing Red","Pommel Strike+1","Feed","Sever Soul+1","Battle Trance+1","Second Wind+1","Uppercut+1","Exhume+1","Power Through+1","Warcry+1"],"relics":["Burning Blood","Orichalcum","MealTicket","Tiny Chest","Pantograph","CaptainsWheel","Philosopher\u0027s Stone","Bottled Flame","White Beast Statue","Potion Belt","Strawberry","Matryoshka","Happy Flower","Old Coin","Coffee Dripper","Darkstone Periapt","Molten Egg 2","Mercury Hourglass","Ornamental Fan","Singing Bowl","Toxic Egg 2","Anchor","Sling","StrikeDummy","Blue Candle"],"acts_visited":["Exordium","TheCity","TheBeyond","TheEnding"],"potions_floor_usage":[51,56,56,56,56],"damage_taken":[{"damage":2.0,"enemies":"2 Louse","floor":1.0,"turns":3.0},{"damage":6.0,"enemies":"Jaw Worm","floor":4.0,"turns":3.0},{"damage":0.0,"enemies":"Cultist","floor":5.0,"turns":2.0},{"damage":20.0,"enemies":"Gremlin Nob","floor":8.0,"turns":4.0},{"damage":22.0,"enemies":"Lagavulin","floor":14.0,"turns":5.0},{"damage":29.0,"enemies":"Hexaghost","floor":16.0,"turns":10.0},{"damage":27.0,"enemies":"3 Byrds","floor":18.0,"turns":5.0},{"damage":12.0,"enemies":"Shell Parasite","floor":19.0,"turns":3.0},{"damage":0.0,"enemies":"Gremlin Leader","floor":23.0,"turns":4.0},{"damage":9.0,"enemies":"Centurion and Healer","floor":27.0,"turns":4.0},{"damage":29.0,"enemies":"Book of Stabbing","floor":28.0,"turns":5.0},{"damage":0.0,"enemies":"Snake Plant","floor":29.0,"turns":4.0},{"damage":13.0,"enemies":"Gremlin Leader","floor":30.0,"turns":6.0},{"damage":20.0,"enemies":"Snecko","floor":31.0,"turns":6.0},{"damage":52.0,"enemies":"Collector","floor":33.0,"turns":11.0},{"damage":4.0,"enemies":"3 Darklings","floor":35.0,"turns":5.0},{"damage":0.0,"enemies":"3 Shapes","floor":36.0,"turns":3.0},{"damage":1.0,"enemies":"Transient","floor":37.0,"turns":6.0},{"damage":22.0,"enemies":"Jaw Worm Horde","floor":38.0,"turns":4.0},{"damage":14.0,"enemies":"Writhing Mass","floor":39.0,"turns":5.0},{"damage":10.0,"enemies":"Nemesis","floor":40.0,"turns":7.0},{"damage":7.0,"enemies":"Reptomancer","floor":42.0,"turns":7.0},{"damage":23.0,"enemies":"Spire Growth","floor":44.0,"turns":4.0},{"damage":3.0,"enemies":"Giant Head","floor":46.0,"turns":8.0},{"damage":14.0,"enemies":"Maw","floor":47.0,"turns":8.0},{"damage":8.0,"enemies":"Sphere and 2 Shapes","floor":48.0,"turns":5.0},{"damage":61.0,"enemies":"Donu and Deca","floor":50.0,"turns":13.0},{"damage":45,"enemies":"Time Eater","floor":51,"turns":15},{"damage":43,"enemies":"Shield and Spear","floor":55,"turns":8},{"damage":0,"enemies":"The Heart","floor":56,"turns":12}],"seed_played":"5980590000747590327","potions_obtained":[{"floor":8.0,"key":"Strength Potion"},{"floor":18.0,"key":"LiquidBronze"},{"floor":19.0,"key":"FairyPotion"},{"floor":23.0,"key":"SkillPotion"},{"floor":27.0,"key":"BlessingOfTheForge"},{"floor":28.0,"key":"Dexterity Potion"},{"floor":29.0,"key":"SkillPotion"},{"floor":30.0,"key":"SpeedPotion"},{"floor":31.0,"key":"LiquidBronze"},{"floor":33.0,"key":"Explosive Potion"},{"floor":35.0,"key":"Energy Potion"},{"floor":36.0,"key":"LiquidMemories"},{"floor":37.0,"key":"PowerPotion"},{"floor":38.0,"key":"DistilledChaos"},{"floor":39.0,"key":"Energy Potion"},{"floor":40.0,"key":"ElixirPotion"},{"floor":42.0,"key":"Regen Potion"},{"floor":44.0,"key":"Swift Potion"},{"floor":46.0,"key":"Dexterity Potion"},{"floor":47.0,"key":"Ancient Potion"}],"is_trial":false,"path_per_floor":["M","?","?","M","M","R","T","E","T","R","?","$","R","E","R","B",null,"M","M","T","?","T","E","$","R","T","M","E","M","E","M","R","B",null,"M","M","M","M","M","E","?","E","T","M","T","E","M","M","R","B","B",null,"R","$","E","B",null],"character_chosen":"IRONCLAD","items_purchased":["Evolve","Dark Embrace","Anchor","Sling","PowerPotion","Warcry+1","StrikeDummy"],"campfire_rested":0,"item_purchase_floors":[12,24,54,54,54,54,54],"current_hp_per_floor":[72,65,47,47,53,53,53,39,39,39,32,47,47,31,31,33,65,44,38,38,38,38,51,66,66,66,63,40,46,39,25,25,30,69,71,80,85,72,64,60,60,62,62,54,54,57,52,52,52,25,11,74,74,89,57,88],"gold":497,"neow_bonus":"RANDOM_COLORLESS_2","is_daily":false,"chose_seed":false,"campfire_upgraded":7,"win_rate":0.0,"timestamp":1614217945,"path_taken":["M","?","?","M","?","R","?","E","T","R","?","$","R","E","R","BOSS","M","M","?","?","?","E","$","R","T","M","E","M","E","M","R","BOSS","M","?","M","M","M","E","?","E","T","M","?","E","M","M","R","BOSS","BOSS","R","$","E","BOSS"],"items_purchased_type":["Card","Card","Relic","Relic","Potion","Card","Relic"],"build_version":"2020-12-22","purchased_purges":3,"victory":true,"max_hp_per_floor":[75,75,75,75,75,75,75,75,75,75,75,75,75,75,75,75,75,75,75,75,75,75,82,82,82,82,82,82,82,82,82,82,82,82,82,85,85,88,88,88,84,87,87,87,87,87,90,92,92,95,95,95,95,95,100,100],"relic_stats":{"Darkstone Periapt":0,"Happy Flower":[45],"Singing Bowl":4,"counters":[30,185],"Blue Candle":[0],"Orichalcum":[300],"Burning Blood":180,"Mercury Hourglass":[157],"Ornamental Fan":[100],"Pantograph":125,"MealTicket":45,"Tiny Chest":1,"obtain_stats":[{"Darkstone Periapt":40,"Singing Bowl":45,"Sling":54,"Burning Blood":0,"Old Coin":30,"Matryoshka":26,"Pantograph":9,"Strawberry":23,"MealTicket":7,"Tiny Chest":8,"Philosopher\u0027s Stone":17,"Toxic Egg 2":46,"Potion Belt":22,"Happy Flower":28,"Blue Candle":55,"Orichalcum":3,"White Beast Statue":21,"Mercury Hourglass":43,"CaptainsWheel":14,"Bottled Flame":20,"Anchor":54,"Ornamental Fan":45,"Molten Egg 2":42,"Coffee Dripper":34,"StrikeDummy":54},{"Darkstone Periapt":21,"Singing Bowl":23,"Sling":28,"Burning Blood":0,"Old Coin":13,"Matryoshka":9,"Pantograph":4,"Strawberry":9,"MealTicket":3,"Tiny Chest":4,"Philosopher\u0027s Stone":6,"Toxic Egg 2":24,"Potion Belt":8,"Happy Flower":11,"Blue Candle":29,"Orichalcum":1,"White Beast Statue":8,"Mercury Hourglass":22,"CaptainsWheel":5,"Bottled Flame":8,"Anchor":28,"Ornamental Fan":23,"Molten Egg 2":22,"Coffee Dripper":15,"StrikeDummy":28},{"Darkstone Periapt":105,"Singing Bowl":116,"Sling":165,"Burning Blood":0,"Old Coin":58,"Matryoshka":39,"Pantograph":12,"Strawberry":39,"MealTicket":8,"Tiny Chest":12,"Philosopher\u0027s Stone":27,"Toxic Egg 2":124,"Potion Belt":35,"Happy Flower":48,"Blue Candle":173,"Orichalcum":3,"White Beast Statue":35,"Mercury Hourglass":112,"CaptainsWheel":17,"Bottled Flame":35,"Anchor":165,"Ornamental Fan":116,"Molten Egg 2":112,"Coffee Dripper":75,"StrikeDummy":165}]},"card_choices":[{"not_picked":["Sadistic Nature","Magnetism"],"picked":"HandOfGreed","floor":0.0},{"not_picked":["Dual Wield","Clash"],"picked":"Disarm","floor":1.0},{"not_picked":["Anger","Flex","Armaments"],"picked":"SKIP","floor":4.0},{"not_picked":["Brutality","Fiend Fire"],"picked":"Immolate","floor":16.0},{"not_picked":["Wild Strike+1","Whirlwind"],"picked":"Power Through","floor":18.0},{"not_picked":["Burning Pact","Intimidate+1"],"picked":"Battle Trance","floor":19.0},{"not_picked":["Disarm","Clothesline","Heavy Blade"],"picked":"SKIP","floor":23.0},{"not_picked":["Sword Boomerang","Thunderclap"],"picked":"Impervious","floor":28.0},{"not_picked":["Ghostly Armor","Fire Breathing"],"picked":"Seeing Red","floor":29.0},{"not_picked":["Iron Wave","Twin Strike","Spot Weakness"],"picked":"SKIP","floor":30.0},{"not_picked":["Intimidate","Whirlwind"],"picked":"Pommel Strike+1","floor":31.0},{"not_picked":["Bludgeon","Demon Form"],"picked":"Feed","floor":33.0},{"not_picked":["Iron Wave+1","Burning Pact"],"picked":"Sever Soul+1","floor":35.0},{"not_picked":["Warcry","Cleave"],"picked":"Battle Trance+1","floor":36.0},{"not_picked":["True Grit","Anger"],"picked":"Second Wind","floor":37.0},{"not_picked":["Pummel","Wild Strike+1","Bludgeon"],"picked":"SKIP","floor":38.0},{"not_picked":["Anger+1","Clothesline","Rupture"],"picked":"SKIP","floor":39.0},{"not_picked":["Rupture","Fire Breathing","Searing Blow"],"picked":"SKIP","floor":40.0},{"not_picked":["Clash+1","Armaments+1"],"picked":"Uppercut+1","floor":42.0},{"not_picked":["Heavy Blade+1","Thunderclap+1"],"picked":"Exhume+1","floor":46.0},{"not_picked":["Second Wind+1","Disarm+1"],"picked":"Power Through+1","floor":47.0},{"not_picked":["Headbutt+1","Evolve","Perfected Strike+1"],"picked":"Singing Bowl","floor":48.0},{"not_picked":["Sword Boomerang+1","Metallicize","True Grit+1"],"picked":"Singing Bowl","floor":55}],"player_experience":1518875,"relics_obtained":[{"floor":7.0,"key":"MealTicket"},{"floor":8.0,"key":"Tiny Chest"},{"floor":9.0,"key":"Pantograph"},{"floor":14.0,"key":"CaptainsWheel"},{"floor":20.0,"key":"Bottled Flame"},{"floor":22.0,"key":"Potion Belt"},{"floor":23.0,"key":"Strawberry"},{"floor":26.0,"key":"Matryoshka"},{"floor":28.0,"key":"Happy Flower"},{"floor":30.0,"key":"Old Coin"},{"floor":40.0,"key":"Darkstone Periapt"},{"floor":42.0,"key":"Molten Egg 2"},{"floor":43.0,"key":"Mercury Hourglass"},{"floor":45.0,"key":"Ornamental Fan"},{"floor":45.0,"key":"Singing Bowl"},{"floor":46.0,"key":"Toxic Egg 2"},{"floor":55,"key":"Blue Candle"}],"event_choices":[{"cards_removed":["Strike_R"],"damage_healed":0.0,"max_hp_gain":0.0,"max_hp_loss":0.0,"gold_gain":0.0,"event_name":"Golden Wing","player_choice":"Card Removal","floor":2.0,"gold_loss":0.0,"damage_taken":7.0},{"damage_healed":0.0,"max_hp_gain":0.0,"max_hp_loss":0.0,"gold_gain":0.0,"event_name":"Scrap Ooze","player_choice":"Success","floor":3.0,"gold_loss":0.0,"damage_taken":18.0,"relics_obtained":["Orichalcum"]},{"damage_healed":0.0,"max_hp_gain":0.0,"max_hp_loss":0.0,"gold_gain":50.0,"event_name":"FaceTrader","player_choice":"Touch","floor":11.0,"gold_loss":0.0,"damage_taken":7.0},{"damage_healed":0.0,"max_hp_gain":0.0,"max_hp_loss":0.0,"gold_gain":0.0,"event_name":"Addict","player_choice":"Obtained Relic","floor":21.0,"gold_loss":85.0,"damage_taken":0.0,"relics_obtained":["White Beast Statue"]},{"damage_healed":0.0,"max_hp_gain":0.0,"max_hp_loss":4.0,"gold_gain":0.0,"event_name":"Winding Halls","player_choice":"Max HP","floor":41.0,"gold_loss":0.0,"damage_taken":0.0}],"is_beta":false,"boss_relics":[{"not_picked":["Runic Cube","Velvet Choker"],"picked":"Philosopher\u0027s Stone"},{"not_picked":["Black Blood","Sozu"],"picked":"Coffee Dripper"}],"items_purged_floors":[12,24,54],"is_endless":false,"potions_floor_spawned":[8,18,19,23,27,28,29,30,31,33,35,36,37,38,39,40,42,44,46,47,48,55],"ascension_level":20}}