{"host":"6r762osam2bvfm66","time":1614256641,"event":{"mods":["AchievementEnabler","BaseMod","Colored Map","Highlight Path","Minty Spire (QoL Compilation)","Relic Stats","ojb\u0027s Info Mod"],"gold_per_floor":[109,27,46,59,75,75,108,108,108,108,33,82,82,116,116,116,116],"floor_reached":16,"language":"ENG","playtime":460,"items_purged":["Strike_B"],"score":216,"play_id":"e7342f21-65a9-4862-b3f8-15fc7529e7cd","local_time":"20210225063721","is_ascension_mode":true,"campfire_choices":[{"floor":6,"key":"REST"},{"floor":13,"key":"REST"},{"floor":15,"key":"REST"}],"circlet_count":0,"master_deck":["Strike_B","Strike_B","Defend_B","Defend_B","Defend_B","Defend_B","Zap","Dualcast","Streamline","Defragment","FTL","Ball Lightning","Seek","Lockon","Capacitor","Streamline"],"relics":["Cracked Core","InkBottle","Golden Idol","Mercury Hourglass","CeramicFish"],"acts_visited":[],"potions_floor_usage":[],"damage_taken":[{"damage":0,"enemies":"2 Louse","floor":1,"turns":2},{"damage":10,"enemies":"Small Slimes","floor":3,"turns":3},{"damage":7,"enemies":"Jaw Worm","floor":4,"turns":3},{"damage":6,"enemies":"Exordium Thugs","floor":5,"turns":4},{"damage":20,"enemies":"3 Sentries","floor":7,"turns":6},{"damage":18,"enemies":"Gremlin Nob","floor":12,"turns":3},{"damage":9,"enemies":"2 Fungi Beasts","floor":14,"turns":3},{"damage":46,"enemies":"Slime Boss","floor":16,"turns":7}],"seed_played":"-1805275404481536939","potions_obtained":[{"floor":4,"key":"BlessingOfTheForge"},{"floor":5,"key":"Dexterity Potion"},{"floor":12,"key":"ColorlessPotion"}],"is_trial":false,"path_per_floor":["M","$","M","M","M","R","E","?","T","?","$","E","R","M","R","B"],"character_chosen":"DEFECT","items_purchased":["Defragment"],"campfire_rested":3,"item_purchase_floors":[2],"current_hp_per_floor":[50,50,40,33,27,49,29,29,29,29,29,11,31,22,42,0,0],"gold":116,"neow_bonus":"THREE_RARE_CARDS","is_daily":false,"chose_seed":false,"campfire_upgraded":0,"win_rate":0.0,"timestamp":1614256641,"path_taken":["M","$","M","M","M","R","E","?","T","?","?","E","R","M","R","BOSS"],"items_purchased_type":["Card"],"build_version":"2020-12-22","purchased_purges":1,"victory":false,"max_hp_per_floor":[75,75,75,75,75,75,75,69,69,69,69,69,69,69,69,69,69],"relic_stats":{"counters":[8,31],"Golden Idol":13,"CeramicFish":18,"obtain_stats":[{"Golden Idol":8,"CeramicFish":12,"Cracked Core":0,"InkBottle":7,"Mercury Hourglass":9},{"Golden Idol":5,"CeramicFish":6,"Cracked Core":0,"InkBottle":5,"Mercury Hourglass":5},{"Golden Idol":18,"CeramicFish":21,"Cracked Core":0,"InkBottle":18,"Mercury Hourglass":18}],"InkBottle":[2],"Mercury Hourglass":[60]},"card_choices":[{"not_picked":["Meteor Strike","Reboot"],"picked":"Seek","floor":0.0},{"not_picked":["Rebound","Steam"],"picked":"Streamline","floor":1},{"not_picked":["Stack","Redo"],"picked":"FTL","floor":3},{"not_picked":["Steam","Self Repair"],"picked":"Ball Lightning","floor":4},{"not_picked":["Sweeping Beam","Turbo","Compile Driver"],"picked":"SKIP","floor":5},{"not_picked":["Rebound","Gash"],"picked":"Seek","floor":7},{"not_picked":["Turbo","Consume"],"picked":"Capacitor","floor":12},{"not_picked":["Stack","Lockon"],"picked":"Streamline","floor":14}],"player_experience":139121,"relics_obtained":[{"floor":7,"key":"InkBottle"},{"floor":9,"key":"Mercury Hourglass"},{"floor":12,"key":"CeramicFish"}],"event_choices":[{"damage_healed":0,"gold_gain":0,"player_choice":"Lose Max HP","damage_taken":0,"relics_obtained":["Golden Idol"],"max_hp_gain":0,"max_hp_loss":6,"event_name":"Golden Idol","floor":8,"gold_loss":0},{"damage_healed":0,"gold_gain":0,"cards_transformed":["Strike_B"],"player_choice":"Change","damage_taken":0,"max_hp_gain":0,"max_hp_loss":0,"event_name":"Living Wall","floor":10,"gold_loss":0,"cards_obtained":["Lockon"]}],"is_beta":false,"boss_relics":[],"items_purged_floors":[11],"is_endless":false,"potions_floor_spawned":[4,5,12],"killed_by":"Slime Boss","ascension_level":7}}