{"host":"fnlf8nl5agtxb8g8","time":1614213904,"event":{"mods":["Act Like it!","BaseMod","Better Altar","Better Match","Better Note","Better Sensory Stone","Better Skull","Better Third Choice","Better Vampires","Downfall","Minty Spire (QoL Compilation)","Quick Restart","Rare Cards Sparkle","StSLib"],"gold_per_floor":[99,114,127,140,158,158,158,158],"floor_reached":6,"language":"ENG","playtime":716,"items_purged":[],"score":40,"play_id":"bd8c5c4d-10aa-494c-85c6-984cf179a5f0","local_time":"20210224184504","is_ascension_mode":true,"campfire_choices":[{"data":"Guardian:CurlUp","floor":1,"key":"SMITH"}],"circlet_count":0,"master_deck":["Guardian:Strike_Guardian","Guardian:Strike_Guardian","Guardian:Strike_Guardian","Guardian:Strike_Guardian","Guardian:Defend_Guardian","Guardian:Defend_Guardian","Guardian:Defend_Guardian","Guardian:Defend_Guardian","Guardian:CurlUp+1","Guardian:TwinSlam","Guardian:ChargeCore","Guardian:Suspension","Guardian:Gem_Synthetic"],"relics":["Guardian:ModeShifter"],"acts_visited":["Exordium"],"potions_floor_usage":[5],"damage_taken":[{"damage":2,"enemies":"2 Louse","floor":2,"turns":4},{"damage":2,"enemies":"Small Slimes","floor":3,"turns":3},{"damage":6,"enemies":"Jaw Worm","floor":4,"turns":3},{"damage":20,"enemies":"Exordium Thugs","floor":5,"turns":4},{"damage":57,"enemies":"3 Sentries","floor":6,"turns":17}],"seed_played":"-8306928532801071372","potions_obtained":[{"floor":2,"key":"AttackPotion"}],"is_trial":false,"path_per_floor":["R","M","M","M","M","E"],"character_chosen":"GUARDIAN","items_purchased":[],"campfire_rested":0,"item_purchase_floors":[],"current_hp_per_floor":[88,86,84,78,58,1,1,1],"gold":158,"neow_bonus":"TEN_PERCENT_HP_BONUS","is_daily":false,"chose_seed":false,"campfire_upgraded":1,"win_rate":0.0,"timestamp":1614213904,"path_taken":["R","M","M","M","M","E"],"items_purchased_type":[],"build_version":"2020-12-22","purchased_purges":0,"victory":false,"max_hp_per_floor":[88,88,88,88,88,88,88,88],"card_choices":[{"not_picked":["Guardian:Repulse","Guardian:Planning"],"picked":"Guardian:ChargeCore","floor":2},{"not_picked":["Guardian:Reroute","Guardian:TemporalShield"],"picked":"Guardian:Suspension","floor":3},{"not_picked":["Guardian:VentSteam","Guardian:Gem_Cyan","Guardian:Incinerate"],"picked":"SKIP","floor":4},{"not_picked":["Guardian:CrystalBeam","Guardian:Incinerate"],"picked":"Guardian:Gem_Synthetic","floor":5}],"player_experience":909241,"relics_obtained":[],"event_choices":[],"is_beta":false,"boss_relics":[],"items_purged_floors":[],"is_endless":false,"potions_floor_spawned":[2],"killed_by":"3 Sentries","ascension_level":1}}