{"host":"skr63qsdfgeey3it","time":1614225503,"event":{"mods":["BaseMod","Colored Map","Hubris","Minty Spire (QoL Compilation)","Monster B Gone","Reliquary","Replay The Spire","Spicy Shops","StSLib"],"gold_per_floor":[109,259,259,259,259,259,286,32,55,55,75,20,47,47,47,124,124,144,163,163,182,202,202,202,228,274,318,344,344,389,409,409,492,492,519,23,0,23,23,23,49,49,49],"floor_reached":42,"language":"ENG","playtime":1666,"items_purged":["Defend_B"],"score":961,"play_id":"c25ed071-ac92-4ec7-8c4e-4978529f6ab1","local_time":"20210224215823","is_ascension_mode":true,"campfire_choices":[{"data":"Zap","floor":6,"key":"SMITH"},{"data":"Glacier","floor":10,"key":"SMITH"},{"data":"BasicCrystalCard","floor":15,"key":"SMITH"},{"data":"Echo Form","floor":23,"key":"SMITH"},{"floor":29,"key":"REST"},{"data":"Creative AI","floor":32,"key":"SMITH"},{"data":"Dualcast","floor":40,"key":"SMITH"}],"circlet_count":0,"master_deck":["AscendersBane","Defend_B","Defend_B","Defend_B","Zap+1","Dualcast+1","FTL","Glacier+1","Cold Snap","ReplayTheSpireMod:Omega Cannon","Redo","BasicCrystalCard+1","Echo Form+1","Crystallizer+1","Creative AI+1","ReplayTheSpireMod:Calculation Training+1","Bite","Bite","Bite","Bite","Echo Form","Barrage+1","Consume","Echo Form","ReplayTheSpireMod:System Scan"],"relics":["Cracked Core","NeowsBlessing","hubris:GlazedTorus","PreservedInsect","Tiny Chest","reliquary:BallBearing","hubris:HollowSoul","Nloth\u0027s Gift","Lantern","CeramicFish","Potion Belt","Painkiller Herb","Onion Ring","DollysMirror","Red Mask","reliquary:PorcupineQuills"],"acts_visited":["Exordium","TheCity","TheBeyond"],"potions_floor_usage":[16,16,21,22,33,42,42],"damage_taken":[{"damage":0,"enemies":"Small Slimes","floor":1,"turns":1},{"damage":0,"enemies":"Gremlin Nob","floor":7,"turns":1},{"damage":0,"enemies":"Jaw Worm","floor":11,"turns":1},{"damage":0,"enemies":"Lagavulin","floor":13,"turns":4},{"damage":35,"enemies":"Hexaghost","floor":16,"turns":8},{"damage":0,"enemies":"Spheric Guardian","floor":18,"turns":2},{"damage":0,"enemies":"Chosen","floor":19,"turns":4},{"damage":6,"enemies":"Snake Plant","floor":21,"turns":5},{"damage":0,"enemies":"3 Cultists","floor":22,"turns":5},{"damage":8,"enemies":"Gremlin Leader","floor":27,"turns":5},{"damage":11,"enemies":"Snecko","floor":28,"turns":4},{"damage":8,"enemies":"Snake Plant","floor":31,"turns":6},{"damage":0,"enemies":"Collector","floor":33,"turns":9},{"damage":11,"enemies":"Orb Walker","floor":35,"turns":5},{"damage":30,"enemies":"3 Shapes","floor":41,"turns":4},{"damage":17,"enemies":"Nemesis","floor":42,"turns":3}],"seed_played":"-7853531845194315616","potions_obtained":[{"floor":1,"key":"Regen Potion"},{"floor":11,"key":"Weak Potion"},{"floor":16,"key":"Swift Potion"},{"floor":18,"key":"Block Potion"},{"floor":28,"key":"Reflective Coating"},{"floor":33,"key":"Explosive Potion"},{"floor":35,"key":"BlessingOfTheForge"},{"floor":41,"key":"Adrenaline Potion"}],"is_trial":false,"path_per_floor":["M","?","T","?","T","R","E","$","T","R","M","$","E","$","R","B",null,"M","M","?","M","M","R","?","T","T","E","M","R","?","M","R","B",null,"?","T","?","T","?","T","?","E"],"character_chosen":"DEFECT","items_purchased":["Glacier","Cold Snap","Redo","Onion Ring","Consume","DollysMirror"],"campfire_rested":1,"item_purchase_floors":[8,8,12,36,36,36],"current_hp_per_floor":[64,64,64,64,64,64,64,64,64,64,64,64,64,64,64,38,63,63,63,63,57,57,57,57,57,57,35,24,45,45,41,41,24,43,42,42,42,42,47,47,19,0,0],"gold":49,"neow_bonus":"THREE_ENEMY_KILL","is_daily":false,"chose_seed":false,"campfire_upgraded":6,"win_rate":0.0,"timestamp":1614225503,"path_taken":["M","?","?","?","?","R","E","$","T","R","M","$","E","$","R","BOSS","M","M","?","?","M","R","?","?","T","E","?","R","?","M","R","BOSS","?","T","?","?","?","T","?","E"],"items_purchased_type":["Card","Card","Card","Relic","Card","Relic"],"build_version":"2020-12-22","purchased_purges":1,"victory":false,"max_hp_per_floor":[71,71,71,71,71,71,71,71,71,71,71,71,71,71,71,71,71,71,71,71,71,71,71,71,71,71,71,71,71,49,49,49,49,49,49,49,49,49,49,49,49,49,49],"card_choices":[{"not_picked":["Leap","Beam Cell"],"picked":"FTL","floor":1},{"not_picked":["Barrage","Gash","White Noise"],"picked":"SKIP","floor":7},{"not_picked":["Turbo","Storm"],"picked":"ReplayTheSpireMod:Omega Cannon","floor":11},{"not_picked":["Heatsinks","Steam"],"picked":"BasicCrystalCard","floor":13},{"not_picked":["hubris:DoWhile","hubris:Prefetch"],"picked":"Echo Form","floor":16},{"not_picked":["Panic Button","Turbo","Ball Lightning"],"picked":"SKIP","floor":18},{"not_picked":["hubris:Ukulele","Cold Snap"],"picked":"Crystallizer+1","floor":19},{"not_picked":["Turbo","Barrage","Stack"],"picked":"SKIP","floor":21},{"not_picked":["Hello World","Ball Lightning","Compile Driver"],"picked":"SKIP","floor":22},{"not_picked":["FTL","Double Energy"],"picked":"Creative AI","floor":27},{"not_picked":["Sunder","Rebound"],"picked":"ReplayTheSpireMod:Calculation Training+1","floor":28},{"not_picked":["Turbo","Redo","ReplayGash+1"],"picked":"SKIP","floor":31},{"not_picked":["Amplify","hubris:SpecializedCircuitry"],"picked":"Echo Form","floor":33},{"not_picked":["Gash","Skim"],"picked":"Barrage+1","floor":35},{"not_picked":["ReplaySolidLightProjector+1","Stack"],"picked":"ReplayTheSpireMod:System Scan","floor":41}],"player_experience":1012262,"relics_obtained":[{"floor":3,"key":"Replay:Bottled Steam"},{"floor":5,"key":"hubris:GlazedTorus"},{"floor":7,"key":"PreservedInsect"},{"floor":9,"key":"Tiny Chest"},{"floor":13,"key":"reliquary:BallBearing"},{"floor":25,"key":"Lantern"},{"floor":26,"key":"CeramicFish"},{"floor":27,"key":"Potion Belt"},{"floor":38,"key":"reliquary:PorcupineQuills"}],"event_choices":[{"damage_healed":0,"gold_gain":150,"player_choice":"AGREE","damage_taken":0,"max_hp_gain":0,"max_hp_loss":0,"event_name":"Liars Game","floor":2,"gold_loss":0,"cards_obtained":["Doubt"]},{"cards_removed":["Doubt"],"damage_healed":0,"gold_gain":0,"player_choice":"Forget","damage_taken":0,"max_hp_gain":0,"max_hp_loss":0,"event_name":"Living Wall","floor":4,"gold_loss":0},{"damage_healed":0,"gold_gain":0,"player_choice":"Traded Relic","damage_taken":0,"relics_obtained":["Nloth\u0027s Gift"],"max_hp_gain":0,"max_hp_loss":0,"event_name":"N\u0027loth","floor":20,"relics_lost":["Replay:Bottled Steam"],"gold_loss":0},{"damage_healed":0,"gold_gain":0,"player_choice":"Became a vampire","damage_taken":0,"max_hp_gain":0,"max_hp_loss":22,"event_name":"Vampires","floor":30,"gold_loss":0,"cards_obtained":["Bite","Bite","Bite","Bite","Bite"]},{"damage_healed":0,"gold_gain":0,"player_choice":"Paid","damage_taken":0,"relics_obtained":["Red Mask"],"max_hp_gain":0,"max_hp_loss":0,"event_name":"Tomb of Lord Red Mask","floor":37,"gold_loss":23},{"cards_removed":["Bite"],"damage_healed":5,"gold_gain":0,"player_choice":"Offered Special","damage_taken":0,"max_hp_gain":0,"max_hp_loss":0,"event_name":"Bonfire Elementals","floor":39,"gold_loss":0}],"is_beta":false,"boss_relics":[{"not_picked":["SacredBark","Replay:Drink Me"],"picked":"hubris:HollowSoul"},{"not_picked":["Ring of Chaos","Honey Jar"],"picked":"Painkiller Herb"}],"items_purged_floors":[8],"is_endless":false,"potions_floor_spawned":[1,11,16,18,28,33,35,41],"killed_by":"Nemesis","ascension_level":16}}