{"host":"edm4685et2490z3f","time":1614246479,"event":{"mods":["BaseMod","Colored Map","Colored Powertips","Downfall","Marisa£®ÏF”Í°°ƒß¿Ì…≥£©","Minty Spire (QoL Compilation)","Replay The Spire","Shop Mod","StSLib","The Administrix","The Servant 0.9.4","UnlockEverythingMod","[IsaacMod]“‘»ˆº‚À˛"],"gold_per_floor":[119,119,119,139,64,64,95,95,148,323,336,348,366,383,383,481,481,494,508,6,6,6,6,62,75,99,99,99,99,116,37,137,137,137],"floor_reached":33,"language":"ZHS","playtime":1495,"items_purged":["Strike_S","Strike_S"],"score":320,"play_id":"85028247-aefb-459b-9d93-af870d943edd","local_time":"20210225174759","is_ascension_mode":false,"campfire_choices":[{"data":"Exchange","floor":6,"key":"SMITH"},{"data":"KidneyShot","floor":8,"key":"SMITH"},{"data":"Moondial","floor":15,"key":"SMITH"},{"data":"Barrier","floor":23,"key":"SMITH"}],"circlet_count":0,"master_deck":["Strike_S","Strike_S+1","Defend_S","Defend_S","Defend_S","Defend_S","KidneyShot+1","Exchange+1","BloodyBrimstone","BottledTime+1","FastForward","Barrier+1","Doubt","Moondial+1","MurderousAura","Starlight","Collapse","Initiator","DoubleEdge+1","SilverBlades","GearUp+1","BottledTime","Hightail","SoulSculpture","ShatteredReality","Gouge","Contraction","ShiftingGears"],"relics":["Uniform","HushsDoor","NeowsBlessing","GuppysPaw","DeathBook","Bag of Marbles","MysterySword","MomsKnife","MerchantsRug","Chaos","DeathBook","FossilizedHelix","The Courier","Sozu"],"acts_visited":["Exordium","TheCity"],"potions_floor_usage":[32,32,33,33],"damage_taken":[{"damage":0,"enemies":"Cultist","floor":1,"turns":1},{"damage":0,"enemies":"Jaw Worm","floor":4,"turns":1},{"damage":0,"enemies":"Lagavulin","floor":7,"turns":2},{"damage":0,"enemies":"Small Slimes","floor":11,"turns":3},{"damage":0,"enemies":"3 Louse","floor":12,"turns":3},{"damage":0,"enemies":"Exordium Thugs","floor":13,"turns":1},{"damage":0,"enemies":"Exordium Wildlife","floor":14,"turns":1},{"damage":0,"enemies":"The Guardian","floor":16,"turns":10},{"damage":0,"enemies":"Spheric Guardian","floor":18,"turns":3},{"damage":0,"enemies":"3 Byrds","floor":19,"turns":1},{"damage":0,"enemies":"3 Cultists","floor":25,"turns":1},{"damage":0,"enemies":"Shelled Parasite and Fungi","floor":30,"turns":4},{"damage":0,"enemies":"Colosseum Slavers","floor":32,"turns":1},{"damage":0,"enemies":"Colosseum Nobs","floor":32,"turns":4},{"damage":9,"enemies":"Automaton","floor":33,"turns":6}],"seed_played":"4095510640869617598","potions_obtained":[{"floor":7,"key":"bronze:BurnAndBuffPotion"},{"floor":11,"key":"Ancient Potion"},{"floor":12,"key":"champ:CounterPotion"},{"floor":13,"key":"Reflective Coating"},{"floor":24,"key":"SmokeBomb"},{"floor":24,"key":"Toxic Potion"},{"floor":30,"key":"Doom Potion"},{"floor":32,"key":"Dexterity Potion"}],"is_trial":false,"path_per_floor":["M","?","?","M","$","R","E","R","T","?","M","M","M","M","R","B",null,"M","M","$","?","$","R","?","M","T","T","$","?","M","$","R_BF","B"],"character_chosen":"THE_SERVANT","items_purchased":["MomsKnife","MerchantsRug","GearUp+1","Chaos","BottledTime","Gouge","Contraction"],"campfire_rested":0,"item_purchase_floors":[17,20,20,20,20,31,31],"current_hp_per_floor":[65,65,52,52,52,52,52,52,52,52,52,52,52,52,52,52,27,15,12,12,12,12,12,9,9,9,9,9,9,1,1,1,0,0],"gold":137,"neow_bonus":"THREE_ENEMY_KILL","is_daily":false,"chose_seed":false,"campfire_upgraded":4,"win_rate":0.0,"timestamp":1614246479,"path_taken":["M","?","?","M","$","R","E","R","T","?","?","M","M","M","R","BOSS","M","M","$","?","?","R","?","?","T","?","?","?","M","$","R_BF","BOSS"],"items_purchased_type":["Relic","Relic","Card","Card","Card","Card","Card"],"build_version":"2020-12-22","purchased_purges":2,"victory":false,"max_hp_per_floor":[65,65,65,65,65,65,65,65,65,65,65,65,65,62,62,59,27,15,12,12,12,12,12,12,12,12,12,12,12,1,1,1,1,1],"card_choices":[{"not_picked":[],"picked":"BloodyBrimstone","floor":0},{"not_picked":["Replace","Ricochet"],"picked":"BottledTime","floor":1},{"not_picked":["Defy","BottledTime"],"picked":"FastForward","floor":4},{"not_picked":["BottledTime","FastForward"],"picked":"Barrier","floor":7},{"not_picked":["Advance","DoubleEdge"],"picked":"Moondial","floor":11},{"not_picked":["Potential","MoonPhase"],"picked":"MurderousAura","floor":12},{"not_picked":["Bomb","FastForward"],"picked":"Starlight","floor":13},{"not_picked":["Foresight","Potential"],"picked":"Collapse","floor":14},{"not_picked":["FloweringNight","FlawlessForm"],"picked":"Initiator","floor":16},{"not_picked":["Revamp","BottledTime"],"picked":"DoubleEdge+1","floor":18},{"not_picked":["TimeWarp","Starlight"],"picked":"SilverBlades","floor":19},{"not_picked":["GearUp","Advance+1"],"picked":"Hightail","floor":24},{"not_picked":["Revamp","Snipe"],"picked":"SoulSculpture","floor":25},{"not_picked":["Advance","Potential"],"picked":"ShatteredReality","floor":30},{"not_picked":["Revamp","Shuttle"],"picked":"ShiftingGears","floor":32}],"player_experience":52623,"relics_obtained":[{"floor":7,"key":"DeathBook"},{"floor":9,"key":"Bag of Marbles"},{"floor":24,"key":"Diplopia"},{"floor":26,"key":"Pantograph"},{"floor":27,"key":"FossilizedHelix"},{"floor":32,"key":"The Courier"},{"floor":32,"key":"Sozu"}],"event_choices":[{"damage_healed":0,"gold_gain":0,"player_choice":"Entered Light","damage_taken":13,"max_hp_gain":0,"max_hp_loss":0,"event_name":"Shining Light","floor":3,"gold_loss":0,"cards_upgraded":["Strike_S","BottledTime"]},{"damage_healed":0,"gold_gain":175,"player_choice":"AGREE","damage_taken":0,"max_hp_gain":0,"max_hp_loss":0,"event_name":"Liars Game","floor":10,"gold_loss":0,"cards_obtained":["Doubt"]},{"damage_healed":0,"gold_gain":0,"player_choice":"Bought 0 Potions","damage_taken":0,"max_hp_gain":0,"max_hp_loss":0,"event_name":"The Woman in Blue","floor":29,"gold_loss":0},{"damage_healed":0,"gold_gain":0,"player_choice":"Fight","damage_taken":0,"max_hp_gain":0,"max_hp_loss":0,"event_name":"Colosseum","floor":32,"gold_loss":0},{"damage_healed":0,"gold_gain":0,"player_choice":"Fought Nobs","damage_taken":0,"max_hp_gain":0,"max_hp_loss":0,"event_name":"Colosseum","floor":32,"gold_loss":0}],"is_beta":false,"boss_relics":[{"not_picked":["Replay:Bronze Core","Kintsugi"],"picked":"MysterySword"},{"not_picked":[]}],"items_purged_floors":[5,20],"is_endless":false,"potions_floor_spawned":[7,11,12,13,25,30,32,32],"killed_by":"Automaton","ascension_level":0}}