{"host":"f7915vm1ahl7kex1","time":1614273264,"event":{"mods":["BaseMod","Colored Map","Downfall","Minty Spire (QoL Compilation)","Quick Restart","Spire Arcade","StSLib"],"gold_per_floor":[99,116,28,28,28,63,63,95,95,108,121,132,161,180,192,292,292,292,308,308,322,322,356,383,402,202,217,244,244,263,263,278,376,376,376,388,401,164,164,358,358,376,406,419,419,419,419],"floor_reached":45,"language":"ENG","playtime":2243,"items_purged":["bronze:AlphaBuild+1"],"score":608,"play_id":"c5a7bb5a-2b27-45a5-9ba7-4e7eabb91d16","local_time":"20210225111424","is_ascension_mode":true,"campfire_choices":[{"data":"Trip","floor":1.0,"key":"SMITH"},{"floor":18.0,"key":"RECALL"},{"data":"bronze:SpaghettiCode","floor":26.0,"key":"SMITH"},{"data":"bronze:Repair","floor":29.0,"key":"SMITH"},{"data":"bronze:HardenedForm","floor":35.0,"key":"SMITH"}],"circlet_count":0,"master_deck":["bronze:Replicate","bronze:Goto+1","Trip+1","bronze:Separator","bronze:FollowUp","bronze:Branch","bronze:Repulsor","bronze:Assembly","bronze:InfiniteBeams","bronze:Repair+1","bronze:SpaghettiCode+1","bronze:CleanCode","bronze:WhirlingStrike+1","bronze:Fortify+1","bronze:HardenedForm+1","bronze:ForceShield","bronze:InfiniteLoop+1","bronze:Frontload","bronze:Iterate+1","bronze:WildBeam+1","bronze:InfiniteLoop+1","bronze:Return","bronze:SpaghettiCode","bronze:DelayedGuard","bronze:Philosophize+1","bronze:Constructor"],"relics":["bronze:BronzeCore","Ginger","Thread and Needle","Sundial","bronze:ProtectiveGoggles","SlaversCollar","Molten Egg 2","downfall:HeartBlessingRed","downfall:HeartBlessingGreen","Oddly Smooth Stone","Pandora\u0027s Box","Membership Card","MealTicket","Lee\u0027s Waffle","Turnip","Ancient Tea Set"],"acts_visited":["Exordium","TheCity","TheBeyond"],"potions_floor_usage":[40,40,44],"damage_taken":[{"damage":10.0,"enemies":"2 Louse","floor":2.0,"turns":4.0},{"damage":5.0,"enemies":"downfall:FleeingMerchant","floor":3.0,"turns":4.0},{"damage":2.0,"enemies":"Gremlin Nob","floor":6.0,"turns":3.0},{"damage":9.0,"enemies":"Lagavulin","floor":8.0,"turns":5.0},{"damage":0.0,"enemies":"Small Slimes","floor":10.0,"turns":2.0},{"damage":0.0,"enemies":"Jaw Worm","floor":11.0,"turns":3.0},{"damage":2.0,"enemies":"Blue Slaver","floor":12.0,"turns":3.0},{"damage":8.0,"enemies":"3 Sentries","floor":13.0,"turns":7.0},{"damage":0.0,"enemies":"3 Louse","floor":14.0,"turns":3.0},{"damage":1.0,"enemies":"Gremlin Gang","floor":15.0,"turns":3.0},{"damage":10.0,"enemies":"WA_ARCHETYPE_RETAIN","floor":16.0,"turns":7.0},{"damage":0.0,"enemies":"3 Byrds","floor":19.0,"turns":6.0},{"damage":4.0,"enemies":"Chosen","floor":21.0,"turns":5.0},{"damage":18.0,"enemies":"Slavers","floor":23.0,"turns":5.0},{"damage":14.0,"enemies":"Snake Plant","floor":25.0,"turns":4.0},{"damage":17.0,"enemies":"Centurion and Healer","floor":27.0,"turns":5.0},{"damage":6.0,"enemies":"Gremlin Leader","floor":28.0,"turns":5.0},{"damage":8.0,"enemies":"Chosen and Byrds","floor":30.0,"turns":4.0},{"damage":2.0,"enemies":"3 Cultists","floor":32.0,"turns":5.0},{"damage":27.0,"enemies":"SI_MIRROR_ARCHETYPE","floor":33.0,"turns":10.0},{"damage":42.0,"enemies":"3 Darklings","floor":36.0,"turns":6.0},{"damage":36.0,"enemies":"3 Shapes","floor":37.0,"turns":5.0},{"damage":11.0,"enemies":"downfall:FleeingMerchant","floor":38.0,"turns":4.0},{"damage":0,"enemies":"downfall:FleeingMerchant","floor":40,"turns":4},{"damage":70,"enemies":"Transient","floor":42,"turns":5},{"damage":29,"enemies":"Nemesis","floor":43,"turns":5},{"damage":2,"enemies":"Maw","floor":44,"turns":6},{"damage":4,"enemies":"4 Shapes","floor":45,"turns":1}],"seed_played":"28094388087668906","potions_obtained":[{"floor":2.0,"key":"SkillPotion"},{"floor":8.0,"key":"Energy Potion"},{"floor":10.0,"key":"Explosive Potion"},{"floor":14.0,"key":"SneckoOil"},{"floor":16.0,"key":"FearPotion"},{"floor":19.0,"key":"LiquidBronze"},{"floor":20.0,"key":"CultistPotion"},{"floor":23.0,"key":"LiquidMemories"},{"floor":25.0,"key":"Energy Potion"},{"floor":32.0,"key":"champ:CounterPotion"},{"floor":37.0,"key":"BlessingOfTheForge"},{"floor":42,"key":"Strength Potion"},{"floor":44,"key":"sneckomod:MuddlingPotion"}],"is_trial":false,"path_per_floor":["R","M","$","?","?","E","T","E","?","M","M","M","E","M","M","B",null,"R","M","?","M","?","E","T","M","R","M","E","R","M","?","M","B",null,"R","M","M","$","?","$","T","M","E","M","M"],"character_chosen":"THE_AUTOMATON","items_purchased":["bronze:FollowUp","Membership Card","MealTicket","Lee\u0027s Waffle","bronze:DelayedGuard"],"campfire_rested":0,"item_purchase_floors":[3,38,38,40,40],"current_hp_per_floor":[70,60,55,48,48,46,46,47,52,52,52,50,42,42,41,38,85,85,85,85,81,81,70,70,63,63,53,54,54,56,56,64,47,85,85,53,27,26,26,92,92,22,3,1,0,0,0],"gold":419,"neow_bonus":"RANDOM_COLORLESS","is_daily":false,"chose_seed":false,"campfire_upgraded":4,"win_rate":0.0,"timestamp":1614273264,"path_taken":["R","M","$","?","?","E","T","E","?","M","M","M","E","M","M","BOSS","R","M","?","M","?","E","T","?","R","M","E","R","M","?","M","BOSS","R","M","M","$","?","$","T","M","E","M","M"],"items_purchased_type":["Card","Relic","Relic","Relic","Card"],"build_version":"2020-12-22","purchased_purges":1,"victory":false,"max_hp_per_floor":[70,70,70,70,70,70,70,80,85,85,85,85,85,85,85,85,85,85,85,85,85,85,85,85,85,85,85,85,85,85,85,85,85,85,85,85,85,85,85,92,92,92,92,92,92,92,92],"card_choices":[{"not_picked":["Deep Breath","Dark Shackles"],"picked":"Trip","floor":0.0},{"not_picked":["bronze:OilSpill","bronze:Deprecate","bronze:DelayedGuard"],"picked":"SKIP","floor":2.0},{"not_picked":["bronze:BitShift","bronze:BuggyMess"],"picked":"bronze:Separator","floor":3.0},{"not_picked":["bronze:ChildClass","bronze:Optimize"],"picked":"bronze:Branch","floor":6.0},{"not_picked":["bronze:DarkDash","bronze:FineTuning","bronze:FindAndReplace"],"picked":"SKIP","floor":8.0},{"not_picked":["bronze:ForLoop","bronze:Branch","bronze:BuggyMess"],"picked":"SKIP","floor":10.0},{"not_picked":["bronze:Backtrace","bronze:Safeguard"],"picked":"bronze:Repulsor","floor":11.0},{"not_picked":["bronze:BronzeOrb","bronze:Frontload","bronze:AlphaBuild"],"picked":"SKIP","floor":12.0},{"not_picked":["bronze:Deprecate","bronze:Invalidate","bronze:Assembly"],"picked":"SKIP","floor":13.0},{"not_picked":["bronze:Deprecate","bronze:Invalidate"],"picked":"bronze:Assembly","floor":13.0},{"not_picked":["bronze:GetLatest","bronze:Turbo"],"picked":"bronze:InfiniteBeams","floor":14.0},{"not_picked":["bronze:Constructor","bronze:BugBarrage"],"picked":"bronze:Repair","floor":15.0},{"not_picked":["bronze:CleanCode","bronze:Mutator"],"picked":"bronze:SpaghettiCode","floor":16.0},{"not_picked":["bronze:ItsAFeature+1","bronze:Terminator","bronze:Safeguard+1"],"picked":"SKIP","floor":19.0},{"not_picked":["bronze:FineTuning","bronze:Invalidate","bronze:WildBeam"],"picked":"SKIP","floor":21.0},{"not_picked":["bronze:Backtrace+1","bronze:Invalidate","bronze:Allocate+1"],"picked":"SKIP","floor":23.0},{"not_picked":["bronze:Branch+1","bronze:DelayedSlice+1"],"picked":"bronze:WhirlingStrike+1","floor":25.0},{"not_picked":["bronze:Break+1","bronze:Invalidate","bronze:Frontload"],"picked":"SKIP","floor":27.0},{"not_picked":["bronze:Allocate","bronze:Branch+1"],"picked":"bronze:Fortify+1","floor":28.0},{"not_picked":["bronze:Shield","bronze:ForLoop","bronze:BuggyMess"],"picked":"SKIP","floor":30.0},{"not_picked":["bronze:WhirlingStrike+1","bronze:Repulsor","bronze:Invalidate"],"picked":"SKIP","floor":32.0},{"not_picked":["bronze:CleanCode","bronze:ShipIt+1"],"picked":"bronze:HardenedForm","floor":33.0},{"not_picked":["bronze:Allocate","bronze:DelayedGuard","bronze:Overheat+1"],"picked":"SKIP","floor":36.0},{"not_picked":["bronze:Turbo+1","bronze:Repulsor","bronze:DarkDash+1"],"picked":"SKIP","floor":37.0},{"not_picked":["bronze:Branch+1","bronze:DelayedSlice+1","bronze:Invalidate+1"],"picked":"SKIP","floor":38.0},{"not_picked":["bronze:Frontload+1","bronze:Shield"],"picked":"bronze:SpaghettiCode","floor":40},{"not_picked":["bronze:DelayedGuard+1","bronze:Separator+1"],"picked":"bronze:Philosophize+1","floor":42},{"not_picked":["bronze:ClassDefault+1","bronze:InfiniteBeams+1","bronze:ForLoop+1"],"picked":"SKIP","floor":43},{"not_picked":["bronze:Fortify+1","bronze:CutThrough+1"],"picked":"bronze:Constructor","floor":44}],"player_experience":1239005,"relics_obtained":[{"floor":6.0,"key":"Thread and Needle"},{"floor":7.0,"key":"Sundial"},{"floor":8.0,"key":"Pear"},{"floor":13.0,"key":"bronze:ProtectiveGoggles"},{"floor":23.0,"key":"Molten Egg 2"},{"floor":28.0,"key":"Oddly Smooth Stone"},{"floor":41,"key":"Turnip"},{"floor":43,"key":"Ancient Tea Set"}],"event_choices":[{"damage_healed":0.0,"max_hp_gain":0.0,"max_hp_loss":0.0,"gold_gain":0.0,"event_name":"Scrap Ooze","player_choice":"Success","floor":4.0,"gold_loss":0.0,"damage_taken":7.0,"relics_obtained":["Ginger"]},{"damage_healed":0.0,"max_hp_gain":5.0,"max_hp_loss":0.0,"gold_gain":0.0,"event_name":"Big Fish","player_choice":"Donut","floor":9.0,"gold_loss":0.0,"damage_taken":0.0},{"damage_healed":0.0,"max_hp_gain":0.0,"max_hp_loss":0.0,"gold_gain":0.0,"event_name":"Ghosts","player_choice":"Ignored","floor":31.0,"gold_loss":0.0,"damage_taken":0.0}],"is_beta":false,"boss_relics":[{"not_picked":["Astrolabe","Calling Bell"],"picked":"SlaversCollar"},{"not_picked":["Snecko Eye","bronze:ElectromagneticCoil"],"picked":"Pandora\u0027s Box"}],"items_purged_floors":[40],"is_endless":false,"potions_floor_spawned":[2,8,10,14,16,19,23,25,27,32,37,42,44],"killed_by":"4 Shapes","ascension_level":3}}