{"host":"ftf7rwqr5w72pdsx","time":1614217296,"event":{"mods":["BaseMod","Bestiary","Minty Spire (QoL Compilation)","Relic Stats","Slay the Relics Exporter"],"gold_per_floor":[109,129,149,162,337,366,381,401,450,194,258,258,14,14,14,109,109,127,226,226,239,256,256,272,272,320,320,61,61,74,101,101,101,101],"floor_reached":33,"language":"ENG","playtime":1612,"items_purged":["Doubt","Strike_B","Strike_B"],"score":452,"play_id":"75513352-92d5-4891-bb7f-01789e7c7374","local_time":"20210224194136","is_ascension_mode":true,"campfire_choices":[{"floor":12,"key":"REST"},{"data":"Go for the Eyes","floor":15,"key":"SMITH"},{"data":"Sunder","floor":23,"key":"SMITH"},{"data":"Reboot","floor":25,"key":"SMITH"},{"data":"Glacier","floor":27,"key":"SMITH"},{"data":"Ghostly","floor":32,"key":"SMITH"}],"circlet_count":0,"master_deck":["AscendersBane","Strike_B","Strike_B","Defend_B","Defend_B","Defend_B","Defend_B","Zap","Dualcast","Cold Snap","Glacier+1","FTL","Cold Snap","Go for the Eyes+1","Redo","Beam Cell","Fission+1","Reboot+1","Sunder+1","Static Discharge+1","Tempest+1","Hologram+1","Shame","Ghostly+1","Ghostly","Ghostly","Ghostly","Ghostly","Conserve Battery","Buffer"],"relics":["SacredBark","Bronze Scales","Art of War","Membership Card","Regal Pillow","Oddly Smooth Stone","Lee\u0027s Waffle","HornCleat","Cursed Key","Cables","Lantern","Gremlin Horn"],"acts_visited":["Exordium","TheCity"],"potions_floor_usage":[6,11,16,22,31,33],"damage_taken":[{"damage":1,"enemies":"Cultist","floor":1,"turns":3},{"damage":10,"enemies":"Small Slimes","floor":2,"turns":5},{"damage":7,"enemies":"Jaw Worm","floor":3,"turns":5},{"damage":6,"enemies":"3 Louse","floor":4,"turns":5},{"damage":24,"enemies":"Gremlin Nob","floor":6,"turns":5},{"damage":4,"enemies":"2 Fungi Beasts","floor":7,"turns":4},{"damage":4,"enemies":"Large Slime","floor":8,"turns":8},{"damage":11,"enemies":"Lagavulin Event","floor":11,"turns":4},{"damage":11,"enemies":"Hexaghost","floor":16,"turns":13},{"damage":0,"enemies":"3 Byrds","floor":18,"turns":4},{"damage":16,"enemies":"Chosen","floor":21,"turns":5},{"damage":16,"enemies":"Snake Plant","floor":22,"turns":4},{"damage":2,"enemies":"Sentry and Sphere","floor":24,"turns":4},{"damage":2,"enemies":"Shelled Parasite and Fungi","floor":30,"turns":4},{"damage":2,"enemies":"Slavers","floor":31,"turns":5},{"damage":54,"enemies":"Automaton","floor":33,"turns":12}],"seed_played":"-4326852419092613673","potions_obtained":[{"floor":1,"key":"LiquidBronze"},{"floor":4,"key":"Strength Potion"},{"floor":6,"key":"ColorlessPotion"},{"floor":7,"key":"Block Potion"},{"floor":21,"key":"LiquidBronze"},{"floor":24,"key":"DistilledChaos"},{"floor":30,"key":"SteroidPotion"},{"floor":31,"key":"PowerPotion"}],"is_trial":false,"path_per_floor":["M","M","M","M","?","E","M","M","T","$","?","R","$","?","R","B",null,"M","?","?","M","M","R","M","R","T","R","$","?","M","E","R","B"],"character_chosen":"DEFECT","items_purchased":["Membership Card","Regal Pillow","Lee\u0027s Waffle","HornCleat","Cables","Lantern"],"campfire_rested":1,"item_purchase_floors":[10,10,13,13,28,28],"current_hp_per_floor":[67,57,50,44,44,20,16,12,12,12,1,38,82,82,82,71,79,79,79,79,63,47,47,45,45,45,45,45,41,39,37,37,0,0],"gold":101,"neow_bonus":"BOSS_RELIC","is_daily":false,"chose_seed":false,"campfire_upgraded":5,"win_rate":0.0,"timestamp":1614217296,"path_taken":["M","?","M","M","?","E","M","M","T","$","?","R","$","?","R","BOSS","M","?","?","M","M","R","?","R","T","R","$","?","M","E","R","BOSS"],"items_purchased_type":["Relic","Relic","Relic","Relic","Relic","Relic"],"build_version":"2020-12-22","purchased_purges":3,"victory":false,"max_hp_per_floor":[75,75,75,75,75,75,75,75,75,75,75,75,82,82,82,82,82,82,82,82,82,82,82,82,82,82,82,82,41,41,41,41,41,41],"relic_stats":{"Regal Pillow":15,"Lee\u0027s Waffle":44,"Gremlin Horn":[2,2],"counters":[16,90],"Bronze Scales":[274],"Art of War":[2],"Cursed Key":1,"obtain_stats":[{"Regal Pillow":10,"Lee\u0027s Waffle":13,"Lantern":28,"Gremlin Horn":31,"SacredBark":0,"Oddly Smooth Stone":11,"Cursed Key":17,"Cables":28,"HornCleat":13,"Bronze Scales":6,"Art of War":9,"Membership Card":10,"Cracked Core":0},{"Regal Pillow":7,"Lee\u0027s Waffle":8,"Lantern":13,"Gremlin Horn":15,"SacredBark":0,"Oddly Smooth Stone":8,"Cursed Key":9,"Cables":13,"HornCleat":8,"Bronze Scales":5,"Art of War":7,"Membership Card":7,"Cracked Core":0},{"Regal Pillow":35,"Lee\u0027s Waffle":39,"Lantern":69,"Gremlin Horn":78,"SacredBark":0,"Oddly Smooth Stone":39,"Cursed Key":52,"Cables":69,"HornCleat":39,"Bronze Scales":23,"Art of War":35,"Membership Card":35,"Cracked Core":0}],"Cables":[18,9,9,0,0]},"card_choices":[{"not_picked":["Rip and Tear","Barrage"],"picked":"Cold Snap","floor":1},{"not_picked":["Sweeping Beam","Redo"],"picked":"Glacier","floor":2},{"not_picked":["Rip and Tear","Auto Shields"],"picked":"FTL","floor":3},{"not_picked":["Streamline","Steam Power"],"picked":"Cold Snap","floor":4},{"not_picked":["Chaos","Streamline"],"picked":"Go for the Eyes","floor":6},{"not_picked":["Compile Driver","Steam"],"picked":"Redo","floor":7},{"not_picked":["Sweeping Beam","Leap"],"picked":"Beam Cell","floor":8},{"not_picked":["Skim","Redo"],"picked":"Fission","floor":11},{"not_picked":["Hyperbeam","Amplify"],"picked":"Reboot","floor":16},{"not_picked":["Tempest","Static Discharge"],"picked":"Sunder","floor":18},{"not_picked":["Stack","Barrage"],"picked":"Static Discharge+1","floor":21},{"not_picked":["Hologram","Aggregate"],"picked":"Tempest+1","floor":22},{"not_picked":["Ball Lightning","Rebound"],"picked":"Hologram+1","floor":24},{"not_picked":["Steam","Sunder"],"picked":"Conserve Battery","floor":30},{"not_picked":["Fusion","Genetic Algorithm"],"picked":"Buffer","floor":31}],"player_experience":859934,"relics_obtained":[{"floor":6,"key":"Bronze Scales"},{"floor":9,"key":"Art of War"},{"floor":11,"key":"Oddly Smooth Stone"},{"floor":31,"key":"Gremlin Horn"}],"event_choices":[{"damage_healed":0,"gold_gain":175,"player_choice":"AGREE","damage_taken":0,"max_hp_gain":0,"max_hp_loss":0,"event_name":"Liars Game","floor":5,"gold_loss":0,"cards_obtained":["Doubt"]},{"damage_healed":0,"gold_gain":30,"player_choice":"Searched \u00272\u0027 times","damage_taken":0,"max_hp_gain":0,"max_hp_loss":0,"event_name":"Dead Adventurer","floor":11,"gold_loss":0},{"damage_healed":0,"gold_gain":0,"player_choice":"Grow","damage_taken":0,"max_hp_gain":0,"max_hp_loss":0,"event_name":"Living Wall","floor":14,"gold_loss":0,"cards_upgraded":["Fission"]},{"damage_healed":0,"gold_gain":99,"player_choice":"Stole From Cult","damage_taken":0,"max_hp_gain":0,"max_hp_loss":0,"event_name":"Nest","floor":19,"gold_loss":0},{"damage_healed":0,"gold_gain":0,"player_choice":"Ignored","damage_taken":0,"max_hp_gain":0,"max_hp_loss":0,"event_name":"Vampires","floor":20,"gold_loss":0},{"damage_healed":0,"gold_gain":0,"player_choice":"Became a Ghost","damage_taken":0,"max_hp_gain":0,"max_hp_loss":41,"event_name":"Ghosts","floor":29,"gold_loss":0,"cards_obtained":["Ghostly","Ghostly","Ghostly","Ghostly","Ghostly"]}],"is_beta":false,"boss_relics":[{"not_picked":["Black Star","Fusion Hammer"],"picked":"Cursed Key"}],"items_purged_floors":[10,13,28],"is_endless":false,"potions_floor_spawned":[1,4,6,7,8,21,24,30,31],"killed_by":"Automaton","ascension_level":12}}