{"host":"gm50ke85n5jz306u","time":1614235991,"event":{"mods":["AchievementEnabler","AlwaysNeverKeys","Aspiration","BaseMod","Beaked The Cultist","Bestiary","Better Altar","Better Match","Better Note","Better Sensory Stone","Better Skull","Better Third Choice","Better Vampires","Better-Laid Plans","BetterRewards","Colored Powertips","Curses Come First","DNKmod","Defuse TimeMaze Blight","Disable Question Mark Monsters","Displayed Cursed Tome","Downfall","Emptier Cage","Extra Virgin Snecko Oil","Filter the Spire","Friendly Minions","Gremlin Skip","Hermit","Hubris","Hyrulean Relics","Ironclad Rager","Koishi","Lobotomy","Marisa????????","Marked Mod","Minty Spire (QoL Compilation)","Permanent Neow","Poor People Problems","Quick Restart","Reimu??????","Relic Filter Mod","Relic Sorter","Remove Card Discount Mod","Reorder Act Four","Replay The Spire","Shop Mod","StSLib","Synergy Search","Td1madao Mod","The Administrix","The Animator","The Blue Laboratory","The Bug Knight","The Construct","The Cursed","The Disciple","The Hierophant","The Necromancer","The Runesmith","The Senshi","The Servant 0.9.4","Thieving Mod","Transform Curses","WarShipGirlsR/????R mod"],"gold_per_floor":[10018,10030,9223,9235,8431,8458,8476,8490,8490,8490,8506,8525,8542,8190,8190,8300,8300,8320,8340,8364,8364,7931,7970,7970,7970,7994,8014,8043,7584,7584,7610,7610,7711,7711,7740,6948,6973,6985,7001,7001,7042,6590,6590,6615,6615,6624,6652,6115,6115,6115],"floor_reached":51,"language":"ENG","playtime":2682,"items_purged":["Bash","Strike_R","Strike_R","Strike_R","Strike_R","Dark Embrace","Second Wind","Pommel Strike","Demon Form","Headbutt","Inflame","Body Slam","Sword Boomerang","Sword Boomerang","Sword Boomerang+1","hubris:SharpeningStone+1","Apotheosis+1","Pain"],"score":1145,"play_id":"966a5a32-8e8a-466b-b351-a3cad20b14aa","local_time":"20210225075311","is_ascension_mode":true,"campfire_choices":[{"data":"Body Slam","floor":10.0,"key":"SMITH"},{"data":"Entrench","floor":15.0,"key":"SMITH"},{"data":"Body Slam","floor":24.0,"key":"SMITH"},{"data":"Apotheosis","floor":30.0,"key":"SMITH"},{"data":"Panache","floor":32,"key":"SMITH"},{"data":"Metallicize","floor":40,"key":"SMITH"},{"data":"Blind","floor":45,"key":"SMITH"},{"data":"Master of Strategy","floor":49,"key":"SMITH"}],"circlet_count":0,"master_deck":["Defend_R","Defend_R","Defend_R","Defend_R","Body Slam+1","Shrug It Off","Iron Wave","Master of Strategy+1","Entrench+1","Iron Wave","Body Slam+1","Panache+1","Blind+1","Body Slam+1","Metallicize+1","Iron Wave","Shrug It Off","Shrug It Off+1","Metallicize+1","Feed+1"],"relics":["Burning Blood","Kunai","aspiration:DSix","Letter Opener","Pen Nib","aspiration:EmptySkull","ReplayFunnel","Mercury Hourglass","theSenshi:SailorFukuRelic","Red Skull","Sling","SlaversCollar","RuthlessExorcism:ReiMu","MerchantsRug","Cauldron","Blood Vial","PreservedInsect","CeramicFish","ReplayTheSpireMod:ShopPack","Bag of Marbles","Bronze Scales","hubris:Backtick","Calipers","HandDrill","Golden Egg","Prayer Wheel","Durian","Blue Doll","Lantern","Vajra","WarpedTongs","Bottled Lightning"],"acts_visited":["Exordium","TheCity","TheBeyond"],"potions_floor_usage":[47],"damage_taken":[{"damage":6.0,"enemies":"Cultist","floor":1.0,"turns":4.0},{"damage":16.0,"enemies":"Small Slimes","floor":2.0,"turns":6.0},{"damage":2.0,"enemies":"2 Louse","floor":4.0,"turns":2.0},{"damage":17.0,"enemies":"Lagavulin","floor":6.0,"turns":7.0},{"damage":4.0,"enemies":"Large Slime","floor":7.0,"turns":6.0},{"damage":4.0,"enemies":"Lots of Slimes","floor":8.0,"turns":3.0},{"damage":0.0,"enemies":"2 Fungi Beasts","floor":11.0,"turns":2.0},{"damage":0.0,"enemies":"Gremlin Gang","floor":12.0,"turns":4.0},{"damage":6.0,"enemies":"Blue Slaver","floor":13.0,"turns":3.0},{"damage":26.0,"enemies":"Slime Boss","floor":16.0,"turns":10.0},{"damage":20.0,"enemies":"2 Thieves","floor":18.0,"turns":4.0},{"damage":47.0,"enemies":"Sentry and Sphere","floor":19.0,"turns":6.0},{"damage":10.0,"enemies":"Book of Stabbing","floor":23.0,"turns":3.0},{"damage":7.0,"enemies":"3 Cultists","floor":27.0,"turns":4.0},{"damage":7.0,"enemies":"Centurion and Healer","floor":28.0,"turns":4.0},{"damage":0,"enemies":"Gremlin Leader","floor":31,"turns":3},{"damage":12,"enemies":"Automaton","floor":33,"turns":7},{"damage":11,"enemies":"Orb Walker","floor":35,"turns":3},{"damage":13,"enemies":"3 Shapes","floor":37,"turns":5},{"damage":14,"enemies":"Spire Growth","floor":38,"turns":5},{"damage":24,"enemies":"Maw","floor":39,"turns":6},{"damage":11,"enemies":"Nemesis","floor":41,"turns":3},{"damage":0,"enemies":"Giant Head","floor":44,"turns":4},{"damage":14,"enemies":"Sphere and 2 Shapes","floor":47,"turns":4},{"damage":15,"enemies":"Donu and Deca","floor":50,"turns":8}],"seed_played":"-8717212919031238208","potions_obtained":[{"floor":2.0,"key":"blueLaboratory:AbyssPotion"},{"floor":5.0,"key":"Death Potion"},{"floor":18.0,"key":"Regen Potion"},{"floor":23.0,"key":"Dexterity Potion"},{"floor":28.0,"key":"blueLaboratory:EntrenchedPotion"},{"floor":31,"key":"EntropicBrew"},{"floor":35,"key":"BloodPotion"}],"is_trial":false,"path_per_floor":["M","M","$","M","$","E","M","M","T","R","M","M","M","$","R","B",null,"M","M","T","?","$","E","R","?","T","M","M","$","R","E","R","B",null,"M","$","M","M","M","R","E","$","T","E","R","?","M","$","R","B",null],"character_chosen":"IRONCLAD","items_purchased":["Iron Wave","MerchantsRug","Mercury Hourglass","Sling","Inflame","BloodPotion","blueLaboratory:BottleOfRum","Swift Potion","blueLaboratory:HummingbirdPotion","Red Skull","Letter Opener","Cauldron","Master of Strategy","Sword Boomerang","PreservedInsect","CeramicFish","Body Slam","ReplayFunnel","ReplayTheSpireMod:ShopPack","Dark Embrace","Second Wind","Pen Nib","aspiration:EmptySkull","Apotheosis","Metallicize","HandDrill","Golden Egg","Prayer Wheel","Kunai","Blue Doll","Regen Potion","Shrug It Off","Metallicize","Feed","Bottled Lightning","Elixir"],"campfire_rested":0,"item_purchase_floors":[3,3,3,3,3,3,3,3,5,5,5,5,5,14,14,14,22,22,22,22,22,29,29,29,36,36,36,36,42,42,42,48,48,48,48,48],"current_hp_per_floor":[72,62,62,66,66,55,59,63,63,63,71,79,80,80,80,60,75,63,33,33,33,33,31,31,39,39,40,41,41,41,49,49,45,71,68,68,63,57,41,41,43,43,43,51,51,51,54,54,54,51],"gold":6115,"neow_bonus":"DSIX","is_daily":false,"chose_seed":false,"campfire_upgraded":8,"win_rate":0.0,"timestamp":1614235991,"path_taken":["M","M","$","M","$","E","M","?","T","R","M","M","M","$","R","BOSS","M","M","?","?","$","E","R","?","T","M","M","$","R","E","R","BOSS","M","$","M","M","?","R","E","$","T","E","R","?","?","$","R","BOSS"],"items_purchased_type":["Card","Relic","Relic","Relic","Card","Potion","Potion","Potion","Potion","Relic","Relic","Relic","Card","Card","Relic","Relic","Card","Relic","Relic","Card","Card","Relic","Relic","Card","Card","Relic","Relic","Relic","Relic","Relic","Potion","Card","Card","Card","Relic","Potion"],"build_version":"2020-12-22","purchased_purges":18,"victory":true,"max_hp_per_floor":[80,80,80,80,80,80,80,80,80,80,80,80,80,80,80,80,80,80,80,80,80,80,80,80,80,80,80,80,80,80,80,80,80,80,80,80,80,80,80,80,85,85,85,85,85,85,85,85,85,89],"card_choices":[{"not_picked":["Replay:Undeath\u0027s Touch","Armaments"],"picked":"Body Slam","floor":1.0},{"not_picked":["Body Slam","Evolve"],"picked":"Shrug It Off","floor":2.0},{"not_picked":["Flex","Pommel Strike"],"picked":"Headbutt","floor":4.0},{"not_picked":["Sentinel","Life Link","Infernal Blade"],"picked":"SKIP","floor":6.0},{"not_picked":["Exhume","Fire Breathing","Warcry"],"picked":"SKIP","floor":7.0},{"not_picked":["Anger","Reckless Charge"],"picked":"Pommel Strike","floor":8.0},{"not_picked":["Armaments","Warcry","Evolve"],"picked":"SKIP","floor":11.0},{"not_picked":["Anger","Carnage","Feel No Pain"],"picked":"SKIP","floor":12.0},{"not_picked":["Run Through","Heavy Blade"],"picked":"Entrench","floor":13.0},{"not_picked":["Exhume","Offering"],"picked":"Demon Form","floor":16.0},{"not_picked":["Uppercut","Shockwave","Feel No Pain+1"],"picked":"SKIP","floor":18.0},{"not_picked":["Cleave","ReplayTheSpireMod:Stacked"],"picked":"Iron Wave","floor":19.0},{"not_picked":["Chrysalis","Sadistic Nature"],"picked":"Panache","floor":22.0},{"not_picked":["ReplayTheSpireMod:Trickstab","Jack Of All Trades"],"picked":"Blind","floor":22.0},{"not_picked":["Run Through","Juggernaut"],"picked":"Body Slam","floor":23.0},{"not_picked":["Thunderclap","ReplayTheSpireMod:Muscle Training"],"picked":"Sword Boomerang","floor":27.0},{"not_picked":["Clash","Twin Strike"],"picked":"Sword Boomerang+1","floor":28.0},{"not_picked":["Whirlwind+1","Pummel","Juggernaut"],"picked":"SKIP","floor":31},{"not_picked":["Cleave","Headbutt+1"],"picked":"Body Slam+1","floor":35},{"not_picked":["Demon Form","Thunderclap+1"],"picked":"hubris:SharpeningStone+1","floor":37},{"not_picked":["True Grit+1","Sword Boomerang","Pommel Strike"],"picked":"SKIP","floor":37},{"not_picked":["Replay:Undeath\u0027s Touch","Twin Strike+1","Perfected Strike+1"],"picked":"SKIP","floor":38},{"not_picked":["ReplayTheSpireMod:LeadingStrike+1","Warcry+1","Headbutt+1"],"picked":"SKIP","floor":38},{"not_picked":["Perfected Strike","Clash","Carnage+1"],"picked":"SKIP","floor":39},{"not_picked":["Heavy Blade+1","Run Through","Flex"],"picked":"SKIP","floor":39},{"not_picked":["Defy Death+1","Twin Strike+1"],"picked":"Iron Wave","floor":41},{"not_picked":["Demonic Infusion","Warcry+1","Life Link+1"],"picked":"SKIP","floor":44},{"not_picked":["Armaments","Double Tap"],"picked":"Shrug It Off","floor":47},{"not_picked":["ReplayTheSpireMod:LeadingStrike","Rage+1","Sword Boomerang+1"],"picked":"SKIP","floor":47}],"player_experience":458504,"relics_obtained":[{"floor":6.0,"key":"Blood Vial"},{"floor":20.0,"key":"RuthlessExorcism:ReiMu"},{"floor":23.0,"key":"theSenshi:SailorFukuRelic"},{"floor":26.0,"key":"Bag of Marbles"},{"floor":31,"key":"Bronze Scales"},{"floor":41,"key":"Durian"},{"floor":43,"key":"Lantern"},{"floor":44,"key":"Vajra"}],"event_choices":[{"cards_removed":["Strike_R"],"damage_healed":0.0,"max_hp_gain":0.0,"max_hp_loss":0.0,"gold_gain":0.0,"event_name":"Bonfire Elementals","player_choice":"Offered Basic","floor":21.0,"gold_loss":0.0,"damage_taken":0.0},{"damage_healed":0,"gold_gain":0,"player_choice":"Rummage","damage_taken":0,"relics_obtained":["WarpedTongs"],"max_hp_gain":0,"max_hp_loss":0,"event_name":"Accursed Blacksmith","floor":46,"gold_loss":0,"cards_obtained":["Pain"]}],"is_beta":false,"boss_relics":[{"not_picked":["hubris:VirtuousBlindfold","Black Blood"],"picked":"SlaversCollar"},{"not_picked":["aspiration:RitualDagger","Painkiller Herb"],"picked":"hubris:Backtick"}],"items_purged_floors":[5,5,5,22,22,22,22,29,36,36,36,36,42,42,42,42,48,48],"is_endless":false,"potions_floor_spawned":[2,6,11,13,18,23,28,31,35,37,38,44],"ascension_level":7}}