{"host":"qx22gp6oc7p3276t","time":1614291996,"event":{"mods":["AchievementEnabler","BaseMod","Colored Map","Colored Powertips","Minty Spire (QoL Compilation)","Relic Sorter","StSLib","UnlockEverythingMod"],"gold_per_floor":[117,117,137,149,163,188,188,223,223,242,242,242],"floor_reached":11,"language":"ENG","playtime":603,"items_purged":[],"score":89,"play_id":"77ec21ad-e368-4d36-af91-dfce413f2b7a","local_time":"20210225232636","is_ascension_mode":true,"campfire_choices":[{"data":"Armaments","floor":7,"key":"SMITH"}],"circlet_count":0,"master_deck":["Strike_R","Strike_R","Strike_R","Strike_R","Strike_R","Defend_R","Defend_R","Defend_R","Defend_R","Bash","Offering","Carnage","Shrug It Off","Thunderclap","Armaments+1","Shrug It Off","Shockwave"],"relics":["Burning Blood","Letter Opener","Centennial Puzzle","Blood Vial"],"acts_visited":["Exordium"],"potions_floor_usage":[11],"damage_taken":[{"damage":0,"enemies":"2 Louse","floor":1,"turns":3},{"damage":6,"enemies":"Small Slimes","floor":3,"turns":2},{"damage":7,"enemies":"Jaw Worm","floor":4,"turns":2},{"damage":15,"enemies":"Gremlin Gang","floor":5,"turns":5},{"damage":28,"enemies":"Gremlin Nob","floor":6,"turns":5},{"damage":20,"enemies":"3 Sentries","floor":8,"turns":9},{"damage":8,"enemies":"Looter","floor":10,"turns":3},{"damage":34,"enemies":"Lagavulin","floor":11,"turns":8}],"seed_played":"-9077177469880206354","potions_obtained":[{"floor":1,"key":"ColorlessPotion"},{"floor":5,"key":"BlessingOfTheForge"}],"is_trial":false,"path_per_floor":["M","?","M","M","M","E","R","E","T","M","E"],"character_chosen":"IRONCLAD","items_purchased":[],"campfire_rested":0,"item_purchase_floors":[],"current_hp_per_floor":[62,62,62,61,52,30,30,16,16,16,0,0],"gold":242,"neow_bonus":"THREE_RARE_CARDS","is_daily":false,"chose_seed":false,"campfire_upgraded":1,"win_rate":0.0,"timestamp":1614291996,"path_taken":["M","?","M","M","M","E","R","E","T","M","E"],"items_purchased_type":[],"build_version":"2020-12-22","purchased_purges":0,"victory":false,"max_hp_per_floor":[80,80,80,80,80,80,80,80,80,80,80,80],"card_choices":[{"not_picked":["Fiend Fire","Corruption"],"picked":"Offering","floor":0},{"not_picked":["Dark Embrace","Wild Strike"],"picked":"Carnage","floor":1},{"not_picked":["Carnage","Clothesline","Perfected Strike"],"picked":"SKIP","floor":3},{"not_picked":["Flex","Carnage"],"picked":"Shrug It Off","floor":4},{"not_picked":["Feel No Pain","Headbutt"],"picked":"Thunderclap","floor":5},{"not_picked":["Havoc","Heavy Blade"],"picked":"Armaments","floor":6},{"not_picked":["Perfected Strike","Anger"],"picked":"Shrug It Off","floor":8},{"not_picked":["Headbutt","Body Slam"],"picked":"Shockwave","floor":10}],"player_experience":433573,"relics_obtained":[{"floor":6,"key":"Letter Opener"},{"floor":8,"key":"Centennial Puzzle"},{"floor":9,"key":"Blood Vial"}],"event_choices":[{"damage_healed":0,"gold_gain":0,"player_choice":"Ignored","damage_taken":0,"max_hp_gain":0,"max_hp_loss":0,"event_name":"Liars Game","floor":2,"gold_loss":0}],"is_beta":false,"boss_relics":[],"items_purged_floors":[],"is_endless":false,"potions_floor_spawned":[1,5],"killed_by":"Lagavulin","ascension_level":1}}