{"host":"wshey5htrz8rni6u","time":1614248670,"event":{"mods":["2.2 Compatiblity","BaseMod","Block Reminder","Colored Map","Colored Powertips","Current Relic Mod","Curses Come First","Dark Map","Key Reminder","Keyboard Shortcuts","Minty Spire (QoL Compilation)","Potion Indicator Mod","Quick Restart","Random Character Button","Relic Sorter","Relic Stats","StSLib","SuperFastMode","Unceasing Turn Reminder","UnlockEverythingMod","Weighted Paths"],"gold_per_floor":[111,261,37,49,49,49,49,49,74,89,128,183,258,292,292,292,292],"floor_reached":16,"language":"ENG","playtime":576,"items_purged":["Doubt"],"score":186,"play_id":"cbcade3f-7dc3-44f8-b1eb-b726231e43ca","local_time":"20210225022430","is_ascension_mode":true,"campfire_choices":[{"data":"Neutralize","floor":6,"key":"SMITH"},{"data":"Panacea","floor":8,"key":"SMITH"},{"floor":15,"key":"REST"}],"circlet_count":0,"master_deck":["AscendersBane","Strike_G","Strike_G","Strike_G","Strike_G","Strike_G","Defend_G","Defend_G","Defend_G","Defend_G","Defend_G","Survivor","Neutralize+1","Panacea+1","Dagger Throw","Die Die Die","Blade Dance","Poisoned Stab","Backflip","Corpse Explosion"],"relics":["Ring of the Snake","Membership Card","Golden Idol","Frozen Egg 2","keyreminder:keyreminder","Omamori","PreservedInsect"],"acts_visited":["Exordium"],"potions_floor_usage":[11,14,16],"damage_taken":[{"damage":4,"enemies":"Small Slimes","floor":1,"turns":5},{"damage":1,"enemies":"Jaw Worm","floor":4,"turns":4},{"damage":1,"enemies":"2 Louse","floor":10,"turns":2},{"damage":20,"enemies":"Lagavulin","floor":11,"turns":8},{"damage":10,"enemies":"3 Sentries","floor":14,"turns":7},{"damage":31,"enemies":"Hexaghost","floor":16,"turns":9}],"seed_played":"-8795745902587286253","potions_obtained":[{"floor":1,"key":"SpeedPotion"},{"floor":11,"key":"SpeedPotion"},{"floor":14,"key":"Block Potion"}],"is_trial":false,"path_per_floor":["M","?","$","M","?","R","T","R","T","M","E","?","?","E","R","B"],"character_chosen":"THE_SILENT","items_purchased":["Membership Card","Die Die Die"],"campfire_rested":1,"item_purchase_floors":[3,3],"current_hp_per_floor":[55,55,55,54,54,54,54,54,54,53,33,33,22,12,30,0,0],"gold":292,"neow_bonus":"RANDOM_COLORLESS","is_daily":false,"chose_seed":false,"campfire_upgraded":2,"win_rate":0.0,"timestamp":1614248670,"path_taken":["M","?","$","M","?","R","?","R","T","?","E","?","?","E","R","BOSS"],"items_purchased_type":["Relic","Card"],"build_version":"2020-12-13","purchased_purges":1,"victory":false,"max_hp_per_floor":[66,66,66,66,60,60,60,60,60,60,60,60,60,60,60,60,60],"relic_stats":{"counters":[6,35],"Golden Idol":18,"PreservedInsect":0,"obtain_stats":[{"keyreminder:keyreminder":9,"Golden Idol":5,"PreservedInsect":14,"Omamori":11,"Membership Card":3,"Frozen Egg 2":7,"Ring of the Snake":0},{"keyreminder:keyreminder":2,"Golden Idol":2,"PreservedInsect":5,"Omamori":4,"Membership Card":1,"Frozen Egg 2":2,"Ring of the Snake":0},{"keyreminder:keyreminder":9,"Golden Idol":9,"PreservedInsect":26,"Omamori":19,"Membership Card":5,"Frozen Egg 2":9,"Ring of the Snake":0}],"Ring of the Snake":[12]},"card_choices":[{"not_picked":["Deep Breath","Blind"],"picked":"Panacea","floor":0},{"not_picked":["Flying Knee","Backflip"],"picked":"Dagger Throw","floor":1},{"not_picked":["Dagger Throw","Outmaneuver"],"picked":"Blade Dance","floor":4},{"not_picked":["Deadly Poison","Slice"],"picked":"Poisoned Stab","floor":10},{"not_picked":["PiercingWail","Setup"],"picked":"Backflip","floor":11},{"not_picked":["Quick Slash","Deadly Poison"],"picked":"Corpse Explosion","floor":14}],"player_experience":201494,"relics_obtained":[{"floor":7,"key":"Frozen Egg 2"},{"floor":11,"key":"Omamori"},{"floor":14,"key":"PreservedInsect"}],"event_choices":[{"damage_healed":0,"gold_gain":150,"player_choice":"AGREE","damage_taken":0,"max_hp_gain":0,"max_hp_loss":0,"event_name":"Liars Game","floor":2,"gold_loss":0,"cards_obtained":["Doubt"]},{"damage_healed":0,"gold_gain":0,"player_choice":"Lose Max HP","damage_taken":0,"relics_obtained":["Golden Idol"],"max_hp_gain":0,"max_hp_loss":6,"event_name":"Golden Idol","floor":5,"gold_loss":0},{"damage_healed":0,"gold_gain":55,"player_choice":"Gained Gold","damage_taken":0,"max_hp_gain":0,"max_hp_loss":0,"event_name":"Golden Wing","floor":12,"gold_loss":0},{"damage_healed":0,"gold_gain":75,"player_choice":"Gather Gold","damage_taken":11,"max_hp_gain":0,"max_hp_loss":0,"event_name":"World of Goop","floor":13,"gold_loss":0}],"is_beta":false,"boss_relics":[],"items_purged_floors":[3],"is_endless":false,"potions_floor_spawned":[1,11,14],"killed_by":"Hexaghost","ascension_level":15}}