{"host":"6r762osam2bvfm66","time":1614276460,"event":{"mods":["AchievementEnabler","BaseMod","Colored Map","Highlight Path","Minty Spire (QoL Compilation)","Relic Stats","ojb\u0027s Info Mod"],"gold_per_floor":[116,116,135,154,173,173,204,204,279,279,309,323,498,528,528,632,632,650,661,760,773,773,773,802,802,802,834,749,749,749],"floor_reached":29,"language":"ENG","playtime":1405,"items_purged":[],"score":382,"play_id":"c769c50f-e150-43be-9e44-d57f5a394d06","local_time":"20210225120740","is_ascension_mode":true,"campfire_choices":[{"data":"Sunder","floor":6.0,"key":"SMITH"},{"floor":10.0,"key":"REST"},{"data":"Tempest","floor":15.0,"key":"SMITH"},{"data":"Capacitor","floor":23,"key":"SMITH"},{"floor":25,"key":"REST"}],"circlet_count":0,"master_deck":["Strike_B","Strike_B","Strike_B","Defend_B","Defend_B","Defend_B","Defend_B","Zap","Dualcast","Rip and Tear","Rebound","Sunder+1","Tempest+1","Reinforced Body","Force Field","BootSequence","Doubt","Doom and Gloom","Core Surge","Storm","Self Repair+1","Capacitor+1","Loop+1","Parasite","Hello World+1"],"relics":["Cracked Core","StoneCalendar","Torii","Mummified Hand","CaptainsWheel","Vajra","Cursed Key","Orichalcum","Omamori","Darkstone Periapt","Pear"],"acts_visited":["Exordium","TheCity"],"potions_floor_usage":[24,24,27],"damage_taken":[{"damage":0.0,"enemies":"2 Louse","floor":1.0,"turns":2.0},{"damage":0.0,"enemies":"Cultist","floor":3.0,"turns":3.0},{"damage":7.0,"enemies":"Jaw Worm","floor":4.0,"turns":2.0},{"damage":6.0,"enemies":"Looter","floor":5.0,"turns":2.0},{"damage":35.0,"enemies":"Lagavulin","floor":7.0,"turns":4.0},{"damage":0.0,"enemies":"Blue Slaver","floor":8.0,"turns":1.0},{"damage":12.0,"enemies":"3 Sentries","floor":11.0,"turns":7.0},{"damage":1.0,"enemies":"3 Louse","floor":12.0,"turns":2.0},{"damage":1.0,"enemies":"Gremlin Nob","floor":14.0,"turns":4.0},{"damage":12.0,"enemies":"Slime Boss","floor":16.0,"turns":6.0},{"damage":1.0,"enemies":"Chosen","floor":18.0,"turns":3.0},{"damage":0,"enemies":"Spheric Guardian","floor":19,"turns":3},{"damage":22,"enemies":"3 Cultists","floor":21,"turns":5},{"damage":38,"enemies":"Gremlin Leader","floor":24,"turns":7},{"damage":36,"enemies":"Slavers","floor":27,"turns":5},{"damage":27,"enemies":"Sentry and Sphere","floor":29,"turns":5}],"seed_played":"6592237718741739935","potions_obtained":[{"floor":1.0,"key":"SmokeBomb"},{"floor":4.0,"key":"GamblersBrew"},{"floor":5.0,"key":"Regen Potion"},{"floor":12.0,"key":"BlessingOfTheForge"},{"floor":16.0,"key":"Block Potion"},{"floor":18,"key":"FearPotion"},{"floor":24,"key":"SneckoOil"}],"is_trial":false,"path_per_floor":["M","?","M","M","M","R","E","M","T","R","E","M","?","E","R","B",null,"M","M","?","M","?","R","E","R","T","E","?","M"],"character_chosen":"DEFECT","items_purchased":[],"campfire_rested":2,"item_purchase_floors":[],"current_hp_per_floor":[50,50,50,43,37,37,2,2,2,24,27,26,26,25,25,13,60,59,59,59,47,47,47,19,41,41,15,25,0,0],"gold":749,"neow_bonus":"ONE_RARE_RELIC","is_daily":false,"chose_seed":false,"campfire_upgraded":3,"win_rate":0.0,"timestamp":1614276460,"path_taken":["M","?","M","M","M","R","E","?","T","R","E","M","?","E","R","BOSS","M","M","?","M","?","R","E","R","T","E","?","M"],"items_purchased_type":[],"build_version":"2020-12-22","purchased_purges":0,"victory":false,"max_hp_per_floor":[75,75,75,75,75,75,75,75,75,75,75,75,75,75,75,75,75,75,75,75,75,75,75,75,75,75,75,85,85,85],"relic_stats":{"Darkstone Periapt":0,"Torii":21,"counters":[16,61],"Mummified Hand":[17],"StoneCalendar":[47],"Orichalcum":[12],"Cursed Key":1,"obtain_stats":[{"Darkstone Periapt":27,"CaptainsWheel":11,"Pear":28,"Torii":7,"Mummified Hand":9,"Vajra":14,"StoneCalendar":0,"Omamori":26,"Orichalcum":24,"Cracked Core":0,"Cursed Key":17},{"Darkstone Periapt":15,"CaptainsWheel":7,"Pear":15,"Torii":5,"Mummified Hand":6,"Vajra":9,"StoneCalendar":0,"Omamori":14,"Orichalcum":14,"Cracked Core":0,"Cursed Key":10},{"Darkstone Periapt":56,"CaptainsWheel":21,"Pear":56,"Torii":13,"Mummified Hand":14,"Vajra":27,"StoneCalendar":0,"Omamori":51,"Orichalcum":51,"Cracked Core":0,"Cursed Key":33}]},"card_choices":[{"not_picked":["Static Discharge","Aggregate"],"picked":"Rip and Tear","floor":1.0},{"not_picked":["Compile Driver","Gash"],"picked":"Rebound","floor":3.0},{"not_picked":["Darkness","Consume"],"picked":"Sunder","floor":4.0},{"not_picked":["Gash","Steam"],"picked":"Tempest","floor":5.0},{"not_picked":["Stack","Ball Lightning"],"picked":"Reinforced Body","floor":7.0},{"not_picked":["Multi-Cast","Chill"],"picked":"Force Field","floor":11.0},{"not_picked":["Go for the Eyes","Ball Lightning"],"picked":"BootSequence","floor":12.0},{"not_picked":["Compile Driver","Turbo"],"picked":"Doom and Gloom","floor":14.0},{"not_picked":["Rainbow","Meteor Strike"],"picked":"Core Surge","floor":16.0},{"not_picked":["Sweeping Beam","Coolheaded"],"picked":"Storm","floor":18},{"not_picked":["Conserve Battery+1","Rip and Tear+1"],"picked":"Self Repair+1","floor":19},{"not_picked":["Rip and Tear","Barrage","Conserve Battery"],"picked":"SKIP","floor":21},{"not_picked":["Rebound","Glacier"],"picked":"Loop+1","floor":24},{"not_picked":["Rebound","Doom and Gloom"],"picked":"Hello World+1","floor":27}],"player_experience":141824,"relics_obtained":[{"floor":7.0,"key":"Torii"},{"floor":9.0,"key":"Mummified Hand"},{"floor":11.0,"key":"CaptainsWheel"},{"floor":14.0,"key":"Vajra"},{"floor":24,"key":"Orichalcum"},{"floor":26,"key":"Omamori"},{"floor":27,"key":"Darkstone Periapt"}],"event_choices":[{"cards_removed":["Strike_B"],"damage_healed":0.0,"max_hp_gain":0.0,"max_hp_loss":0.0,"gold_gain":0.0,"event_name":"Bonfire Elementals","player_choice":"Offered Basic","floor":2.0,"gold_loss":0.0,"damage_taken":0.0},{"damage_healed":0.0,"max_hp_gain":0.0,"max_hp_loss":0.0,"gold_gain":175.0,"event_name":"Liars Game","player_choice":"AGREE","floor":13.0,"gold_loss":0.0,"damage_taken":0.0,"cards_obtained":["Doubt"]},{"damage_healed":0,"gold_gain":99,"player_choice":"Stole From Cult","damage_taken":0,"max_hp_gain":0,"max_hp_loss":0,"event_name":"Nest","floor":20,"gold_loss":0},{"damage_healed":0,"gold_gain":0,"player_choice":"Read","damage_taken":0,"max_hp_gain":0,"max_hp_loss":0,"event_name":"The Library","floor":22,"gold_loss":0,"cards_obtained":["Capacitor"]},{"damage_healed":0,"gold_gain":0,"player_choice":"Obtained Relic","damage_taken":0,"relics_obtained":["Pear"],"max_hp_gain":0,"max_hp_loss":0,"event_name":"Addict","floor":28,"gold_loss":85}],"is_beta":false,"boss_relics":[{"not_picked":["Runic Dome","Philosopher\u0027s Stone"],"picked":"Cursed Key"}],"items_purged_floors":[],"is_endless":false,"potions_floor_spawned":[1,4,5,12,16,18,24],"killed_by":"Sentry and Sphere","ascension_level":7}}