{"host":"Stephanie","time":1614219535,"event":{"mods":["BaseMod","Colored Powertips","Minty Spire (QoL Compilation)","Rare Cards Sparkle","Relic Stats","StSLib","The Marked"],"gold_per_floor":[110,128,138,138,37,37,64,64,88,99,115,130,93,127,127,232,232,245,245,256,272,291,291,291],"floor_reached":23,"language":"ENG","playtime":1324,"items_purged":["Strike_G"],"score":318,"play_id":"cb2eeb9a-4977-4083-b1af-c15630f57c8f","local_time":"20210224211855","is_ascension_mode":true,"campfire_choices":[{"data":"Neutralize","floor":6,"key":"SMITH"},{"floor":8,"key":"REST"},{"floor":15,"key":"REST"}],"circlet_count":0,"master_deck":["AscendersBane","Strike_G","Strike_G","Strike_G","Strike_G","Defend_G","Defend_G","Defend_G","Defend_G","Defend_G","Survivor","Neutralize+1","Blur","PiercingWail","Flying Knee","Bouncing Flask","Deadly Poison","Dash","Blade Dance","Footwork","Poisoned Stab","Die Die Die","Noxious Fumes","RitualDagger","PiercingWail+1","Envenom"],"relics":["Ring of the Snake","NeowsBlessing","Tiny Chest","Omamori","Regal Pillow","WristBlade"],"acts_visited":["Exordium","TheCity"],"potions_floor_usage":[7,14,16,22,22],"damage_taken":[{"damage":0,"enemies":"Small Slimes","floor":1,"turns":1},{"damage":0,"enemies":"Cultist","floor":2,"turns":1},{"damage":0,"enemies":"Jaw Worm","floor":3,"turns":1},{"damage":43,"enemies":"Gremlin Nob","floor":7,"turns":6},{"damage":0,"enemies":"3 Louse","floor":10,"turns":5},{"damage":5,"enemies":"Exordium Wildlife","floor":11,"turns":3},{"damage":0,"enemies":"Blue Slaver","floor":12,"turns":4},{"damage":10,"enemies":"3 Sentries","floor":14,"turns":8},{"damage":45,"enemies":"Slime Boss","floor":16,"turns":15},{"damage":5,"enemies":"Chosen","floor":18,"turns":6},{"damage":14,"enemies":"2 Thieves","floor":20,"turns":4},{"damage":19,"enemies":"Shelled Parasite and Fungi","floor":21,"turns":7},{"damage":16,"enemies":"Centurion and Healer","floor":22,"turns":12},{"damage":9,"enemies":"Book of Stabbing","floor":23,"turns":3}],"seed_played":"-7507470859640980453","potions_obtained":[{"floor":1,"key":"CunningPotion"},{"floor":3,"key":"CultistPotion"},{"floor":10,"key":"Fruit Juice"},{"floor":14,"key":"PowerPotion"},{"floor":20,"key":"Swift Potion"},{"floor":22,"key":"SteroidPotion"}],"is_trial":false,"path_per_floor":["M","M","M","?","$","R","E","R","T","M","M","M","$","E","R","B",null,"M","?","M","M","M","E"],"character_chosen":"THE_SILENT","items_purchased":["Flying Knee","Footwork"],"campfire_rested":2,"item_purchase_floors":[5,13],"current_hp_per_floor":[63,63,63,63,63,63,20,41,41,41,36,36,36,26,62,17,57,52,46,32,13,2,0,0],"gold":291,"neow_bonus":"THREE_ENEMY_KILL","is_daily":false,"chose_seed":false,"campfire_upgraded":1,"win_rate":0.0,"timestamp":1614219535,"path_taken":["M","M","M","?","$","R","E","R","T","?","M","M","$","E","R","BOSS","M","?","M","M","M","E"],"items_purchased_type":["Card","Card"],"build_version":"2020-12-18","purchased_purges":1,"victory":false,"max_hp_per_floor":[70,70,70,70,70,70,70,70,70,70,70,70,70,70,70,70,70,70,70,70,70,75,75,75],"relic_stats":{"Regal Pillow":15,"counters":[14,76],"Tiny Chest":0,"obtain_stats":[{"Regal Pillow":14,"NeowsBlessing":0,"WristBlade":17,"Tiny Chest":7,"Omamori":9,"Ring of the Snake":0},{"Regal Pillow":8,"NeowsBlessing":0,"WristBlade":9,"Tiny Chest":4,"Omamori":4,"Ring of the Snake":0},{"Regal Pillow":29,"NeowsBlessing":0,"WristBlade":44,"Tiny Chest":9,"Omamori":9,"Ring of the Snake":0}],"Ring of the Snake":[28]},"card_choices":[{"not_picked":["Eviscerate","Expertise"],"picked":"Blur","floor":1},{"not_picked":["Backstab","Backflip","Setup"],"picked":"SKIP","floor":2},{"not_picked":["Predator","Deflect"],"picked":"PiercingWail","floor":3},{"not_picked":["Finisher","Grand Finale"],"picked":"Bouncing Flask","floor":7},{"not_picked":["Accuracy","Calculated Gamble"],"picked":"Deadly Poison","floor":10},{"not_picked":["Dagger Spray","Deflect"],"picked":"Dash","floor":11},{"not_picked":["Leg Sweep","Infinite Blades"],"picked":"Blade Dance","floor":12},{"not_picked":["Tactician","Bouncing Flask"],"picked":"Poisoned Stab","floor":14},{"not_picked":["Unload","Tools of the Trade"],"picked":"Die Die Die","floor":16},{"not_picked":["Terror+1","Reflex+1"],"picked":"Noxious Fumes","floor":18},{"not_picked":["Quick Slash","Finisher","Riddle With Holes+1"],"picked":"SKIP","floor":20},{"not_picked":["Quick Slash+1","Prepared"],"picked":"PiercingWail+1","floor":21},{"not_picked":["Underhanded Strike+1","Quick Slash"],"picked":"Envenom","floor":22}],"player_experience":907117,"relics_obtained":[{"floor":7,"key":"Tiny Chest"},{"floor":9,"key":"Omamori"},{"floor":14,"key":"Regal Pillow"}],"event_choices":[{"damage_healed":0,"gold_gain":0,"player_choice":"Bought 0 Potions","damage_taken":0,"max_hp_gain":0,"max_hp_loss":0,"event_name":"The Woman in Blue","floor":4,"gold_loss":0},{"damage_healed":0,"gold_gain":0,"player_choice":"Joined the Cult","damage_taken":6,"max_hp_gain":0,"max_hp_loss":0,"event_name":"Nest","floor":19,"gold_loss":0,"cards_obtained":["RitualDagger"]}],"is_beta":true,"boss_relics":[{"not_picked":["Calling Bell","Runic Pyramid"],"picked":"WristBlade"}],"items_purged_floors":[5],"is_endless":false,"potions_floor_spawned":[1,3,10,14,20,22],"killed_by":"Book of Stabbing","ascension_level":11}}