{"host":"uafoej811sw8via1","time":1614227832,"event":{"mods":["BaseMod","Minty Spire (QoL Compilation)","Relic Stats","StSLib"],"gold_per_floor":[114,129,104,279,279,298,317,355,355,355,393,412,431,450,450,575,575,594,693,693,693,218,256,256,275,275,325,356,368,151,170,170,295,295,314,647,647,747,762,762,792,367,367,367,382,132,60,75,75,75],"floor_reached":51,"language":"ENG","playtime":2478,"items_purged":["Doubt"],"score":1025,"play_id":"c1cd1e54-12bb-450f-b38c-1ba90c9c5eda","local_time":"20210224233712","daily_mods":["Insanity","Colorless Cards","Night Terrors"],"is_ascension_mode":false,"campfire_choices":[{"data":"1","floor":10,"key":"LIFT"},{"data":"2","floor":15,"key":"LIFT"},{"data":"3","floor":24,"key":"LIFT"},{"data":"Seek","floor":32,"key":"SMITH"},{"floor":40,"key":"REST"},{"floor":44,"key":"REST"},{"floor":49,"key":"REST"}],"circlet_count":0,"master_deck":["Streamline+1","Hologram+1","Redo+1","Ball Lightning+1","Leap+1","Gash+1","Barrage+1","Hello World+1","Blizzard+1","Undo+1","Turbo+1","Undo+1","Bandage Up+1","Streamline+1","BootSequence+1","Glacier+1","Stack+1","Gash+1","Ball Lightning+1","Turbo+1","Gash+1","Turbo+1","Beam Cell+1","Trip+1","Redo+1","Jack Of All Trades+1","Ball Lightning+1","Coolheaded+1","Hologram+1","Leap+1","Doom and Gloom+1","Hologram+1","Coolheaded+1","Ball Lightning+1","Rebound+1","Self Repair+1","Streamline+1","Skim+1","Loop+1","Blizzard+1","Mind Blast+1","Barrage+1","Beam Cell+1","Rebound+1","Streamline+1","Static Discharge+1","FTL+1","Scrape+1","Loop+1","Streamline+1","Undo+1","Hologram+1","Hologram+1","Hologram+1","Stack+1","Coolheaded+1","Cold Snap+1","Fission+1","CurseOfTheBell","Dark Shackles+1","Stack+1","Go for the Eyes+1","Hologram+1","Seek+1","Go for the Eyes+1","Steam+1","Stack+1","Aggregate+1","Aggregate+1","Defragment+1","Electrodynamics+1","Skim+1","Hologram+1","Compile Driver+1"],"relics":["Cracked Core","Girya","Pantograph","MealTicket","Calling Bell","Centennial Puzzle","Matryoshka","TungstenRod","Ornamental Fan","Orrery","Oddly Smooth Stone","MawBank","Pear","Potion Belt","Runic Capacitor","Runic Pyramid","Mark of the Bloom","Question Card","Lantern","DollysMirror","Bag of Marbles","Lizard Tail","Bottled Lightning","Pen Nib"],"acts_visited":["Exordium","TheCity","TheBeyond"],"potions_floor_usage":[13,23,50,50,50,50],"damage_taken":[{"damage":0,"enemies":"2 Louse","floor":1,"turns":1},{"damage":0,"enemies":"Small Slimes","floor":2,"turns":1},{"damage":0,"enemies":"Jaw Worm","floor":6,"turns":1},{"damage":0,"enemies":"Large Slime","floor":7,"turns":2},{"damage":0,"enemies":"3 Sentries","floor":8,"turns":4},{"damage":10,"enemies":"Lagavulin","floor":11,"turns":4},{"damage":0,"enemies":"2 Fungi Beasts","floor":12,"turns":3},{"damage":0,"enemies":"Lots of Slimes","floor":13,"turns":2},{"damage":0,"enemies":"Blue Slaver","floor":14,"turns":1},{"damage":28,"enemies":"Hexaghost","floor":16,"turns":7},{"damage":0,"enemies":"Chosen","floor":18,"turns":2},{"damage":0,"enemies":"Gremlin Leader","floor":23,"turns":2},{"damage":0,"enemies":"2 Thieves","floor":25,"turns":2},{"damage":3,"enemies":"Slavers","floor":27,"turns":3},{"damage":0,"enemies":"Sentry and Sphere","floor":28,"turns":2},{"damage":5,"enemies":"Shelled Parasite and Fungi","floor":31,"turns":4},{"damage":1,"enemies":"Automaton","floor":33,"turns":9},{"damage":4,"enemies":"3 Darklings","floor":35,"turns":3},{"damage":0,"enemies":"3 Shapes","floor":39,"turns":3},{"damage":3,"enemies":"Reptomancer","floor":41,"turns":2},{"damage":0,"enemies":"Jaw Worm Horde","floor":45,"turns":2},{"damage":0,"enemies":"Writhing Mass","floor":48,"turns":1},{"damage":0,"enemies":"Donu and Deca","floor":50,"turns":3}],"seed_played":"3523290589944034342","potions_obtained":[{"floor":2,"key":"LiquidBronze"},{"floor":7,"key":"Explosive Potion"},{"floor":8,"key":"Strength Potion"},{"floor":13,"key":"LiquidMemories"},{"floor":23,"key":"Ancient Potion"},{"floor":25,"key":"Weak Potion"},{"floor":31,"key":"FocusPotion"},{"floor":35,"key":"Regen Potion"},{"floor":45,"key":"Energy Potion"}],"is_trial":false,"path_per_floor":["M","M","$","?","?","M","M","E","T","R","E","M","M","M","R","B",null,"M","?","?","?","$","E","R","M","T","E","M","?","$","M","R","B",null,"M","?","?","?","M","R","E","$","T","R","M","$","?","M","R","B",null],"character_chosen":"DEFECT","items_purchased":["Hologram","Ornamental Fan","Orrery","Runic Capacitor","Aggregate","Lantern","DollysMirror","Swift Potion","DuplicationPotion","Bottled Lightning"],"campfire_rested":3,"item_purchase_floors":[3,22,22,30,30,42,42,42,42,46],"current_hp_per_floor":[75,75,75,75,57,57,57,68,68,68,58,62,62,69,69,54,75,75,75,75,75,75,75,75,75,85,82,82,82,85,80,80,85,85,81,81,81,81,81,80,77,77,77,75,75,75,75,75,70,70],"gold":75,"neow_bonus":"","is_daily":true,"chose_seed":false,"campfire_upgraded":1,"win_rate":0.0,"timestamp":1614227832,"path_taken":["M","M","$","?","?","M","M","E","T","R","E","M","M","M","R","BOSS","M","?","?","?","$","E","R","M","T","E","M","?","?","M","R","BOSS","M","?","?","?","M","R","E","$","T","R","?","$","?","M","R","BOSS"],"items_purchased_type":["Card","Relic","Relic","Relic","Card","Relic","Relic","Potion","Potion","Relic"],"build_version":"2020-12-22","purchased_purges":1,"victory":true,"max_hp_per_floor":[75,75,75,75,75,75,75,75,75,75,75,75,75,75,75,75,75,75,75,75,75,75,75,75,75,85,85,85,85,85,85,85,85,85,85,85,85,85,85,80,80,80,80,75,75,75,75,75,70,70],"relic_stats":{"Centennial Puzzle":[15],"Mark of the Bloom":295,"Lizard Tail":0,"counters":[23,62],"Ornamental Fan":[52],"Pantograph":11,"MealTicket":3,"Pen Nib":[1],"MawBank":48,"Question Card":2,"obtain_stats":[{"Mark of the Bloom":37,"Lantern":42,"Runic Capacitor":30,"Centennial Puzzle":17,"Lizard Tail":43,"Matryoshka":17,"DollysMirror":42,"Pantograph":9,"MealTicket":11,"Cracked Core":0,"Runic Pyramid":34,"Potion Belt":27,"Girya":8,"Pear":26,"Golden Idol":5,"Oddly Smooth Stone":23,"Pen Nib":47,"MawBank":26,"Question Card":41,"Calling Bell":17,"Ornamental Fan":22,"Orrery":22,"Bag of Marbles":43,"Bottled Lightning":46,"TungstenRod":17},{"Mark of the Bloom":18,"Lantern":20,"Runic Capacitor":15,"Centennial Puzzle":10,"Lizard Tail":20,"Matryoshka":10,"DollysMirror":20,"Pantograph":5,"MealTicket":6,"Cracked Core":0,"Runic Pyramid":17,"Potion Belt":14,"Girya":5,"Pear":13,"Golden Idol":2,"Oddly Smooth Stone":12,"Pen Nib":21,"MawBank":13,"Question Card":20,"Calling Bell":10,"Ornamental Fan":11,"Orrery":11,"Bag of Marbles":20,"Bottled Lightning":21,"TungstenRod":10},{"Mark of the Bloom":53,"Lantern":57,"Runic Capacitor":37,"Centennial Puzzle":26,"Lizard Tail":57,"Matryoshka":26,"DollysMirror":57,"Pantograph":9,"MealTicket":13,"Cracked Core":0,"Runic Pyramid":50,"Potion Belt":35,"Girya":9,"Pear":32,"Golden Idol":2,"Oddly Smooth Stone":30,"Pen Nib":59,"MawBank":32,"Question Card":57,"Calling Bell":26,"Ornamental Fan":28,"Orrery":28,"Bag of Marbles":57,"Bottled Lightning":59,"TungstenRod":26}],"TungstenRod":6},"card_choices":[{"not_picked":["Redo","Conserve Battery"],"picked":"Undo","floor":1},{"not_picked":["Gash","Barrage"],"picked":"Hologram","floor":2},{"not_picked":["Barrage","Tempest"],"picked":"Hologram","floor":6},{"not_picked":["Hello World","Compile Driver"],"picked":"Stack","floor":7},{"not_picked":["Redo","Sunder","Steam"],"picked":"SKIP","floor":8},{"not_picked":["Multi-Cast","Loop","Force Field"],"picked":"SKIP","floor":11},{"not_picked":["Streamline","Barrage"],"picked":"Coolheaded","floor":12},{"not_picked":["Rebound","Scrape","Ball Lightning"],"picked":"SKIP","floor":13},{"not_picked":["Leap","Sweeping Beam"],"picked":"Cold Snap","floor":14},{"not_picked":["Reboot","Thunder Strike"],"picked":"Fission","floor":16},{"not_picked":["Streamline","Barrage"],"picked":"Dark Shackles","floor":18},{"not_picked":["Doom and Gloom","Coolheaded"],"picked":"Go for the Eyes","floor":22},{"not_picked":["Heatsinks","White Noise"],"picked":"Hologram+1","floor":22},{"not_picked":["Double Energy","Undo"],"picked":"Seek","floor":22},{"not_picked":["Ball Lightning","Conserve Battery"],"picked":"Go for the Eyes","floor":22},{"not_picked":["Conserve Battery","Barrage"],"picked":"Steam+1","floor":23},{"not_picked":["Compile Driver+1","Cold Snap"],"picked":"Stack+1","floor":25},{"not_picked":["Magnetism","Stack"],"picked":"Aggregate","floor":27},{"not_picked":["Panacea","Heatsinks","Conserve Battery"],"picked":"SKIP","floor":28},{"not_picked":["Turbo+1","Blind"],"picked":"Defragment+1","floor":31},{"not_picked":["Thinking Ahead","Meteor Strike"],"picked":"Electrodynamics","floor":33},{"not_picked":["Redo","Impatience+1","Hologram+1"],"picked":"SKIP","floor":35},{"not_picked":["Jack Of All Trades+1","Rebound","Glacier"],"picked":"SKIP","floor":39},{"not_picked":["Reboot","Gash","Impatience"],"picked":"SKIP","floor":41},{"not_picked":["Streamline","Sweeping Beam","Trip"],"picked":"Hologram+1","floor":45},{"not_picked":["Finesse+1","Stack+1","Undo"],"picked":"Compile Driver+1","floor":48}],"player_experience":1109333,"relics_obtained":[{"floor":8,"key":"Girya"},{"floor":9,"key":"Pantograph"},{"floor":11,"key":"MealTicket"},{"floor":17,"key":"Centennial Puzzle"},{"floor":17,"key":"Matryoshka"},{"floor":17,"key":"TungstenRod"},{"floor":23,"key":"Oddly Smooth Stone"},{"floor":26,"key":"MawBank"},{"floor":26,"key":"Pear"},{"floor":27,"key":"Potion Belt"},{"floor":41,"key":"Question Card"},{"floor":43,"key":"Bag of Marbles"},{"floor":43,"key":"Lizard Tail"}],"event_choices":[{"damage_healed":0,"gold_gain":175,"player_choice":"AGREE","damage_taken":0,"max_hp_gain":0,"max_hp_loss":0,"event_name":"Liars Game","floor":4,"gold_loss":0,"cards_obtained":["Doubt"]},{"damage_healed":0,"gold_gain":0,"player_choice":"Take Damage","damage_taken":18,"relics_obtained":["Golden Idol"],"max_hp_gain":0,"max_hp_loss":0,"event_name":"Golden Idol","floor":5,"gold_loss":0},{"damage_healed":0,"gold_gain":99,"player_choice":"Stole From Cult","damage_taken":0,"max_hp_gain":0,"max_hp_loss":0,"event_name":"Nest","floor":19,"gold_loss":0},{"damage_healed":0,"gold_gain":0,"player_choice":"Ignored","damage_taken":0,"max_hp_gain":0,"max_hp_loss":0,"event_name":"Vampires","floor":20,"gold_loss":0},{"damage_healed":0,"gold_gain":0,"player_choice":"Read","damage_taken":0,"max_hp_gain":0,"max_hp_loss":0,"event_name":"The Library","floor":21,"gold_loss":0,"cards_obtained":["Stack"]},{"damage_healed":0,"gold_gain":0,"player_choice":"Ignored","damage_taken":0,"max_hp_gain":0,"max_hp_loss":0,"event_name":"Beggar","floor":29,"gold_loss":0},{"damage_healed":0,"gold_gain":333,"player_choice":"Gave Idol","damage_taken":0,"max_hp_gain":0,"max_hp_loss":0,"event_name":"The Moai Head","floor":36,"relics_lost":["Golden Idol"],"gold_loss":0},{"damage_healed":0,"gold_gain":0,"player_choice":"Upgrade","damage_taken":0,"relics_obtained":["Mark of the Bloom"],"max_hp_gain":0,"max_hp_loss":0,"event_name":"MindBloom","floor":37,"gold_loss":0,"cards_upgraded":["Streamline","Hologram","Redo","Ball Lightning","Leap","Gash","Barrage","Hello World","Blizzard","Undo","Turbo","Undo","Bandage Up","Streamline","BootSequence","Glacier","Stack","Gash","Ball Lightning","Turbo","Gash","Turbo","Beam Cell","Trip","Redo","Jack Of All Trades","Ball Lightning","Coolheaded","Hologram","Leap","Doom and Gloom","Hologram","Coolheaded","Ball Lightning","Rebound","Self Repair","Streamline","Skim","Loop","Blizzard","Mind Blast","Barrage","Beam Cell","Rebound","Streamline","Static Discharge","FTL","Scrape","Loop","Streamline","Undo","Hologram","Hologram","Hologram","Stack","Coolheaded","Cold Snap","Fission","Dark Shackles","Stack","Go for the Eyes","Go for the Eyes","Aggregate","Aggregate","Electrodynamics"]},{"damage_healed":0,"gold_gain":100,"player_choice":"Pray","damage_taken":0,"max_hp_gain":0,"max_hp_loss":0,"event_name":"Golden Shrine","floor":38,"gold_loss":0},{"damage_healed":0,"gold_gain":0,"player_choice":"Paid Gold","damage_taken":0,"relics_obtained":["Pen Nib"],"max_hp_gain":0,"max_hp_loss":0,"event_name":"WeMeetAgain","floor":47,"gold_loss":72}],"is_beta":false,"boss_relics":[{"not_picked":["Busted Crown","Tiny House"],"picked":"Calling Bell"},{"not_picked":["Nuclear Battery","Astrolabe"],"picked":"Runic Pyramid"}],"items_purged_floors":[22],"is_endless":false,"potions_floor_spawned":[2,7,8,11,13,18,23,25,31,35,45],"ascension_level":0}}