{"host":"Bilverbakes","time":1614293331,"event":{"mods":["2.2 Compatiblity","AchievementEnabler","BaseMod","Bestiary","Colored Map","Minty Spire (QoL Compilation)","Relic Stats","StSLib","ojb\u0027s Info Mod"],"gold_per_floor":[115,126,139,64,76,76,105,125,125,137,149,186,100,144,156,239,251,283,295,317,349,394,406,418,418],"floor_reached":24,"language":"ENG","playtime":1132,"items_purged":["Strike_B"],"score":482,"play_id":"5ced2d6a-0c22-491d-a87b-8618d9a9eab2","local_time":"20210225164851","is_ascension_mode":true,"campfire_choices":[{"data":"Sunder","floor":6.0,"key":"SMITH"},{"data":"Reprogram","floor":11.0,"key":"SMITH"},{"data":"Go for the Eyes","floor":15.0,"key":"SMITH"},{"floor":23,"key":"REST"}],"circlet_count":0,"master_deck":["AscendersBane","Strike_B","Strike_B","Defend_B","Defend_B","Defend_B","Zap","Dualcast","Sunder+1","Go for the Eyes+1","Tempest","Reprogram+1","Reinforced Body","Hologram","Echo Form","Hyperbeam","Double Energy","All For One"],"relics":["Velvet Choker","Anchor","MawBank","PreservedInsect","Ornamental Fan","Emotion Chip","SacredBark","Red Mask"],"acts_visited":["Exordium","TheCity"],"potions_floor_usage":[22],"damage_taken":[{"damage":0.0,"enemies":"Cultist","floor":1.0,"turns":3.0},{"damage":11.0,"enemies":"2 Louse","floor":2.0,"turns":2.0},{"damage":7.0,"enemies":"Jaw Worm","floor":3.0,"turns":4.0},{"damage":1.0,"enemies":"2 Fungi Beasts","floor":5.0,"turns":3.0},{"damage":15.0,"enemies":"3 Sentries","floor":7.0,"turns":6.0},{"damage":0.0,"enemies":"3 Louse","floor":8.0,"turns":2.0},{"damage":0.0,"enemies":"Gremlin Nob","floor":12.0,"turns":3.0},{"damage":13.0,"enemies":"3 Sentries","floor":14.0,"turns":4.0},{"damage":10.0,"enemies":"The Guardian","floor":16.0,"turns":7.0},{"damage":11.0,"enemies":"3 Byrds","floor":18.0,"turns":5.0},{"damage":25.0,"enemies":"Chosen","floor":20.0,"turns":5.0},{"damage":21.0,"enemies":"Centurion and Healer","floor":21.0,"turns":12.0},{"damage":48,"enemies":"Masked Bandits","floor":22,"turns":8},{"damage":26,"enemies":"Shelled Parasite and Fungi","floor":24,"turns":4}],"seed_played":"7168953191069575910","potions_obtained":[{"floor":2.0,"key":"Dexterity Potion"},{"floor":3.0,"key":"SteroidPotion"},{"floor":8.0,"key":"EssenceOfDarkness"},{"floor":16.0,"key":"Regen Potion"}],"is_trial":false,"path_per_floor":["M","M","M","$","M","R","E","M","T","$","R","E","?","E","R","B",null,"M","?","M","M","?","R","M"],"character_chosen":"DEFECT","items_purchased":[],"campfire_rested":1,"item_purchase_floors":[],"current_hp_per_floor":[64,53,46,46,45,45,30,30,30,30,30,30,30,17,17,7,55,44,44,19,53,5,26,0,0],"gold":418,"neow_bonus":"BOSS_RELIC","is_daily":false,"chose_seed":false,"campfire_upgraded":3,"win_rate":0.0,"timestamp":1614293331,"path_taken":["M","M","M","$","?","R","E","M","T","?","R","E","?","E","R","BOSS","M","?","M","M","?","R","M"],"items_purchased_type":[],"build_version":"2020-12-18","purchased_purges":1,"victory":false,"max_hp_per_floor":[71,71,71,71,71,71,71,71,71,71,71,71,71,71,71,71,71,71,71,71,71,71,71,71,71],"relic_stats":{"Emotion Chip":[12,8,0,4,0],"counters":[14,68],"Ornamental Fan":[32],"PreservedInsect":34,"MawBank":180,"obtain_stats":[{"Anchor":7,"Emotion Chip":14,"Ornamental Fan":13,"SacredBark":17,"Velvet Choker":0,"PreservedInsect":12,"Red Mask":22,"Cracked Core":0,"MawBank":9},{"Anchor":5,"Emotion Chip":8,"Ornamental Fan":7,"SacredBark":9,"Velvet Choker":0,"PreservedInsect":7,"Red Mask":13,"Cracked Core":0,"MawBank":6},{"Anchor":18,"Emotion Chip":27,"Ornamental Fan":23,"SacredBark":34,"Velvet Choker":0,"PreservedInsect":23,"Red Mask":64,"Cracked Core":0,"MawBank":20}]},"card_choices":[{"not_picked":["Compile Driver","Stack"],"picked":"Sunder","floor":1.0},{"not_picked":["Consume","Turbo"],"picked":"Go for the Eyes","floor":2.0},{"not_picked":["Stack","Blizzard"],"picked":"Tempest","floor":3.0},{"not_picked":["Turbo","Compile Driver"],"picked":"Reprogram","floor":5.0},{"not_picked":["Defragment","Sunder"],"picked":"Reinforced Body","floor":7.0},{"not_picked":["Leap","Skim"],"picked":"Hologram","floor":8.0},{"not_picked":["Hologram","Compile Driver","Skim"],"picked":"SKIP","floor":12.0},{"not_picked":["Redo","Conserve Battery"],"picked":"Echo Form","floor":14.0},{"not_picked":["Multi-Cast","Biased Cognition"],"picked":"Hyperbeam","floor":16.0},{"not_picked":["Leap","Recycle","Turbo"],"picked":"SKIP","floor":18.0},{"not_picked":["Steam Power","Compile Driver","Glacier"],"picked":"SKIP","floor":20.0},{"not_picked":["Sunder","Hologram","Redo+1"],"picked":"SKIP","floor":21.0}],"player_experience":1009890,"relics_obtained":[{"floor":7.0,"key":"Anchor"},{"floor":9.0,"key":"MawBank"},{"floor":12.0,"key":"PreservedInsect"},{"floor":14.0,"key":"Emotion Chip"},{"floor":22,"key":"Red Mask"}],"event_choices":[{"damage_healed":0.0,"max_hp_gain":0.0,"max_hp_loss":0.0,"gold_gain":0.0,"event_name":"WeMeetAgain","player_choice":"Paid Gold","floor":13.0,"gold_loss":98.0,"damage_taken":0.0,"relics_obtained":["Ornamental Fan"]},{"damage_healed":0.0,"max_hp_gain":0.0,"max_hp_loss":0.0,"gold_gain":0.0,"cards_transformed":["Strike_B","Defend_B"],"event_name":"Drug Dealer","player_choice":"Became Test Subject","floor":19.0,"gold_loss":0.0,"damage_taken":0.0,"cards_obtained":["Double Energy","All For One"]},{"damage_healed":0,"gold_gain":0,"player_choice":"Fought Bandits","damage_taken":0,"max_hp_gain":0,"max_hp_loss":0,"event_name":"Masked Bandits","floor":22,"gold_loss":0}],"is_beta":true,"boss_relics":[{"not_picked":["Busted Crown","Runic Pyramid"],"picked":"SacredBark"}],"items_purged_floors":[4],"is_endless":false,"potions_floor_spawned":[2,3,5,8,16,18,20],"killed_by":"Shelled Parasite and Fungi","ascension_level":20}}