{"host":"tnuwi4l1p9i8nc6x","time":1614259266,"event":{"mods":["Act Like it!","Aspiration","Astrologer","BaseMod","Beaked The Cultist","Better Third Choice","BetterRewards","Colored Map","Colored Powertips","Conspire","Defuse TimeMaze Blight","Downfall","Extra Virgin Snecko Oil","Friendly Minions","Hermit","Hubris","Infinite Spire","Jorbs\u0027s Wanderer Trilogy","Marisa????????","Minty Spire (QoL Compilation)","Permanent Neow","Quick Restart","Rare Cards Sparkle","Remilia??????","Replay The Spire","Shop Mod","StSLib","The Bug Knight","The Construct","The Cursed","The Disciple","The Hierophant","The Jungle","The Marked","The Necromancer","The Poker Player","The Runesmith","The Senshi","The Servant 0.9.4","TheBandit"],"gold_per_floor":[119,133,133,147,147,175,185,205,205,205,136,136,46,46,46,144,144,162,177,0,0,0,0,0,0,74,74,74],"floor_reached":27,"language":"ENG","playtime":1213,"items_purged":[],"score":311,"play_id":"984001a5-fa01-4600-89fe-395e8519c597","local_time":"20210225082106","is_ascension_mode":false,"campfire_choices":[{"data":"beaked:Pecker","floor":12,"key":"SMITH"},{"data":"beaked:Insight","floor":15,"key":"SMITH"},{"data":"Replay:Dark Deal","floor":23,"key":"SMITH"}],"circlet_count":0,"master_deck":["beaked:Strike_Y","beaked:Strike_Y","beaked:Strike_Y","beaked:Strike_Y","beaked:Strike_Y","beaked:Defend_Y","beaked:Defend_Y","beaked:Defend_Y","beaked:Defend_Y","beaked:Ceremony+1","beaked:Ceremony+1","beaked:Ceremony","beaked:WarriorEssence","beaked:Foresight","beaked:Brace","Sickly","beaked:Poke","beaked:Insight+1","beaked:MachineSpirit","Normality","beaked:Pecker+1","beaked:Daydream","beaked:Brainwash","ReplayTheSpireMod:RavenHex","beaked:Negation","Replay:Dark Deal+1","infinitespire:SevenWalls","Necronomicurse","Pain","ReplayTheSpireMod:Faulty Equipment"],"relics":["beaked:MendingPlumage","downfall:ExtraCursedKey","conspire:Boomerang","Runesmith:Nanobots","hubris:VirtuousBlindfold","Necronomicon","infinitespire:BottledMercury"],"acts_visited":["Exordium","TheCity"],"potions_floor_usage":[6,16,16,19,19],"damage_taken":[{"damage":13,"enemies":"Jaw Worm","floor":1,"turns":6},{"damage":5,"enemies":"Small Slimes","floor":2,"turns":5},{"damage":15,"enemies":"Cultist","floor":4,"turns":4},{"damage":19,"enemies":"Lagavulin","floor":6,"turns":6},{"damage":12,"enemies":"3 Louse","floor":7,"turns":5},{"damage":13,"enemies":"Looter","floor":8,"turns":4},{"damage":24,"enemies":"Blue Slaver","floor":13,"turns":5},{"damage":67,"enemies":"The Guardian","floor":16,"turns":9},{"damage":22,"enemies":"Shell Parasite","floor":18,"turns":5},{"damage":0,"enemies":"conspire:FuzzyDice","floor":19,"turns":7},{"damage":35,"enemies":"Snake Plant","floor":27,"turns":2}],"seed_played":"7270160150100466087","potions_obtained":[{"floor":4,"key":"PowerPotion"},{"floor":6,"key":"conspire:TimeTravelPotion"},{"floor":8,"key":"SkillPotion"},{"floor":13,"key":"Explosive Potion"},{"floor":18,"key":"Explosive Potion"}],"is_trial":false,"path_per_floor":["M","M","?","M","?","E","M","M","T","?","$","R","M","?","R","B",null,"M","M","$","?","?","R","$","$","T","M"],"character_chosen":"BEAKED_THE_CULTIST","items_purchased":["beaked:Pecker","Replay:Dark Deal"],"campfire_rested":0,"item_purchase_floors":[11,20],"current_hp_per_floor":[43,50,50,41,41,38,41,40,40,40,40,40,31,60,60,30,60,60,60,60,44,28,28,28,28,28,0,0],"gold":74,"neow_bonus":"UPGRADE_CARD","is_daily":false,"chose_seed":false,"campfire_upgraded":3,"win_rate":0.0,"timestamp":1614259266,"path_taken":["M","M","?","M","?","E","?","M","T","?","$","R","M","?","R","BOSS","M","M","?","?","?","R","?","$","T","M"],"items_purchased_type":["Card","Card"],"build_version":"2020-12-22","purchased_purges":0,"victory":false,"max_hp_per_floor":[50,50,50,50,50,50,50,50,50,50,50,50,50,60,60,60,60,60,60,60,60,60,60,60,60,60,60,60],"card_choices":[{"not_picked":["beaked:Insight","beaked:CursingBlood"],"picked":"beaked:WarriorEssence","floor":1},{"not_picked":["beaked:Tradeoff","beaked:Brace"],"picked":"beaked:Foresight","floor":2},{"not_picked":["beaked:WarriorEssence","beaked:MimicWarrior"],"picked":"beaked:Brace","floor":4},{"not_picked":["beaked:Brace","beaked:Struggle"],"picked":"beaked:Poke","floor":6},{"not_picked":["beaked:Redirect","beaked:Cower"],"picked":"beaked:Insight","floor":7},{"not_picked":["beaked:Resilience","beaked:Windmill"],"picked":"beaked:MachineSpirit","floor":8},{"not_picked":["beaked:Cower","beaked:FeelMyPain"],"picked":"beaked:Daydream","floor":13},{"not_picked":["beaked:SacrificialScars","beaked:DarkPact"],"picked":"beaked:Brainwash","floor":16},{"not_picked":["ReplayTheSpireMod:Wings of Steel","beaked:Insight"],"picked":"ReplayTheSpireMod:RavenHex","floor":18},{"not_picked":["beaked:Insight","beaked:Tradeoff"],"picked":"beaked:Negation","floor":19},{"not_picked":["infinitespire:DeathsTouch","infinitespire:FutureSight"],"picked":"infinitespire:SevenWalls","floor":21}],"player_experience":769993,"relics_obtained":[{"floor":6,"key":"conspire:Boomerang"},{"floor":9,"key":"Runesmith:Nanobots"},{"floor":22,"key":"Necronomicon"},{"floor":26,"key":"infinitespire:BottledMercury"}],"event_choices":[{"cards_removed":["beaked:KnowThyFoe"],"damage_healed":19,"gold_gain":0,"player_choice":"Offered Rare","damage_taken":0,"max_hp_gain":10,"max_hp_loss":0,"event_name":"Bonfire Elementals","floor":14,"gold_loss":0},{"damage_healed":0,"gold_gain":0,"player_choice":"Obtained Book","damage_taken":16,"max_hp_gain":0,"max_hp_loss":0,"event_name":"Cursed Tome","floor":22,"gold_loss":0}],"is_beta":false,"boss_relics":[{"not_picked":["Ring of Chaos","aspiration:PoetsPen_weak"],"picked":"hubris:VirtuousBlindfold"}],"items_purged_floors":[],"is_endless":false,"potions_floor_spawned":[4,6,8,13,18],"killed_by":"Snake Plant","ascension_level":0}}