{"host":"3azvxbhvx7nk2p5g","time":1614241444,"event":{"mods":["10 clothes from DAL","100% Spire Juice","ATMod(∞¢Ë™Mod)","Act Like it!","BaseMod","Colored Powertips","Minty Spire (QoL Compilation)","MostiFishMod","Onozuka Komachi Mod","Reimu£®≤©¿ˆ¡È√Œ£©","Remilia_Scarlet Moed£®¿Ÿ√◊¿Ú—«°§Àπø®¿◊Ãÿ£©3.3.5","Remilia£®¿Ÿ√◊¿Ú—«£©","Ring Of Destiny","Robot Space Explorer","StSLib","The Administrix","The Alterego","The Bug Knight","The Servant 0.9.4","Waifu the Spire","WarShipGirlsR/’ΩΩ¢…Ÿ≈ÆR mod","Warlord Emblem","Youmu£®ªÍ∆«—˝√Œ£©","Yuri Mod"],"gold_per_floor":[111,23,23,23,37,37,37,70,120,120,136,152,162,179,179,284,284,300,20,20,16,29,29,61,81,161,174,134,166,166,166,166,267,267,281,295,310,310,280,280,50,81,106,106,123,52,71,91,91,91,91,91,16,48,48],"floor_reached":56,"language":"ZHS","playtime":3658,"items_purged":["RemiliaMod:Scratch"],"score":1319,"play_id":"09313ccd-f295-4610-acb8-6322e54096e9","local_time":"20210225162404","is_ascension_mode":false,"campfire_choices":[{"data":"RemiliaMod:CPZQ","floor":10.0,"key":"SMITH"},{"data":"RemiliaMod:CNLCSZL","floor":15.0,"key":"SMITH"},{"floor":23,"key":"REST"},{"floor":30,"key":"RECALL"},{"data":"RemiliaMod:CJNSP","floor":32,"key":"SMITH"},{"floor":40,"key":"REST"},{"floor":44,"key":"REST"},{"floor":49,"key":"REST"},{"floor":52,"key":"REST"}],"circlet_count":0,"master_deck":["RemiliaMod:Scratch","RemiliaMod:Scratch","RemiliaMod:Defend","RemiliaMod:Defend","RemiliaMod:Defend","RemiliaMod:Defend","RemiliaMod:CNLCSZL+1","RemiliaMod:CAattack","RemiliaMod:CZXSJ","RemiliaMod:CPFWZL","RemiliaMod:CJNWYXD","RemiliaMod:CPZQ+1","RemiliaMod:CPXRNL","RemiliaMod:CFHFY","RemiliaMod:CPZQ","RemiliaMod:CPYSGJ","RemiliaMod:CJNSP+1","RemiliaMod:CPWYXD","RemiliaMod:CPZQ","RemiliaMod:CXXSJ+1","RemiliaMod:CZXSJ","Enlightenment","RemiliaMod:CPBZMF","RemiliaMod:CJNGSYD+1","RemiliaMod:CJNWYXD2","RemiliaMod:CJNNPSJ","RemiliaMod:CJNFWZL","RemiliaMod:CNLCSZL","RemiliaMod:CJNWYXD2","RemiliaMod:CPQHZZ","RemiliaMod:CJNWYXD3","RemiliaMod:CMMDMP","Parasite","RemiliaMod:CPZQ","RemiliaMod:CPZQ","RemiliaMod:CJNWYXD2","RemiliaMod:CWYRF","RemiliaMod:CGJM"],"relics":["RemiliaMod:RXiangDui","RemiliaMod:RFkXt","RemiliaMod:RWYXT","Juzu Bracelet","AT_ATBox","DaveBox","NeowsBlessing","SynthV:TestCard","Prayer Wheel","Pen Nib","MealTicket","JellyFishMachine","alterego_mod:SomeoneToFightFor","White Beast Statue","AT_BellowingDragoncrestRing","ZunR:ReiMu","SynthV:C4","Fusion Hammer","Lantern","Art of War"],"acts_visited":["Exordium","TheCity","TheBeyond","TheEnding"],"potions_floor_usage":[],"damage_taken":[{"damage":0.0,"enemies":"2 Louse","floor":1.0,"turns":1.0},{"damage":0.0,"enemies":"Small Slimes","floor":5.0,"turns":1.0},{"damage":0.0,"enemies":"Lagavulin","floor":8.0,"turns":1.0},{"damage":3.0,"enemies":"Jaw Worm","floor":11.0,"turns":3.0},{"damage":0.0,"enemies":"Looter","floor":12.0,"turns":2.0},{"damage":20.0,"enemies":"Exordium Thugs","floor":13.0,"turns":5.0},{"damage":21.0,"enemies":"Red Slaver","floor":14.0,"turns":3.0},{"damage":27.0,"enemies":"Hexaghost","floor":16.0,"turns":9.0},{"damage":0.0,"enemies":"Shell Parasite","floor":18.0,"turns":3.0},{"damage":12.0,"enemies":"2 Thieves","floor":21.0,"turns":4.0},{"damage":69,"enemies":"3 Cultists","floor":22,"turns":4},{"damage":58,"enemies":"Book of Stabbing","floor":24,"turns":5},{"damage":6,"enemies":"Centurion and Healer","floor":25,"turns":7},{"damage":28,"enemies":"Snake Plant","floor":27,"turns":5},{"damage":25,"enemies":"Gremlin Leader","floor":29,"turns":6},{"damage":12,"enemies":"Automaton","floor":33,"turns":4},{"damage":18,"enemies":"3 Shapes","floor":35,"turns":2},{"damage":29,"enemies":"3 Darklings","floor":36,"turns":3},{"damage":1,"enemies":"Transient","floor":37,"turns":5},{"damage":18,"enemies":"Reptomancer","floor":42,"turns":3},{"damage":25,"enemies":"Writhing Mass","floor":45,"turns":5},{"damage":0,"enemies":"Jaw Worm Horde","floor":47,"turns":2},{"damage":17,"enemies":"Maw","floor":48,"turns":3},{"damage":29,"enemies":"Donu and Deca","floor":50,"turns":3},{"damage":31,"enemies":"Shield and Spear","floor":54,"turns":4},{"damage":38,"enemies":"RingOfDestiny:Rita","floor":55,"turns":13}],"seed_played":"6845837007802880872","potions_obtained":[{"floor":1.0,"key":"ZuzhouPotion:ReiMu"},{"floor":5.0,"key":"DuplicationPotion"},{"floor":8.0,"key":"Fire Potion"},{"floor":27,"key":"Regen Potion"},{"floor":47,"key":"GrandPatriotsElixir:ReiMu"}],"is_trial":false,"path_per_floor":["M","$","?","$","M","?","?","E","T","R","M","M","M","M","R","B",null,"M","$","?","M","M","R","E","M","T","M","?","E","R","?","R","B",null,"M","M","M","?","?","R","$","E","T","R","M","$","M","M","R","B",null,"R","$","E","B",null],"character_chosen":"Remilia_Scarlet_Modee","items_purchased":["RemiliaMod:CMPB","RemiliaMod:CPFWZL","RemiliaMod:CZXSJ","RemiliaMod:CMPA","Enlightenment","RemiliaMod:CMPA","RemiliaMod:CMPB","RemiliaMod:CMPC","RemiliaMod:CJNWYXD2","RemiliaMod:CMPB"],"campfire_rested":5,"item_purchase_floors":[2,2,19,19,19,41,41,41,46,53],"current_hp_per_floor":[75,75,75,75,75,80,62,72,72,72,76,78,68,59,59,44,80,80,80,80,80,60,80,50,80,80,80,80,74,74,74,74,80,80,80,79,80,80,80,80,80,80,80,80,70,80,80,80,80,80,80,80,80,80,80],"gold":48,"neow_bonus":"THREE_ENEMY_KILL","is_daily":false,"chose_seed":false,"campfire_upgraded":3,"win_rate":0.0,"timestamp":1614241444,"path_taken":["M","$","?","$","M","?","?","E","T","R","M","M","M","M","R","BOSS","M","$","?","M","M","R","E","M","T","M","?","E","R","?","R","BOSS","M","M","M","?","?","R","$","E","T","R","M","?","M","M","R","BOSS","R","$","E","BOSS"],"items_purchased_type":["Card","Card","Card","Card","Card","Card","Card","Card","Card","Card"],"build_version":"2020-12-22","purchased_purges":1,"victory":true,"max_hp_per_floor":[75,75,75,75,75,80,80,80,80,80,80,80,80,80,80,80,80,80,80,80,80,80,80,80,80,80,80,80,80,80,80,80,80,80,80,80,80,80,80,80,80,80,80,80,80,80,80,80,80,80,80,80,80,80,80],"card_choices":[{"not_picked":["RemiliaMod:CJNYSFZ","RemiliaMod:CHQS"],"picked":"RemiliaMod:CZXSJ","floor":1.0},{"not_picked":["RemiliaMod:CHQS","RemiliaMod:CJNLLFZ","RemiliaMod:CJNXRFZ","RemiliaMod:CPFPDLL"],"picked":"RemiliaMod:CJNWYXD","floor":5.0},{"not_picked":["RemiliaMod:CPFWZL","RemiliaMod:CJNGSYD","RemiliaMod:CJNLLFZ","RemiliaMod:CJNWYXD2"],"picked":"RemiliaMod:CPZQ","floor":8.0},{"not_picked":["RemiliaMod:CFPMJ","RemiliaMod:CPJHZZ","RemiliaMod:CJNXRFZ","RemiliaMod:CJNMJFZ"],"picked":"RemiliaMod:CPXRNL","floor":11.0},{"not_picked":["RemiliaMod:CJNSJDF","RemiliaMod:CJNWYXD","RemiliaMod:CFPDMJ","RemiliaMod:CJDB","RemiliaMod:CJNLLFZ"],"picked":"SKIP","floor":11.0},{"not_picked":["RemiliaMod:CDB","RemiliaMod:CJNWYXD","RemiliaMod:CMABianfuzhen","RemiliaMod:CJNYSFZ"],"picked":"RemiliaMod:CFHFY","floor":12.0},{"not_picked":["RemiliaMod:CHQS","RemiliaMod:CJNLLFZ","RemiliaMod:CJNYSFZ","RemiliaMod:CFxAttack"],"picked":"RemiliaMod:CPZQ","floor":12.0},{"not_picked":["RemiliaMod:CJNGSYD","RemiliaMod:CJNSJDF","RemiliaMod:CPFPDLL","RemiliaMod:CJNWYXD"],"picked":"RemiliaMod:CPYSGJ","floor":13.0},{"not_picked":["RemiliaMod:CDB","RemiliaMod:CPFWZL","RemiliaMod:CJNGSYD","RemiliaMod:CFxAttack","RemiliaMod:CJDB"],"picked":"SKIP","floor":13.0},{"not_picked":["RemiliaMod:CDB","RemiliaMod:CPFWZL","RemiliaMod:CJNGSYD","RemiliaMod:CFxAttack","RemiliaMod:CJDB"],"picked":"SKIP","floor":13.0},{"not_picked":["RemiliaMod:CJNLLFZ","RemiliaMod:CJNXRFZ","RemiliaMod:CJNMJFZ","RemiliaMod:CHQS"],"picked":"RemiliaMod:CJNSP","floor":14.0},{"not_picked":["RemiliaMod:CD6B","RemiliaMod:CJNGSYD","RemiliaMod:CFPLL","RemiliaMod:CSlAttack","RemiliaMod:CJNWYXD"],"picked":"SKIP","floor":14.0},{"not_picked":["RemiliaMod:CGJM","RemiliaMod:CBYZLC","RemiliaMod:CWYRF","RemiliaMod:CPXsg"],"picked":"RemiliaMod:CPWYXD","floor":16.0},{"not_picked":["RemiliaMod:CD6B","RemiliaMod:CPFWZL","RemiliaMod:CSlAttack","RemiliaMod:CPXRNL+1"],"picked":"RemiliaMod:CPZQ","floor":18.0},{"not_picked":["RemiliaMod:CMABianfuzhen+1","RemiliaMod:CJNLLFZ+1","RemiliaMod:CFPDMJ+1","RemiliaMod:CJNWYXD"],"picked":"RemiliaMod:CXXSJ+1","floor":18.0},{"not_picked":["RemiliaMod:CJNGSYD","RemiliaMod:CXXSJ","RemiliaMod:CPYSNL+1","RemiliaMod:CMABianfuzhen"],"picked":"RemiliaMod:CPBZMF","floor":21},{"not_picked":["RemiliaMod:CD6B","RemiliaMod:CZXSJ","RemiliaMod:CXXSJ","RemiliaMod:CPXRNL","RemiliaMod:CJNXRFZ"],"picked":"SKIP","floor":21},{"not_picked":["RemiliaMod:CJNSJDF+1","RemiliaMod:CJNYSFZ","RemiliaMod:CXXSJ","RemiliaMod:CMABianfuzhen","RemiliaMod:CD6B"],"picked":"SKIP","floor":22},{"not_picked":["RemiliaMod:CJNXRFZ","RemiliaMod:CPFPDLL","RemiliaMod:CJNWYXD3","RemiliaMod:CJNYSFZ","RemiliaMod:CDB+1"],"picked":"SKIP","floor":22},{"not_picked":["RemiliaMod:CSlAttack+1","RemiliaMod:CPXRNL+1","RemiliaMod:CJNMJFZ","RemiliaMod:CFPMJ+1","RemiliaMod:CJDB"],"picked":"SKIP","floor":24},{"not_picked":["RemiliaMod:CJNSJDF","RemiliaMod:CJNJQFY","RemiliaMod:CMPC+1","RemiliaMod:CDB+1"],"picked":"RemiliaMod:CMPA","floor":25},{"not_picked":["RemiliaMod:CFPLL","RemiliaMod:CPXRNL","RemiliaMod:CJNYSFZ","RemiliaMod:CJNSJDF"],"picked":"RemiliaMod:CJNGSYD+1","floor":25},{"not_picked":["RemiliaMod:CDB","RemiliaMod:CFPMJ","RemiliaMod:CXXSJ","RemiliaMod:CJNLLFZ","RemiliaMod:CD6B"],"picked":"SKIP","floor":27},{"not_picked":["RemiliaMod:CPFWZL","RemiliaMod:CZXSJ","RemiliaMod:CJNSP+1","RemiliaMod:CJNYSFZ","RemiliaMod:CXXSJ"],"picked":"SKIP","floor":27},{"not_picked":["RemiliaMod:CFx","RemiliaMod:CPFWZL+1","RemiliaMod:CMODSq","RemiliaMod:CJNYSFZ"],"picked":"RemiliaMod:CJNWYXD2","floor":29},{"not_picked":["RemiliaMod:CYYRS","RemiliaMod:CYYRK","RemiliaMod:CFTAttack","RemiliaMod:CPWYXD"],"picked":"RemiliaMod:CJNNPSJ","floor":33},{"not_picked":["RemiliaMod:CJNXRFZ","RemiliaMod:CD6B+1","RemiliaMod:CPFWZL","RemiliaMod:CJNWYXD"],"picked":"RemiliaMod:CJNFWZL","floor":35},{"not_picked":["RemiliaMod:CZXSJ","RemiliaMod:CJNYSFZ","RemiliaMod:CDB","RemiliaMod:CJNJQFY","RemiliaMod:CJNMJFZ"],"picked":"SKIP","floor":35},{"not_picked":["RemiliaMod:CDB+1","RemiliaMod:CMABianfuzhen","RemiliaMod:CFPMJ+1","RemiliaMod:CJNMJFZ","RemiliaMod:CZXSJ"],"picked":"SKIP","floor":36},{"not_picked":["RemiliaMod:CJNSJDF+1","RemiliaMod:CPFWZL+1","RemiliaMod:CDB","RemiliaMod:CJNGSYD","RemiliaMod:CJNMJFZ"],"picked":"SKIP","floor":36},{"not_picked":["RemiliaMod:CFPMJ+1","RemiliaMod:CPZQ+1","RemiliaMod:CFHGJ","RemiliaMod:CMABianfuzhen+1"],"picked":"RemiliaMod:CNLCSZL","floor":37},{"not_picked":["RemiliaMod:CPFWZL+1","RemiliaMod:CHQS+1","RemiliaMod:CJNLLFZ+1","RemiliaMod:CPQHZZ+1"],"picked":"RemiliaMod:CJNWYXD2","floor":37},{"not_picked":[],"picked":"RemiliaMod:CPQHZZ","floor":39},{"not_picked":[],"picked":"RemiliaMod:CJNWYXD3","floor":39},{"not_picked":["RemiliaMod:CFPLL","RemiliaMod:CJNLLFZ+1","RemiliaMod:CD6B","RemiliaMod:CXXSJ+1","RemiliaMod:CFPMJ"],"picked":"SKIP","floor":42},{"not_picked":["RemiliaMod:CJNYSFZ","RemiliaMod:CMABianfuzhen+1","RemiliaMod:CZXSJ","RemiliaMod:CMADc"],"picked":"RemiliaMod:CPZQ","floor":45},{"not_picked":["RemiliaMod:CJNLLFZ","RemiliaMod:CJNSP","RemiliaMod:CJNMJFZ+1","RemiliaMod:CPJHZZ"],"picked":"RemiliaMod:CPZQ","floor":45},{"not_picked":["RemiliaMod:CMABianfuzhen+1","RemiliaMod:CPFWZL+1","RemiliaMod:CJNXRFZ+1","RemiliaMod:CDB"],"picked":"RemiliaMod:CWYRF","floor":47},{"not_picked":["RemiliaMod:CMADc+1","RemiliaMod:CJNMJFZ","RemiliaMod:CMABianfuzhen","RemiliaMod:CD6B+1","RemiliaMod:CHQS"],"picked":"SKIP","floor":47},{"not_picked":["RemiliaMod:CMABianfuzhen","RemiliaMod:CMPA","RemiliaMod:CJNLLFZ","RemiliaMod:CPFPDLL"],"picked":"RemiliaMod:CMPC+1","floor":48},{"not_picked":["RemiliaMod:CPYSNL","RemiliaMod:CJNXRFZ+1","RemiliaMod:CHQS","RemiliaMod:CPXRNL","RemiliaMod:CFPLL+1"],"picked":"SKIP","floor":48},{"not_picked":["RemiliaMod:CFPMJ+1","RemiliaMod:CJNLLFZ","RemiliaMod:CSlAttack","RemiliaMod:CJNXRFZ"],"picked":"RemiliaMod:CGJM","floor":54}],"player_experience":198088,"relics_obtained":[{"floor":1.0,"key":"SynthV:TestCard"},{"floor":8.0,"key":"Pen Nib"},{"floor":9.0,"key":"MealTicket"},{"floor":24,"key":"White Beast Statue"},{"floor":26,"key":"AT_BellowingDragoncrestRing"},{"floor":29,"key":"SynthV:C4"},{"floor":42,"key":"Lantern"},{"floor":54,"key":"Art of War"}],"event_choices":[{"damage_healed":0.0,"max_hp_gain":5.0,"max_hp_loss":0.0,"gold_gain":0.0,"event_name":"Big Fish","player_choice":"Donut","floor":6.0,"gold_loss":0.0,"damage_taken":0.0},{"damage_healed":0.0,"max_hp_gain":0.0,"max_hp_loss":0.0,"gold_gain":0.0,"event_name":"Scrap Ooze","player_choice":"Success","floor":7.0,"gold_loss":0.0,"damage_taken":18.0,"relics_obtained":["Prayer Wheel"]},{"damage_healed":0.0,"max_hp_gain":0.0,"max_hp_loss":0.0,"gold_gain":0.0,"event_name":"∞Æµƒ…Ò •ª®‘∞","player_choice":"Choice 2","floor":20.0,"gold_loss":0.0,"damage_taken":0.0,"relics_obtained":["alterego_mod:SomeoneToFightFor"]},{"damage_healed":0,"gold_gain":0,"player_choice":"π∫¬Ú…Òæ∆","damage_taken":0,"relics_obtained":["ZunR:ReiMu"],"max_hp_gain":0,"max_hp_loss":0,"event_name":"ZunEvent","floor":28,"gold_loss":40},{"cards_removed":["RemiliaMod:Scratch"],"damage_healed":0,"gold_gain":0,"player_choice":"Purged","damage_taken":0,"max_hp_gain":0,"max_hp_loss":0,"event_name":"Purifier","floor":31,"gold_loss":0},{"damage_healed":0,"gold_gain":0,"player_choice":"Got Potions","damage_taken":0,"max_hp_gain":0,"max_hp_loss":0,"event_name":"Lab","floor":38,"gold_loss":0}],"is_beta":false,"boss_relics":[{"not_picked":["Philosopher\u0027s Stone","Ectoplasm"],"picked":"JellyFishMachine"},{"not_picked":["RedLine:ReiMu","Tiny House"],"picked":"Fusion Hammer"}],"items_purged_floors":[19],"is_endless":false,"potions_floor_spawned":[1,5,8,13,21,25,27,29,33,35,36,37,42,45,47,48,54],"ascension_level":0}}