{"host":"vjt3l4e4gk5t90rp","time":1614269812,"event":{"mods":["BaseMod","Colored Map","Highlight Path","Minty Spire (QoL Compilation)","StSLib"],"gold_per_floor":[116,116,127,144,1,1,14,40,40,56,6,6,24,24,24,24,24],"floor_reached":16,"language":"KOR","playtime":1026,"items_purged":[],"score":117,"play_id":"5d54c45a-21e6-4b9a-b56b-2ca8fbcf3207","local_time":"20210226011652","is_ascension_mode":true,"campfire_choices":[{"data":"Neutralize","floor":6.0,"key":"SMITH"},{"floor":12.0,"key":"REST"},{"floor":15.0,"key":"REST"}],"circlet_count":0,"master_deck":["Strike_G","Strike_G","Strike_G","Defend_G","Defend_G","Defend_G","Defend_G","Defend_G","Survivor","Neutralize+1","Flying Knee","Footwork","Acrobatics","Backflip","Dagger Spray"],"relics":["Ring of the Snake","NeowsBlessing","Omamori","Bag of Preparation"],"acts_visited":["Exordium"],"potions_floor_usage":[],"damage_taken":[{"damage":0.0,"enemies":"Small Slimes","floor":1.0,"turns":1.0},{"damage":0.0,"enemies":"Cultist","floor":3.0,"turns":1.0},{"damage":0.0,"enemies":"2 Louse","floor":4.0,"turns":1.0},{"damage":1.0,"enemies":"Blue Slaver","floor":7.0,"turns":5.0},{"damage":57.0,"enemies":"Gremlin Nob","floor":8.0,"turns":8.0},{"damage":0.0,"enemies":"2 Fungi Beasts","floor":10.0,"turns":3.0},{"damage":3.0,"enemies":"Large Slime","floor":13.0,"turns":8.0},{"damage":56,"enemies":"Slime Boss","floor":16,"turns":11}],"seed_played":"-6206190805914187939","potions_obtained":[{"floor":7.0,"key":"Explosive Potion"},{"floor":8.0,"key":"ColorlessPotion"}],"is_trial":false,"path_per_floor":["M","?","M","M","$","R","M","E","T","M","?","R","M","$","R","B"],"character_chosen":"THE_SILENT","items_purchased":["Omamori"],"campfire_rested":2,"item_purchase_floors":[5],"current_hp_per_floor":[70,70,70,70,70,70,69,12,12,12,12,33,30,30,51,0,0],"gold":24,"neow_bonus":"THREE_ENEMY_KILL","is_daily":false,"chose_seed":false,"campfire_upgraded":1,"win_rate":0.0,"timestamp":1614269812,"path_taken":["M","?","M","M","?","R","M","E","T","M","?","R","M","$","R","BOSS"],"items_purchased_type":["Relic"],"build_version":"2020-12-22","purchased_purges":0,"victory":false,"max_hp_per_floor":[70,70,70,70,70,70,70,70,70,70,70,70,70,70,70,70,70],"card_choices":[{"not_picked":["Bane","Caltrops"],"picked":"Flying Knee","floor":1.0},{"not_picked":["Sucker Punch","Dodge and Roll"],"picked":"Footwork","floor":3.0},{"not_picked":["Outmaneuver","Sucker Punch","Dash"],"picked":"SKIP","floor":4.0},{"not_picked":["Leg Sweep","Prepared"],"picked":"Acrobatics","floor":7.0},{"not_picked":["Dodge and Roll","Endless Agony","Flying Knee"],"picked":"SKIP","floor":8.0},{"not_picked":["Dagger Spray","Dash"],"picked":"Backflip","floor":10.0},{"not_picked":["Backflip","Flying Knee"],"picked":"Dagger Spray","floor":13.0}],"player_experience":151982,"relics_obtained":[{"floor":8.0,"key":"Bag of Preparation"}],"event_choices":[{"cards_removed":["Strike_G"],"damage_healed":0.0,"max_hp_gain":0.0,"max_hp_loss":0.0,"gold_gain":0.0,"event_name":"Bonfire Elementals","player_choice":"Offered Basic","floor":2.0,"gold_loss":0.0,"damage_taken":0.0},{"cards_removed":["Strike_G"],"damage_healed":0.0,"max_hp_gain":0.0,"max_hp_loss":0.0,"gold_gain":0.0,"event_name":"The Cleric","player_choice":"Card Removal","floor":11.0,"gold_loss":50.0,"damage_taken":0.0}],"is_beta":false,"boss_relics":[],"items_purged_floors":[],"is_endless":false,"potions_floor_spawned":[7,8],"killed_by":"Slime Boss","ascension_level":3}}