{"host":"4qkvkh7pd9qr2mca","time":1614280308,"event":{"mods":["AchievementEnabler","BaseMod","Colored Map","Colored Powertips","Highlight Path","Minty Spire (QoL Compilation)","Permanent Neow","Quick Restart","Relic Stats","StSLib","SuperFastMode"],"gold_per_floor":[117,117,128,403,90,90,104,138,138,158,188,44,44,63,63,63,63],"floor_reached":16,"language":"ENG","playtime":378,"items_purged":["Regret","Strike_R"],"score":270,"play_id":"7e35daba-7aad-4bb0-90cb-95197e2d238c","local_time":"20210225201148","is_ascension_mode":true,"campfire_choices":[{"data":"Rampage","floor":6,"key":"SMITH"},{"data":"Battle Trance","floor":13,"key":"SMITH"},{"floor":15,"key":"REST"}],"circlet_count":0,"master_deck":["AscendersBane","Strike_R","Defend_R","Defend_R","Defend_R","Bash","Reckless Charge+1","Headbutt+1","Heavy Blade+1","Rampage+1","Fire Breathing","Ghostly Armor","Burning Pact","Power Through","Battle Trance+1"],"relics":["Astrolabe","Brimstone","Bottled Lightning","Strawberry","Charon\u0027s Ashes"],"acts_visited":["Exordium"],"potions_floor_usage":[],"damage_taken":[{"damage":6,"enemies":"Small Slimes","floor":1,"turns":3},{"damage":0,"enemies":"Cultist","floor":3,"turns":2},{"damage":3,"enemies":"Jaw Worm","floor":7,"turns":2},{"damage":18,"enemies":"3 Sentries","floor":8,"turns":3},{"damage":11,"enemies":"Red Slaver","floor":10,"turns":3},{"damage":0,"enemies":"Gremlin Nob","floor":11,"turns":2},{"damage":0,"enemies":"3 Louse","floor":14,"turns":2},{"damage":68,"enemies":"Hexaghost","floor":16,"turns":4}],"seed_played":"477946726307592736","potions_obtained":[{"floor":1,"key":"Ancient Potion"},{"floor":8,"key":"SpeedPotion"}],"is_trial":false,"path_per_floor":["M","?","M","?","$","R","M","E","T","M","E","$","R","M","R","B"],"character_chosen":"IRONCLAD","items_purchased":["Brimstone","Ghostly Armor","Battle Trance"],"campfire_rested":1,"item_purchase_floors":[5,5,12],"current_hp_per_floor":[62,62,62,62,62,62,59,41,48,37,37,37,37,37,61,0,0],"gold":63,"neow_bonus":"BOSS_RELIC","is_daily":false,"chose_seed":false,"campfire_upgraded":2,"win_rate":0.0,"timestamp":1614280308,"path_taken":["M","?","?","?","$","R","M","E","T","M","E","$","R","M","R","BOSS"],"items_purchased_type":["Relic","Card","Card"],"build_version":"2020-12-22","purchased_purges":2,"victory":false,"max_hp_per_floor":[75,75,75,75,75,75,75,75,82,82,82,82,82,82,82,82,82],"relic_stats":{"counters":[8,21],"Astrolabe":["Reckless Charge","Headbutt","Heavy Blade"],"Charon\u0027s Ashes":[20],"obtain_stats":[{"Brimstone":5,"Astrolabe":0,"Strawberry":9,"Charon\u0027s Ashes":11,"Bottled Lightning":8,"Burning Blood":0},{"Brimstone":2,"Astrolabe":0,"Strawberry":4,"Charon\u0027s Ashes":6,"Bottled Lightning":4,"Burning Blood":0},{"Brimstone":5,"Astrolabe":0,"Strawberry":10,"Charon\u0027s Ashes":15,"Bottled Lightning":10,"Burning Blood":0}]},"card_choices":[{"not_picked":["Combust","Flex"],"picked":"Rampage","floor":1},{"not_picked":["Pommel Strike","Headbutt"],"picked":"Fire Breathing","floor":3},{"not_picked":["Clothesline","Dark Embrace","Burning Pact"],"picked":"SKIP","floor":7},{"not_picked":["Clothesline","Dark Embrace"],"picked":"Burning Pact","floor":7},{"not_picked":["Heavy Blade","Twin Strike","Reckless Charge"],"picked":"SKIP","floor":8},{"not_picked":["Fire Breathing","Dropkick"],"picked":"Power Through","floor":10},{"not_picked":["Rage","Cleave","Pommel Strike"],"picked":"SKIP","floor":11},{"not_picked":["Hemokinesis","Warcry","Havoc"],"picked":"SKIP","floor":14}],"player_experience":661970,"relics_obtained":[{"floor":8,"key":"Bottled Lightning"},{"floor":9,"key":"Strawberry"},{"floor":11,"key":"Charon\u0027s Ashes"}],"event_choices":[{"cards_removed":["Strike_R"],"damage_healed":0,"gold_gain":0,"player_choice":"Purged","damage_taken":0,"max_hp_gain":0,"max_hp_loss":0,"event_name":"Purifier","floor":2,"gold_loss":0},{"damage_healed":0,"gold_gain":275,"player_choice":"Desecrate","damage_taken":0,"max_hp_gain":0,"max_hp_loss":0,"event_name":"Golden Shrine","floor":4,"gold_loss":0,"cards_obtained":["Regret"]}],"is_beta":false,"boss_relics":[],"items_purged_floors":[5,12],"is_endless":false,"potions_floor_spawned":[1,8,11],"killed_by":"Hexaghost","ascension_level":20}}