{"host":"2l5k2wp87eek7qja","time":1614287906,"event":{"mods":["BaseMod","Colored Map","Minty Spire (QoL Compilation)","Relic Stats"],"gold_per_floor":[115,115,40,53,53,89,103,153,153,153,168,203,203,218,218,313,313,331,331,94,94,109,138,138,164,217,217,229,261,72,87,87,164,164,177,177,177,6,20,50,50,60,60,60,76,88,88,88,88,88,88,88,88,45,71,71],"floor_reached":57,"language":"ENG","playtime":2468,"items_purged":["Strike_G","Strike_G"],"score":2746,"play_id":"c7490204-e5b0-472d-8ec9-8147bae402b4","local_time":"20210225231826","is_ascension_mode":true,"campfire_choices":[{"data":"Blade Dance","floor":10,"key":"SMITH"},{"data":"Blade Dance","floor":13,"key":"SMITH"},{"data":"Neutralize","floor":15,"key":"SMITH"},{"data":"Wraith Form v2","floor":24,"key":"SMITH"},{"data":"Accuracy","floor":27,"key":"SMITH"},{"data":"Accuracy","floor":32,"key":"SMITH"},{"data":"Wraith Form v2","floor":41,"key":"SMITH"},{"data":"Well Laid Plans","floor":44,"key":"SMITH"},{"data":"Blade Dance","floor":47,"key":"SMITH"},{"floor":49,"key":"RECALL"},{"data":"Cloak And Dagger","floor":53,"key":"SMITH"}],"circlet_count":0,"master_deck":["AscendersBane","Strike_G","Defend_G","Defend_G","Defend_G","Defend_G","Defend_G","Survivor","Neutralize+1","Blade Dance+1","Blade Dance+1","Dash","Leg Sweep","Wraith Form v2+1","Well Laid Plans+1","Accuracy+1","Acrobatics+1","Cloak And Dagger+1","Accuracy+1","Wraith Form v2+1","Blade Dance+1","PiercingWail","Calculated Gamble","Caltrops"],"relics":["Ring of the Snake","NeowsBlessing","Bloody Idol","Singing Bowl","Paper Crane","StrikeDummy","Sozu","Nilry\u0027s Codex","OrangePellets","PreservedInsect","Pantograph","MealTicket","Eternal Feather","WristBlade","Anchor","Question Card","Ornamental Fan","Kunai"],"acts_visited":["Exordium","TheCity","TheBeyond","TheEnding"],"potions_floor_usage":[12,16,16,23],"damage_taken":[{"damage":0,"enemies":"Small Slimes","floor":1,"turns":1},{"damage":0,"enemies":"2 Louse","floor":4,"turns":1},{"damage":0,"enemies":"3 Sentries","floor":6,"turns":1},{"damage":0,"enemies":"Cultist","floor":7,"turns":3},{"damage":0,"enemies":"Blue Slaver","floor":11,"turns":3},{"damage":8,"enemies":"Gremlin Nob","floor":12,"turns":3},{"damage":3,"enemies":"Exordium Thugs","floor":14,"turns":4},{"damage":22,"enemies":"The Guardian","floor":16,"turns":18},{"damage":7,"enemies":"Chosen","floor":18,"turns":6},{"damage":16,"enemies":"Spheric Guardian","floor":22,"turns":5},{"damage":37,"enemies":"Slavers","floor":23,"turns":9},{"damage":2,"enemies":"Book of Stabbing","floor":25,"turns":5},{"damage":0,"enemies":"Cultist and Chosen","floor":28,"turns":5},{"damage":5,"enemies":"Slavers","floor":29,"turns":6},{"damage":10,"enemies":"3 Cultists","floor":31,"turns":5},{"damage":3,"enemies":"Automaton","floor":33,"turns":9},{"damage":1,"enemies":"Orb Walker","floor":35,"turns":4},{"damage":3,"enemies":"3 Darklings","floor":39,"turns":3},{"damage":3,"enemies":"Reptomancer","floor":40,"turns":5},{"damage":1,"enemies":"Transient","floor":42,"turns":6},{"damage":0,"enemies":"Jaw Worm Horde","floor":45,"turns":5},{"damage":5,"enemies":"4 Shapes","floor":46,"turns":4},{"damage":12,"enemies":"Donu and Deca","floor":50,"turns":7},{"damage":5,"enemies":"Time Eater","floor":51,"turns":13},{"damage":2,"enemies":"Shield and Spear","floor":55,"turns":6},{"damage":53,"enemies":"The Heart","floor":56,"turns":10}],"seed_played":"5352274817004505516","potions_obtained":[{"floor":1,"key":"Fruit Juice"},{"floor":7,"key":"GamblersBrew"},{"floor":12,"key":"Regen Potion"},{"floor":16,"key":"Fruit Juice"}],"is_trial":false,"path_per_floor":["M","?","?","M","?","E","M","?","T","R","M","E","R","M","R","B",null,"M","?","$","?","M","E","R","E","T","R","M","E","$","M","R","B",null,"M","?","?","$","M","E","R","M","T","R","M","M","R","T","R","B","B",null,"R","$","E","B",null],"character_chosen":"THE_SILENT","items_purchased":["OrangePellets","Accuracy","Anchor","Calculated Gamble"],"campfire_rested":0,"item_purchase_floors":[20,30,38,54],"current_hp_per_floor":[59,59,59,59,52,52,54,54,54,54,56,48,48,45,45,33,64,59,38,38,38,27,12,12,15,20,20,25,25,40,37,49,76,79,82,78,78,78,78,80,80,82,82,82,82,84,84,84,84,72,79,83,84,84,84,31],"gold":71,"neow_bonus":"THREE_ENEMY_KILL","is_daily":false,"chose_seed":false,"campfire_upgraded":10,"win_rate":0.0,"timestamp":1614287906,"path_taken":["M","?","?","M","?","E","M","?","T","R","?","E","R","M","R","BOSS","M","?","?","?","M","E","R","E","T","R","?","E","$","M","R","BOSS","M","?","?","?","M","E","R","?","T","R","M","M","R","?","R","BOSS","BOSS","R","$","E","BOSS"],"items_purchased_type":["Relic","Card","Relic","Card"],"build_version":"2020-12-22","purchased_purges":2,"victory":true,"max_hp_per_floor":[66,60,60,60,60,60,62,62,62,62,64,64,64,64,64,74,74,76,76,76,76,76,78,78,78,78,78,78,78,78,80,80,80,80,82,78,78,78,78,80,80,82,82,82,82,84,84,84,84,84,84,84,84,84,84,84],"relic_stats":{"Singing Bowl":18,"counters":[26,147],"Eternal Feather":13,"PreservedInsect":222,"Question Card":4,"Sozu":8,"OrangePellets":[39],"Ornamental Fan":[108],"Bloody Idol":56,"Pantograph":37,"MealTicket":15,"Kunai":[8],"obtain_stats":[{"NeowsBlessing":0,"Singing Bowl":6,"Golden Idol":2,"Nilry\u0027s Codex":19,"Eternal Feather":29,"PreservedInsect":23,"Paper Crane":9,"Question Card":40,"Sozu":17,"OrangePellets":20,"Anchor":38,"WristBlade":34,"Ornamental Fan":48,"Bloody Idol":21,"Pantograph":25,"MealTicket":26,"Kunai":55,"StrikeDummy":12,"Ring of the Snake":0},{"NeowsBlessing":0,"Singing Bowl":3,"Golden Idol":1,"Nilry\u0027s Codex":9,"Eternal Feather":14,"PreservedInsect":11,"Paper Crane":4,"Question Card":19,"Sozu":8,"OrangePellets":9,"Anchor":17,"WristBlade":16,"Ornamental Fan":22,"Bloody Idol":9,"Pantograph":12,"MealTicket":12,"Kunai":25,"StrikeDummy":6,"Ring of the Snake":0},{"NeowsBlessing":0,"Singing Bowl":3,"Golden Idol":1,"Nilry\u0027s Codex":40,"Eternal Feather":70,"PreservedInsect":54,"Paper Crane":6,"Question Card":96,"Sozu":34,"OrangePellets":40,"Anchor":88,"WristBlade":84,"Ornamental Fan":111,"Bloody Idol":40,"Pantograph":59,"MealTicket":59,"Kunai":137,"StrikeDummy":12,"Ring of the Snake":0}],"Ring of the Snake":[52]},"card_choices":[{"not_picked":["Crippling Poison","Riddle With Holes"],"picked":"Sucker Punch","floor":1},{"not_picked":["Acrobatics","Underhanded Strike"],"picked":"Blade Dance","floor":4},{"not_picked":["Terror","Dagger Throw"],"picked":"Blade Dance","floor":6},{"not_picked":["Dodge and Roll","Dash","Outmaneuver"],"picked":"Singing Bowl","floor":7},{"not_picked":["Poisoned Stab","Quick Slash","Bullet Time"],"picked":"Singing Bowl","floor":11},{"not_picked":["Outmaneuver","Deflect"],"picked":"Dash","floor":12},{"not_picked":["Terror","Riddle With Holes"],"picked":"Leg Sweep","floor":14},{"not_picked":["Malaise","Storm of Steel"],"picked":"Wraith Form v2","floor":16},{"not_picked":["Flying Knee","Dagger Throw","Skewer"],"picked":"Singing Bowl","floor":18},{"not_picked":["Slice+1","Dagger Throw"],"picked":"Well Laid Plans","floor":22},{"not_picked":["Sucker Punch","Poisoned Stab+1","Dodge and Roll"],"picked":"Singing Bowl","floor":23},{"not_picked":["Dagger Spray","Endless Agony"],"picked":"Accuracy","floor":25},{"not_picked":["Venomology","Masterful Stab"],"picked":"Acrobatics+1","floor":28},{"not_picked":["Setup","Prepared"],"picked":"Cloak And Dagger","floor":29},{"not_picked":["Slice","Noxious Fumes","Outmaneuver"],"picked":"Singing Bowl","floor":31},{"not_picked":["Burst","Tools of the Trade"],"picked":"Wraith Form v2","floor":33},{"not_picked":["Flying Knee","Cloak And Dagger","Prepared"],"picked":"Singing Bowl","floor":35},{"not_picked":["Backflip","Choke"],"picked":"Blade Dance","floor":39},{"not_picked":["Slice","Eviscerate","Expertise+1"],"picked":"Singing Bowl","floor":40},{"not_picked":["Footwork","Concentrate","Predator+1","Quick Slash"],"picked":"Singing Bowl","floor":42},{"not_picked":["Cloak And Dagger","Deflect","Distraction"],"picked":"PiercingWail","floor":45},{"not_picked":["Storm of Steel","Blade Dance","Catalyst","Prepared"],"picked":"Singing Bowl","floor":46},{"not_picked":["Terror","PiercingWail","Catalyst"],"picked":"Caltrops","floor":55}],"player_experience":907695,"relics_obtained":[{"floor":6,"key":"Singing Bowl"},{"floor":9,"key":"Paper Crane"},{"floor":12,"key":"StrikeDummy"},{"floor":19,"key":"Nilry\u0027s Codex"},{"floor":23,"key":"PreservedInsect"},{"floor":25,"key":"Pantograph"},{"floor":26,"key":"MealTicket"},{"floor":29,"key":"Eternal Feather"},{"floor":40,"key":"Question Card"},{"floor":48,"key":"Ornamental Fan"},{"floor":55,"key":"Kunai"}],"event_choices":[{"damage_healed":0,"gold_gain":0,"player_choice":"Lose Max HP","damage_taken":0,"relics_obtained":["Golden Idol"],"max_hp_gain":0,"max_hp_loss":6,"event_name":"Golden Idol","floor":2,"gold_loss":0},{"cards_removed":["Strike_G"],"damage_healed":0,"gold_gain":0,"player_choice":"Card Removal","damage_taken":0,"max_hp_gain":0,"max_hp_loss":0,"event_name":"The Cleric","floor":3,"gold_loss":75},{"cards_removed":["Strike_G"],"damage_healed":0,"gold_gain":0,"player_choice":"Card Removal","damage_taken":7,"max_hp_gain":0,"max_hp_loss":0,"event_name":"Golden Wing","floor":5,"gold_loss":0},{"damage_healed":0,"gold_gain":50,"player_choice":"Pray","damage_taken":0,"max_hp_gain":0,"max_hp_loss":0,"event_name":"Golden Shrine","floor":8,"gold_loss":0},{"damage_healed":0,"gold_gain":0,"player_choice":"Obtained Book","damage_taken":21,"max_hp_gain":0,"max_hp_loss":0,"event_name":"Cursed Tome","floor":19,"gold_loss":0},{"damage_healed":0,"gold_gain":0,"player_choice":"Gave Idol","damage_taken":0,"relics_obtained":["Bloody Idol"],"max_hp_gain":0,"max_hp_loss":0,"event_name":"Forgotten Altar","floor":21,"relics_lost":["Golden Idol"],"gold_loss":0},{"damage_healed":0,"gold_gain":0,"player_choice":"Max HP","damage_taken":0,"max_hp_gain":0,"max_hp_loss":4,"event_name":"Winding Halls","floor":36,"gold_loss":0},{"cards_removed":["Sucker Punch"],"damage_healed":0,"gold_gain":0,"player_choice":"Removed Attack","damage_taken":0,"max_hp_gain":0,"max_hp_loss":0,"event_name":"Falling","floor":37,"gold_loss":0}],"is_beta":false,"boss_relics":[{"not_picked":["Fusion Hammer","Velvet Choker"],"picked":"Sozu"},{"not_picked":["SacredBark","Cursed Key"],"picked":"WristBlade"}],"items_purged_floors":[20,30],"is_endless":false,"potions_floor_spawned":[1,7,12,16,18,22,25,33,40,42,45,55],"ascension_level":20}}