{"host":"ocw7ajg7vqj66oa5","time":1614257784,"event":{"mods":["Bard","BaseMod","Better Third Choice","Downfall","Duelist Mod","Hubris","Infinite Spire","Lobotomy","Marisa????????","Minty Spire (QoL Compilation)","Replay The Spire","Reworked Bosses","Robot Space Explorer","Shade Mod","Somnambulant","StSLib","SuperFastMode","The Animator","The Bug Knight","The Construct","The Cursed","The Disciple","The Hierophant","The Jungle","The Marked","The Necromancer","The Poker Player","The Servant 0.9.4"],"gold_per_floor":[362,34,53,73,73,3,35,35,35,35,53,66,66,76,76,175,275,285,297,297,297,316,316,352,352,430,430,450,466,466,477,477,582,582,633,691,691,757,823,823,886,886,913,329,329,383,383,383,383,383,383],"floor_reached":50,"language":"ENG","playtime":2235,"items_purged":["Shade:Strike_Shade","Shade:Strike_Shade","Shade:Defend_Shade"],"score":489,"play_id":"543c4ab5-f9a5-4755-8cf8-ceaaabdee64d","local_time":"20210225145624","is_ascension_mode":false,"campfire_choices":[{"floor":8,"key":"REST"},{"data":"Shade:PotionOfRestlessness","floor":10,"key":"SMITH"},{"data":"Shade:FreshBones","floor":13,"key":"SMITH"},{"data":"Shade:AnimateDead","floor":15,"key":"SMITH"},{"floor":23,"key":"REST"},{"data":"Shade:LichForm","floor":27,"key":"SMITH"},{"floor":32,"key":"REST"},{"floor":40,"key":"REST"},{"data":"Shade:GreaterAnimation","floor":42,"key":"SMITH"},{"floor":45,"key":"REST"},{"data":"1","floor":49,"key":"LIFT"}],"circlet_count":0,"master_deck":["Shade:Strike_Shade","Shade:Strike_Shade+1","Shade:Defend_Shade","Shade:Defend_Shade","Shade:Defend_Shade","Shade:AnimateDead+1","Shade:CarefulCut","Shade:Brains","Shade:PotionOfRestlessness+1","Shade:Bonestorm+1","Shade:FingerOfDeath","Shade:FingerOfDeath","Shade:Trample","Shade:FreshBones+1","Shade:LichForm+1","Clumsy","Shade:LichForm","Shade:LichForm","Shade:PressTheAttack","Shade:Brains+1","Shade:GreaterAnimation+1","Deep Breath"],"relics":["Shade:YorickSkull","Dream Catcher","Replay:Lucky Slots","HollowMod:PaleOreRelic","PreservedInsect","infinitespire:WardingShard","Replay:Wanted Poster","Ring of Misfortune","Ring of Hypnosis","Juzu Bracelet","ClockworkSouvenir","Snack Pack","construct:WeddingRing","infinitespire:EvilPickle","hubris:Towel","Gremlin Food","Lantern","Mummified Hand","Girya","Ancient Tea Set"],"acts_visited":["Exordium","TheCity","TheBeyond"],"potions_floor_usage":[16,16,33,33,38,44,50],"damage_taken":[{"damage":0,"enemies":"Cultist","floor":1,"turns":4},{"damage":0,"enemies":"Jaw Worm","floor":3,"turns":4},{"damage":0,"enemies":"Small Slimes","floor":4,"turns":3},{"damage":10,"enemies":"HollowMod:MossKnight","floor":7,"turns":6},{"damage":0,"enemies":"Blue Slaver","floor":11,"turns":2},{"damage":2,"enemies":"2 Fungi Beasts","floor":12,"turns":3},{"damage":0,"enemies":"3 Louse","floor":14,"turns":2},{"damage":1,"enemies":"Hexaghost","floor":16,"turns":6},{"damage":11,"enemies":"Chosen","floor":18,"turns":5},{"damage":13,"enemies":"Shell Parasite","floor":19,"turns":4},{"damage":5,"enemies":"Snecko","floor":22,"turns":5},{"damage":12,"enemies":"HollowMod:Nosk","floor":24,"turns":4},{"damage":6,"enemies":"3 Cultists","floor":28,"turns":4},{"damage":8,"enemies":"Centurion and Healer","floor":29,"turns":3},{"damage":9,"enemies":"Shelled Parasite and Fungi","floor":31,"turns":4},{"damage":22,"enemies":"Pondfish","floor":33,"turns":5},{"damage":16,"enemies":"Orb Walker","floor":35,"turns":3},{"damage":9,"enemies":"3 Darklings","floor":36,"turns":4},{"damage":2,"enemies":"4 Shapes","floor":38,"turns":3},{"damage":0,"enemies":"Transient","floor":39,"turns":5},{"damage":7,"enemies":"4 Shapes","floor":41,"turns":3},{"damage":0,"enemies":"2 Orb Walkers","floor":46,"turns":3},{"damage":82,"enemies":"hubris:GrandSnecko","floor":50,"turns":8}],"seed_played":"8384018539863590735","potions_obtained":[{"floor":3,"key":"ColorlessPotion"},{"floor":11,"key":"BlessingOfTheForge"},{"floor":12,"key":"infinitespire:BlackPotion"},{"floor":16,"key":"Elixir"},{"floor":19,"key":"Toxic Potion"},{"floor":22,"key":"Weak Potion"},{"floor":33,"key":"infinitespire:BlackPotion"},{"floor":35,"key":"Explosive Potion"},{"floor":39,"key":"LiquidBronze"}],"is_trial":false,"path_per_floor":["M","$","M","M","?","?","E","R","T","R","M","M","R","M","R","B",null,"M","M","?","?","M","R","E","AVR","T","R","M","M","?","M","R","B",null,"M","M","?","M","M","R","M","R","T","$","R","?","AVR","?","R","B"],"character_chosen":"SHADE","items_purchased":["Dream Catcher","Replay:Lucky Slots","Lantern","Mummified Hand","Fruit Juice"],"campfire_rested":5,"item_purchase_floors":[2,2,44,44,44],"current_hp_per_floor":[47,47,47,47,47,47,37,56,56,56,56,54,54,54,54,53,65,54,41,41,41,36,55,43,43,43,43,37,29,29,22,41,21,65,49,40,40,40,48,65,58,58,58,63,70,70,70,70,70,0,0],"gold":383,"neow_bonus":"TWO_FIFTY_GOLD","is_daily":false,"chose_seed":false,"campfire_upgraded":5,"win_rate":0.0,"timestamp":1614257784,"path_taken":["M","$","M","?","?","?","E","R","T","R","?","M","R","M","R","BOSS","M","M","?","?","M","R","E","AVR","T","R","M","M","?","M","R","BOSS","M","M","?","M","M","R","M","R","T","$","R","?","AVR","?","R","BOSS"],"items_purchased_type":["Relic","Relic","Card","Relic","Potion"],"build_version":"2020-12-22","purchased_purges":3,"victory":false,"max_hp_per_floor":[65,65,65,65,65,65,65,65,65,65,65,65,65,65,65,65,65,65,65,65,65,65,65,65,65,65,65,65,65,65,65,65,65,65,65,65,65,65,65,65,65,65,65,70,70,70,70,70,70,70,70],"card_choices":[{"not_picked":["Shade:Premonition","Shade:GreyBargain"],"picked":"Shade:Brains","floor":1},{"not_picked":["Shade:Doomsay","Shade:OpenGraves"],"picked":"Shade:PotionOfRestlessness","floor":3},{"not_picked":["Shade:FleshToFlesh","Shade:SkeletonHug"],"picked":"Shade:Bonestorm","floor":4},{"not_picked":["Shade:ClawBack","Shade:Doomsay"],"picked":"Shade:FingerOfDeath","floor":7},{"not_picked":["Shade:GreyBargain","Shade:AncientSpear"],"picked":"Shade:FingerOfDeath","floor":8},{"not_picked":["Shade:SoulToxin","Shade:Premonition"],"picked":"Shade:Trample","floor":11},{"not_picked":["Shade:BoneShards","Shade:SelfBurial"],"picked":"Shade:FreshBones","floor":12},{"not_picked":["Shade:ExtraLimbs","Shade:FuneraryArmor","Shade:Brains"],"picked":"SKIP","floor":14},{"not_picked":["Shade:Coordination","Shade:Consume"],"picked":"Shade:LichForm","floor":16},{"not_picked":["Shade:RavenousHorde","Shade:SkeletonHug","Shade:BoneShards+1"],"picked":"SKIP","floor":18},{"not_picked":["Shade:GraveStillness","Shade:Premonition+1","Shade:GreyBargain+1"],"picked":"SKIP","floor":19},{"not_picked":["Shade:BoneShards+1","Shade:WallOfFlesh","Shade:CallWraith"],"picked":"SKIP","floor":22},{"not_picked":["Shade:SoulToxin","Shade:BoneShards"],"picked":"Shade:LichForm","floor":23},{"not_picked":["Shade:RavenousHorde","Shade:DangerousRitual"],"picked":"Shade:LichForm","floor":24},{"not_picked":["Shade:ExtraLimbs","Shade:ClawBack","Shade:AncientSpear"],"picked":"SKIP","floor":28},{"not_picked":["Shade:SpontaneousRitual","Shade:SkeletonHug+1","Shade:CoffinDance+1"],"picked":"SKIP","floor":29},{"not_picked":["Shade:SensePrey","Shade:GraveStillness"],"picked":"Shade:PressTheAttack","floor":31},{"not_picked":["Shade:FeralStrike","Shade:CoffinDance"],"picked":"Shade:Brains+1","floor":35},{"not_picked":["Shade:WallOfFlesh+1","Shade:GraveStillness","Shade:LastGasp"],"picked":"SKIP","floor":36},{"not_picked":["Shade:CoffinDance+1","Shade:SpontaneousRitual+1","Shade:Asphyxiate+1"],"picked":"SKIP","floor":38},{"not_picked":["Shade:FreshBones+1","Shade:PotionOfRestlessness"],"picked":"Shade:GreaterAnimation","floor":39},{"not_picked":["Shade:FeralStrike+1","Shade:Trample","Shade:CoffinDance"],"picked":"SKIP","floor":41}],"player_experience":291095,"relics_obtained":[{"floor":7,"key":"PreservedInsect"},{"floor":9,"key":"infinitespire:WardingShard"},{"floor":20,"key":"Ring of Misfortune"},{"floor":20,"key":"Ring of Hypnosis"},{"floor":24,"key":"Juzu Bracelet"},{"floor":26,"key":"Snack Pack"},{"floor":43,"key":"Gremlin Food"},{"floor":46,"key":"Girya"}],"event_choices":[{"damage_healed":0,"gold_gain":0,"player_choice":"Paid Gold","damage_taken":0,"relics_obtained":["HollowMod:PaleOreRelic"],"max_hp_gain":0,"max_hp_loss":0,"event_name":"WeMeetAgain","floor":6,"gold_loss":70},{"damage_healed":0,"gold_gain":0,"player_choice":"Ignored","damage_taken":0,"max_hp_gain":0,"max_hp_loss":0,"event_name":"Ghosts","floor":21,"gold_loss":0},{"damage_healed":0,"gold_gain":0,"player_choice":"Ignored","damage_taken":0,"max_hp_gain":0,"max_hp_loss":0,"event_name":"Vampires","floor":30,"gold_loss":0},{"damage_healed":0,"gold_gain":0,"player_choice":"Fight","damage_taken":0,"max_hp_gain":0,"max_hp_loss":0,"event_name":"Mysterious Sphere","floor":46,"gold_loss":0},{"damage_healed":0,"gold_gain":0,"player_choice":"1 cards matched","damage_taken":0,"max_hp_gain":0,"max_hp_loss":0,"event_name":"Match and Keep!","floor":48,"gold_loss":0,"cards_obtained":["Deep Breath"]}],"is_beta":false,"boss_relics":[{"not_picked":["Busted Crown","Philosopher\u0027s Stone"],"picked":"Replay:Wanted Poster"},{"not_picked":["Fusion Hammer","Runic Dome"],"picked":"construct:WeddingRing"}],"items_purged_floors":[25,44,47],"is_endless":false,"potions_floor_spawned":[3,11,12,14,16,19,22,28,33,35,38,39],"killed_by":"hubris:GrandSnecko","ascension_level":0}}