{"host":"dwqr8rfkubzfvfti","time":1614288495,"event":{"mods":["BaseMod","Colored Map","Colored Powertips","Minty Spire (QoL Compilation)","Rare Cards Sparkle","Relic Stats"],"gold_per_floor":[113,129,148,168,168,168,195,209,209,209,221,221,98,127,127,229,229,243,256,108,108,108,108,124,153,180,180,190,202,212,222,222,318,318,333,333,115,130,149,149,149,149,200,210,226,0,15,34,34,34],"floor_reached":51,"language":"ENG","playtime":2868,"items_purged":[],"score":907,"play_id":"f1e86995-8f4c-4488-a76b-a2a48e9db8c4","local_time":"20210225142815","is_ascension_mode":true,"campfire_choices":[{"floor":6,"key":"REST"},{"floor":10,"key":"REST"},{"floor":15,"key":"REST"},{"data":"Defragment","floor":23,"key":"SMITH"},{"data":"Defragment","floor":27,"key":"SMITH"},{"floor":32,"key":"REST"},{"floor":40,"key":"REST"},{"data":"Streamline","floor":42,"key":"SMITH"},{"floor":49,"key":"REST"}],"circlet_count":0,"master_deck":["Strike_B","Defend_B","Defend_B","Defend_B+1","Defend_B","Zap+1","Dualcast+1","All For One","Go for the Eyes","Streamline+1","Coolheaded+1","Leap","Gash","Ball Lightning","Defragment+1","Defragment+1","Cold Snap","Conserve Battery+1","Core Surge","Consume+1","Hologram+1","Melter","Stack+1","FTL","Redo+1","Cold Snap+1","Chaos+1","Electrodynamics","Blizzard+1","Redo+1","Cold Snap","Coolheaded+1","FTL","Gash+1"],"relics":["FrozenCore","Peace Pipe","Cables","Toxic Egg 2","Sozu","ClockworkSouvenir","Pear","Art of War","Membership Card","Bag of Marbles","Red Mask"],"acts_visited":["Exordium","TheCity","TheBeyond"],"potions_floor_usage":[3,8,11,14,16,16,50,50,50],"damage_taken":[{"damage":9,"enemies":"2 Louse","floor":1,"turns":3},{"damage":9,"enemies":"Jaw Worm","floor":2,"turns":2},{"damage":4,"enemies":"Small Slimes","floor":3,"turns":3},{"damage":21,"enemies":"Exordium Wildlife","floor":4,"turns":5},{"damage":17,"enemies":"Gremlin Nob","floor":7,"turns":4},{"damage":1,"enemies":"Large Slime","floor":8,"turns":4},{"damage":5,"enemies":"Gremlin Gang","floor":11,"turns":3},{"damage":27,"enemies":"Lagavulin","floor":14,"turns":5},{"damage":25,"enemies":"Hexaghost","floor":16,"turns":10},{"damage":12,"enemies":"Shell Parasite","floor":18,"turns":4},{"damage":0,"enemies":"Spheric Guardian","floor":19,"turns":3},{"damage":6,"enemies":"Snake Plant","floor":24,"turns":4},{"damage":14,"enemies":"Book of Stabbing","floor":25,"turns":4},{"damage":2,"enemies":"Cultist and Chosen","floor":28,"turns":5},{"damage":0,"enemies":"Snecko","floor":29,"turns":4},{"damage":14,"enemies":"Snake Plant","floor":30,"turns":4},{"damage":0,"enemies":"Sentry and Sphere","floor":31,"turns":5},{"damage":19,"enemies":"Collector","floor":33,"turns":8},{"damage":0,"enemies":"3 Shapes","floor":35,"turns":6},{"damage":0,"enemies":"Orb Walker","floor":38,"turns":4},{"damage":34,"enemies":"Transient","floor":39,"turns":5},{"damage":0,"enemies":"Spire Growth","floor":44,"turns":6},{"damage":21,"enemies":"4 Shapes","floor":45,"turns":3},{"damage":9,"enemies":"3 Darklings","floor":47,"turns":5},{"damage":10,"enemies":"Sphere and 2 Shapes","floor":48,"turns":3},{"damage":42,"enemies":"Time Eater","floor":50,"turns":13}],"seed_played":"-3315549093386359634","potions_obtained":[{"floor":2,"key":"EntropicBrew"},{"floor":3,"key":"Fruit Juice"},{"floor":4,"key":"ColorlessPotion"},{"floor":7,"key":"ColorlessPotion"},{"floor":8,"key":"AttackPotion"},{"floor":16,"key":"Regen Potion"}],"is_trial":false,"path_per_floor":["M","M","M","M","?","R","E","M","T","R","M","?","$","E","R","B",null,"M","M","$","?","?","R","M","E","T","R","M","M","M","M","R","B",null,"M","?","$","M","M","R","?","R","T","M","M","?","M","M","R","B",null],"character_chosen":"DEFECT","items_purchased":["Defragment","Cold Snap","ClockworkSouvenir","Membership Card","Redo+1","Cold Snap","Coolheaded+1"],"campfire_rested":6,"item_purchase_floors":[13,13,20,37,37,37,37],"current_hp_per_floor":[59,50,51,30,30,54,37,36,36,60,55,39,39,12,36,11,63,51,51,51,77,77,77,71,67,67,67,65,65,51,51,78,59,82,82,82,82,82,48,75,75,75,75,75,54,54,45,35,62,35],"gold":34,"neow_bonus":"ONE_RANDOM_RARE_CARD","is_daily":false,"chose_seed":false,"campfire_upgraded":3,"win_rate":0.0,"timestamp":1614288495,"path_taken":["M","M","M","M","?","R","E","M","T","R","M","?","$","E","R","BOSS","M","M","$","?","?","R","M","E","T","R","M","M","M","M","R","BOSS","M","?","$","M","M","R","?","R","T","M","?","?","M","M","R","BOSS"],"items_purchased_type":["Card","Card","Relic","Relic","Card","Card","Card"],"build_version":"2020-12-22","purchased_purges":0,"victory":true,"max_hp_per_floor":[75,75,80,80,80,80,80,80,80,80,80,80,80,80,80,80,80,80,80,80,80,80,80,80,90,90,90,90,90,90,90,90,90,90,90,90,90,90,90,90,90,90,90,90,90,90,90,90,90,90],"relic_stats":{"Peace Pipe":0,"Sozu":7,"counters":[26,125],"Art of War":[6],"obtain_stats":[{"Peace Pipe":7,"Sozu":17,"Pear":25,"Art of War":26,"Bag of Marbles":43,"Red Mask":46,"Membership Card":37,"Toxic Egg 2":14,"Cracked Core":0,"Cables":9,"ClockworkSouvenir":20,"FrozenCore":34},{"Peace Pipe":5,"Sozu":9,"Pear":13,"Art of War":13,"Bag of Marbles":21,"Red Mask":23,"Membership Card":19,"Toxic Egg 2":8,"Cracked Core":0,"Cables":6,"ClockworkSouvenir":11,"FrozenCore":18},{"Peace Pipe":17,"Sozu":39,"Pear":54,"Art of War":54,"Bag of Marbles":95,"Red Mask":104,"Membership Card":86,"Toxic Egg 2":29,"Cracked Core":0,"Cables":21,"ClockworkSouvenir":46,"FrozenCore":80}],"FrozenCore":[11],"Cables":[92,46,43,2,1]},"card_choices":[{"not_picked":["Sweeping Beam","Darkness"],"picked":"Go for the Eyes","floor":1},{"not_picked":["Redo","Machine Learning"],"picked":"Streamline","floor":2},{"not_picked":["Rip and Tear","Skim"],"picked":"Coolheaded","floor":3},{"not_picked":["Hello World","Steam Power"],"picked":"Leap","floor":4},{"not_picked":["Go for the Eyes","Fusion"],"picked":"Gash","floor":7},{"not_picked":["Darkness","Cold Snap"],"picked":"Ball Lightning","floor":8},{"not_picked":["Reprogram","Sweeping Beam"],"picked":"Defragment","floor":11},{"not_picked":["Rebound","Compile Driver"],"picked":"Conserve Battery+1","floor":14},{"not_picked":["Hyperbeam","All For One"],"picked":"Core Surge","floor":16},{"not_picked":["Sweeping Beam+1","Melter"],"picked":"Consume+1","floor":18},{"not_picked":["Recycle+1","Coolheaded+1"],"picked":"Hologram+1","floor":19},{"not_picked":["Double Energy+1","Storm"],"picked":"FTL","floor":24},{"not_picked":["Buffer","Hello World+1"],"picked":"Redo+1","floor":25},{"not_picked":["Genetic Algorithm+1","Aggregate+1"],"picked":"Cold Snap+1","floor":28},{"not_picked":["Conserve Battery+1","Fusion+1","Rebound"],"picked":"SKIP","floor":29},{"not_picked":["Hello World","Auto Shields+1"],"picked":"Chaos+1","floor":30},{"not_picked":["Compile Driver","Conserve Battery+1","Leap+1"],"picked":"SKIP","floor":31},{"not_picked":["Amplify+1","Multi-Cast+1"],"picked":"Electrodynamics","floor":33},{"not_picked":["Go for the Eyes","Barrage"],"picked":"Blizzard+1","floor":35},{"not_picked":["Rip and Tear","Stack+1","Steam+1"],"picked":"SKIP","floor":38},{"not_picked":["Steam+1","Force Field+1","Heatsinks+1"],"picked":"SKIP","floor":39},{"not_picked":["Go for the Eyes","BootSequence+1"],"picked":"FTL","floor":44},{"not_picked":["Streamline+1","Tempest+1"],"picked":"Gash+1","floor":45},{"not_picked":["Ball Lightning","Cold Snap+1","Beam Cell"],"picked":"SKIP","floor":47},{"not_picked":["Aggregate+1","Hello World","Stack+1"],"picked":"SKIP","floor":48}],"player_experience":515024,"relics_obtained":[{"floor":7,"key":"Peace Pipe"},{"floor":9,"key":"Cables"},{"floor":14,"key":"Toxic Egg 2"},{"floor":25,"key":"Pear"},{"floor":26,"key":"Art of War"},{"floor":43,"key":"Bag of Marbles"}],"event_choices":[{"damage_healed":0,"gold_gain":0,"player_choice":"Grow","damage_taken":0,"max_hp_gain":0,"max_hp_loss":0,"event_name":"Living Wall","floor":5,"gold_loss":0,"cards_upgraded":["Zap"]},{"damage_healed":0,"gold_gain":0,"player_choice":"Entered Light","damage_taken":16,"max_hp_gain":0,"max_hp_loss":0,"event_name":"Shining Light","floor":12,"gold_loss":0,"cards_upgraded":["Defend_B","Coolheaded"]},{"damage_healed":26,"gold_gain":0,"player_choice":"Heal","damage_taken":0,"max_hp_gain":0,"max_hp_loss":0,"event_name":"The Library","floor":21,"gold_loss":0},{"damage_healed":0,"gold_gain":0,"cards_transformed":["Strike_B","Strike_B"],"player_choice":"Became Test Subject","damage_taken":0,"max_hp_gain":0,"max_hp_loss":0,"event_name":"Drug Dealer","floor":22,"gold_loss":0,"cards_obtained":["Melter","Stack"]},{"cards_removed":["Strike_B"],"damage_healed":0,"gold_gain":0,"player_choice":"Removed Attack","damage_taken":0,"max_hp_gain":0,"max_hp_loss":0,"event_name":"Falling","floor":36,"gold_loss":0},{"damage_healed":0,"gold_gain":0,"player_choice":"Upgraded","damage_taken":0,"max_hp_gain":0,"max_hp_loss":0,"event_name":"Upgrade Shrine","floor":41,"gold_loss":0,"cards_upgraded":["Dualcast"]},{"damage_healed":0,"gold_gain":0,"player_choice":"Paid","damage_taken":0,"relics_obtained":["Red Mask"],"max_hp_gain":0,"max_hp_loss":0,"event_name":"Tomb of Lord Red Mask","floor":46,"gold_loss":226}],"is_beta":false,"boss_relics":[{"not_picked":["Fusion Hammer","Runic Dome"],"picked":"Sozu"},{"not_picked":["SlaversCollar","Runic Pyramid"],"picked":"FrozenCore"}],"items_purged_floors":[],"is_endless":false,"potions_floor_spawned":[2,3,4,7,8,16,18,25,28,33,39,44,48],"ascension_level":7}}