{"host":"id23shmscryl4psl","time":1614267134,"event":{"mods":["BaseMod","Better Altar","Better Match","Better Note","Better Sensory Stone","Better Skull","Better Third Choice","Colored Map","Colored Powertips","Dark Map","Downfall","FTL Soundtrack","Minty Spire (QoL Compilation)","Rare Cards Sparkle","Relic Stats","Robot Space Explorer","StSLib"],"gold_per_floor":[99,99,99,99,109,144,169,202,217,217,17,17,17,46,58,153,153,153,163,173,186,202,221,221,221,221,244,256,368,380,423,445,559,571,483,507,529,553,577,604,643,683,695,757,769,800,859,890,918,930,942,986,97,97,97,97],"floor_reached":57,"language":"ENG","playtime":4020,"items_purged":[],"score":1401,"play_id":"f2f9f242-481a-4d4f-aa19-09848c9c593c","local_time":"20210225083214","is_ascension_mode":true,"campfire_choices":[{"floor":1,"key":"RECALL"},{"floor":11,"key":"DIG"},{"floor":13,"key":"DIG"},{"floor":18,"key":"DIG"},{"floor":26,"key":"DIG"},{"data":"Guardian:GatlingBeam","floor":28,"key":"SMITH"},{"data":"Guardian:GatlingBeam","floor":30,"key":"SMITH"},{"data":"Guardian:ChargeUp","floor":35,"key":"SMITH"},{"data":"Guardian:ChargeUp","floor":43,"key":"SMITH"},{"data":"Guardian:TwinSlam","floor":45,"key":"SMITH"},{"data":"expansioncontent:DashGenerateEvil","floor":54,"key":"SMITH"}],"circlet_count":0,"master_deck":["Guardian:Strike_Guardian","Guardian:Strike_Guardian","Guardian:Strike_Guardian","Guardian:Strike_Guardian","Guardian:Defend_Guardian","Guardian:Defend_Guardian","Guardian:Defend_Guardian","Guardian:Defend_Guardian","Guardian:CurlUp+1","Guardian:TwinSlam+1","Guardian:ChargeUp+1","Guardian:ChargeUp+1","Guardian:GatlingBeam+1","Guardian:ShieldCharger+1","Guardian:DonusPower","Guardian:GatlingBeam+1","Guardian:VentSteam+1","Guardian:ShieldCharger+1","Guardian:Clone+1","Guardian:ChargeCore","Guardian:PrismaticBarrier+1","Guardian:Planning+1","Guardian:TemporalStrike","Guardian:ChargeUp+1","Guardian:TimeCapacitor+1","Guardian:ExploitGems+1","Parasite","Guardian:TimeBomb+1","expansioncontent:DashGenerateEvil+1","expansioncontent:InvincibleStrength"],"relics":["Guardian:ModeShifterPlus","downfall:HeartsMalice","Shovel","White Beast Statue","downfall:HeartBlessingRed","downfall:HeartBlessingBlue","Bag of Preparation","InkBottle","Ice Cream","Toxic Egg 2","Letter Opener","Bloody Idol","Blood Vial","MawBank","FossilizedHelix","Eternal Feather","Pen Nib","Coffee Dripper","downfall:HeartBlessingGreen","War Paint","Juzu Bracelet","Calipers","Bird Faced Urn","Lizard Tail","TungstenRod","Boot","PrismaticShard"],"acts_visited":["Exordium","TheCity","TheBeyond","TheEnding"],"potions_floor_usage":[6,8,14,16,16,16,22,22,27,29,31,31,33,33,38,40,42,44,46,55,56],"damage_taken":[{"damage":0,"enemies":"Cultist","floor":2,"turns":1},{"damage":0,"enemies":"Small Slimes","floor":3,"turns":1},{"damage":0,"enemies":"Jaw Worm","floor":4,"turns":1},{"damage":0,"enemies":"Blue Slaver","floor":5,"turns":4},{"damage":11,"enemies":"3 Sentries","floor":6,"turns":8},{"damage":18,"enemies":"Gremlin Nob","floor":8,"turns":4},{"damage":2,"enemies":"Exordium Thugs","floor":9,"turns":6},{"damage":1,"enemies":"3 Sentries","floor":14,"turns":6},{"damage":2,"enemies":"2 Fungi Beasts","floor":15,"turns":4},{"damage":26,"enemies":"DF_ARCHETYPE_STREAMLINE","floor":16,"turns":8},{"damage":0,"enemies":"Shell Parasite","floor":19,"turns":5},{"damage":0,"enemies":"Chosen","floor":20,"turns":4},{"damage":0,"enemies":"Snecko","floor":21,"turns":3},{"damage":0,"enemies":"Cultist and Chosen","floor":22,"turns":6},{"damage":0,"enemies":"Shelled Parasite and Fungi","floor":23,"turns":4},{"damage":0,"enemies":"Snake Plant","floor":27,"turns":4},{"damage":0,"enemies":"WA_ARCHETYPE_RETAIN","floor":29,"turns":5},{"damage":0,"enemies":"Gremlin Leader","floor":31,"turns":7},{"damage":0,"enemies":"3 Cultists","floor":32,"turns":5},{"damage":30,"enemies":"IC_MUSHROOM_ARCHETYPE","floor":33,"turns":6},{"damage":0,"enemies":"3 Darklings","floor":36,"turns":4},{"damage":0,"enemies":"Orb Walker","floor":37,"turns":3},{"damage":0,"enemies":"Maw","floor":38,"turns":6},{"damage":0,"enemies":"4 Shapes","floor":39,"turns":9},{"damage":0,"enemies":"Transient","floor":40,"turns":5},{"damage":0,"enemies":"Reptomancer","floor":42,"turns":7},{"damage":0,"enemies":"Reptomancer","floor":44,"turns":6},{"damage":0,"enemies":"Writhing Mass","floor":46,"turns":6},{"damage":7,"enemies":"2 Orb Walkers","floor":47,"turns":5},{"damage":0,"enemies":"4 Shapes","floor":48,"turns":3},{"damage":0,"enemies":"Spire Growth","floor":49,"turns":5},{"damage":13,"enemies":"SI_POISON_ARCHETYPE","floor":50,"turns":12},{"damage":14,"enemies":"downfall:CharBossMerchant","floor":52,"turns":8},{"damage":0,"enemies":"downfall:NeowBoss","floor":55,"turns":16},{"damage":142,"enemies":"downfall:NeowBossFinal","floor":56,"turns":16}],"seed_played":"7150301176802917462","potions_obtained":[{"floor":5,"key":"Swift Potion"},{"floor":6,"key":"Fire Potion"},{"floor":8,"key":"ColorlessPotion"},{"floor":9,"key":"Ancient Potion"},{"floor":14,"key":"SkillPotion"},{"floor":15,"key":"Fire Potion"},{"floor":16,"key":"LiquidMemories"},{"floor":19,"key":"SpeedPotion"},{"floor":20,"key":"Fire Potion"},{"floor":21,"key":"AttackPotion"},{"floor":22,"key":"Guardian:StasisDiscoveryPotion"},{"floor":23,"key":"Guardian:BlockOnCardUsePotion"},{"floor":27,"key":"Block Potion"},{"floor":29,"key":"Regen Potion"},{"floor":31,"key":"SkillPotion"},{"floor":32,"key":"Strength Potion"},{"floor":33,"key":"FairyPotion"},{"floor":36,"key":"PowerPotion"},{"floor":38,"key":"Weak Potion"},{"floor":40,"key":"EssenceOfSteel"},{"floor":42,"key":"Swift Potion"},{"floor":44,"key":"Explosive Potion"},{"floor":46,"key":"Fruit Juice"},{"floor":47,"key":"BlessingOfTheForge"},{"floor":48,"key":"AttackPotion"}],"is_trial":false,"path_per_floor":["R","M","M","M","M","E","T","E","M","?","R","?","R","E","M","B",null,"R","M","M","M","M","M","T","?","R","M","R","?","R","E","M","B",null,"R","M","M","M","M","M","T","E","R","?","R","M","?","M","M","B",null,"E","$","R","B","B",null],"character_chosen":"GUARDIAN","items_purchased":["TungstenRod","expansioncontent:DashGenerateEvil","expansioncontent:InvincibleStrength","Boot","PrismaticShard"],"campfire_rested":0,"item_purchase_floors":[53,53,53,53,53],"current_hp_per_floor":[80,80,80,80,80,69,69,51,49,49,59,59,59,58,56,30,90,90,90,90,90,90,90,90,22,22,34,39,51,68,80,90,65,90,90,90,90,90,90,90,90,90,90,90,90,95,93,95,95,84,95,86,91,95,95,28],"gold":97,"neow_bonus":"THREE_ENEMY_KILL","is_daily":false,"chose_seed":false,"campfire_upgraded":6,"win_rate":0.0,"timestamp":1614267134,"path_taken":["R","M","M","M","M","E","T","E","M","?","R","?","R","E","M","BOSS","R","M","M","M","?","M","T","?","R","M","R","?","R","E","M","BOSS","R","M","M","M","M","M","T","E","R","?","R","M","?","M","M","BOSS","E","$","R","BOSS","BOSS"],"items_purchased_type":["Relic","Card","Card","Relic","Relic"],"build_version":"2020-12-22","purchased_purges":0,"victory":true,"max_hp_per_floor":[80,80,80,80,80,80,80,80,80,80,90,90,90,90,90,90,90,90,90,90,90,90,90,90,90,90,90,90,90,90,90,90,90,90,90,90,90,90,90,90,90,90,90,90,90,95,95,95,95,95,95,95,95,95,95,95],"relic_stats":{"counters":[35,193],"Eternal Feather":16,"Pen Nib":[20],"Bag of Preparation":[56],"Juzu Bracelet":0,"Letter Opener":[531],"War Paint":["Guardian:CurlUp","Guardian:ShieldCharger"],"MawBank":324,"Boot":[3],"Blood Vial":8,"Lizard Tail":0,"Shovel":4,"Bloody Idol":80,"Bird Faced Urn":[2],"obtain_stats":[{"Ice Cream":14,"Calipers":44,"Guardian:ModeShifterPlus":17,"downfall:HeartBlessingGreen":35,"Bag of Preparation":11,"Juzu Bracelet":42,"Boot":53,"PrismaticShard":53,"Blood Vial":25,"Lizard Tail":52,"Shovel":6,"downfall:HeartBlessingBlue":11,"Toxic Egg 2":18,"InkBottle":13,"downfall:HeartBlessingRed":11,"Guardian:ModeShifter":0,"downfall:HeartsMalice":0,"Eternal Feather":29,"Pen Nib":31,"Letter Opener":24,"War Paint":41,"MawBank":26,"White Beast Statue":8,"Bloody Idol":25,"Bird Faced Urn":47,"Coffee Dripper":34,"FossilizedHelix":29,"TungstenRod":53},{"Ice Cream":8,"Calipers":27,"Guardian:ModeShifterPlus":10,"downfall:HeartBlessingGreen":20,"Bag of Preparation":7,"Juzu Bracelet":26,"Boot":33,"PrismaticShard":33,"Blood Vial":15,"Lizard Tail":33,"Shovel":5,"downfall:HeartBlessingBlue":7,"Toxic Egg 2":10,"InkBottle":7,"downfall:HeartBlessingRed":7,"Guardian:ModeShifter":0,"downfall:HeartsMalice":0,"Eternal Feather":17,"Pen Nib":18,"Letter Opener":15,"War Paint":25,"MawBank":15,"White Beast Statue":6,"Bloody Idol":15,"Bird Faced Urn":29,"Coffee Dripper":20,"FossilizedHelix":17,"TungstenRod":33},{"Ice Cream":27,"Calipers":124,"Guardian:ModeShifterPlus":38,"downfall:HeartBlessingGreen":85,"Bag of Preparation":21,"Juzu Bracelet":118,"Boot":161,"PrismaticShard":161,"Blood Vial":59,"Lizard Tail":161,"Shovel":12,"downfall:HeartBlessingBlue":21,"Toxic Egg 2":38,"InkBottle":21,"downfall:HeartBlessingRed":21,"Guardian:ModeShifter":0,"downfall:HeartsMalice":0,"Eternal Feather":67,"Pen Nib":74,"Letter Opener":59,"War Paint":111,"MawBank":59,"White Beast Statue":15,"Bloody Idol":59,"Bird Faced Urn":133,"Coffee Dripper":85,"FossilizedHelix":67,"TungstenRod":161}],"InkBottle":[75],"TungstenRod":10},"card_choices":[{"not_picked":["Guardian:TemporalShield","Guardian:Incinerate"],"picked":"Guardian:ChargeUp","floor":2},{"not_picked":["Guardian:Reroute","Guardian:SentryBeam"],"picked":"Guardian:ChargeUp","floor":3},{"not_picked":["Guardian:Recover","Guardian:Harden"],"picked":"Guardian:Gem_Cyan","floor":4},{"not_picked":["Guardian:Gem_Red","Guardian:Reroute"],"picked":"Guardian:GatlingBeam","floor":5},{"not_picked":["Guardian:WalkerClaw","Guardian:RollAttack"],"picked":"Guardian:Gem_Cyan","floor":6},{"not_picked":["Guardian:BodySlam","Guardian:VentSteam"],"picked":"Guardian:Gem_Crimson","floor":8},{"not_picked":["Guardian:CrystalBeam","Guardian:Recover"],"picked":"Guardian:Gem_Lightblue","floor":9},{"not_picked":["Guardian:CrystalBeam","Guardian:PrismaticBeam"],"picked":"Guardian:ShieldCharger","floor":14},{"not_picked":["Guardian:DecasProtection","Guardian:Incinerate"],"picked":"Guardian:DonusPower","floor":15},{"not_picked":["Guardian:GemFire","Guardian:FierceBash"],"picked":"Guardian:GatlingBeam","floor":16},{"not_picked":["Guardian:PiercingHide+1","Guardian:Recover+1"],"picked":"Guardian:VentSteam+1","floor":19},{"not_picked":["Guardian:Incinerate","Guardian:Planning+1"],"picked":"Guardian:Gem_Purple","floor":20},{"not_picked":["Guardian:Suspension+1","Guardian:Planning+1"],"picked":"Guardian:ShieldCharger+1","floor":21},{"not_picked":["Guardian:Clone+1","Guardian:BaubleBeam"],"picked":"Guardian:Gem_White","floor":22},{"not_picked":["Guardian:GuardianWhirl","Guardian:VentSteam+1"],"picked":"Guardian:Clone+1","floor":23},{"not_picked":["Guardian:VentSteam+1","Guardian:Recover+1"],"picked":"Guardian:ChargeCore","floor":27},{"not_picked":["Guardian:ShieldCharger+1","Guardian:Gem_Cyan"],"picked":"Guardian:PrismaticBarrier+1","floor":29},{"not_picked":["Guardian:SentryBeam","Guardian:HyperBeam_Guardian"],"picked":"Guardian:Planning+1","floor":31},{"not_picked":["Guardian:PrimingBeam","Guardian:ShieldCharger+1"],"picked":"Guardian:TemporalStrike","floor":32},{"not_picked":["Guardian:FastForward+1","Guardian:SphericShield+1"],"picked":"Guardian:Gem_Orange","floor":33},{"not_picked":["Guardian:WalkerClaw+1","Guardian:ArmoredProtocol"],"picked":"Guardian:Gem_Lightblue","floor":36},{"not_picked":["Guardian:Gem_Red","Guardian:SpikerProtocol+1"],"picked":"Guardian:ChargeUp+1","floor":37},{"not_picked":["Guardian:PiercingHide+1","Guardian:ArmoredProtocol"],"picked":"Guardian:Gem_Synthetic","floor":38},{"not_picked":["Guardian:TemporalStrike","Guardian:Recover+1","Guardian:ShieldCharger+1"],"picked":"SKIP","floor":39},{"not_picked":["Guardian:Incinerate","Guardian:ArmoredProtocol"],"picked":"Guardian:TimeCapacitor+1","floor":40},{"not_picked":["Guardian:DecasProtection+1","Guardian:TemporalShield+1"],"picked":"Guardian:ExploitGems+1","floor":42},{"not_picked":["Guardian:Emergency+1","Guardian:ChargeCore+1"],"picked":"Guardian:Gem_Red","floor":44},{"not_picked":["Guardian:ArmoredProtocol","Guardian:Gem_Green"],"picked":"Guardian:Gem_Red","floor":46},{"not_picked":["Guardian:Reroute+1","Guardian:VentSteam+1"],"picked":"Guardian:Gem_Lightblue","floor":47},{"not_picked":["Guardian:RefractedBeam+1","Guardian:VentSteam+1"],"picked":"Guardian:Gem_Red","floor":48},{"not_picked":["Guardian:StasisField+1","Guardian:GuardianWhirl+1"],"picked":"Guardian:Gem_Yellow","floor":49},{"not_picked":["Guardian:TemporalShield+1","Guardian:WalkerClaw+1"],"picked":"Guardian:TimeBomb+1","floor":52}],"player_experience":93821,"relics_obtained":[{"floor":6,"key":"Shovel"},{"floor":8,"key":"White Beast Statue"},{"floor":11,"key":"Bag of Preparation"},{"floor":13,"key":"InkBottle"},{"floor":14,"key":"Ice Cream"},{"floor":18,"key":"Toxic Egg 2"},{"floor":24,"key":"Letter Opener"},{"floor":26,"key":"MawBank"},{"floor":29,"key":"FossilizedHelix"},{"floor":29,"key":"Eternal Feather"},{"floor":31,"key":"Pen Nib"},{"floor":41,"key":"War Paint"},{"floor":42,"key":"Juzu Bracelet"},{"floor":44,"key":"Calipers"},{"floor":47,"key":"Bird Faced Urn"},{"floor":52,"key":"Lizard Tail"}],"event_choices":[{"damage_healed":0,"gold_gain":0,"player_choice":" Idol Vial ","damage_taken":68,"relics_obtained":["Bloody Idol","Blood Vial"],"max_hp_gain":90,"max_hp_loss":22,"event_name":"betterAltar:BetterAltar","floor":25,"potions_obtained":[],"relics_lost":[],"gold_loss":0},{"damage_healed":0,"gold_gain":0,"player_choice":"Fight","damage_taken":0,"max_hp_gain":0,"max_hp_loss":0,"event_name":"Mysterious Sphere","floor":47,"gold_loss":0}],"is_beta":false,"boss_relics":[{"not_picked":["SacredBark","Calling Bell"],"picked":"Guardian:ModeShifterPlus"},{"not_picked":["Philosopher\u0027s Stone","Astrolabe"],"picked":"Coffee Dripper"}],"items_purged_floors":[],"is_endless":false,"potions_floor_spawned":[5,6,8,9,14,15,16,19,20,21,22,23,27,29,31,32,33,36,37,38,39,40,42,44,46,47,48,49,52],"ascension_level":1}}