{"host":"5tnftuc8o0gay6lt","time":1614222373,"event":{"mods":["BaseMod","BetterRewards","Conspire","Minty Spire (QoL Compilation)","Permanent Neow","Relic Filter Mod","Spicy Shops","StSLib","Td1madao Mod","Yuyuko","¡¾ÒÅÎï¿¨ÅÆ¡¿REMEMod"],"gold_per_floor":[159,190,228,300,358,358,393,393,441,480,57,57,112,167,167,307,307,352,352,31,90,64,64,97,48,48,82,82,140,140,153,153,281,281,302,302,338,374,37,68,68,83,83,119,138,163,19,38,38,38],"floor_reached":51,"language":"ZHS","playtime":5259,"items_purged":["Strike_C","Oblique Hack"],"score":780,"play_id":"ccf23f1f-9f59-4f0d-bb75-dc3580f1ac3d","local_time":"20210225110613","is_ascension_mode":false,"campfire_choices":[{"data":"Afterwards","floor":6.0,"key":"SMITH"},{"data":"Reinforcement Parts","floor":8.0,"key":"SMITH"},{"data":"Data Freezing","floor":15.0,"key":"SMITH"},{"data":"Pod Fire","floor":23.0,"key":"SMITH"},{"data":"Memory Alloy","floor":28.0,"key":"SMITH"},{"data":"Here Defend Chip","floor":32.0,"key":"SMITH"},{"data":"Afterwards","floor":41.0,"key":"SMITH"},{"data":"Backup","floor":49,"key":"SMITH"}],"circlet_count":0,"master_deck":["Knight Kick","Chip","Afterwards+1","HandOfGreed","Reinforcement Parts+1","Twin Teeth","Cooling Song","Fire Blade","Lunge","Here Defend Chip","Data Freezing+1","Overclocking","Fixing","Optimization","Three Hit+1","Black Contract","Here Defend Chip+1","Pod Fire+1","Here Defend Chip","Memory Alloy+1","Perfect Defend","Chip","Data Freezing","Pod Fire","Afterwards+1","Winding Magic","Backup+1","Black Dance","Reflection Mechanism","Provocative","Fixing+1","Here Defend Chip","Cooling Song","Lunge+1","Sub Weapons+1","Reflection Mechanism","Reinforcement Parts"],"relics":["Apod","REME_ComplimentaryCards","Dream Catcher","Girl Clothes","Golden Idol","conspire:Dentures","Philosopher\u0027s Stone","PreservedInsect","Letter Opener","Pandora\u0027s Box","Medical Kit","Art of War","InkBottle","Thread and Needle","HandDrill"],"acts_visited":["Exordium","TheCity","TheBeyond"],"potions_floor_usage":[48,50,50],"damage_taken":[{"damage":0.0,"enemies":"2 Louse","floor":1.0,"turns":4.0},{"damage":0.0,"enemies":"conspire:RoseBush","floor":2.0,"turns":3.0},{"damage":7.0,"enemies":"Jaw Worm","floor":3.0,"turns":5.0},{"damage":4.0,"enemies":"Gremlin Gang","floor":4.0,"turns":6.0},{"damage":0.0,"enemies":"conspire:2 RoseBushes","floor":5.0,"turns":4.0},{"damage":0.0,"enemies":"Blue Slaver","floor":7.0,"turns":3.0},{"damage":1.0,"enemies":"2 Fungi Beasts","floor":10.0,"turns":4.0},{"damage":0.0,"enemies":"Gremlin Nob","floor":13.0,"turns":4.0},{"damage":0.0,"enemies":"Exordium Wildlife","floor":14.0,"turns":4.0},{"damage":2.0,"enemies":"The Guardian","floor":16.0,"turns":11.0},{"damage":0.0,"enemies":"3 Byrds","floor":18.0,"turns":5.0},{"damage":0.0,"enemies":"conspire:FuzzyDice","floor":21.0,"turns":4.0},{"damage":2.0,"enemies":"Shelled Parasite and Fungi","floor":24.0,"turns":4.0},{"damage":0.0,"enemies":"Snake Plant","floor":27.0,"turns":4.0},{"damage":0.0,"enemies":"Book of Stabbing","floor":29.0,"turns":6.0},{"damage":0.0,"enemies":"conspire:HollyBat","floor":31.0,"turns":7.0},{"damage":29.0,"enemies":"Automaton","floor":33.0,"turns":7.0},{"damage":2.0,"enemies":"Orb Walker","floor":35.0,"turns":4.0},{"damage":3.0,"enemies":"3 Shapes","floor":37.0,"turns":8.0},{"damage":3.0,"enemies":"Jaw Worm Horde","floor":38.0,"turns":4.0},{"damage":8.0,"enemies":"Nemesis","floor":40.0,"turns":5.0},{"damage":0.0,"enemies":"Maw","floor":42.0,"turns":7.0},{"damage":20.0,"enemies":"conspire:MimicChest","floor":44.0,"turns":10.0},{"damage":9.0,"enemies":"3 Darklings","floor":45.0,"turns":6.0},{"damage":0.0,"enemies":"Transient","floor":46.0,"turns":5.0},{"damage":0,"enemies":"Jaw Worm Horde","floor":48,"turns":3},{"damage":7,"enemies":"Awakened One","floor":50,"turns":10}],"seed_played":"2795144966588481292","potions_obtained":[{"floor":3.0,"key":"Strength Potion"},{"floor":7.0,"key":"DistilledChaos"},{"floor":10.0,"key":"Weak Potion"},{"floor":13.0,"key":"ColorlessPotion"},{"floor":29.0,"key":"FearPotion"},{"floor":33.0,"key":"SkillPotion"},{"floor":37.0,"key":"Ancient Potion"},{"floor":38.0,"key":"Weak Potion"},{"floor":42.0,"key":"Weak Potion"},{"floor":46.0,"key":"Block Potion"}],"is_trial":false,"path_per_floor":["M","M","M","M","M","R","M","R","T","M","$","?","E","M","R","B",null,"M","?","$","M","$","R","M","$","T","M","R","E","?","M","R","B",null,"M","?","M","M","$","E","R","M","T","?","M","M","$","M","R","B",null],"character_chosen":"TD1MADAO_CLASS","items_purchased":["Girl Clothes","Here Defend Chip","Data Freezing","Black Contract","Here Defend Chip","Here Defend Chip","SteroidPotion","Medical Kit","Here Defend Chip","Cooling Song","HandDrill","Reflection Mechanism"],"campfire_rested":0,"item_purchase_floors":[11,11,11,20,20,22,25,39,39,39,47,47],"current_hp_per_floor":[70,70,63,59,59,59,59,59,59,58,58,41,41,41,41,39,70,70,70,70,70,70,70,68,68,68,68,68,68,68,68,68,39,70,68,68,65,62,62,54,54,54,54,34,25,25,25,25,25,18],"gold":38,"neow_bonus":"TRANSFORM_CARD","is_daily":false,"chose_seed":false,"campfire_upgraded":8,"win_rate":0.0,"timestamp":1614222373,"path_taken":["M","M","M","M","M","R","M","R","T","M","$","?","E","M","R","BOSS","M","?","$","M","$","R","M","?","T","?","R","E","?","?","R","BOSS","M","?","M","M","$","E","R","M","T","?","M","M","$","M","R","BOSS"],"items_purchased_type":["Relic","Card","Card","Card","Card","Card","Potion","Relic","Card","Card","Relic","Card"],"build_version":"2020-12-22","purchased_purges":2,"victory":true,"max_hp_per_floor":[70,70,70,70,70,70,70,70,70,70,70,70,70,70,70,70,70,70,70,70,70,70,70,70,70,70,70,70,70,70,70,70,70,70,70,70,70,70,70,70,70,70,70,70,70,70,70,70,70,70],"card_choices":[{"not_picked":["Weapon Shift","Black Dance"],"picked":"Reinforcement Parts","floor":1.0},{"not_picked":["Resistance","Ruin Defend","Black Shadow"],"picked":"SKIP","floor":2.0},{"not_picked":["Machining","Ruin Defend"],"picked":"Twin Teeth","floor":3.0},{"not_picked":["Rupture","Three Hit"],"picked":"Cooling Song","floor":4.0},{"not_picked":["Backup","Provocative"],"picked":"Fire Blade","floor":5.0},{"not_picked":["Sudden Beat","Three Hit","Black Hand"],"picked":"SKIP","floor":7.0},{"not_picked":["Light Attack","De Ware Chip"],"picked":"Lunge","floor":10.0},{"not_picked":["Black Shadow","Black Execution"],"picked":"Overclocking","floor":13.0},{"not_picked":["Afterwards","Light Attack"],"picked":"Fixing","floor":14.0},{"not_picked":["Backup","Pod Laser"],"picked":"Optimization","floor":16.0},{"not_picked":["Lunge","White Contract"],"picked":"Three Hit+1","floor":18.0},{"not_picked":["De Ware Chip","Machining"],"picked":"Pod Fire","floor":21.0},{"not_picked":["Twin Teeth+1","Three Hit"],"picked":"Memory Alloy","floor":24.0},{"not_picked":["Fire Up","Coercion+1","Light Attack"],"picked":"SKIP","floor":27.0},{"not_picked":["Bugfix","Trader","Provocative"],"picked":"SKIP","floor":29.0},{"not_picked":["Oblique Hack","Black Shadow","Black Execution"],"picked":"SKIP","floor":31.0},{"not_picked":["Shockwave Tdmadao","Overclocking"],"picked":"Data Freezing","floor":33.0},{"not_picked":["Light Attack+1","Gravity Defend+1"],"picked":"Reflection Mechanism","floor":35.0},{"not_picked":["White Contract+1","Sudden Beat+1"],"picked":"Provocative","floor":37.0},{"not_picked":["Preparedness","Weapon Shift+1"],"picked":"Fixing+1","floor":38.0},{"not_picked":["Trader","Cursed Blade+1"],"picked":"Lunge+1","floor":40.0},{"not_picked":["Transfer Energy+1","Load Balancing","Gravity Defend+1"],"picked":"SKIP","floor":42.0},{"not_picked":["Resistance","Recovery Mechanism","Black Shadow+1"],"picked":"SKIP","floor":45.0},{"not_picked":["Fire Blade+1","Coercion"],"picked":"Sub Weapons+1","floor":46.0},{"not_picked":["Fixing+1","Here Defend Chip"],"picked":"Reinforcement Parts","floor":48}],"player_experience":532794,"relics_obtained":[{"floor":9.0,"key":"Dream Catcher"},{"floor":13.0,"key":"conspire:Dentures"},{"floor":26.0,"key":"PreservedInsect"},{"floor":29.0,"key":"Letter Opener"},{"floor":40.0,"key":"Art of War"},{"floor":43.0,"key":"InkBottle"},{"floor":44.0,"key":"Thread and Needle"}],"event_choices":[{"damage_healed":0.0,"max_hp_gain":0.0,"max_hp_loss":0.0,"gold_gain":0.0,"event_name":"Golden Idol","player_choice":"Take Damage","floor":12.0,"gold_loss":0.0,"damage_taken":17.0,"relics_obtained":["Golden Idol"]},{"damage_healed":0.0,"max_hp_gain":0.0,"max_hp_loss":0.0,"gold_gain":0.0,"event_name":"Vampires","player_choice":"Ignored","floor":19.0,"gold_loss":0.0,"damage_taken":0.0},{"damage_healed":0.0,"max_hp_gain":0.0,"max_hp_loss":0.0,"gold_gain":0.0,"event_name":"Match and Keep!","player_choice":"2 cards matched","floor":30.0,"gold_loss":0.0,"damage_taken":0.0,"cards_obtained":["Perfect Defend","Chip"]},{"damage_healed":0.0,"max_hp_gain":0.0,"max_hp_loss":0.0,"gold_gain":0.0,"event_name":"Tomb of Lord Red Mask","player_choice":"Ignored","floor":36.0,"gold_loss":0.0,"damage_taken":0.0}],"is_beta":false,"boss_relics":[{"not_picked":["Cursed Key","conspire:SeveredTorchhead"],"picked":"Philosopher\u0027s Stone"},{"not_picked":["REME_ChargedStone","Fusion Hammer"],"picked":"Pandora\u0027s Box"}],"items_purged_floors":[20,39],"is_endless":false,"potions_floor_spawned":[3,7,10,13,29,33,37,38,42,46],"ascension_level":0}}