{"host":"5ueuk67tsx07ylcu","time":1614297213,"event":{"mods":["BaseMod","Colored Map","Colored Powertips","Downfall","Duelist Mod","GifTheSpireLib","Hermit","Infinite Spire","Lobotomy","Minty Spire (QoL Compilation)","StSLib","The Animator"],"gold_per_floor":[110,138,63,83,2,2,2,2,27,59,70,20,20,40,40,40,40],"floor_reached":16,"language":"ENG","playtime":1039,"items_purged":["animator:Defend"],"score":97,"play_id":"dac1ed29-8eec-44f1-b162-4f873a200afe","local_time":"20210225185333","is_ascension_mode":true,"campfire_choices":[{"data":"animator:Lu","floor":6,"key":"SMITH"},{"floor":8,"key":"RECALL"},{"data":"animator:Ain","floor":15,"key":"SMITH"}],"circlet_count":0,"master_deck":["animator:Strike_Elsword","animator:Defend_Elsword","animator:Strike","animator:Strike","animator:Defend","animator:Defend","animator:Chung","animator:Raven","animator:LimeBell","animator:Ain+1","animator:Lu+1","animator:Laby","animator:Elsword","animator:Curse_GriefSeed"],"relics":["animator:LivingPicture","animator:TheMissingPiece","Anchor"],"acts_visited":["Exordium"],"potions_floor_usage":[10,16],"damage_taken":[{"damage":3,"enemies":"Jaw Worm","floor":1,"turns":6},{"damage":10,"enemies":"Cultist","floor":2,"turns":6},{"damage":0,"enemies":"Small Slimes","floor":4,"turns":5},{"damage":0,"enemies":"Blue Slaver","floor":10,"turns":5},{"damage":6,"enemies":"Exordium Wildlife","floor":11,"turns":5},{"damage":10,"enemies":"3 Louse","floor":14,"turns":4},{"damage":38,"enemies":"Hexaghost","floor":16,"turns":10}],"seed_played":"2532395182879486587","potions_obtained":[{"floor":2,"key":"GamblersBrew"},{"floor":4,"key":"Block Potion"},{"floor":14,"key":"Dexterity Potion"}],"is_trial":false,"path_per_floor":["M","M","$","M","$","R","?","R","T","M","M","?","?","M","R","B"],"character_chosen":"THE_ANIMATOR","items_purchased":["animator:Laby"],"campfire_rested":0,"item_purchase_floors":[5],"current_hp_per_floor":[63,53,53,54,54,54,54,54,54,54,48,48,48,38,38,0,0],"gold":40,"neow_bonus":"RANDOM_COLORLESS","is_daily":false,"chose_seed":false,"campfire_upgraded":2,"win_rate":0.0,"timestamp":1614297213,"path_taken":["M","M","$","M","$","R","?","R","T","M","?","?","?","?","R","BOSS"],"items_purchased_type":["Card"],"build_version":"2020-12-22","purchased_purges":1,"victory":false,"max_hp_per_floor":[66,66,66,67,67,67,67,67,67,67,67,67,67,67,67,67,67],"card_choices":[{"not_picked":["animator:Magilou","animator:Urushihara"],"picked":"animator:LimeBell","floor":0},{"not_picked":["animator:ZankiKiguchi","animator:Entoma","animator:Togame"],"picked":"SKIP","floor":1},{"not_picked":["animator:RinTohsaka","animator:UneriGinkaku"],"picked":"animator:Ain","floor":2},{"not_picked":["animator:Chung","animator:Azekura"],"picked":"animator:Lu","floor":4},{"not_picked":["animator:Chung","animator:Raven"],"picked":"animator:Elsword","floor":10},{"not_picked":["animator:HiiragiShinya","animator:Priestess","animator:SakuraMatou"],"picked":"SKIP","floor":11},{"not_picked":["animator:HighElfArcher","animator:Rider","animator:Alexander"],"picked":"SKIP","floor":14}],"player_experience":337867,"relics_obtained":[],"event_choices":[{"damage_healed":0,"gold_gain":0,"player_choice":"Gave Potion","damage_taken":0,"relics_obtained":["Anchor"],"max_hp_gain":0,"max_hp_loss":0,"event_name":"WeMeetAgain","floor":7,"gold_loss":0},{"cards_removed":["animator:Strike"],"damage_healed":0,"gold_gain":0,"player_choice":"Card Removal","damage_taken":0,"max_hp_gain":0,"max_hp_loss":0,"event_name":"The Cleric","floor":12,"gold_loss":50},{"damage_healed":0,"gold_gain":0,"player_choice":"1 cards matched","damage_taken":0,"max_hp_gain":0,"max_hp_loss":0,"event_name":"Match and Keep!","floor":13,"gold_loss":0,"cards_obtained":["animator:Curse_GriefSeed"]}],"is_beta":false,"boss_relics":[],"items_purged_floors":[3],"is_endless":false,"potions_floor_spawned":[2,4,14],"killed_by":"Hexaghost","ascension_level":1}}