{"host":"sav7uxregyirlf69","time":1614235805,"event":{"mods":["AchievementEnabler","BaseMod","Colored Map","DeckTracker","Keyboard Shortcuts","Minty Spire (QoL Compilation)","READ ME - Guardian Mod","StSLib","SuperFastMode"],"gold_per_floor":[109,109,123,146,160,160,178,178,178,196,196,196,209,209,209,209,209],"floor_reached":16,"language":"KOR","playtime":264,"items_purged":[],"score":188,"play_id":"1cff0997-de1f-405c-a5c2-c4a63d089642","local_time":"20210225155005","is_ascension_mode":true,"campfire_choices":[{"floor":6,"key":"REST"},{"data":"Blood for Blood","floor":8,"key":"SMITH"},{"floor":12,"key":"REST"},{"data":"Disarm","floor":15,"key":"SMITH"}],"circlet_count":0,"master_deck":["AscendersBane","Strike_R","Strike_R","Strike_R","Strike_R","Defend_R","Defend_R","Defend_R","Bash","Disarm+1","Shrug It Off","Blood for Blood+1","Armaments+1","Flame Barrier+1"],"relics":["Burning Blood","Golden Idol","Toxic Egg 2"],"acts_visited":["Exordium"],"potions_floor_usage":[10,16,16,16],"damage_taken":[{"damage":7,"enemies":"Cultist","floor":1,"turns":4},{"damage":6,"enemies":"2 Louse","floor":3,"turns":3},{"damage":10,"enemies":"Jaw Worm","floor":4,"turns":5},{"damage":36,"enemies":"Large Slime","floor":5,"turns":13},{"damage":10,"enemies":"Blue Slaver","floor":7,"turns":6},{"damage":15,"enemies":"Lots of Slimes","floor":10,"turns":5},{"damage":6,"enemies":"3 Louse","floor":13,"turns":4},{"damage":34,"enemies":"Hexaghost","floor":16,"turns":11}],"seed_played":"3292068506501993009","potions_obtained":[{"floor":1,"key":"Strength Potion"},{"floor":3,"key":"Dexterity Potion"},{"floor":13,"key":"EntropicBrew"}],"is_trial":false,"path_per_floor":["M","?","M","M","M","R","M","R","T","M","?","R","M","?","R","B"],"character_chosen":"IRONCLAD","items_purchased":[],"campfire_rested":2,"item_purchase_floors":[],"current_hp_per_floor":[67,41,41,37,7,29,25,25,25,16,16,38,38,31,31,0,0],"gold":209,"neow_bonus":"REMOVE_CARD","is_daily":false,"chose_seed":false,"campfire_upgraded":2,"win_rate":0.0,"timestamp":1614235805,"path_taken":["M","?","M","M","M","R","M","R","T","M","?","R","M","?","R","BOSS"],"items_purchased_type":[],"build_version":"2020-12-22","purchased_purges":0,"victory":false,"max_hp_per_floor":[75,75,75,75,75,75,75,75,75,75,75,75,75,75,75,75,75],"card_choices":[{"not_picked":["Clothesline","Havoc"],"picked":"Disarm","floor":1},{"not_picked":["Body Slam","Warcry","Heavy Blade"],"picked":"SKIP","floor":3},{"not_picked":["Burning Pact","Juggernaut"],"picked":"Shrug It Off","floor":4},{"not_picked":["Battle Trance","Cleave"],"picked":"Blood for Blood","floor":5},{"not_picked":["Havoc","Headbutt","Iron Wave"],"picked":"SKIP","floor":7},{"not_picked":["True Grit+1","Reckless Charge"],"picked":"Armaments+1","floor":10},{"not_picked":["Entrench+1","Carnage"],"picked":"Flame Barrier+1","floor":13}],"player_experience":1694936,"relics_obtained":[{"floor":9,"key":"Toxic Egg 2"}],"event_choices":[{"damage_healed":0,"gold_gain":0,"player_choice":"Take Damage","damage_taken":26,"relics_obtained":["Golden Idol"],"max_hp_gain":0,"max_hp_loss":0,"event_name":"Golden Idol","floor":2,"gold_loss":0},{"damage_healed":0,"gold_gain":0,"player_choice":"Searched \u00270\u0027 times","damage_taken":0,"max_hp_gain":0,"max_hp_loss":0,"event_name":"Dead Adventurer","floor":11,"gold_loss":0},{"cards_removed":["Defend_R"],"damage_healed":0,"gold_gain":0,"player_choice":"Card Removal","damage_taken":7,"max_hp_gain":0,"max_hp_loss":0,"event_name":"Golden Wing","floor":14,"gold_loss":0}],"is_beta":false,"boss_relics":[],"items_purged_floors":[],"is_endless":false,"potions_floor_spawned":[1,3,13],"killed_by":"Hexaghost","ascension_level":20}}