{"host":"pke0xxyzw0teju56","time":1614276549,"event":{"mods":["BaseMod","Bestiary","Colored Powertips","Highlight Path","Minty Spire (QoL Compilation)","StSLib"],"gold_per_floor":[116,116,134,146,31,31,48,80,135,135,145,145,2,29,29,103,103,117,117,132,132,157,157,174,89,170,202,202,202],"floor_reached":28,"language":"ENG","playtime":781,"items_purged":["Strike_R","Strike_R"],"score":542,"play_id":"c07632ff-7537-44da-b4de-8780bf018769","local_time":"20210225130909","is_ascension_mode":true,"campfire_choices":[{"data":"Bloodletting","floor":6,"key":"SMITH"},{"floor":10,"key":"REST"},{"data":"Brutality","floor":15,"key":"SMITH"},{"data":"Offering","floor":23,"key":"SMITH"}],"circlet_count":0,"master_deck":["AscendersBane","Strike_R","Strike_R","Defend_R","Defend_R","Defend_R","Bash","Offering+1","Double Tap","Headbutt","Brutality+1","Bloodletting+1","Flame Barrier","Sword Boomerang","Carnage+1","Pommel Strike","Ghostly Armor","Metallicize","Fire Breathing","Flame Barrier","Exhume","Blood for Blood","Disarm","Clumsy"],"relics":["Burning Blood","Paper Frog","Dream Catcher","Red Skull","Cursed Key","Red Mask","Pen Nib","Toxic Egg 2","Shuriken"],"acts_visited":["Exordium","TheCity"],"potions_floor_usage":[8,27],"damage_taken":[{"damage":13,"enemies":"Jaw Worm","floor":1,"turns":2},{"damage":3,"enemies":"Cultist","floor":3,"turns":3},{"damage":6,"enemies":"Small Slimes","floor":4,"turns":3},{"damage":21,"enemies":"Exordium Wildlife","floor":7,"turns":3},{"damage":37,"enemies":"3 Sentries","floor":8,"turns":5},{"damage":6,"enemies":"2 Fungi Beasts","floor":11,"turns":2},{"damage":3,"enemies":"Gremlin Nob","floor":14,"turns":2},{"damage":23,"enemies":"Hexaghost","floor":16,"turns":7},{"damage":13,"enemies":"Spheric Guardian","floor":18,"turns":5},{"damage":15,"enemies":"Shell Parasite","floor":20,"turns":4},{"damage":10,"enemies":"Masked Bandits","floor":22,"turns":2},{"damage":23,"enemies":"3 Cultists","floor":24,"turns":4},{"damage":17,"enemies":"Book of Stabbing","floor":27,"turns":4},{"damage":8,"enemies":"Colosseum Slavers","floor":28,"turns":2}],"seed_played":"3671842994838819973","potions_obtained":[{"floor":4,"key":"GamblersBrew"},{"floor":7,"key":"PowerPotion"},{"floor":11,"key":"SteroidPotion"}],"is_trial":false,"path_per_floor":["M","?","M","M","$","R","M","E","T","R","M","?","$","E","R","B",null,"M","$","M","?","?","R","M","?","T","E","?"],"character_chosen":"IRONCLAD","items_purchased":["Carnage","Fire Breathing"],"campfire_rested":1,"item_purchase_floors":[5,13],"current_hp_per_floor":[61,61,64,64,64,64,49,18,18,38,38,38,38,41,41,24,57,50,50,41,41,37,37,20,20,20,9,1,1],"gold":202,"neow_bonus":"TRANSFORM_TWO_CARDS","is_daily":false,"chose_seed":false,"campfire_upgraded":3,"win_rate":0.0,"timestamp":1614276549,"path_taken":["M","?","M","M","?","R","M","E","T","R","M","?","$","E","R","BOSS","M","$","M","?","?","R","M","?","T","E","?"],"items_purchased_type":["Card","Card"],"build_version":"2020-12-22","purchased_purges":2,"victory":false,"max_hp_per_floor":[68,68,68,68,68,68,68,68,68,68,68,68,68,68,68,68,68,68,68,68,68,68,68,68,68,68,68,68,68],"card_choices":[{"not_picked":["Evolve","Perfected Strike"],"picked":"Headbutt","floor":1},{"not_picked":["Twin Strike","Warcry"],"picked":"Flame Barrier","floor":3},{"not_picked":["Pommel Strike","Clothesline"],"picked":"Sword Boomerang","floor":4},{"not_picked":["Flex","Infernal Blade"],"picked":"Pommel Strike","floor":7},{"not_picked":["Dual Wield","Pummel"],"picked":"Ghostly Armor","floor":8},{"not_picked":["Sword Boomerang","Clothesline"],"picked":"Metallicize","floor":11},{"not_picked":["Headbutt","Twin Strike"],"picked":"Flame Barrier","floor":14},{"not_picked":["Bludgeon","Fiend Fire"],"picked":"Exhume","floor":16},{"not_picked":["Havoc","Thunderclap","Cleave"],"picked":"SKIP","floor":18},{"not_picked":["Heavy Blade","Headbutt"],"picked":"Blood for Blood","floor":20},{"not_picked":["True Grit","Thunderclap+1"],"picked":"Disarm","floor":22},{"not_picked":["Anger","Iron Wave","Berserk"],"picked":"SKIP","floor":27}],"player_experience":5387250,"relics_obtained":[{"floor":8,"key":"Paper Frog"},{"floor":9,"key":"Dream Catcher"},{"floor":14,"key":"Red Skull"},{"floor":22,"key":"Red Mask"},{"floor":26,"key":"Toxic Egg 2"},{"floor":27,"key":"Shuriken"}],"event_choices":[{"damage_healed":0,"gold_gain":0,"player_choice":"2 cards matched","damage_taken":0,"max_hp_gain":0,"max_hp_loss":0,"event_name":"Match and Keep!","floor":2,"gold_loss":0,"cards_obtained":["Brutality","Bloodletting"]},{"damage_healed":0,"gold_gain":0,"player_choice":"Grow","damage_taken":0,"max_hp_gain":0,"max_hp_loss":0,"event_name":"Living Wall","floor":12,"gold_loss":0,"cards_upgraded":["Carnage"]},{"damage_healed":0,"gold_gain":0,"player_choice":"Ignored","damage_taken":0,"max_hp_gain":0,"max_hp_loss":0,"event_name":"The Mausoleum","floor":21,"gold_loss":0},{"damage_healed":0,"gold_gain":0,"player_choice":"Fought Bandits","damage_taken":0,"max_hp_gain":0,"max_hp_loss":0,"event_name":"Masked Bandits","floor":22,"gold_loss":0},{"damage_healed":0,"gold_gain":0,"player_choice":"Obtained Relic","damage_taken":0,"relics_obtained":["Pen Nib"],"max_hp_gain":0,"max_hp_loss":0,"event_name":"Addict","floor":25,"gold_loss":85},{"damage_healed":0,"gold_gain":0,"player_choice":"Fight","damage_taken":0,"max_hp_gain":0,"max_hp_loss":0,"event_name":"Colosseum","floor":28,"gold_loss":0}],"is_beta":false,"boss_relics":[{"not_picked":["SacredBark","Snecko Eye"],"picked":"Cursed Key"}],"items_purged_floors":[5,13],"is_endless":false,"potions_floor_spawned":[4,7,11,14,20,22],"killed_by":"Colosseum Slavers","ascension_level":20}}