{"host":"qrfkyfrpo74atslb","time":1614248147,"event":{"mods":["Astrologer","Bartender","BaseMod","Beaked The Cultist","Better Note","Better Third Choice","CapriCore","Colored Map","Colored Powertips","Conspire","DeckTracker","Downfall","GungeonMod","Hermit","Hero for Fun","Hubris","Koishi","LagranYue(???·?)","Mad Scientist","Marisa????????","Minty Spire (QoL Compilation)","Prisma Mod","Reimu??????","Remilia??????","StSLib","The Administrix","The Alterego","The Bladedancer","The Cursed","The Gatherer","The Immortal","The Mystic","The Necromancer","The Runesmith","The Servant 0.9.4","The Wild Card","TheSwordswoman","WarShipGirlsR/????R mod","Yakumo Yukari mod","Yuyuko"],"gold_per_floor":[113,388,404,417,429,429,429],"floor_reached":6,"language":"ENG","playtime":237,"items_purged":[],"score":38,"play_id":"e89a7743-4c7f-4eb5-9c64-b5b7e7473af5","local_time":"20210225231547","is_ascension_mode":false,"campfire_choices":[],"circlet_count":0,"master_deck":["hermit:Strike_Hermit","hermit:Strike_Hermit","hermit:Strike_Hermit","hermit:Strike_Hermit","hermit:Defend_Hermit","hermit:Defend_Hermit","hermit:Defend_Hermit","hermit:Defend_Hermit","hermit:Snapshot","hermit:Covet","DemoMod:Invincible","hermit:Misfire","Regret","hermit:ShadowCloak","hermit:Manifest","hermit:BigShot"],"relics":["hermit:Momento","LagranYue:RandomDrawCardRelic"],"acts_visited":["Exordium"],"potions_floor_usage":[5,6],"damage_taken":[{"damage":10,"enemies":"conspire:RoseBush","floor":1,"turns":3},{"damage":10,"enemies":"Cultist","floor":3,"turns":4},{"damage":8,"enemies":"Jaw Worm","floor":4,"turns":4},{"damage":9,"enemies":"conspire:2 RoseBushes","floor":5,"turns":4},{"damage":51,"enemies":"Gremlin Nob","floor":6,"turns":6}],"seed_played":"7909925974497558027","potions_obtained":[{"floor":3,"key":"FearPotion"},{"floor":4,"key":"Regen Potion"},{"floor":5,"key":"Weak Potion"}],"is_trial":false,"path_per_floor":["M","?","M","M","M","E"],"character_chosen":"HERMIT","items_purchased":[],"campfire_rested":0,"item_purchase_floors":[],"current_hp_per_floor":[58,58,48,40,43,0,0],"gold":429,"neow_bonus":"RANDOM_COLORLESS_2","is_daily":false,"chose_seed":false,"campfire_upgraded":0,"win_rate":0.0,"timestamp":1614248147,"path_taken":["M","?","M","M","M","E"],"items_purchased_type":[],"build_version":"2020-12-22","purchased_purges":0,"victory":false,"max_hp_per_floor":[68,68,68,68,68,68,68],"card_choices":[{"not_picked":["Metamorphosis","Apotheosis"],"picked":"DemoMod:Invincible","floor":0},{"not_picked":["hermit:EyeOfTheStorm","hermit:Ricochet"],"picked":"hermit:Misfire","floor":1},{"not_picked":["hermit:LoneWolf","hermit:ItchyTrigger"],"picked":"hermit:ShadowCloak","floor":3},{"not_picked":["hermit:ItchyTrigger","hermit:HoleUp"],"picked":"hermit:Manifest","floor":4},{"not_picked":["hermit:Ricochet","hermit:Coalescence"],"picked":"hermit:BigShot","floor":5}],"player_experience":144142,"relics_obtained":[],"event_choices":[{"damage_healed":0,"gold_gain":275,"player_choice":"Desecrate","damage_taken":0,"max_hp_gain":0,"max_hp_loss":0,"event_name":"Golden Shrine","floor":2,"gold_loss":0,"cards_obtained":["Regret"]}],"is_beta":false,"boss_relics":[],"items_purged_floors":[],"is_endless":false,"potions_floor_spawned":[3,4,5],"killed_by":"Gremlin Nob","ascension_level":0}}