{"host":"03jd0k347uuzjnun","time":1614283139,"event":{"mods":["BaseMod","Bestiary","Minty Spire (QoL Compilation)","Permanent Neow","Quick Restart","Random Character Button","Relic Stats"],"gold_per_floor":[119,134,152,2,14,48,48,65,65,82,82,357,388,72,72,149,149,166,179,193,25,43,73,73,103,149,164,164,182,182,215,215,287,287,302,32,47,47,63,90,90,121,121,147,147,163,163,4,4,4,4,4,4,4,30,30,30],"floor_reached":56,"language":"ENG","playtime":6466,"items_purged":["Shame","Regret"],"score":2214,"play_id":"65c4875a-05eb-4b6d-af0d-de4c68e6c2e7","local_time":"20210225205859","is_ascension_mode":true,"campfire_choices":[{"data":"Wallop","floor":7.0,"key":"SMITH"},{"floor":11.0,"key":"REST"},{"data":"Conclude","floor":15.0,"key":"SMITH"},{"data":"Blasphemy","floor":24.0,"key":"SMITH"},{"data":"BattleHymn","floor":28.0,"key":"SMITH"},{"data":"Wallop","floor":30.0,"key":"SMITH"},{"data":"Vigilance","floor":32.0,"key":"SMITH"},{"data":"TalkToTheHand","floor":41,"key":"SMITH"},{"floor":47,"key":"REST"},{"floor":49,"key":"RECALL"},{"data":"TalkToTheHand","floor":53,"key":"SMITH"}],"circlet_count":0,"master_deck":["AscendersBane","Strike_P","Strike_P","Strike_P+1","Strike_P","Defend_P","Defend_P","Defend_P","Defend_P","Eruption+1","Vigilance+1","ReachHeaven","CutThroughFate","Halt","Conclude+1","SashWhip","Wallop+1","EmptyFist+1","Protect+1","CutThroughFate+1","FollowUp+1","LessonLearned+1","EmptyFist","Wallop+1","CutThroughFate+1","Blasphemy+1","FlurryOfBlows","ThirdEye+1","BattleHymn+1","MasterReality+1","TalkToTheHand+1","Violence+1","Madness","Madness","Vault","Tantrum+1","MentalFortress","TalkToTheHand+1","Wireheading","Worship+1"],"relics":["HolyWater","Incense Burner","MealTicket","Singing Bowl","Bottled Lightning","Vajra","Cursed Key","Orrery","Omamori","Dead Branch","Sundial","Yang","StoneCalendar","InkBottle","Letter Opener","Art of War"],"acts_visited":["Exordium","TheCity","TheBeyond","TheEnding"],"potions_floor_usage":[51],"damage_taken":[{"damage":8.0,"enemies":"Cultist","floor":1.0,"turns":5.0},{"damage":0.0,"enemies":"2 Louse","floor":2.0,"turns":3.0},{"damage":5.0,"enemies":"Small Slimes","floor":3.0,"turns":2.0},{"damage":7.0,"enemies":"2 Fungi Beasts","floor":5.0,"turns":5.0},{"damage":7.0,"enemies":"3 Sentries","floor":6.0,"turns":4.0},{"damage":0.0,"enemies":"Exordium Wildlife","floor":8.0,"turns":2.0},{"damage":17.0,"enemies":"Red Slaver","floor":10.0,"turns":6.0},{"damage":4.0,"enemies":"Gremlin Nob","floor":13.0,"turns":4.0},{"damage":0.0,"enemies":"Slime Boss","floor":16.0,"turns":3.0},{"damage":4.0,"enemies":"Chosen","floor":18.0,"turns":5.0},{"damage":5.0,"enemies":"Spheric Guardian","floor":19.0,"turns":5.0},{"damage":0.0,"enemies":"Cultist and Chosen","floor":20.0,"turns":5.0},{"damage":6.0,"enemies":"Snake Plant","floor":22.0,"turns":3.0},{"damage":6.0,"enemies":"Book of Stabbing","floor":23.0,"turns":4.0},{"damage":20.0,"enemies":"Slavers","floor":25.0,"turns":5.0},{"damage":0.0,"enemies":"Centurion and Healer","floor":27.0,"turns":8.0},{"damage":0.0,"enemies":"Chosen and Byrds","floor":29.0,"turns":4.0},{"damage":10.0,"enemies":"Book of Stabbing","floor":31.0,"turns":4.0},{"damage":2.0,"enemies":"Collector","floor":33.0,"turns":5.0},{"damage":0,"enemies":"3 Darklings","floor":35,"turns":3},{"damage":0,"enemies":"3 Shapes","floor":37,"turns":5},{"damage":11,"enemies":"Maw","floor":39,"turns":8},{"damage":21,"enemies":"Nemesis","floor":40,"turns":5},{"damage":1,"enemies":"Giant Head","floor":42,"turns":7},{"damage":16,"enemies":"Reptomancer","floor":44,"turns":5},{"damage":2,"enemies":"Spire Growth","floor":46,"turns":4},{"damage":31,"enemies":"Donu and Deca","floor":50,"turns":8},{"damage":19,"enemies":"Time Eater","floor":51,"turns":9},{"damage":10,"enemies":"Shield and Spear","floor":55,"turns":7},{"damage":142,"enemies":"The Heart","floor":56,"turns":9}],"seed_played":"-5238607938846552002","potions_obtained":[{"floor":2.0,"key":"EssenceOfSteel"},{"floor":8.0,"key":"SpeedPotion"},{"floor":18.0,"key":"SteroidPotion"},{"floor":25.0,"key":"BlessingOfTheForge"},{"floor":29.0,"key":"PowerPotion"},{"floor":42,"key":"SmokeBomb"}],"is_trial":false,"path_per_floor":["M","M","M","$","M","E","R","M","T","M","R","?","E","$","R","B",null,"M","M","M","$","M","E","R","E","T","M","R","M","R","E","R","B",null,"M","$","M","?","M","E","R","E","T","E","?","M","R","$","R","B","B",null,"R","$","E","B"],"character_chosen":"WATCHER","items_purchased":["Conclude","Vajra","FollowUp","Orrery","TalkToTheHand","Violence","TalkToTheHand","Wireheading"],"campfire_rested":2,"item_purchase_floors":[4,14,14,21,36,36,48,48],"current_hp_per_floor":[53,53,48,48,41,34,34,34,34,17,37,37,33,48,48,48,63,59,56,58,76,70,66,66,46,46,46,46,48,48,40,40,38,71,73,84,86,71,62,41,41,40,40,24,24,24,51,66,66,35,16,72,72,87,77,0,0],"gold":30,"neow_bonus":"ONE_RARE_RELIC","is_daily":false,"chose_seed":false,"campfire_upgraded":8,"win_rate":0.0,"timestamp":1614283139,"path_taken":["M","?","M","$","M","E","R","M","T","M","R","?","E","$","R","BOSS","M","M","?","$","M","E","R","E","T","M","R","?","R","E","R","BOSS","M","$","M","?","M","E","R","E","T","E","?","M","R","$","R","BOSS","BOSS","R","$","E","BOSS"],"items_purchased_type":["Card","Relic","Card","Relic","Card","Card","Card","Card"],"build_version":"2020-12-22","purchased_purges":2,"victory":false,"max_hp_per_floor":[68,68,68,68,68,68,68,68,68,68,68,68,68,68,68,68,68,68,70,72,76,76,78,78,78,78,78,78,80,80,82,82,82,82,84,84,86,86,88,88,88,88,88,88,88,90,90,90,90,90,90,90,90,90,90,90,90],"relic_stats":{"Singing Bowl":22,"counters":[30,152],"Sundial":[4],"Dead Branch":[177],"MealTicket":70,"Yang":[176],"StoneCalendar":[208],"Art of War":[1],"Letter Opener":[72],"Cursed Key":2,"obtain_stats":[{"Singing Bowl":9,"Dead Branch":25,"Vajra":14,"Yang":40,"StoneCalendar":42,"Incense Burner":0,"Omamori":23,"Letter Opener":44,"Cursed Key":17,"Sundial":31,"Orrery":21,"HolyWater":34,"MealTicket":6,"Art of War":55,"Bottled Lightning":13,"PureWater":0,"InkBottle":43},{"Singing Bowl":6,"Dead Branch":15,"Vajra":8,"Yang":23,"StoneCalendar":24,"Incense Burner":0,"Omamori":14,"Letter Opener":25,"Cursed Key":9,"Sundial":18,"Orrery":12,"HolyWater":19,"MealTicket":5,"Art of War":29,"Bottled Lightning":8,"PureWater":0,"InkBottle":24},{"Singing Bowl":21,"Dead Branch":61,"Vajra":31,"Yang":103,"StoneCalendar":110,"Incense Burner":0,"Omamori":56,"Letter Opener":115,"Cursed Key":34,"Sundial":77,"Orrery":49,"HolyWater":82,"MealTicket":19,"Art of War":143,"Bottled Lightning":31,"PureWater":0,"InkBottle":110}],"InkBottle":[27]},"card_choices":[{"not_picked":["Prostrate","Perseverance"],"picked":"ReachHeaven","floor":1.0},{"not_picked":["FlyingSleeves","Study"],"picked":"CutThroughFate","floor":2.0},{"not_picked":["PathToVictory","InnerPeace"],"picked":"Halt","floor":3.0},{"not_picked":["Prostrate","LikeWater"],"picked":"SashWhip","floor":5.0},{"not_picked":["FollowUp","FlyingSleeves"],"picked":"Wallop","floor":6.0},{"not_picked":["FlurryOfBlows","Consecrate"],"picked":"EmptyFist","floor":8.0},{"not_picked":["ReachHeaven","EmptyBody"],"picked":"Protect","floor":10.0},{"not_picked":["Consecrate","CrushJoints"],"picked":"CutThroughFate","floor":13.0},{"not_picked":["MasterReality","Ragnarok"],"picked":"LessonLearned","floor":16.0},{"not_picked":["Prostrate","Swivel"],"picked":"EmptyFist","floor":18.0},{"not_picked":["SashWhip","ClearTheMind","Consecrate"],"picked":"Singing Bowl","floor":19.0},{"not_picked":["EmptyBody","FollowUp","Protect"],"picked":"Singing Bowl","floor":20.0},{"not_picked":["ThirdEye","SashWhip"],"picked":"Wallop","floor":21.0},{"not_picked":["CrushJoints","JustLucky"],"picked":"CutThroughFate","floor":21.0},{"not_picked":["WaveOfTheHand","ClearTheMind","Halt"],"picked":"Singing Bowl","floor":21.0},{"not_picked":["Omniscience","Conclude"],"picked":"Blasphemy","floor":21.0},{"not_picked":["EmptyFist","Pray","SashWhip"],"picked":"Singing Bowl","floor":21.0},{"not_picked":["CutThroughFate","JustLucky"],"picked":"FlurryOfBlows","floor":22.0},{"not_picked":["JustLucky","Collect+1","Fasting2"],"picked":"Singing Bowl","floor":23.0},{"not_picked":["PathToVictory","CutThroughFate"],"picked":"ThirdEye+1","floor":25.0},{"not_picked":["Swivel","Prostrate"],"picked":"BattleHymn","floor":27.0},{"not_picked":["FollowUp","CrushJoints","JustLucky"],"picked":"Singing Bowl","floor":29.0},{"not_picked":["Evaluate","Worship","SashWhip"],"picked":"Singing Bowl","floor":31.0},{"not_picked":["Scrawl","LessonLearned"],"picked":"MasterReality","floor":33.0},{"not_picked":["ClearTheMind","Sanctity+1","EmptyBody+1"],"picked":"Singing Bowl","floor":35},{"not_picked":["Consecrate+1","CarveReality+1","ClearTheMind"],"picked":"Singing Bowl","floor":37},{"not_picked":["FlyingSleeves","Sanctity","Fasting2"],"picked":"Singing Bowl","floor":39},{"not_picked":["MentalFortress","Study"],"picked":"Vault","floor":40},{"not_picked":["CutThroughFate+1","Crescendo"],"picked":"Tantrum+1","floor":42},{"not_picked":["Blasphemy","FollowUp"],"picked":"MentalFortress","floor":44},{"not_picked":["JustLucky","BowlingBash","ClearTheMind"],"picked":"Singing Bowl","floor":46},{"not_picked":["Halt","FlyingSleeves+1"],"picked":"Worship+1","floor":55}],"player_experience":1216840,"relics_obtained":[{"floor":6.0,"key":"MealTicket"},{"floor":9.0,"key":"Singing Bowl"},{"floor":13.0,"key":"Bottled Lightning"},{"floor":23.0,"key":"Omamori"},{"floor":25.0,"key":"Dead Branch"},{"floor":31.0,"key":"Sundial"},{"floor":40,"key":"Yang"},{"floor":42,"key":"StoneCalendar"},{"floor":43,"key":"InkBottle"},{"floor":44,"key":"Letter Opener"},{"floor":55,"key":"Art of War"}],"event_choices":[{"damage_healed":0.0,"max_hp_gain":0.0,"max_hp_loss":0.0,"gold_gain":275.0,"event_name":"Golden Shrine","player_choice":"Desecrate","floor":12.0,"gold_loss":0.0,"damage_taken":0.0,"cards_obtained":["Regret"]},{"damage_healed":0,"gold_gain":0,"player_choice":"Embrace Madness","damage_taken":15,"max_hp_gain":0,"max_hp_loss":0,"event_name":"Winding Halls","floor":38,"gold_loss":0,"cards_obtained":["Madness","Madness"]},{"damage_healed":0,"gold_gain":0,"player_choice":"Ignored","damage_taken":0,"max_hp_gain":0,"max_hp_loss":0,"event_name":"Tomb of Lord Red Mask","floor":45,"gold_loss":0}],"is_beta":false,"boss_relics":[{"not_picked":["SacredBark","Tiny House"],"picked":"Cursed Key"},{"not_picked":["Snecko Eye","SlaversCollar"],"picked":"HolyWater"}],"items_purged_floors":[4,14],"is_endless":false,"potions_floor_spawned":[2,8,13,18,25,29,31,42],"killed_by":"The Heart","ascension_level":20}}