{"host":"21o28mgl9u9ntir2","time":1614272062,"event":{"mods":["BaseMod","BetterRewards","Colored Powertips","Minty Spire (QoL Compilation)","Quick Restart","Remove Card Discount Mod","SOS（斯巴达之子）","Spicy Shops","StSLib","SuperFastMode","[IsaacMod]以撒尖塔","【遗物卡牌】REMEMod","残留之物"],"gold_per_floor":[136,171,171,171,246,305,305,339,339,375,429,729,751,751,751,845,845,881,881,881,922,922,955,955,988,988,988,988,1015,1015,1121,1121,1202,1202,1216,1247,1247,1547,1568,1602,1602,1602,1602,1602,1642,1676,1712,1780,1780,1792,1804,1804,1804,1804,1835,1865],"floor_reached":57,"language":"ZHS","playtime":1404,"items_purged":["Doubt","Injury","PlaceholderMod:BaseStrike","PlaceholderMod:BaseStrike","PlaceholderMod:BaseStrike","PlaceholderMod:BaseStrike","PlaceholderMod:BaseStrike","PlaceholderMod:PoisonWhip","PlaceholderMod:BaseDefend","PlaceholderMod:DiffusionPoison","PlaceholderMod:BaseDefend","PlaceholderMod:PoisonAbsorb","PlaceholderMod:Crystal","PlaceholderMod:DirectingGroup","PlaceholderMod:BaseDefend","Injury","Normality","Bomb","Pain","Regret"],"score":4608,"play_id":"59a4cfcb-642c-4cee-8587-6d72abe275b2","local_time":"20210226005422","is_ascension_mode":true,"campfire_choices":[{"data":"PlaceholderMod:FinalSpray","floor":7.0,"key":"SMITH"},{"data":"PlaceholderMod:FinalSpray","floor":15.0,"key":"SMITH"},{"data":"PlaceholderMod:PoisonExcitation","floor":24,"key":"SMITH"},{"data":"PlaceholderMod:CorePoison","floor":27,"key":"SMITH"},{"floor":32,"key":"RECALL"},{"floor":49,"key":"DIG"},{"data":"1","floor":53,"key":"LIFT"}],"circlet_count":33,"master_deck":["AscendersBane","PlaceholderMod:BaseDefend+1","PlaceholderMod:PoisonExcitation+1","PlaceholderMod:FinalSpray+1","PlaceholderMod:CorePoison+1","PlaceholderMod:FinalSpray+1","PlaceholderMod:DirectingGroup","PlaceholderMod:FinalSpray+1","PlaceholderMod:DiffusionPoison+1","PlaceholderMod:PoisonAbsorb+1","PlaceholderMod:FinalSpray+1","Madness+1","Madness+1","PlaceholderMod:FinalSpray+1"],"relics":["PlaceholderMod:Tancle","HushsDoor","REME_ComplimentaryCards","SteamSale","Bag of Preparation","Membership Card","ClockworkSouvenir","Vajra","Girya","Torii","Tiny Chest","Sling","Chemical X","Boot","Du-Vu Doll","Medical Kit","Sundial","Potion Belt","Singing Bowl","Mango","WingedGreaves","HowToJump","DeadEye","TheAbacus","PlaceholderMod:SlimeBlood","Happy Flower","TheBattery","Orichalcum","Pear","SatanicBible","Habit","Orrery","CaptainsWheel","Regal Pillow","Lantern","Strawberry","REME_CardOfGreed","Leech","Ice Cream","Incense Burner","Lee\u0027s Waffle","Centennial Puzzle","UnicornStump","PlaceholderMod:Abhoth","BelialBook","BookofShadows","Unceasing Top","PlaceholderMod:FlatBlood","ForgetMeNow","PreservedInsect","Toy Ornithopter","Dream Catcher","Frozen Eye","NineVolt","Ginger","Bag of Marbles","Omamori","Nunchaku","HandDrill","DeathBook","GnawedLeaf","Calipers","Strange Spoon","BFFS","GuppysHead","BlankCard","Bronze Scales","Art of War","Ancient Tea Set","OrangePellets","PlaceholderMod:NyogSothep","TheBean","DollysMirror","EdensBlessing","REME_HourglassOfDeath","Thread and Needle","PunchingBag","Anchor","Chaos","War Paint","Bottled Lightning","Succubus","NineLifeCat","Blue Candle","MoneyPower","Shuriken","REME_OnlineShoppingPlatform","StoneCalendar","InkBottle","Turnip","Bird Faced Urn","Cursed Key","Pocketwatch","Kunai","RottenBaby","JudasShadow","Letter Opener","BloodDonationMachine","Mummified Hand","PlaceholderMod:DaolothFragment","SacredBark","MealTicket","PlaceholderMod:LiveLive","DoctorsRemote","MegaBlast","SlaversCollar","Prayer Wheel","Shovel","REME_ArchaeologicalTools","REME_LimitBreaker","Meat on the Bone","Frozen Egg 2","Mercury Hourglass","MagicMushroom","TungstenRod","PlaceholderMod:SoulofChaos","MegaBlast","Calling Bell","Oddly Smooth Stone","Busted Crown","PokeGo","Ornamental Fan","Dead Branch","Black Star","GuppysPaw","Juzu Bracelet","Pantograph","Coffee Dripper","D4","Toxic Egg 2","Void","White Beast Statue","Circlet","ChampionBelt","GuppysCollar","Red Mask","TuHaoJin","Eternal Feather","GuppysTail","Damocles"],"acts_visited":["Exordium","TheCity","TheBeyond","TheEnding"],"potions_floor_usage":[],"damage_taken":[{"damage":0.0,"enemies":"2 Louse","floor":1.0,"turns":1.0},{"damage":0.0,"enemies":"Small Slimes","floor":2.0,"turns":1.0},{"damage":0.0,"enemies":"Gremlin Nob","floor":6.0,"turns":1.0},{"damage":0.0,"enemies":"Cultist","floor":8.0,"turns":1.0},{"damage":0.0,"enemies":"Gremlin Gang","floor":10.0,"turns":1.0},{"damage":0.0,"enemies":"Lagavulin","floor":11.0,"turns":1.0},{"damage":0.0,"enemies":"Red Slaver","floor":13.0,"turns":1.0},{"damage":0.0,"enemies":"Slime Boss","floor":16.0,"turns":1.0},{"damage":0.0,"enemies":"Gremlin Leader","floor":18.0,"turns":1.0},{"damage":0.0,"enemies":"Masked Bandits","floor":21.0,"turns":1.0},{"damage":0,"enemies":"REME_1_Revenger","floor":23,"turns":1},{"damage":0,"enemies":"Slavers","floor":25,"turns":1},{"damage":0,"enemies":"Colosseum Slavers","floor":31,"turns":1},{"damage":0,"enemies":"Colosseum Nobs","floor":31,"turns":1},{"damage":0,"enemies":"Collector","floor":33,"turns":1},{"damage":0,"enemies":"3 Shapes","floor":35,"turns":1},{"damage":0,"enemies":"Nemesis","floor":36,"turns":1},{"damage":0,"enemies":"3 Darklings","floor":39,"turns":1},{"damage":0,"enemies":"Reptomancer","floor":40,"turns":1},{"damage":0,"enemies":"Giant Head","floor":45,"turns":1},{"damage":0,"enemies":"Nemesis","floor":46,"turns":1},{"damage":0,"enemies":"Reptomancer","floor":47,"turns":1},{"damage":0,"enemies":"Awakened One","floor":50,"turns":2},{"damage":0,"enemies":"Time Eater","floor":51,"turns":1},{"damage":0,"enemies":"Shield and Spear","floor":55,"turns":1},{"damage":0,"enemies":"LittleHush","floor":56,"turns":2}],"seed_played":"334777674889909970","potions_obtained":[],"is_trial":false,"path_per_floor":["M","M","$","?","?","E","R","M","T","M","E","?","M","$","R","B",null,"M","$","T","?","?","E","R","E","T","R","?","T","$","?","R","B",null,"M","M","$","?","M","E","?","$","T","$","E","M","E","T","R","B","B",null,"R","$","E","B",null],"character_chosen":"THE_PLACEHOLDER","items_purchased":["PlaceholderMod:DirectingGroup","Bag of Preparation","Membership Card","ClockworkSouvenir","Vajra","Girya","Torii","Tiny Chest","Sling","Chemical X","Boot","Du-Vu Doll","PlaceholderMod:PoisonExcitation","Medical Kit","Sundial","Potion Belt","Singing Bowl","Mango","HowToJump","DeadEye","TheAbacus","PlaceholderMod:SlimeBlood","Happy Flower","TheBattery","Strength Potion","Orichalcum","Pear","SatanicBible","Habit","Orrery","PlaceholderMod:FinalSpray","Regal Pillow","Lantern","Strawberry","REME_CardOfGreed","Ice Cream","Incense Burner","Lee\u0027s Waffle","Centennial Puzzle","UnicornStump","Fruit Juice","PlaceholderMod:CorePoison","PlaceholderMod:Abhoth","BelialBook","BookofShadows","Unceasing Top","PlaceholderMod:FlatBlood","Block Potion","PreservedInsect","Toy Ornithopter","Dream Catcher","Frozen Eye","NineVolt","Ginger","Bag of Marbles","Omamori","Nunchaku","HandDrill","PlaceholderMod:DiffusionPoison","DeathBook","GnawedLeaf","Calipers","Strange Spoon","BFFS","GuppysHead","Bronze Scales","Art of War","Ancient Tea Set","OrangePellets","PlaceholderMod:NyogSothep","TheBean","DollysMirror","REME_HourglassOfDeath","PlaceholderMod:DirectingGroup","Thread and Needle","PunchingBag","Anchor","Chaos","War Paint","Bottled Lightning","NineLifeCat","Blue Candle","MoneyPower","Shuriken","StoneCalendar","InkBottle","Bird Faced Urn","Cursed Key","Pocketwatch","Bomb","Kunai","RottenBaby","JudasShadow","Letter Opener","BloodDonationMachine","Mummified Hand","PlaceholderMod:DaolothFragment","SacredBark","PlaceholderMod:PoisonAbsorb","PlaceholderMod:FinalSpray","PlaceholderMod:LiveLive","DoctorsRemote","MegaBlast","SlaversCollar","Prayer Wheel","Shovel","REME_ArchaeologicalTools","REME_LimitBreaker","Meat on the Bone","Frozen Egg 2","Mercury Hourglass","MagicMushroom","TungstenRod","PlaceholderMod:DiffusionPoison+1","PlaceholderMod:SoulofChaos","Diplopia","Calling Bell","Black Star","GuppysPaw","Juzu Bracelet","Pantograph","Circlet","Circlet","Circlet","GuppysCollar","GuppysTail","Damocles"],"campfire_rested":0,"item_purchase_floors":[0,0,0,0,0,0,0,0,0,0,0,0,0,0,0,0,0,0,0,0,0,0,0,0,0,0,0,0,0,0,0,0,0,0,0,0,0,0,0,0,0,0,0,0,0,0,0,0,0,0,0,0,0,0,0,0,0,0,0,0,0,0,0,0,0,0,0,0,0,0,0,0,0,0,0,0,0,0,0,0,0,0,0,0,0,0,0,0,0,0,0,0,0,0,0,0,0,0,0,0,0,0,0,0,0,0,0,0,0,0,0,0,0,0,0,0,0,3,3,3,3,14,14,14,17,34,34],"current_hp_per_floor":[43,47,47,55,58,60,60,64,64,68,70,73,75,80,80,80,67,79,79,82,87,90,97,97,109,109,109,112,120,120,135,135,137,117,126,143,143,146,155,172,144,159,164,179,197,214,231,239,244,244,244,244,244,244,256,256],"gold":1865,"neow_bonus":"","is_daily":false,"chose_seed":false,"campfire_upgraded":4,"win_rate":0.0,"timestamp":1614272062,"path_taken":["M","M","$","?","?","E","R","M","T","M","E","?","M","$","R","BOSS","M","$","?","?","?","E","R","E","T","R","?","?","$","?","R","BOSS","M","M","$","?","M","E","?","$","T","$","E","M","E","?","R","BOSS","BOSS","R","$","E","BOSS"],"items_purchased_type":["Card","Relic","Relic","Relic","Relic","Relic","Relic","Relic","Relic","Relic","Relic","Relic","Card","Relic","Relic","Relic","Relic","Relic","Relic","Relic","Relic","Relic","Relic","Relic","Potion","Relic","Relic","Relic","Relic","Relic","Card","Relic","Relic","Relic","Relic","Relic","Relic","Relic","Relic","Relic","Potion","Card","Relic","Relic","Relic","Relic","Relic","Potion","Relic","Relic","Relic","Relic","Relic","Relic","Relic","Relic","Relic","Relic","Card","Relic","Relic","Relic","Relic","Relic","Relic","Relic","Relic","Relic","Relic","Relic","Relic","Relic","Relic","Card","Relic","Relic","Relic","Card","Relic","Relic","Relic","Relic","Relic","Relic","Relic","Relic","Relic","Relic","Relic","Card","Relic","Relic","Relic","Relic","Relic","Relic","Relic","Relic","Card","Card","Relic","Relic","Relic","Relic","Relic","Relic","Relic","Relic","Relic","Relic","Relic","Relic","Relic","Card","Relic","Relic","Relic","Relic","Relic","Relic","Relic","Undefined","Undefined","Undefined","Relic","Relic","Relic"],"build_version":"2020-12-22","purchased_purges":20,"victory":true,"max_hp_per_floor":[43,47,47,55,58,60,60,64,64,68,70,73,75,80,80,80,67,79,79,82,87,90,97,97,109,109,109,112,120,120,135,135,137,117,126,143,143,146,155,172,175,175,180,180,197,214,231,239,244,244,244,244,244,244,256,256],"card_choices":[{"not_picked":["PlaceholderMod:ThreeBenzyolStart","PlaceholderMod:HealingAttack","PlaceholderMod:DiffusionChemical"],"picked":"Singing Bowl","floor":0.0},{"not_picked":["PlaceholderMod:TriggerStrike","PlaceholderMod:Polyp","PlaceholderMod:Turn"],"picked":"Singing Bowl","floor":0.0},{"not_picked":["PlaceholderMod:FastReaction","PlaceholderMod:CycleAttack","PlaceholderMod:Sweep"],"picked":"Singing Bowl","floor":0.0},{"not_picked":["PlaceholderMod:PoisonBlast","PlaceholderMod:Crystallization","PlaceholderMod:Internalization"],"picked":"Singing Bowl","floor":0.0},{"not_picked":["PlaceholderMod:Hyperplasia","PlaceholderMod:CrystallizationStrike","PlaceholderMod:AttackAsDefend"],"picked":"Singing Bowl","floor":0.0},{"not_picked":["PlaceholderMod:SelectReaction"],"picked":"Singing Bowl","floor":1.0},{"not_picked":["PlaceholderMod:OHStrongAttack"],"picked":"Singing Bowl","floor":1.0},{"not_picked":["PlaceholderMod:CycleAttack"],"picked":"Singing Bowl","floor":2.0},{"not_picked":["PlaceholderMod:ConsolidateHit"],"picked":"Singing Bowl","floor":2.0},{"not_picked":["PlaceholderMod:SprayAttack"],"picked":"Singing Bowl","floor":6.0},{"not_picked":["PlaceholderMod:UnpureUse+1"],"picked":"Singing Bowl","floor":8.0},{"not_picked":["PlaceholderMod:OHStrongAttack"],"picked":"Singing Bowl","floor":8.0},{"not_picked":["PlaceholderMod:UnpureUse+1"],"picked":"Singing Bowl","floor":10.0},{"not_picked":["PlaceholderMod:Assimilation"],"picked":"Singing Bowl","floor":10.0},{"not_picked":["PlaceholderMod:CycleAttack"],"picked":"Singing Bowl","floor":11.0},{"not_picked":[],"picked":"PlaceholderMod:PoisonAbsorb+1","floor":13.0},{"not_picked":["PlaceholderMod:ComplexForm+1"],"picked":"Singing Bowl","floor":13.0},{"not_picked":[],"picked":"PlaceholderMod:FinalSpray+1","floor":16.0},{"not_picked":["PlaceholderMod:RadicalHit"],"picked":"Singing Bowl","floor":18.0},{"not_picked":["PlaceholderMod:Stable+1"],"picked":"Singing Bowl","floor":21.0},{"not_picked":["PlaceholderMod:BlastSpray"],"picked":"Singing Bowl","floor":23},{"not_picked":["PlaceholderMod:ChainPoly+1"],"picked":"Singing Bowl","floor":25},{"not_picked":["PlaceholderMod:DissolvingSpikes"],"picked":"Singing Bowl","floor":31},{"not_picked":["PlaceholderMod:InnerSoften+1"],"picked":"Singing Bowl","floor":33},{"not_picked":["PlaceholderMod:OHStrongAttack"],"picked":"Singing Bowl","floor":35},{"not_picked":["PlaceholderMod:OHStrongAttack"],"picked":"Singing Bowl","floor":35},{"not_picked":["PlaceholderMod:DissolvingSpikes"],"picked":"Singing Bowl","floor":36},{"not_picked":["PlaceholderMod:AngryAttack"],"picked":"Singing Bowl","floor":39},{"not_picked":["PlaceholderMod:Stable+1"],"picked":"Singing Bowl","floor":39},{"not_picked":["PlaceholderMod:MultipleOxi+1"],"picked":"Singing Bowl","floor":40},{"not_picked":["PlaceholderMod:StressReaction+1"],"picked":"Singing Bowl","floor":45},{"not_picked":["PlaceholderMod:EnergyAbsorb+1"],"picked":"Singing Bowl","floor":46},{"not_picked":["PlaceholderMod:StressReaction+1"],"picked":"Singing Bowl","floor":47},{"not_picked":["PlaceholderMod:MultipleOxi+1"],"picked":"Singing Bowl","floor":55}],"player_experience":774107,"relics_obtained":[{"floor":0.0,"key":"Oddly Smooth Stone"},{"floor":0.0,"key":"Busted Crown"},{"floor":0.0,"key":"PokeGo"},{"floor":1.0,"key":"Ornamental Fan"},{"floor":2.0,"key":"Dead Branch"},{"floor":6.0,"key":"Coffee Dripper"},{"floor":6.0,"key":"D4"},{"floor":9.0,"key":"Toxic Egg 2"},{"floor":11.0,"key":"Void"},{"floor":11.0,"key":"White Beast Statue"},{"floor":18.0,"key":"Circlet"},{"floor":18.0,"key":"Circlet"},{"floor":21.0,"key":"Red Mask"},{"floor":23,"key":"TuHaoJin"},{"floor":23,"key":"Circlet"},{"floor":25,"key":"Circlet"},{"floor":25,"key":"Circlet"},{"floor":29,"key":"Circlet"},{"floor":31,"key":"Circlet"},{"floor":31,"key":"Circlet"},{"floor":35,"key":"Circlet"},{"floor":36,"key":"Circlet"},{"floor":36,"key":"Circlet"},{"floor":36,"key":"Circlet"},{"floor":39,"key":"Circlet"},{"floor":40,"key":"Circlet"},{"floor":40,"key":"Circlet"},{"floor":40,"key":"Circlet"},{"floor":43,"key":"Circlet"},{"floor":45,"key":"Circlet"},{"floor":45,"key":"Circlet"},{"floor":45,"key":"Circlet"},{"floor":46,"key":"Circlet"},{"floor":46,"key":"Circlet"},{"floor":46,"key":"Circlet"},{"floor":47,"key":"Circlet"},{"floor":47,"key":"Circlet"},{"floor":47,"key":"Circlet"},{"floor":48,"key":"Circlet"},{"floor":49,"key":"Circlet"},{"floor":55,"key":"Circlet"},{"floor":55,"key":"Circlet"}],"event_choices":[{"damage_healed":0.0,"max_hp_gain":5.0,"max_hp_loss":0.0,"gold_gain":0.0,"event_name":"Big Fish","player_choice":"Donut","floor":4.0,"gold_loss":0.0,"damage_taken":0.0},{"damage_healed":0.0,"max_hp_gain":0.0,"max_hp_loss":0.0,"gold_gain":75.0,"event_name":"World of Goop","player_choice":"Gather Gold","floor":5.0,"gold_loss":0.0,"damage_taken":11.0},{"damage_healed":0.0,"max_hp_gain":0.0,"max_hp_loss":0.0,"gold_gain":0.0,"event_name":"Masked Bandits","player_choice":"Fought Bandits","floor":21.0,"gold_loss":0.0,"damage_taken":0.0},{"damage_healed":0,"gold_gain":0,"player_choice":"Ignored","damage_taken":0,"max_hp_gain":0,"max_hp_loss":0,"event_name":"Cursed Tome","floor":22,"gold_loss":0},{"damage_healed":0,"gold_gain":0,"player_choice":"Ignored","damage_taken":0,"max_hp_gain":0,"max_hp_loss":0,"event_name":"The Mausoleum","floor":28,"gold_loss":0},{"damage_healed":0,"gold_gain":0,"player_choice":"Fight","damage_taken":0,"max_hp_gain":0,"max_hp_loss":0,"event_name":"Colosseum","floor":31,"gold_loss":0},{"damage_healed":0,"gold_gain":0,"player_choice":"Fought Nobs","damage_taken":0,"max_hp_gain":0,"max_hp_loss":0,"event_name":"Colosseum","floor":31,"gold_loss":0},{"damage_healed":0,"gold_gain":0,"player_choice":"Embrace Madness","damage_taken":32,"max_hp_gain":0,"max_hp_loss":0,"event_name":"Winding Halls","floor":41,"gold_loss":0,"cards_obtained":["Madness","Madness"]}],"is_beta":false,"boss_relics":[{"not_picked":["REME_LowDesire","Philosopher\u0027s Stone"],"picked":"ChampionBelt"},{"not_picked":[]},{"not_picked":["REME_HandOfSuture","Pen Nib"],"picked":"Eternal Feather"},{"not_picked":[]}],"items_purged_floors":[3,3,3,3,3,3,3,3,3,3,3,14,19,19,19,30,30,30,44,54],"is_endless":false,"potions_floor_spawned":[1,10,11,13,16,18,21,23,25,31,31,33,35,36,39,40,45,46,47,55],"ascension_level":20}}