{"host":"q75fusloz6zmuoth","time":1614245044,"event":{"mods":["BaseMod","Filter the Spire","Minty Spire (QoL Compilation)","Relic Stats","StSLib"],"gold_per_floor":[115,115,127,145,163,163,189,189,212,240,240,254,219,230,230,328,328,343,343,354,354,56,82,82,82,108,135,60,60,60,60],"floor_reached":30,"language":"ENG","playtime":1071,"items_purged":["Alpha+1"],"score":443,"play_id":"350a2caf-e6af-466d-bd5c-885f3a10014f","local_time":"20210225102404","is_ascension_mode":true,"campfire_choices":[{"data":"Adaptation","floor":6.0,"key":"SMITH"},{"data":"ClearTheMind","floor":8.0,"key":"SMITH"},{"data":"Tantrum","floor":11.0,"key":"SMITH"},{"data":"Tantrum","floor":15.0,"key":"SMITH"},{"floor":25,"key":"REST"}],"circlet_count":0,"master_deck":["Strike_P+1","Strike_P+1","Strike_P+1","Defend_P+1","Defend_P+1","Eruption","LikeWater+1","Flash of Steel","Adaptation+1","Tantrum+1","ClearTheMind+1","Tantrum+1","ClearTheMind","Sanctity","Scrawl","Meditate","TalkToTheHand","Fasting2"],"relics":["Astrolabe","Happy Flower","Boot","Art of War","Empty Cage","Ice Cream","Tiny Chest","Bronze Scales","Unceasing Top","MutagenicStrength"],"acts_visited":["Exordium","TheCity"],"potions_floor_usage":[23,24,30,30],"damage_taken":[{"damage":7.0,"enemies":"Jaw Worm","floor":1.0,"turns":3.0},{"damage":1.0,"enemies":"Cultist","floor":3.0,"turns":3.0},{"damage":7.0,"enemies":"2 Louse","floor":4.0,"turns":3.0},{"damage":0.0,"enemies":"2 Fungi Beasts","floor":5.0,"turns":2.0},{"damage":8.0,"enemies":"Lagavulin","floor":7.0,"turns":5.0},{"damage":20.0,"enemies":"Gremlin Nob","floor":10.0,"turns":3.0},{"damage":0.0,"enemies":"Looter","floor":12.0,"turns":1.0},{"damage":0.0,"enemies":"Lots of Slimes","floor":14.0,"turns":2.0},{"damage":0.0,"enemies":"Slime Boss","floor":16.0,"turns":3.0},{"damage":19,"enemies":"3 Byrds","floor":18,"turns":3},{"damage":0,"enemies":"Spheric Guardian","floor":20,"turns":3},{"damage":34,"enemies":"Book of Stabbing","floor":23,"turns":4},{"damage":0,"enemies":"Centurion and Healer","floor":24,"turns":1},{"damage":18,"enemies":"Gremlin Leader","floor":27,"turns":5},{"damage":16,"enemies":"Slavers","floor":30,"turns":2}],"seed_played":"-2976864165744309543","potions_obtained":[{"floor":1.0,"key":"Strength Potion"},{"floor":3.0,"key":"Block Potion"},{"floor":10.0,"key":"StancePotion"},{"floor":14.0,"key":"PowerPotion"},{"floor":18,"key":"SmokeBomb"},{"floor":27,"key":"AttackPotion"}],"is_trial":false,"path_per_floor":["M","?","M","M","M","R","E","R","T","E","R","M","?","M","R","B",null,"M","?","M","?","$","E","M","R","T","E","$","?","E"],"character_chosen":"WATCHER","items_purchased":["Ice Cream"],"campfire_rested":1,"item_purchase_floors":[22],"current_hp_per_floor":[58,58,57,50,50,50,42,42,42,22,22,22,40,40,40,40,64,45,45,45,45,45,11,11,32,32,14,14,14,0,0],"gold":60,"neow_bonus":"BOSS_RELIC","is_daily":false,"chose_seed":false,"campfire_upgraded":4,"win_rate":0.0,"timestamp":1614245044,"path_taken":["M","?","M","M","M","R","E","R","T","E","R","?","?","M","R","BOSS","M","?","M","?","$","E","M","R","T","E","$","?","E"],"items_purchased_type":["Relic"],"build_version":"2020-12-22","purchased_purges":1,"victory":false,"max_hp_per_floor":[72,72,72,72,72,72,72,72,72,72,72,72,72,72,72,72,72,72,72,72,72,72,72,72,72,72,72,72,72,72,72],"relic_stats":{"Happy Flower":[9],"counters":[15,43],"Astrolabe":["Alpha","PathToVictory","LikeWater"],"Bronze Scales":[18],"Tiny Chest":0,"Art of War":[1],"Boot":[124],"obtain_stats":[{"Ice Cream":22,"Happy Flower":7,"Astrolabe":0,"Bronze Scales":26,"MutagenicStrength":29,"Tiny Chest":23,"Art of War":10,"PureWater":0,"Boot":9,"Empty Cage":17,"Unceasing Top":27},{"Ice Cream":11,"Happy Flower":5,"Astrolabe":0,"Bronze Scales":13,"MutagenicStrength":14,"Tiny Chest":12,"Art of War":6,"PureWater":0,"Boot":5,"Empty Cage":9,"Unceasing Top":14},{"Ice Cream":31,"Happy Flower":16,"Astrolabe":0,"Bronze Scales":36,"MutagenicStrength":41,"Tiny Chest":35,"Art of War":19,"PureWater":0,"Boot":16,"Empty Cage":25,"Unceasing Top":41}],"Unceasing Top":[0]},"card_choices":[{"not_picked":["Swivel","SashWhip","Indignation"],"picked":"SKIP","floor":1.0},{"not_picked":["Prostrate","CutThroughFate"],"picked":"Tantrum","floor":3.0},{"not_picked":["WreathOfFlame","Pray"],"picked":"ClearTheMind","floor":4.0},{"not_picked":["LikeWater","WheelKick","JustLucky"],"picked":"SKIP","floor":5.0},{"not_picked":["Fasting2","Alpha","Tantrum"],"picked":"SKIP","floor":7.0},{"not_picked":["Fasting2","Alpha"],"picked":"Tantrum","floor":7.0},{"not_picked":["WreathOfFlame","Protect"],"picked":"ClearTheMind","floor":10.0},{"not_picked":["EmptyFist","BowlingBash","Protect"],"picked":"SKIP","floor":12.0},{"not_picked":["ClearTheMind","EmptyFist"],"picked":"Sanctity","floor":14.0},{"not_picked":["SpiritShield","Ragnarok"],"picked":"Scrawl","floor":16.0},{"not_picked":["JustLucky","Protect"],"picked":"Meditate","floor":18},{"not_picked":["SignatureMove","Weave"],"picked":"TalkToTheHand","floor":20},{"not_picked":["Evaluate","Crescendo","Collect"],"picked":"SKIP","floor":23},{"not_picked":["CutThroughFate","SashWhip"],"picked":"Fasting2","floor":27}],"player_experience":673647,"relics_obtained":[{"floor":7.0,"key":"Happy Flower"},{"floor":9.0,"key":"Boot"},{"floor":10.0,"key":"Art of War"},{"floor":23,"key":"Tiny Chest"},{"floor":26,"key":"Bronze Scales"},{"floor":27,"key":"Unceasing Top"}],"event_choices":[{"damage_healed":0.0,"max_hp_gain":0.0,"max_hp_loss":0.0,"gold_gain":0.0,"event_name":"Match and Keep!","player_choice":"2 cards matched","floor":2.0,"gold_loss":0.0,"damage_taken":0.0,"cards_obtained":["Flash of Steel","Adaptation"]},{"damage_healed":18.0,"max_hp_gain":0.0,"max_hp_loss":0.0,"gold_gain":0.0,"event_name":"The Cleric","player_choice":"Healed","floor":13.0,"gold_loss":35.0,"damage_taken":0.0},{"damage_healed":0,"gold_gain":0,"player_choice":"Simplicity","damage_taken":0,"max_hp_gain":0,"max_hp_loss":0,"event_name":"Back to Basics","floor":19,"gold_loss":0,"cards_upgraded":["Strike_P","Strike_P","Strike_P","Defend_P","Defend_P"]},{"damage_healed":0,"gold_gain":0,"player_choice":"Ignored","damage_taken":0,"max_hp_gain":0,"max_hp_loss":0,"event_name":"Beggar","floor":21,"gold_loss":0},{"damage_healed":0,"gold_gain":0,"player_choice":"Inject Mutagens","damage_taken":0,"relics_obtained":["MutagenicStrength"],"max_hp_gain":0,"max_hp_loss":0,"event_name":"Drug Dealer","floor":29,"gold_loss":0}],"is_beta":false,"boss_relics":[{"not_picked":["Runic Dome","Sozu"],"picked":"Empty Cage"}],"items_purged_floors":[28],"is_endless":false,"potions_floor_spawned":[1,3,10,14,18,20,24,27],"killed_by":"Slavers","ascension_level":7}}