{"host":"30jsp143e4v19aze","time":1614282525,"event":{"mods":["BaseMod","Colored Map","Colored Powertips","Curses Come First","DeckTracker","Highlight Path","Minty Spire (QoL Compilation)","Quick Restart","Relic Stats","StSLib","everything is the same but u backflip on backflip","slay the spire mod where everything is the same but ironclad has a cowboy hat"],"gold_per_floor":[119,119,119,137,62,62,87,104,154,229,229,243,276,32,32,105,105,120,134,162,162,58,58,84,84,111,127,143,177,193,206,206,206,206],"floor_reached":33,"language":"ENG","playtime":2657,"items_purged":["Strike_R"],"score":690,"play_id":"8447846b-bcdf-4a5c-8469-1f821d4cb8e1","local_time":"20210225204845","is_ascension_mode":true,"campfire_choices":[{"data":"Iron Wave","floor":6,"key":"SMITH"},{"data":"Disarm","floor":11,"key":"SMITH"},{"data":"Bludgeon","floor":15,"key":"SMITH"},{"data":"Power Through","floor":23,"key":"SMITH"},{"data":"Metallicize","floor":25,"key":"SMITH"},{"data":"Spot Weakness","floor":32,"key":"SMITH"}],"circlet_count":0,"master_deck":["AscendersBane","Strike_R","Strike_R","Strike_R","Defend_R","Defend_R+1","Defend_R+1","Defend_R+1","Bash+1","Iron Wave+1","Disarm+1","Disarm+1","Bludgeon+1","Metallicize+1","Reaper","Shrug It Off","Dark Embrace+1","True Grit+1","Power Through+1","Second Wind","Pummel","Feed","Spot Weakness+1","Heavy Blade"],"relics":["Burning Blood","NeowsBlessing","Smiling Mask","War Paint","Shuriken","Medical Kit","Snecko Eye","Red Mask","Ancient Tea Set","Gremlin Horn"],"acts_visited":["Exordium","TheCity"],"potions_floor_usage":[16,19,20,24,30],"damage_taken":[{"damage":0,"enemies":"Small Slimes","floor":1,"turns":1},{"damage":0,"enemies":"Jaw Worm","floor":4,"turns":1},{"damage":0,"enemies":"Lagavulin","floor":7,"turns":1},{"damage":2,"enemies":"2 Louse","floor":8,"turns":3},{"damage":9,"enemies":"Looter","floor":12,"turns":3},{"damage":21,"enemies":"Gremlin Nob","floor":13,"turns":4},{"damage":9,"enemies":"Hexaghost","floor":16,"turns":9},{"damage":26,"enemies":"3 Byrds","floor":18,"turns":6},{"damage":1,"enemies":"Chosen","floor":19,"turns":4},{"damage":42,"enemies":"Masked Bandits","floor":20,"turns":5},{"damage":46,"enemies":"Slavers","floor":24,"turns":7},{"damage":5,"enemies":"Shelled Parasite and Fungi","floor":27,"turns":4},{"damage":0,"enemies":"Snake Plant","floor":28,"turns":4},{"damage":0,"enemies":"Book of Stabbing","floor":29,"turns":8},{"damage":11,"enemies":"Sentry and Sphere","floor":30,"turns":6},{"damage":20,"enemies":"3 Cultists","floor":31,"turns":4},{"damage":66,"enemies":"Automaton","floor":33,"turns":6}],"seed_played":"6418814537450305721","potions_obtained":[{"floor":4,"key":"Fire Potion"},{"floor":8,"key":"Regen Potion"},{"floor":12,"key":"BloodPotion"},{"floor":16,"key":"BloodPotion"},{"floor":19,"key":"GamblersBrew"},{"floor":27,"key":"EssenceOfSteel"},{"floor":29,"key":"BloodPotion"},{"floor":30,"key":"Strength Potion"}],"is_trial":false,"path_per_floor":["M","?","?","M","?","R","E","M","T","?","R","M","E","$","R","B",null,"M","M","?","?","$","R","E","R","T","M","M","E","M","M","R","B"],"character_chosen":"IRONCLAD","items_purchased":["Medical Kit","Metallicize","Explosive Potion"],"campfire_rested":0,"item_purchase_floors":[14,14,22],"current_hp_per_floor":[74,74,51,57,57,57,63,67,67,56,56,53,38,38,38,50,69,55,75,42,42,42,42,28,28,28,34,44,50,60,63,63,0,0],"gold":206,"neow_bonus":"THREE_ENEMY_KILL","is_daily":false,"chose_seed":false,"campfire_upgraded":6,"win_rate":0.0,"timestamp":1614282525,"path_taken":["M","?","?","?","?","R","E","M","T","?","R","M","E","$","R","BOSS","M","M","?","?","$","R","E","R","T","M","?","E","M","M","R","BOSS"],"items_purchased_type":["Relic","Card","Potion"],"build_version":"2020-12-22","purchased_purges":1,"victory":false,"max_hp_per_floor":[75,75,75,75,75,75,75,75,75,75,75,75,75,75,75,75,75,75,75,75,75,75,75,75,75,75,75,75,75,75,78,78,78,78],"relic_stats":{"Gremlin Horn":[3,3],"counters":[17,76],"Shuriken":[14],"Snecko Eye":[108,108,115,86],"War Paint":["Disarm","Defend_R"],"Smiling Mask":25,"Medical Kit":[38],"obtain_stats":[{"NeowsBlessing":0,"Gremlin Horn":29,"Shuriken":13,"Snecko Eye":17,"Red Mask":20,"War Paint":9,"Smiling Mask":7,"Medical Kit":14,"Ancient Tea Set":24,"Burning Blood":0},{"NeowsBlessing":0,"Gremlin Horn":14,"Shuriken":6,"Snecko Eye":7,"Red Mask":10,"War Paint":4,"Smiling Mask":3,"Medical Kit":6,"Ancient Tea Set":11,"Burning Blood":0},{"NeowsBlessing":0,"Gremlin Horn":60,"Shuriken":13,"Snecko Eye":22,"Red Mask":37,"War Paint":6,"Smiling Mask":3,"Medical Kit":13,"Ancient Tea Set":44,"Burning Blood":0}],"Burning Blood":96},"card_choices":[{"not_picked":["Intimidate","Havoc"],"picked":"Iron Wave","floor":1},{"not_picked":["Dropkick","Body Slam"],"picked":"Disarm","floor":4},{"not_picked":["Warcry","Havoc","Clash"],"picked":"SKIP","floor":7},{"not_picked":["Rampage","Uppercut"],"picked":"Disarm","floor":8},{"not_picked":["Pommel Strike","Perfected Strike"],"picked":"Bludgeon","floor":12},{"not_picked":["Twin Strike","Searing Blow","Warcry"],"picked":"SKIP","floor":13},{"not_picked":["Immolate","Demon Form"],"picked":"Reaper","floor":16},{"not_picked":["Thunderclap","Flex"],"picked":"Shrug It Off","floor":18},{"not_picked":["Entrench","Wild Strike"],"picked":"Dark Embrace+1","floor":19},{"not_picked":["Havoc","Twin Strike"],"picked":"True Grit+1","floor":20},{"not_picked":["Clash","Havoc"],"picked":"Second Wind","floor":24},{"not_picked":["True Grit","Infernal Blade"],"picked":"Pummel","floor":27},{"not_picked":["Warcry","Pommel Strike+1","Twin Strike"],"picked":"SKIP","floor":28},{"not_picked":["True Grit","Twin Strike"],"picked":"Feed","floor":29},{"not_picked":["Body Slam","Shrug It Off"],"picked":"Spot Weakness","floor":30},{"not_picked":["Wild Strike","Warcry"],"picked":"Heavy Blade","floor":31}],"player_experience":3301028,"relics_obtained":[{"floor":7,"key":"Smiling Mask"},{"floor":9,"key":"War Paint"},{"floor":13,"key":"Shuriken"},{"floor":20,"key":"Red Mask"},{"floor":24,"key":"Ancient Tea Set"},{"floor":29,"key":"Gremlin Horn"}],"event_choices":[{"damage_healed":0,"gold_gain":0,"player_choice":"Grow","damage_taken":0,"max_hp_gain":0,"max_hp_loss":0,"event_name":"Living Wall","floor":2,"gold_loss":0,"cards_upgraded":["Bash"]},{"damage_healed":0,"gold_gain":0,"player_choice":"Entered Light","damage_taken":23,"max_hp_gain":0,"max_hp_loss":0,"event_name":"Shining Light","floor":3,"gold_loss":0,"cards_upgraded":["Defend_R","Defend_R"]},{"cards_removed":["Strike_R"],"damage_healed":0,"gold_gain":0,"player_choice":"Card Removal","damage_taken":0,"max_hp_gain":0,"max_hp_loss":0,"event_name":"The Cleric","floor":5,"gold_loss":75},{"damage_healed":0,"gold_gain":75,"player_choice":"Gather Gold","damage_taken":11,"max_hp_gain":0,"max_hp_loss":0,"event_name":"World of Goop","floor":10,"gold_loss":0},{"damage_healed":0,"gold_gain":0,"player_choice":"Fought Bandits","damage_taken":0,"max_hp_gain":0,"max_hp_loss":0,"event_name":"Masked Bandits","floor":20,"gold_loss":0},{"damage_healed":0,"gold_gain":0,"player_choice":"Read","damage_taken":0,"max_hp_gain":0,"max_hp_loss":0,"event_name":"The Library","floor":21,"gold_loss":0,"cards_obtained":["Power Through"]}],"is_beta":false,"boss_relics":[{"not_picked":["Sozu","Philosopher\u0027s Stone"],"picked":"Snecko Eye"}],"items_purged_floors":[22],"is_endless":false,"potions_floor_spawned":[4,8,12,16,19,27,29,30],"killed_by":"Automaton","ascension_level":20}}