{"host":"u9xtr94typ21duox","time":1614222733,"event":{"mods":["Act Like it!","BaseMod","Downfall","Key Reminder","KinomotoSakuraMod(木之本樱)","LagranYue(拉格朗・月)","Luminous","Marisa（F雨　魔理沙）","Minty Spire (QoL Compilation)","Quick Restart","READ ME - Guardian Mod","Reimu（博丽灵梦）","Remilia（蕾米莉亚）","Replay The Spire","SIMod","SOS（斯巴达之子）","Shop Mod","StSLib","Td1madao Mod","The Administrix","The Bladedancer","The Bug Knight","The Construct","The Cursed","The Gatherer","The Runesmith","The Senshi","The Servant 0.9.4","WarShipGirlsR/战舰少女R mod","Warlord Emblem","Youmu（魂魄妖梦）","[GremlinLeader]The Maniac"],"gold_per_floor":[118,88,88,100,114,114,139,139,139,155,185,204,94,105,105,202,202,212,212,32,32,49,49,61,89,89,124,124,124,134,159,159,263,263,277,102,121,171,171,203,232,259,259,288,298,298,316,348,348,348,348,348,0,25,25],"floor_reached":56,"language":"ZHS","playtime":3805,"items_purged":["theSenshi:SailorBlock","theSenshi:SailorKick","theSenshi:SailorKick","theSenshi:SailorKick"],"score":1879,"play_id":"9fb52b7d-a45a-46c5-b229-8aa6960ec24b","local_time":"20210225111213","is_ascension_mode":true,"campfire_choices":[{"data":"theSenshi:MoonlightKnight","floor":6.0,"key":"SMITH"},{"data":"theSenshi:HesSoDreamy","floor":8.0,"key":"SMITH"},{"data":"theSenshi:SchoolBag","floor":15.0,"key":"SMITH"},{"data":"theSenshi:SteeledNerves","floor":23.0,"key":"SMITH"},{"data":"Apotheosis","floor":32.0,"key":"SMITH"},{"floor":49,"key":"RECALL"},{"data":"theSenshi:SchoolBag","floor":52,"key":"SMITH"}],"circlet_count":0,"master_deck":["theSenshi:SailorKick","theSenshi:SailorBlock","theSenshi:SailorBlock","theSenshi:SailorBlock","theSenshi:RoseThrow","theSenshi:MoonPrismPowerMakeUp","theSenshi:HesSoDreamy+1","theSenshi:MoonlightKnight+1","theSenshi:TallSilhouette","theSenshi:LateForSchool","theSenshi:LateForSchool","theSenshi:Overload","theSenshi:SchoolBag+1","theSenshi:SilverMoonCrystalPowerKiss","theSenshi:SteeledNerves+1","Apotheosis+1","theSenshi:MoonPower","theSenshi:EncouragingSpeech+1","theSenshi:LateForSchool","theSenshi:SchoolBag+1","theSenshi:StudyParty","theSenshi:SchoolBag","theSenshi:YouCanTalk+1","theSenshi:SchoolBag","Finesse","theSenshi:SchoolBag"],"relics":["theSenshi:TransformationBroochRelic","LagranYue:RandomDrawCardRelic","LagranYue:MagicReflectiveArmorRelic","Mercury Hourglass","theSenshi:RoseRelic","Coffee Dripper","Nilry\u0027s Codex","LagranYue:RareGoldArmorRelic","PureWhite:ReiMu","theSenshi:SuperSailorFukuRelic","Ornamental Fan","theSenshi:SailorFukuRelic","Philosopher\u0027s Stone","Durian","theSenshi:CrisisMoonCompactRelic","theSenshi:CrystalStarRelic","Replay:Baseball","Incense Burner","Oddly Smooth Stone","Replay:Arrowhead"],"acts_visited":["Exordium","TheCity","TheBeyond","TheEnding"],"potions_floor_usage":[55,55,55],"damage_taken":[{"damage":0.0,"enemies":"Cultist","floor":1.0,"turns":4.0},{"damage":3.0,"enemies":"Jaw Worm","floor":4.0,"turns":4.0},{"damage":0.0,"enemies":"2 Louse","floor":5.0,"turns":3.0},{"damage":23.0,"enemies":"3 Sentries","floor":7.0,"turns":11.0},{"damage":2.0,"enemies":"Red Slaver","floor":10.0,"turns":4.0},{"damage":22.0,"enemies":"Gremlin Nob","floor":11.0,"turns":5.0},{"damage":0.0,"enemies":"3 Louse","floor":12.0,"turns":3.0},{"damage":0.0,"enemies":"Looter","floor":14.0,"turns":3.0},{"damage":0.0,"enemies":"The Guardian","floor":16.0,"turns":16.0},{"damage":4.0,"enemies":"Chosen","floor":18.0,"turns":7.0},{"damage":3.0,"enemies":"Shell Parasite","floor":22.0,"turns":4.0},{"damage":10.0,"enemies":"Snake Plant","floor":24.0,"turns":3.0},{"damage":0.0,"enemies":"Gremlin Leader","floor":25.0,"turns":4.0},{"damage":0.0,"enemies":"HollowMod:Nosk","floor":27.0,"turns":2.0},{"damage":0.0,"enemies":"3 Cultists","floor":30.0,"turns":4.0},{"damage":0.0,"enemies":"Gremlin Leader","floor":31.0,"turns":3.0},{"damage":0.0,"enemies":"Champ","floor":33.0,"turns":3.0},{"damage":0.0,"enemies":"Orb Walker","floor":35.0,"turns":2.0},{"damage":0.0,"enemies":"3 Shapes","floor":37.0,"turns":1.0},{"damage":0.0,"enemies":"Mind Bloom Boss Battle","floor":38.0,"turns":1.0},{"damage":0.0,"enemies":"HollowMod:StalkingDevout","floor":40.0,"turns":2.0},{"damage":0.0,"enemies":"Nemesis","floor":42.0,"turns":1.0},{"damage":0.0,"enemies":"R_Hoarder","floor":44.0,"turns":3.0},{"damage":0,"enemies":"Writhing Mass","floor":45,"turns":1},{"damage":0,"enemies":"3 Darklings","floor":47,"turns":2},{"damage":0,"enemies":"Giant Head","floor":48,"turns":1},{"damage":0,"enemies":"Donu and Deca","floor":50,"turns":1},{"damage":0,"enemies":"Shield and Spear","floor":54,"turns":2},{"damage":5,"enemies":"The Heart","floor":55,"turns":4}],"seed_played":"121069025210824902","potions_obtained":[{"floor":1.0,"key":"Explosive Potion"},{"floor":3.0,"key":"AttackPotion"},{"floor":3.0,"key":"BlessingOfTheForge"},{"floor":10.0,"key":"construct:ShiftPotion"},{"floor":11.0,"key":"Strength Potion"},{"floor":12.0,"key":"GrandPatriotsElixir:ReiMu"},{"floor":27.0,"key":"Fruit Juice"},{"floor":30.0,"key":"Death Potion"},{"floor":33.0,"key":"Weak Potion"}],"is_trial":false,"path_per_floor":["M","?","?","M","M","R","E","R","T","M","E","M","$","M","R","B",null,"M","?","$","?","M","R","M","E","T","E","?","T","M","E","R","B",null,"M","$","M","?","?","E","?","E","T","E","M","?","M","E","R","B",null,"R","$","E","B",null],"character_chosen":"THE_SENSHI","items_purchased":["theSenshi:Overload","theSenshi:SteeledNerves","theSenshi:SchoolBag","Oddly Smooth Stone","Dexterity Potion"],"campfire_rested":0,"item_purchase_floors":[13,20,36,53,53],"current_hp_per_floor":[75,75,75,72,72,72,49,49,49,47,25,25,25,25,25,25,75,71,55,55,55,52,52,42,42,42,47,47,47,47,47,47,47,80,80,80,80,85,85,85,85,85,85,85,85,85,85,85,85,85,85,85,85,85,80],"gold":25,"neow_bonus":"RANDOM_COMMON_RELIC","is_daily":false,"chose_seed":false,"campfire_upgraded":6,"win_rate":0.0,"timestamp":1614222733,"path_taken":["M","?","?","M","M","R","E","R","T","M","E","M","$","M","R","BOSS","M","?","$","?","M","R","M","E","T","E","?","?","M","E","R","BOSS","M","$","M","?","?","E","?","E","T","E","M","?","M","E","R","BOSS","R","$","E","BOSS"],"items_purchased_type":["Card","Card","Card","Relic","Potion"],"build_version":"2020-12-22","purchased_purges":4,"victory":true,"max_hp_per_floor":[75,75,75,75,75,75,75,75,75,75,75,75,75,75,75,75,75,75,75,75,75,75,75,75,75,75,80,80,80,80,80,80,80,80,80,80,80,85,85,85,85,85,85,85,85,85,85,85,85,85,85,85,85,85,85],"card_choices":[{"not_picked":["theSenshi:TuxedoSmokingBomber","theSenshi:Sidestep"],"picked":"theSenshi:HesSoDreamy","floor":1.0},{"not_picked":[],"picked":"theSenshi:MoonlightKnight","floor":2.0},{"not_picked":["theSenshi:SailorChibiMoonAssists","theSenshi:MoonPower"],"picked":"theSenshi:TallSilhouette","floor":4.0},{"not_picked":["theSenshi:LunasBite","theSenshi:TuxedoSmokingBomber","theSenshi:SupersonicWaves"],"picked":"SKIP","floor":5.0},{"not_picked":["theSenshi:WarriorOfTheMoon","theSenshi:SteeledNerves"],"picked":"theSenshi:LateForSchool","floor":7.0},{"not_picked":["theSenshi:Sidestep","theSenshi:SupersonicWaves"],"picked":"theSenshi:LateForSchool","floor":10.0},{"not_picked":["theSenshi:MoonPunch","theSenshi:MoonPrincessHalation","theSenshi:MoonsReflection"],"picked":"SKIP","floor":11.0},{"not_picked":["theSenshi:TuxedoSmokingBomber","theSenshi:PlutosSolemnity","theSenshi:SailorChibiMoonAssists"],"picked":"SKIP","floor":12.0},{"not_picked":["theSenshi:MoonCrystalPowerMakeUp","theSenshi:CrisisMakeUp"],"picked":"theSenshi:SchoolBag","floor":14.0},{"not_picked":["theSenshi:MoonGorgeousMeditation","theSenshi:SailorCosmosAssists"],"picked":"theSenshi:SilverMoonCrystalPowerKiss","floor":16.0},{"not_picked":["theSenshi:TuxedoSmokingBomber","theSenshi:Sidestep+1","theSenshi:MoonCrisisMakeUp"],"picked":"SKIP","floor":18.0},{"not_picked":["theSenshi:EncouragingSpeech","theSenshi:MercurysCunning","theSenshi:MoonTiaraMagic"],"picked":"SKIP","floor":22.0},{"not_picked":["theSenshi:MoonCrystalPowerMakeUp","theSenshi:MoonsReflection"],"picked":"theSenshi:MoonPower","floor":24.0},{"not_picked":["theSenshi:TuxedoSmokingBomber","theSenshi:MoonPrincessHalation"],"picked":"theSenshi:EncouragingSpeech+1","floor":25.0},{"not_picked":["theSenshi:MoonPunch","theSenshi:SailorMarsAssists","theSenshi:MoonTiaraMagic"],"picked":"SKIP","floor":27.0},{"not_picked":["theSenshi:KlutzyLuck","theSenshi:SailorChibiMoonAssists+1","theSenshi:SailorMercuryAssists+1"],"picked":"SKIP","floor":27.0},{"not_picked":["theSenshi:MoonKick","theSenshi:TuxedoSmokingBomber"],"picked":"theSenshi:LateForSchool","floor":30.0},{"not_picked":["theSenshi:MoonPower","theSenshi:KlutzyLuck","theSenshi:SailorUranusAssists"],"picked":"SKIP","floor":30.0},{"not_picked":["theSenshi:MoonsReflection","theSenshi:MoonPower","theSenshi:UranusStrength"],"picked":"SKIP","floor":31.0},{"not_picked":["theSenshi:MoonsReflection+1","theSenshi:MoonTiaraMagic+1","theSenshi:MoonCrystalPowerMakeUp"],"picked":"SKIP","floor":31.0},{"not_picked":["theSenshi:MoonKick","theSenshi:SaturnsMystery"],"picked":"theSenshi:SchoolBag","floor":33.0},{"not_picked":["theSenshi:SailorCosmosAssists","theSenshi:WarriorOfTheMoon"],"picked":"theSenshi:StudyParty","floor":35.0},{"not_picked":["theSenshi:EncouragingSpeech","theSenshi:SailorMarsAssists","theSenshi:MoonPunch"],"picked":"SKIP","floor":35.0},{"not_picked":["theSenshi:MoonPrincessHalation","theSenshi:SailorVenusAssists","theSenshi:MoonTwilightFlash"],"picked":"SKIP","floor":37.0},{"not_picked":["theSenshi:MoonsReflection","theSenshi:MoonPunch+1","theSenshi:TallSilhouette"],"picked":"SKIP","floor":37.0},{"not_picked":["theSenshi:InTheNameOfTheMoon","theSenshi:MoonKick+1"],"picked":"theSenshi:YouCanTalk+1","floor":38.0},{"not_picked":["theSenshi:MoonGorgeousMeditation","theSenshi:GatheringStrength","theSenshi:LunasBite"],"picked":"SKIP","floor":40.0},{"not_picked":["theSenshi:NeptunesGrace+1","theSenshi:SupersonicWaves+1","theSenshi:TallSilhouette+1"],"picked":"SKIP","floor":40.0},{"not_picked":["theSenshi:YouCanTalk+1","theSenshi:MoonKick+1"],"picked":"theSenshi:SchoolBag","floor":41.0},{"not_picked":["theSenshi:SteeledNerves","theSenshi:SailorMarsAssists","theSenshi:MoonKick"],"picked":"SKIP","floor":42.0},{"not_picked":["theSenshi:KlutzyLuck","theSenshi:SteeledNerves+1","theSenshi:InTheNickOfTime+1"],"picked":"SKIP","floor":42.0},{"not_picked":["theSenshi:EncouragingSpeech","theSenshi:TallSilhouette","theSenshi:MoonKick"],"picked":"SKIP","floor":44.0},{"not_picked":["theSenshi:EncouragingSpeech","theSenshi:CrisisMakeUp","theSenshi:SteeledNerves"],"picked":"SKIP","floor":44.0},{"not_picked":["theSenshi:InTheNameOfTheMoon","theSenshi:WarriorOfTheMoon","theSenshi:MoonKick"],"picked":"SKIP","floor":45},{"not_picked":["theSenshi:Sidestep","theSenshi:SailorMercuryAssists+1","theSenshi:SailorVenusAssists"],"picked":"SKIP","floor":45},{"not_picked":["Enlightenment","Blind"],"picked":"Finesse","floor":46},{"not_picked":["theSenshi:TuxedoSmokingBomber","theSenshi:MoonlightKnight","theSenshi:VenusGlamour"],"picked":"SKIP","floor":47},{"not_picked":["theSenshi:TuxedoSmokingBomber+1","theSenshi:VenusGlamour+1","theSenshi:MoonKick+1"],"picked":"SKIP","floor":47},{"not_picked":["theSenshi:MoonTiaraMagic","theSenshi:LunaWiseMentor","theSenshi:SilverMoonCrystalPowerKiss"],"picked":"SKIP","floor":48},{"not_picked":["theSenshi:Overload","theSenshi:MoonCrystalPowerMakeUp+1","theSenshi:SailorMercuryAssists"],"picked":"SKIP","floor":48},{"not_picked":["theSenshi:MoonsReflection","theSenshi:MoonGorgeousMeditation"],"picked":"theSenshi:SchoolBag","floor":54},{"not_picked":["theSenshi:MoonTwilightFlash","theSenshi:SailorVenusAssists","theSenshi:WarriorOfTheMoon"],"picked":"SKIP","floor":54}],"player_experience":414249,"relics_obtained":[{"floor":7.0,"key":"Mercury Hourglass"},{"floor":11.0,"key":"theSenshi:RoseRelic"},{"floor":19.0,"key":"Nilry\u0027s Codex"},{"floor":25.0,"key":"LagranYue:RareGoldArmorRelic"},{"floor":26.0,"key":"PureWhite:ReiMu"},{"floor":27.0,"key":"theSenshi:SuperSailorFukuRelic"},{"floor":29.0,"key":"Ornamental Fan"},{"floor":31.0,"key":"theSenshi:SailorFukuRelic"},{"floor":38.0,"key":"Durian"},{"floor":40.0,"key":"theSenshi:CrisisMoonCompactRelic"},{"floor":42.0,"key":"theSenshi:CrystalStarRelic"},{"floor":43.0,"key":"Replay:Baseball"},{"floor":48,"key":"Incense Burner"},{"floor":54,"key":"Replay:Arrowhead"}],"event_choices":[{"damage_healed":0.0,"max_hp_gain":0.0,"max_hp_loss":0.0,"gold_gain":0.0,"event_name":"Lab","player_choice":"Got Potions","floor":3.0,"gold_loss":0.0,"damage_taken":0.0},{"damage_healed":0.0,"max_hp_gain":0.0,"max_hp_loss":0.0,"gold_gain":0.0,"event_name":"Cursed Tome","player_choice":"Obtained Book","floor":19.0,"gold_loss":0.0,"damage_taken":16.0},{"damage_healed":0.0,"max_hp_gain":0.0,"max_hp_loss":0.0,"gold_gain":0.0,"event_name":"MindBloom","player_choice":"Fight","floor":38.0,"gold_loss":0.0,"damage_taken":0.0},{"damage_healed":0,"gold_gain":0,"player_choice":"Memory 1","damage_taken":0,"max_hp_gain":0,"max_hp_loss":0,"event_name":"SensoryStone","floor":46,"gold_loss":0}],"is_beta":false,"boss_relics":[{"not_picked":["Cursed Key","RedLine:ReiMu"],"picked":"Coffee Dripper"},{"not_picked":["Abe\u0027s Treasure","Velvet Choker"],"picked":"Philosopher\u0027s Stone"}],"items_purged_floors":[13,20,36,53],"is_endless":false,"potions_floor_spawned":[1,4,10,11,12,27,30,33,38,40,44,48,54],"ascension_level":2}}