{"host":"x8sop9v6zw8yitbt","time":1614216778,"event":{"mods":["BaseMod","Best Route Mod","Block Reminder","Challenge The Spire","Colored Powertips","Custom Start","Dark Map","DeckTracker","Minty Spire (QoL Compilation)","Permanent Neow","Quick Restart","Rare Cards Sparkle","Reliquary","Spicy Shops","Spikes Relics","StSLib","Virulent Crown"],"gold_per_floor":[115,115,115,132,132,160,180,180,180,213,223,234,234,263,263,263,263],"floor_reached":16,"language":"ENG","playtime":614,"items_purged":[],"score":179,"play_id":"02c55e96-94be-4d00-9cfb-6611b064f17f","local_time":"20210224203258","is_ascension_mode":true,"campfire_choices":[{"data":"Backflip","floor":8,"key":"SMITH"},{"data":"Dagger Spray","floor":13,"key":"SMITH"},{"data":"Strike_G","floor":15,"key":"SMITH"}],"circlet_count":0,"master_deck":["Strike_G+1","Strike_G","Strike_G","Strike_G+1","Strike_G+1","Defend_G","Defend_G","Defend_G","Defend_G","Defend_G","Survivor","Neutralize+1","Blade Dance+1","Backflip+1","Burst","Dagger Spray+1"],"relics":["Ring of the Snake","BlackRope","Du-Vu Doll","reliquary:TridentHead","Toxic Egg 2","reliquary:Buckler"],"acts_visited":["Exordium"],"potions_floor_usage":[10,16,16],"damage_taken":[{"damage":0,"enemies":"Small Slimes","floor":1,"turns":4},{"damage":1,"enemies":"Jaw Worm","floor":4,"turns":5},{"damage":18,"enemies":"3 Sentries","floor":6,"turns":11},{"damage":0,"enemies":"Cultist","floor":7,"turns":3},{"damage":18,"enemies":"Lagavulin","floor":10,"turns":6},{"damage":5,"enemies":"Red Slaver","floor":11,"turns":3},{"damage":0,"enemies":"Blue Slaver","floor":12,"turns":2},{"damage":9,"enemies":"3 Sentries","floor":14,"turns":8}],"seed_played":"8920047600718607841","potions_obtained":[{"floor":4,"key":"AttackPotion"},{"floor":10,"key":"Block Potion"},{"floor":14,"key":"SkillPotion"}],"is_trial":false,"path_per_floor":["M","?","?","M","?","E","M","R","T","E","M","M","R","E","R","B"],"character_chosen":"THE_SILENT","items_purchased":[],"campfire_rested":0,"item_purchase_floors":[],"current_hp_per_floor":[70,75,72,71,71,53,53,53,53,35,30,30,30,21,21,10,10],"gold":263,"neow_bonus":"UPGRADE_CARD","is_daily":false,"chose_seed":false,"campfire_upgraded":3,"win_rate":0.0,"timestamp":1614216778,"path_taken":["M","?","?","M","?","E","M","R","T","E","?","M","R","E","R","BOSS"],"items_purchased_type":[],"build_version":"2020-12-22","purchased_purges":0,"victory":false,"max_hp_per_floor":[70,75,75,75,75,75,75,75,75,75,75,75,75,75,75,75,75],"card_choices":[{"not_picked":["Sucker Punch","Endless Agony"],"picked":"Blade Dance","floor":1},{"not_picked":["Setup","Flechettes"],"picked":"Backflip","floor":4},{"not_picked":["Dagger Throw","Expertise","InfectiousVector"],"picked":"SKIP","floor":6},{"not_picked":["Bane","Flying Knee"],"picked":"Burst","floor":7},{"not_picked":["Backflip+1","Prepared+1","Expertise+1"],"picked":"SKIP","floor":10},{"not_picked":["Terror+1","Noxious Fumes"],"picked":"Dagger Spray","floor":11},{"not_picked":["Caltrops","Setup+1","Dagger Throw"],"picked":"SKIP","floor":12},{"not_picked":["Backflip+1","Noxious Fumes","Setup+1"],"picked":"SKIP","floor":14}],"player_experience":908582,"relics_obtained":[{"floor":6,"key":"Du-Vu Doll"},{"floor":9,"key":"reliquary:TridentHead"},{"floor":10,"key":"Toxic Egg 2"},{"floor":14,"key":"reliquary:Buckler"}],"event_choices":[{"damage_healed":0,"gold_gain":0,"player_choice":"Donut","damage_taken":0,"max_hp_gain":5,"max_hp_loss":0,"event_name":"Big Fish","floor":2,"gold_loss":0},{"damage_healed":0,"gold_gain":0,"player_choice":"Success","damage_taken":3,"relics_obtained":["BlackRope"],"max_hp_gain":0,"max_hp_loss":0,"event_name":"Scrap Ooze","floor":3,"gold_loss":0},{"damage_healed":0,"gold_gain":0,"player_choice":"Grow","damage_taken":0,"max_hp_gain":0,"max_hp_loss":0,"event_name":"Living Wall","floor":5,"gold_loss":0,"cards_upgraded":["Blade Dance"]}],"is_beta":false,"boss_relics":[],"items_purged_floors":[],"is_endless":false,"potions_floor_spawned":[4,10,14],"killed_by":"Hexaghost","ascension_level":1}}