{"host":"Rich","time":1614285332,"event":{"mods":["AchievementEnabler","BaseMod","Highlight Path","Minty Spire (QoL Compilation)","Relic Stats"],"gold_per_floor":[113,38,38,38,38,69,83,138,190,216,216,234,252,252,252],"floor_reached":14,"language":"ENG","playtime":394,"items_purged":["Strike_G"],"score":266,"play_id":"d11badc4-256b-49a1-bbf7-c455b76a2b8d","local_time":"20210225153532","is_ascension_mode":true,"campfire_choices":[{"floor":11,"key":"REST"}],"circlet_count":0,"master_deck":["AscendersBane","Strike_G","Strike_G","Strike_G","Strike_G","Defend_G","Defend_G","Defend_G","Defend_G","Survivor+1","Neutralize+1","Dagger Throw","Flying Knee","Prepared","Bane","Poisoned Stab","Deflect","Noxious Fumes"],"relics":["Ring of the Snake","NeowsBlessing","Happy Flower","Kunai","Toy Ornithopter","Omamori"],"acts_visited":["Exordium"],"potions_floor_usage":[8,10,14],"damage_taken":[{"damage":0,"enemies":"Small Slimes","floor":1,"turns":1},{"damage":0,"enemies":"3 Sentries","floor":6,"turns":1},{"damage":0,"enemies":"Jaw Worm","floor":7,"turns":1},{"damage":11,"enemies":"Lagavulin","floor":8,"turns":6},{"damage":12,"enemies":"3 Sentries","floor":10,"turns":10},{"damage":0,"enemies":"2 Louse","floor":12,"turns":2},{"damage":0,"enemies":"Exordium Wildlife","floor":13,"turns":3},{"damage":55,"enemies":"Gremlin Nob","floor":14,"turns":4}],"seed_played":"8594768783405208767","potions_obtained":[{"floor":1,"key":"ColorlessPotion"},{"floor":6,"key":"CunningPotion"},{"floor":10,"key":"DistilledChaos"}],"is_trial":false,"path_per_floor":["M","$","?","?","?","E","M","E","T","E","R","M","M","E"],"character_chosen":"THE_SILENT","items_purchased":[],"campfire_rested":1,"item_purchase_floors":[],"current_hp_per_floor":[59,59,52,66,46,46,46,35,35,28,47,47,47,0,0],"gold":252,"neow_bonus":"THREE_ENEMY_KILL","is_daily":false,"chose_seed":false,"campfire_upgraded":0,"win_rate":0.0,"timestamp":1614285332,"path_taken":["M","$","?","?","?","E","M","E","T","E","R","M","M","E"],"items_purchased_type":[],"build_version":"2020-12-18","purchased_purges":1,"victory":false,"max_hp_per_floor":[66,66,66,66,66,66,66,66,66,66,66,66,66,66,66],"relic_stats":{"Happy Flower":[8],"counters":[8,28],"Kunai":[9],"obtain_stats":[{"NeowsBlessing":0,"Happy Flower":6,"Omamori":10,"Kunai":8,"Toy Ornithopter":9,"Ring of the Snake":0},{"NeowsBlessing":0,"Happy Flower":2,"Omamori":5,"Kunai":4,"Toy Ornithopter":4,"Ring of the Snake":0},{"NeowsBlessing":0,"Happy Flower":2,"Omamori":19,"Kunai":9,"Toy Ornithopter":9,"Ring of the Snake":0}],"Toy Ornithopter":10,"Ring of the Snake":[16]},"card_choices":[{"not_picked":["Outmaneuver","Bane"],"picked":"Dagger Throw","floor":1},{"not_picked":["Expertise","Catalyst"],"picked":"Flying Knee","floor":6},{"not_picked":["Dodge and Roll","Slice"],"picked":"Prepared","floor":7},{"not_picked":["Burst","Deadly Poison"],"picked":"Bane","floor":8},{"not_picked":["Distraction","Flying Knee"],"picked":"Poisoned Stab","floor":10},{"not_picked":["Quick Slash","Deadly Poison"],"picked":"Deflect","floor":12},{"not_picked":["Unload","Tactician"],"picked":"Noxious Fumes","floor":13}],"player_experience":2032013,"relics_obtained":[{"floor":6,"key":"Happy Flower"},{"floor":8,"key":"Kunai"},{"floor":9,"key":"Toy Ornithopter"},{"floor":10,"key":"Omamori"}],"event_choices":[{"cards_removed":["Defend_G"],"damage_healed":0,"gold_gain":0,"player_choice":"Card Removal","damage_taken":7,"max_hp_gain":0,"max_hp_loss":0,"event_name":"Golden Wing","floor":3,"gold_loss":0},{"damage_healed":22,"gold_gain":0,"player_choice":"Banana","damage_taken":0,"max_hp_gain":0,"max_hp_loss":0,"event_name":"Big Fish","floor":4,"gold_loss":0},{"damage_healed":0,"gold_gain":0,"player_choice":"Entered Light","damage_taken":20,"max_hp_gain":0,"max_hp_loss":0,"event_name":"Shining Light","floor":5,"gold_loss":0,"cards_upgraded":["Survivor","Neutralize"]}],"is_beta":true,"boss_relics":[],"items_purged_floors":[2],"is_endless":false,"potions_floor_spawned":[1,6,10],"killed_by":"Gremlin Nob","ascension_level":20}}