{"host":"prxrhpgaxnj4om9r","time":1614256916,"event":{"mods":["AchievementEnabler","BaseMod","Colored Map","DeckTracker","Keyboard Shortcuts","Minty Spire (QoL Compilation)"],"gold_per_floor":[110,110,60,35,52,83,83,147,147,160,125,125,137,156,156,251,251,271,31,44,44,58,58,58],"floor_reached":23,"language":"KOR","playtime":1235,"items_purged":[],"score":191,"play_id":"ac8e1eee-95fb-4e59-89a7-c6d1e57d3d81","local_time":"20210225214156","is_ascension_mode":false,"campfire_choices":[{"floor":7,"key":"REST"},{"floor":15,"key":"REST"}],"circlet_count":0,"master_deck":["Strike_B","Strike_B","Strike_B","Strike_B","Defend_B","Defend_B","Defend_B","Defend_B","Zap","Dualcast","Sweeping Beam+1","Turbo","Gash","Storm","Electrodynamics","Stack","Ball Lightning","Redo","Coolheaded","Echo Form","Capacitor","Cold Snap","Hello World+1"],"relics":["Cracked Core","Mercury Hourglass","The Courier","CaptainsWheel","NlothsMask","SacredBark","Bag of Marbles","Nunchaku"],"acts_visited":["Exordium","TheCity"],"potions_floor_usage":[13,16,16],"damage_taken":[{"damage":6,"enemies":"Cultist","floor":1,"turns":4},{"damage":2,"enemies":"2 Louse","floor":5,"turns":3},{"damage":43,"enemies":"3 Sentries","floor":6,"turns":7},{"damage":24,"enemies":"Lagavulin Event","floor":8,"turns":5},{"damage":0,"enemies":"Small Slimes","floor":10,"turns":2},{"damage":13,"enemies":"Exordium Thugs","floor":13,"turns":3},{"damage":5,"enemies":"Looter","floor":14,"turns":2},{"damage":27,"enemies":"The Guardian","floor":16,"turns":11},{"damage":13,"enemies":"3 Byrds","floor":18,"turns":2},{"damage":5,"enemies":"Chosen","floor":20,"turns":4},{"damage":31,"enemies":"Centurion and Healer","floor":22,"turns":6},{"damage":42,"enemies":"Slavers","floor":23,"turns":2}],"seed_played":"5670513223925614721","potions_obtained":[{"floor":8,"key":"DistilledChaos"},{"floor":13,"key":"Swift Potion"},{"floor":14,"key":"DistilledChaos"},{"floor":16,"key":"SmokeBomb"}],"is_trial":false,"path_per_floor":["M","?","$","$","M","E","R","?","T","M","?","?","M","M","R","B",null,"M","$","M","?","M","E"],"character_chosen":"DEFECT","items_purchased":["Turbo","Gash","Bag of Marbles","Nunchaku"],"campfire_rested":2,"item_purchase_floors":[3,4,19,19],"current_hp_per_floor":[76,76,76,76,74,31,55,31,31,31,51,51,38,33,57,30,82,69,69,64,64,33,0,0],"gold":58,"neow_bonus":"TEN_PERCENT_HP_BONUS","is_daily":false,"chose_seed":false,"campfire_upgraded":0,"win_rate":0.0,"timestamp":1614256916,"path_taken":["M","?","?","$","M","E","R","?","T","M","?","?","M","?","R","BOSS","M","$","M","?","M","E"],"items_purchased_type":["Card","Card","Relic","Relic"],"build_version":"2020-12-22","purchased_purges":0,"victory":false,"max_hp_per_floor":[82,82,82,82,82,82,82,82,82,82,82,82,82,82,82,82,82,82,82,82,82,82,82,82],"card_choices":[{"not_picked":["Leap","Hologram"],"picked":"Sweeping Beam","floor":1},{"not_picked":["Conserve Battery","Glacier"],"picked":"Storm","floor":5},{"not_picked":["Rebound","Storm"],"picked":"Electrodynamics","floor":6},{"not_picked":["Conserve Battery","Auto Shields"],"picked":"Stack","floor":8},{"not_picked":["Hologram","Coolheaded"],"picked":"Ball Lightning","floor":10},{"not_picked":["Rebound","Auto Shields"],"picked":"Redo","floor":13},{"not_picked":["Steam","Storm"],"picked":"Coolheaded","floor":14},{"not_picked":["Electrodynamics","Fission"],"picked":"Echo Form","floor":16},{"not_picked":["Chaos","Hologram"],"picked":"Capacitor","floor":18},{"not_picked":["Gash","Stack"],"picked":"Cold Snap","floor":20},{"not_picked":["Gash","Steam+1"],"picked":"Hello World+1","floor":22}],"player_experience":657120,"relics_obtained":[{"floor":6,"key":"Mercury Hourglass"},{"floor":8,"key":"The Courier"},{"floor":9,"key":"CaptainsWheel"}],"event_choices":[{"damage_healed":0,"gold_gain":0,"player_choice":"Upgraded","damage_taken":0,"max_hp_gain":0,"max_hp_loss":0,"event_name":"Upgrade Shrine","floor":2,"gold_loss":0,"cards_upgraded":["Sweeping Beam"]},{"damage_healed":0,"gold_gain":0,"player_choice":"Searched \u00271\u0027 times","damage_taken":0,"max_hp_gain":0,"max_hp_loss":0,"event_name":"Dead Adventurer","floor":8,"gold_loss":0},{"damage_healed":20,"gold_gain":0,"player_choice":"Healed","damage_taken":0,"max_hp_gain":0,"max_hp_loss":0,"event_name":"The Cleric","floor":11,"gold_loss":35},{"damage_healed":0,"gold_gain":0,"player_choice":"Trade","damage_taken":0,"relics_obtained":["NlothsMask"],"max_hp_gain":0,"max_hp_loss":0,"event_name":"FaceTrader","floor":12,"gold_loss":0},{"damage_healed":0,"gold_gain":0,"player_choice":"Ignored","damage_taken":0,"max_hp_gain":0,"max_hp_loss":0,"event_name":"Vampires","floor":21,"gold_loss":0}],"is_beta":false,"boss_relics":[{"not_picked":["Fusion Hammer","Philosopher\u0027s Stone"],"picked":"SacredBark"}],"items_purged_floors":[],"is_endless":false,"potions_floor_spawned":[8,13,14,16],"killed_by":"Slavers","ascension_level":0}}