{"host":"wmtpv4eernmufsky","time":1614266402,"event":{"mods":["100% Spire Juice","Act Like it!","Arknights","Ascension Reborn","Aspiration","BaseMod","FoggyMod","Friendly Minions","Gensokyo","KinomotoSakuraMod(木之本樱)","KomeijiMod","Library of Ruina","Library of Ruina Extra","Minty Spire (QoL Compilation)","Remilia（蕾米莉亚）","StSLib","The Servant 0.9.4","TheWitcher","Waifu the Spire","Yakumo Yukari mod","Youmu（魂魄妖梦）","【功能Mod】聪明的最终Boss","残留之物"],"gold_per_floor":[117,128,203,203,250,250,277,293,318,318,318,337,512,389,389,492,542,555,203,203,220,240,268,268,268,268,122,134,134,186,206,206,206,206],"floor_reached":33,"language":"ZHS","playtime":2147,"items_purged":["Doubt"],"score":338,"play_id":"49f360e9-aee8-4638-96b7-97a547a3aaf7","local_time":"20210225232002","is_ascension_mode":true,"campfire_choices":[{"data":"HighSpeedStabbing","floor":6,"key":"SMITH"},{"data":"Reload","floor":10,"key":"SMITH"},{"floor":15,"key":"REST"},{"floor":24,"key":"REST"},{"floor":32,"key":"REST"}],"circlet_count":0,"master_deck":["Dodge","LightDefense","LightAttack","LightAttack","LightAttack","LightDefense","LightDefense","LightDefense+1","ChargeAndCover","FocusedStrikes","HighSpeedStabbing+1","EndlessBattle","Injury","UpbeatPerformance","Reload+1","Standoff","Disposal","Thrust","SuppressingShot+1","Ripple","Unlock1","BackAttack","Eliminate+1","Apotheosis","CombatPreparation+1","JiaoTu"],"relics":["PageOfLibrarian","aspiration:Nostalgia","KSMOD_SealedWand","Frozen Egg 2","Blood Vial","Bronze Scales","GoodDreamPillow","Tiny House","Pear","PageOfUniverseFragment","PageOfBigBird","PageOfBloodbath","Ancient Tea Set"],"acts_visited":["Exordium","TheCity"],"potions_floor_usage":[22,22,28,33],"damage_taken":[{"damage":0,"enemies":"Cultist","floor":1,"turns":3},{"damage":0,"enemies":"ats:Genji","floor":2,"turns":3},{"damage":7,"enemies":"Gremlin Nob","floor":7,"turns":3},{"damage":0,"enemies":"Small Slimes","floor":8,"turns":3},{"damage":8,"enemies":"Exordium Thugs","floor":12,"turns":2},{"damage":22,"enemies":"The Guardian","floor":16,"turns":9},{"damage":3,"enemies":"Shell Parasite","floor":18,"turns":6},{"damage":9,"enemies":"3 Byrds","floor":21,"turns":4},{"damage":29,"enemies":"Snake Plant","floor":22,"turns":4},{"damage":26,"enemies":"Gremlin Leader","floor":23,"turns":6},{"damage":0,"enemies":"Shelled Parasite and Fungi","floor":28,"turns":3},{"damage":11,"enemies":"Cultist and Chosen","floor":31,"turns":6},{"damage":59,"enemies":"KingOfGreed","floor":33,"turns":5}],"seed_played":"1524924952317193250","potions_obtained":[{"floor":2,"key":"EssenceOfSteel"},{"floor":7,"key":"FearPotion"},{"floor":16,"key":"LiquidBronze"},{"floor":23,"key":"Fire Potion"},{"floor":31,"key":"PowerPotion"}],"is_trial":false,"path_per_floor":["M","M","?","?","T","R","E","M","T","R","?","M","?","?","R","B",null,"M","$","?","M","M","E","R","?","T","$","M","?","T","M","R","B"],"character_chosen":"Librarian","items_purchased":["Pear","Ripple","PageOfBloodbath"],"campfire_rested":3,"item_purchase_floors":[19,19,27],"current_hp_per_floor":[60,60,49,49,49,49,44,46,46,46,55,49,49,49,74,54,70,67,77,77,69,42,18,48,48,48,48,50,50,50,45,109,0,0],"gold":206,"neow_bonus":"NOSTALGIA","is_daily":false,"chose_seed":false,"campfire_upgraded":2,"win_rate":0.0,"timestamp":1614266402,"path_taken":["M","?","?","?","?","R","E","?","T","R","?","?","?","?","R","BOSS","M","$","?","?","?","E","R","?","T","?","?","?","?","?","R","BOSS"],"items_purchased_type":["Relic","Card","Relic"],"build_version":"2020-12-22","purchased_purges":1,"victory":false,"max_hp_per_floor":[86,70,70,70,70,86,71,62,62,86,86,70,70,70,86,65,70,68,78,78,78,99,85,101,101,101,101,89,89,89,216,216,216,216],"card_choices":[{"not_picked":["BiAn","TendonChords","InhaleSmoke","AsThePrescriptOrders","Pound","SweepTheBackstreets","SpearedSweep","BladeWhirl"],"picked":"HighSpeedStabbing","floor":1},{"not_picked":["Guardian_lor","YoureTooSlow","Diversion","DimensionalRift","WillBeTasty","EnergyStrike","SunsetBlade","RhinoRam"],"picked":"EndlessBattle","floor":2},{"not_picked":["SerpentSwordTechnique","Faith","GuidanceOfTheGears","FlashingStrike","Rewind","SunsetBlade+1","DarkCloud+1","Slice_lor"],"picked":"UpbeatPerformance","floor":7},{"not_picked":["FrontalAssault","DefenseOrder","HighKick","Riposte","SerpentineBarrier","Quickness","Eject","SinglePointStab"],"picked":"Reload","floor":8},{"not_picked":["Faith","SpearedSweep","Slice_lor","Deflect_lor","HighKick","SerpentSwordTechnique","BattleCommand","WaitUp"],"picked":"Standoff","floor":12},{"not_picked":["MirageStorm","SenseQuarry"],"picked":"Disposal","floor":16},{"not_picked":["ToOvercomeCrisis","ConcentratedFire","StayCalm","HiddenBlade","Fence","StrikeDown","BiAn","YouOnlyLiveOnce"],"picked":"Thrust","floor":17},{"not_picked":["IllEndYou","UnforgettableMelody+1","DesperateStruggle+1","CumulusWall","SteelKnuckles","DarkCloud+1","ConcentratedFire","SerpentSwordTechnique"],"picked":"SuppressingShot+1","floor":18},{"not_picked":["DefenseOrder+1","KeepItFresh","EnergyShield","Outburst","Thrust","AsThePrescriptOrders","Pound+1","RapidGashes"],"picked":"Unlock1","floor":21},{"not_picked":["EnergyStrike","SnakesPrey+1","InhaleSmoke","GreatSerpentsImpact","VioletBlade","DesperateStruggle","DarkCloud+1","HighKick"],"picked":"BackAttack","floor":22},{"not_picked":["DirtyBlow","Quickness","Unlock1+1","MindCrush","Ripple","WillOfThePrescript","StrongStrike","ShockingBlow"],"picked":"Eliminate+1","floor":23},{"not_picked":["GreatSerpentsImpact","ChopItOff","HighKick","AsThePrescriptOrders","MultiBlock+1","FrontalAssault","SummaryJudgment","UncannyStrike"],"picked":"CombatPreparation+1","floor":28},{"not_picked":["CoordinatedAssault","GuidanceOfTheGears","Thrust","BindingChains","Zzzzzap+1","SkitterAway","ClassAndRespect","FlashingStrike"],"picked":"JiaoTu","floor":31}],"player_experience":217580,"relics_obtained":[{"floor":5,"key":"Blood Vial"},{"floor":9,"key":"Bronze Scales"},{"floor":23,"key":"PageOfUniverseFragment"},{"floor":26,"key":"PageOfBigBird"},{"floor":30,"key":"Ancient Tea Set"}],"event_choices":[{"damage_healed":0,"gold_gain":75,"player_choice":"Gather Gold","damage_taken":11,"max_hp_gain":0,"max_hp_loss":0,"event_name":"World of Goop","floor":3,"gold_loss":0},{"damage_healed":0,"gold_gain":175,"player_choice":"AGREE","damage_taken":0,"max_hp_gain":0,"max_hp_loss":0,"event_name":"Liars Game","floor":13,"gold_loss":0,"cards_obtained":["Doubt"]},{"damage_healed":0,"gold_gain":0,"player_choice":"Ignored","damage_taken":0,"max_hp_gain":0,"max_hp_loss":0,"event_name":"Transmorgrifier","floor":20,"gold_loss":0},{"damage_healed":0,"gold_gain":0,"player_choice":"Ignored","damage_taken":0,"max_hp_gain":0,"max_hp_loss":0,"event_name":"Ghosts","floor":29,"gold_loss":0}],"is_beta":false,"boss_relics":[{"not_picked":["aspiration:ServantSkillbook","Fusion Hammer"],"picked":"Tiny House"}],"items_purged_floors":[19],"is_endless":false,"potions_floor_spawned":[2,7,16,18,23,31],"killed_by":"KingOfGreed","ascension_level":0}}