{"host":"5n1fl7z5i1vf7jan","time":1614229107,"event":{"mods":["BaseMod","Minty Spire (QoL Compilation)","Quick Restart","Relic Stats"],"gold_per_floor":[116,136,149,70,70,100,100,163,187,215,235,261,261,19,19,96,96,111,161,161,175,19,19,29,29,29,29,29,48,48,75,75,148,148,159,172,172,191,210,210,210],"floor_reached":40,"language":"ENG","playtime":1406,"items_purged":["Strike_B","Strike_B"],"score":828,"play_id":"edd80d5c-f29b-4899-bedf-44c207e9fbbd","local_time":"20210224205827","is_ascension_mode":true,"campfire_choices":[{"data":"Zap","floor":7.0,"key":"SMITH"},{"data":"Defragment","floor":15.0,"key":"SMITH"},{"data":"Defragment","floor":23.0,"key":"SMITH"},{"data":"Seek","floor":25.0,"key":"SMITH"},{"floor":32.0,"key":"REST"}],"circlet_count":0,"master_deck":["AscendersBane","Strike_B","Defend_B","Defend_B","Defend_B","Defend_B","Zap+1","Dualcast","Rebound","Sweeping Beam+1","Capacitor","Rip and Tear+1","Reboot","Ball Lightning","Genetic Algorithm","Defragment+1","Undo","Seek+1","Defragment+1","Conserve Battery","Conserve Battery","Barrage","Glacier","Go for the Eyes","Biased Cognition","Defragment+1","Compile Driver+1","Parasite","Leap+1"],"relics":["FrozenCore","NeowsBlessing","Ancient Tea Set","Orichalcum","Toy Ornithopter","Blood Vial","Oddly Smooth Stone","Strawberry","Velvet Choker","Lantern","Ornamental Fan","Whetstone"],"acts_visited":["Exordium","TheCity","TheBeyond"],"potions_floor_usage":[40],"damage_taken":[{"damage":0.0,"enemies":"Jaw Worm","floor":1.0,"turns":1.0},{"damage":0.0,"enemies":"Small Slimes","floor":2.0,"turns":1.0},{"damage":0.0,"enemies":"2 Louse","floor":3.0,"turns":1.0},{"damage":8.0,"enemies":"Gremlin Nob","floor":6.0,"turns":3.0},{"damage":8.0,"enemies":"Gremlin Nob","floor":8.0,"turns":3.0},{"damage":12.0,"enemies":"3 Sentries","floor":10.0,"turns":6.0},{"damage":1.0,"enemies":"Exordium Wildlife","floor":11.0,"turns":3.0},{"damage":13.0,"enemies":"The Guardian","floor":16.0,"turns":9.0},{"damage":26.0,"enemies":"3 Byrds","floor":18.0,"turns":4.0},{"damage":0.0,"enemies":"Chosen","floor":21.0,"turns":3.0},{"damage":34.0,"enemies":"Shelled Parasite and Fungi","floor":24.0,"turns":6.0},{"damage":19.0,"enemies":"Centurion and Healer","floor":29.0,"turns":6.0},{"damage":7.0,"enemies":"Book of Stabbing","floor":31.0,"turns":6.0},{"damage":22.0,"enemies":"Champ","floor":33.0,"turns":17.0},{"damage":0.0,"enemies":"Orb Walker","floor":35.0,"turns":4.0},{"damage":27.0,"enemies":"3 Darklings","floor":36.0,"turns":6.0},{"damage":0,"enemies":"4 Shapes","floor":38,"turns":7},{"damage":0,"enemies":"Writhing Mass","floor":39,"turns":8},{"damage":68,"enemies":"Reptomancer","floor":40,"turns":3}],"seed_played":"-511202203968225927","potions_obtained":[{"floor":2.0,"key":"LiquidMemories"},{"floor":3.0,"key":"FearPotion"},{"floor":8.0,"key":"SpeedPotion"},{"floor":10.0,"key":"ColorlessPotion"},{"floor":16.0,"key":"Regen Potion"},{"floor":18.0,"key":"Explosive Potion"},{"floor":24.0,"key":"AttackPotion"},{"floor":31.0,"key":"Regen Potion"},{"floor":38,"key":"Energy Potion"}],"is_trial":false,"path_per_floor":["M","M","M","$","?","E","R","?","T","E","M","T","?","$","R","B",null,"M","?","?","M","$","R","M","R","T","?","T","M","?","E","R","B",null,"M","M","?","M","M","E"],"character_chosen":"DEFECT","items_purchased":["Rip and Tear","Defragment","Undo","Fire Potion","Fire Potion"],"campfire_rested":1,"item_purchase_floors":[4,14,14,14,22],"current_hp_per_floor":[64,64,64,64,57,49,49,41,41,29,30,30,19,19,19,13,62,57,57,57,64,64,64,37,37,37,37,37,25,25,20,43,43,69,71,46,46,48,50,0,0],"gold":210,"neow_bonus":"THREE_ENEMY_KILL","is_daily":false,"chose_seed":false,"campfire_upgraded":4,"win_rate":0.0,"timestamp":1614229107,"path_taken":["M","M","M","$","?","E","R","?","T","E","M","?","?","$","R","BOSS","M","?","?","M","?","R","M","R","T","?","?","?","?","E","R","BOSS","M","M","?","M","M","E"],"items_purchased_type":["Card","Card","Card","Potion","Potion"],"build_version":"2020-12-22","purchased_purges":2,"victory":false,"max_hp_per_floor":[71,71,71,71,71,71,71,71,71,71,71,71,78,78,78,78,78,78,78,78,78,78,78,78,78,78,78,78,78,78,78,78,78,78,78,78,78,78,78,78,78],"relic_stats":{"Blood Vial":26,"counters":[19,97],"Ornamental Fan":[40],"Whetstone":["Rip and Tear","Sweeping Beam"],"Orichalcum":[90],"obtain_stats":[{"Lantern":26,"NeowsBlessing":0,"Oddly Smooth Stone":12,"Velvet Choker":17,"Whetstone":31,"Orichalcum":8,"Ancient Tea Set":6,"FrozenCore":34,"Blood Vial":10,"Ornamental Fan":28,"Strawberry":13,"Cracked Core":0,"Toy Ornithopter":9},{"Lantern":11,"NeowsBlessing":0,"Oddly Smooth Stone":7,"Velvet Choker":8,"Whetstone":13,"Orichalcum":5,"Ancient Tea Set":4,"FrozenCore":14,"Blood Vial":6,"Ornamental Fan":11,"Strawberry":7,"Cracked Core":0,"Toy Ornithopter":5},{"Lantern":40,"NeowsBlessing":0,"Oddly Smooth Stone":18,"Velvet Choker":27,"Whetstone":52,"Orichalcum":9,"Ancient Tea Set":6,"FrozenCore":69,"Blood Vial":15,"Ornamental Fan":40,"Strawberry":18,"Cracked Core":0,"Toy Ornithopter":9}],"Toy Ornithopter":40,"FrozenCore":[10]},"card_choices":[{"not_picked":["Conserve Battery","Reinforced Body"],"picked":"Rebound","floor":1.0},{"not_picked":["Lockon","Fusion"],"picked":"Sweeping Beam","floor":2.0},{"not_picked":["Gash","Double Energy"],"picked":"Capacitor","floor":3.0},{"not_picked":["Aggregate","Reprogram"],"picked":"Reboot","floor":6.0},{"not_picked":["Rip and Tear","Sunder"],"picked":"Ball Lightning","floor":8.0},{"not_picked":["Compile Driver","Ball Lightning"],"picked":"Genetic Algorithm","floor":10.0},{"not_picked":["Reprogram","Compile Driver","Auto Shields"],"picked":"SKIP","floor":11.0},{"not_picked":["Fission","Rainbow"],"picked":"Seek","floor":16.0},{"not_picked":["Rebound","Compile Driver+1"],"picked":"Defragment","floor":18.0},{"not_picked":["Reinforced Body","Storm"],"picked":"Conserve Battery","floor":21.0},{"not_picked":["Recycle","Stack"],"picked":"Conserve Battery","floor":24.0},{"not_picked":["Heatsinks+1","Melter"],"picked":"Barrage","floor":29.0},{"not_picked":["Steam","Reboot"],"picked":"Go for the Eyes","floor":31.0},{"not_picked":["Thunder Strike","Hyperbeam"],"picked":"Biased Cognition","floor":33.0},{"not_picked":["Ball Lightning","Aggregate+1","Redo"],"picked":"SKIP","floor":35.0},{"not_picked":["Streamline","Cold Snap+1"],"picked":"Defragment","floor":36.0},{"not_picked":["Hologram","Tempest"],"picked":"Compile Driver+1","floor":38},{"not_picked":["Sunder","Streamline"],"picked":"Leap+1","floor":39}],"player_experience":416037,"relics_obtained":[{"floor":6.0,"key":"Ancient Tea Set"},{"floor":8.0,"key":"Orichalcum"},{"floor":9.0,"key":"Toy Ornithopter"},{"floor":10.0,"key":"Blood Vial"},{"floor":12.0,"key":"Oddly Smooth Stone"},{"floor":26.0,"key":"Lantern"},{"floor":28.0,"key":"Ornamental Fan"},{"floor":31.0,"key":"Whetstone"}],"event_choices":[{"cards_removed":["Strike_B"],"damage_healed":0.0,"max_hp_gain":0.0,"max_hp_loss":0.0,"gold_gain":0.0,"event_name":"Golden Wing","player_choice":"Card Removal","floor":5.0,"gold_loss":0.0,"damage_taken":7.0},{"damage_healed":0.0,"max_hp_gain":0.0,"max_hp_loss":0.0,"gold_gain":30.0,"event_name":"Dead Adventurer","player_choice":"Searched \u00272\u0027 times","floor":8.0,"gold_loss":0.0,"damage_taken":0.0},{"damage_healed":0.0,"max_hp_gain":0.0,"max_hp_loss":0.0,"gold_gain":0.0,"event_name":"Scrap Ooze","player_choice":"Success","floor":13.0,"gold_loss":0.0,"damage_taken":18.0,"relics_obtained":["Strawberry"]},{"damage_healed":0.0,"max_hp_gain":0.0,"max_hp_loss":0.0,"gold_gain":50.0,"event_name":"Nest","player_choice":"Stole From Cult","floor":19.0,"gold_loss":0.0,"damage_taken":0.0},{"damage_healed":0.0,"max_hp_gain":0.0,"max_hp_loss":0.0,"gold_gain":0.0,"event_name":"Cursed Tome","player_choice":"Ignored","floor":20.0,"gold_loss":0.0,"damage_taken":0.0},{"damage_healed":0.0,"max_hp_gain":0.0,"max_hp_loss":0.0,"gold_gain":0.0,"event_name":"The Mausoleum","player_choice":"Ignored","floor":27.0,"gold_loss":0.0,"damage_taken":0.0},{"damage_healed":0.0,"max_hp_gain":0.0,"max_hp_loss":0.0,"gold_gain":0.0,"event_name":"The Library","player_choice":"Read","floor":30.0,"gold_loss":0.0,"damage_taken":0.0,"cards_obtained":["Glacier"]},{"damage_healed":0.0,"max_hp_gain":0.0,"max_hp_loss":0.0,"gold_gain":0.0,"event_name":"Accursed Blacksmith","player_choice":"Forge","floor":37.0,"gold_loss":0.0,"damage_taken":0.0,"cards_upgraded":["Defragment"]}],"is_beta":false,"boss_relics":[{"not_picked":["Cursed Key","Runic Pyramid"],"picked":"Velvet Choker"},{"not_picked":["Snecko Eye","SacredBark"],"picked":"FrozenCore"}],"items_purged_floors":[14,22],"is_endless":false,"potions_floor_spawned":[2,3,8,10,16,18,24,31,38],"killed_by":"Reptomancer","ascension_level":20}}