{"host":"kejh1c9c53env2nx","time":1614272748,"event":{"mods":["BaseMod","Downfall","Minty Spire (QoL Compilation)","StSLib"],"gold_per_floor":[118,21,21,41,41,59,59,77,77,110,126,138,138,165,165,265,265,278,278,128,128,101,135,147,147,147,147,247,247,247,259,259,259,259],"floor_reached":33,"language":"ENG","playtime":2243,"items_purged":[],"score":388,"play_id":"7d922528-f3fd-4e4d-a211-9266a625597f","local_time":"20210225170548","is_ascension_mode":false,"campfire_choices":[{"floor":13,"key":"REST"},{"data":"WreathOfFlame","floor":15,"key":"SMITH"},{"data":"Blasphemy","floor":25,"key":"SMITH"},{"data":"Ghostly","floor":27,"key":"SMITH"},{"floor":30,"key":"REST"},{"data":"Ghostly","floor":32,"key":"SMITH"}],"circlet_count":0,"master_deck":["Strike_P","Strike_P","Defend_P","Defend_P","Defend_P","Defend_P","Eruption+1","Vigilance","FollowUp","Dramatic Entrance","EmptyMind","FlyingSleeves","Blasphemy+1","Halt","FlyingSleeves","WreathOfFlame+1","FlurryOfBlows","FlurryOfBlows","Brilliance","Halt","Consecrate","Brilliance","Prostrate+1","FearNoEvil","FlurryOfBlows","EmptyBody","Ghostly+1","Ghostly+1","Ghostly","Ghostly","Ghostly","Prostrate","Judgement","Halt+1","Halt","WreathOfFlame"],"relics":["PureWater","Ice Cream","TungstenRod","Odd Mushroom","VioletLotus","Orrery","Question Card","Eternal Feather","Incense Burner","Matryoshka"],"acts_visited":["TheCity"],"potions_floor_usage":[10,10,14,14,16,24,28,33,33],"damage_taken":[{"damage":0,"enemies":"Small Slimes","floor":1,"turns":3},{"damage":0,"enemies":"Cultist","floor":4,"turns":1},{"damage":0,"enemies":"2 Louse","floor":6,"turns":1},{"damage":3,"enemies":"Red Slaver","floor":8,"turns":3},{"damage":15,"enemies":"Gremlin Nob","floor":10,"turns":3},{"damage":0,"enemies":"2 Fungi Beasts","floor":11,"turns":3},{"damage":0,"enemies":"Exordium Wildlife","floor":12,"turns":1},{"damage":0,"enemies":"The Mushroom Lair","floor":14,"turns":1},{"damage":7,"enemies":"Slime Boss","floor":16,"turns":7},{"damage":4,"enemies":"Spheric Guardian","floor":18,"turns":3},{"damage":0,"enemies":"Book of Stabbing","floor":23,"turns":5},{"damage":0,"enemies":"3 Byrds","floor":24,"turns":4},{"damage":15,"enemies":"Colosseum Slavers","floor":28,"turns":3},{"damage":16,"enemies":"Colosseum Nobs","floor":28,"turns":6},{"damage":0,"enemies":"Centurion and Healer","floor":31,"turns":5},{"damage":100026,"enemies":"Collector","floor":33,"turns":11}],"seed_played":"728409581814616053","potions_obtained":[{"floor":0,"key":"PowerPotion"},{"floor":0,"key":"AttackPotion"},{"floor":0,"key":"LiquidBronze"},{"floor":10,"key":"FearPotion"},{"floor":12,"key":"Guardian:BlockOnCardUsePotion"},{"floor":16,"key":"Explosive Potion"},{"floor":24,"key":"ColorlessPotion"},{"floor":28,"key":"PowerPotion"},{"floor":31,"key":"SneckoOil"}],"is_trial":false,"path_per_floor":["M","$","?","M","$","M","?","M","T","E","M","M","R","?","R","B",null,"M","?","$","?","$","E","M","R","T","R","?","?","R","M","R","B"],"character_chosen":"WATCHER","items_purchased":["Dramatic Entrance","Orrery","Prostrate"],"campfire_rested":2,"item_purchase_floors":[2,20,22],"current_hp_per_floor":[72,72,72,72,72,72,72,69,69,54,54,54,72,72,72,65,72,68,68,68,36,36,36,36,36,36,36,5,5,36,36,36,0,0],"gold":259,"neow_bonus":"THREE_SMALL_POTIONS","is_daily":false,"chose_seed":false,"campfire_upgraded":4,"win_rate":0.0,"timestamp":1614272748,"path_taken":["M","$","?","M","?","M","?","?","T","E","M","M","R","?","R","BOSS","M","?","$","?","$","E","M","R","T","R","?","?","R","M","R","BOSS"],"items_purchased_type":["Card","Relic","Card"],"build_version":"2020-12-22","purchased_purges":0,"victory":false,"max_hp_per_floor":[72,72,72,72,72,72,72,72,72,72,72,72,72,72,72,72,72,72,72,72,36,36,36,36,36,36,36,36,36,36,36,36,36,36],"card_choices":[{"not_picked":["Sanctity","JustLucky"],"picked":"FollowUp","floor":1},{"not_picked":["ClearTheMind","JustLucky"],"picked":"Halt","floor":4},{"not_picked":["DevaForm","InnerPeace"],"picked":"FlyingSleeves","floor":6},{"not_picked":["Evaluate","Halt"],"picked":"WreathOfFlame","floor":8},{"not_picked":["CutThroughFate","LessonLearned","EmptyBody"],"picked":"SKIP","floor":10},{"not_picked":["EmptyMind","CutThroughFate"],"picked":"FlurryOfBlows","floor":11},{"not_picked":["BowlingBash","InnerPeace"],"picked":"FlurryOfBlows","floor":12},{"not_picked":["Blasphemy","MasterReality"],"picked":"Brilliance","floor":16},{"not_picked":["FlyingSleeves","SandsOfTime"],"picked":"Halt","floor":18},{"not_picked":["Brilliance","Worship+1"],"picked":"Prostrate+1","floor":20},{"not_picked":["Study","Crescendo"],"picked":"FearNoEvil","floor":20},{"not_picked":["SashWhip","SignatureMove"],"picked":"FlurryOfBlows","floor":20},{"not_picked":["Consecrate","FollowUp+1"],"picked":"EmptyBody","floor":20},{"not_picked":["MentalFortress","Sanctity"],"picked":"Judgement","floor":23},{"not_picked":["SandsOfTime+1","CrushJoints","ReachHeaven"],"picked":"Halt+1","floor":24},{"not_picked":["WheelKick","Protect+1","ThirdEye+1"],"picked":"Halt","floor":28},{"not_picked":["InnerPeace","FlyingSleeves","WheelKick"],"picked":"WreathOfFlame","floor":31}],"player_experience":105015,"relics_obtained":[{"floor":9,"key":"Ice Cream"},{"floor":10,"key":"TungstenRod"},{"floor":14,"key":"Odd Mushroom"},{"floor":23,"key":"Question Card"},{"floor":26,"key":"Eternal Feather"},{"floor":28,"key":"Incense Burner"},{"floor":28,"key":"Matryoshka"}],"event_choices":[{"damage_healed":0,"gold_gain":0,"player_choice":"3 cards matched","damage_taken":0,"max_hp_gain":0,"max_hp_loss":0,"event_name":"Match and Keep!","floor":3,"gold_loss":0,"cards_obtained":["EmptyMind","FlyingSleeves","Blasphemy"]},{"damage_healed":0,"gold_gain":0,"player_choice":"Forge","damage_taken":0,"max_hp_gain":0,"max_hp_loss":0,"event_name":"Accursed Blacksmith","floor":7,"gold_loss":0,"cards_upgraded":["Eruption"]},{"damage_healed":0,"gold_gain":0,"player_choice":"Fought Mushrooms","damage_taken":0,"max_hp_gain":0,"max_hp_loss":0,"event_name":"Mushrooms","floor":14,"gold_loss":0},{"damage_healed":0,"gold_gain":0,"cards_transformed":["Strike_P","Strike_P"],"player_choice":"Became Test Subject","damage_taken":0,"max_hp_gain":0,"max_hp_loss":0,"event_name":"Drug Dealer","floor":19,"gold_loss":0,"cards_obtained":["Consecrate","Brilliance"]},{"damage_healed":0,"gold_gain":0,"player_choice":"Became a Ghost","damage_taken":0,"max_hp_gain":0,"max_hp_loss":36,"event_name":"Ghosts","floor":21,"gold_loss":0,"cards_obtained":["Ghostly","Ghostly","Ghostly","Ghostly","Ghostly"]},{"damage_healed":0,"gold_gain":0,"player_choice":"Fight","damage_taken":0,"max_hp_gain":0,"max_hp_loss":0,"event_name":"Colosseum","floor":28,"gold_loss":0},{"damage_healed":0,"gold_gain":0,"player_choice":"Fought Nobs","damage_taken":0,"max_hp_gain":0,"max_hp_loss":0,"event_name":"Colosseum","floor":28,"gold_loss":0},{"damage_healed":0,"gold_gain":0,"player_choice":"Ignored","damage_taken":0,"max_hp_gain":0,"max_hp_loss":0,"event_name":"The Mausoleum","floor":29,"gold_loss":0}],"is_beta":false,"boss_relics":[{"not_picked":["HolyWater","Philosopher\u0027s Stone"],"picked":"VioletLotus"}],"items_purged_floors":[],"is_endless":false,"potions_floor_spawned":[4,6,10,12,16,24,28,31],"killed_by":"Collector","ascension_level":0}}