{"host":"gzz35fplm60aw28t","time":1614262501,"event":{"mods":["AchievementEnabler","BaseMod","Colored Powertips","DeckTracker","Minty Spire (QoL Compilation)","SuperFastMode"],"gold_per_floor":[116,132,132,146,96,96,121,121,121,137,137,167,180,190,190,285,285,296,296,39,49,49,79,79,97,97,112,112,112],"floor_reached":28,"language":"ENG","playtime":1267,"items_purged":[],"score":250,"play_id":"ef9232d0-933e-48d1-9ec0-136fe6944f1e","local_time":"20210225151501","is_ascension_mode":false,"campfire_choices":[{"data":"Eruption","floor":6,"key":"SMITH"},{"data":"TalkToTheHand","floor":8,"key":"SMITH"},{"data":"BattleHymn","floor":11,"key":"SMITH"},{"floor":15,"key":"REST"},{"data":"Wallop","floor":24,"key":"SMITH"}],"circlet_count":0,"master_deck":["Eruption+1","Vigilance","BattleHymn+1","PathToVictory","WheelKick","TalkToTheHand+1","Consecrate","Wallop+1","Halt","ReachHeaven","Establishment+1","Conclude","CarveReality","ThirdEye","WaveOfTheHand","Study+1","FearNoEvil","Sanctity","TalkToTheHand","DeceiveReality","WheelKick+1","LikeWater+1","JustLucky+1","WindmillStrike+1"],"relics":["PureWater","Sundial","Whetstone","Pantograph","Frozen Egg 2","Pandora\u0027s Box","Molten Egg 2","Meat on the Bone","Ornamental Fan"],"acts_visited":["Exordium","TheCity"],"potions_floor_usage":[7,16,23,27,28],"damage_taken":[{"damage":0,"enemies":"Cultist","floor":1,"turns":4},{"damage":1,"enemies":"Jaw Worm","floor":2,"turns":4},{"damage":1,"enemies":"2 Louse","floor":4,"turns":2},{"damage":32,"enemies":"Lagavulin","floor":7,"turns":5},{"damage":4,"enemies":"Gremlin Gang","floor":10,"turns":4},{"damage":10,"enemies":"Gremlin Nob","floor":12,"turns":4},{"damage":0,"enemies":"2 Fungi Beasts","floor":13,"turns":2},{"damage":15,"enemies":"3 Louse","floor":14,"turns":3},{"damage":23,"enemies":"The Guardian","floor":16,"turns":7},{"damage":0,"enemies":"Spheric Guardian","floor":18,"turns":3},{"damage":26,"enemies":"2 Thieves","floor":21,"turns":5},{"damage":21,"enemies":"Gremlin Leader","floor":23,"turns":7},{"damage":15,"enemies":"Cultist and Chosen","floor":25,"turns":5},{"damage":28,"enemies":"Shelled Parasite and Fungi","floor":27,"turns":5},{"damage":27,"enemies":"Slavers","floor":28,"turns":3}],"seed_played":"7397019281578568509","potions_obtained":[{"floor":1,"key":"ColorlessPotion"},{"floor":13,"key":"EssenceOfSteel"},{"floor":14,"key":"Energy Potion"},{"floor":16,"key":"BottledMiracle"},{"floor":25,"key":"LiquidMemories"},{"floor":27,"key":"SkillPotion"}],"is_trial":false,"path_per_floor":["M","M","T","M","?","R","E","R","T","M","R","E","M","M","R","B",null,"M","?","$","M","?","E","R","M","T","M","E"],"character_chosen":"WATCHER","items_purchased":["Molten Egg 2"],"campfire_rested":1,"item_purchase_floors":[20],"current_hp_per_floor":[79,78,78,77,77,77,45,45,45,41,41,31,31,16,39,41,79,79,79,79,53,79,58,58,43,43,27,0,0],"gold":112,"neow_bonus":"TEN_PERCENT_HP_BONUS","is_daily":false,"chose_seed":false,"campfire_upgraded":4,"win_rate":0.0,"timestamp":1614262501,"path_taken":["M","M","?","M","?","R","E","R","T","M","R","E","M","M","R","BOSS","M","?","$","M","?","E","R","?","T","M","E"],"items_purchased_type":["Relic"],"build_version":"2020-12-22","purchased_purges":0,"victory":false,"max_hp_per_floor":[79,79,79,79,79,79,79,79,79,79,79,79,79,79,79,79,79,79,79,79,79,79,79,79,79,79,79,79,79],"card_choices":[{"not_picked":["Nirvana","ThirdEye"],"picked":"BattleHymn","floor":1},{"not_picked":["FlyingSleeves","CutThroughFate"],"picked":"PathToVictory","floor":2},{"not_picked":["BowlingBash","SashWhip"],"picked":"WheelKick","floor":4},{"not_picked":["Tantrum","JustLucky"],"picked":"TalkToTheHand","floor":7},{"not_picked":["Worship","Brilliance"],"picked":"Consecrate","floor":10},{"not_picked":["ClearTheMind","ReachHeaven"],"picked":"Wallop","floor":12},{"not_picked":["Worship","Fasting2+1"],"picked":"Halt","floor":13},{"not_picked":["Conclude","BattleHymn+1"],"picked":"ReachHeaven","floor":14},{"not_picked":["ConjureBlade","Scrawl"],"picked":"Establishment+1","floor":16},{"not_picked":["FearNoEvil","Crescendo"],"picked":"TalkToTheHand","floor":18},{"not_picked":["Nirvana+1","EmptyMind"],"picked":"WheelKick+1","floor":21},{"not_picked":["ClearTheMind","BowlingBash+1"],"picked":"LikeWater+1","floor":23},{"not_picked":["Protect","EmptyFist+1"],"picked":"JustLucky+1","floor":25},{"not_picked":["Swivel","JustLucky+1"],"picked":"WindmillStrike+1","floor":27}],"player_experience":56096,"relics_obtained":[{"floor":3,"key":"Sundial"},{"floor":7,"key":"Whetstone"},{"floor":9,"key":"Pantograph"},{"floor":12,"key":"Frozen Egg 2"},{"floor":23,"key":"Meat on the Bone"},{"floor":26,"key":"Ornamental Fan"}],"event_choices":[{"cards_removed":["Strike_P"],"damage_healed":0,"gold_gain":0,"player_choice":"Card Removal","damage_taken":0,"max_hp_gain":0,"max_hp_loss":0,"event_name":"The Cleric","floor":5,"gold_loss":50},{"damage_healed":0,"gold_gain":0,"player_choice":"Read","damage_taken":0,"max_hp_gain":0,"max_hp_loss":0,"event_name":"The Library","floor":19,"gold_loss":0,"cards_obtained":["DeceiveReality"]},{"damage_healed":26,"gold_gain":0,"player_choice":"Full Heal","damage_taken":0,"max_hp_gain":0,"max_hp_loss":0,"event_name":"Wheel of Change","floor":22,"gold_loss":0}],"is_beta":false,"boss_relics":[{"not_picked":["Velvet Choker","VioletLotus"],"picked":"Pandora\u0027s Box"}],"items_purged_floors":[],"is_endless":false,"potions_floor_spawned":[1,13,14,16,25,27],"killed_by":"Slavers","ascension_level":0}}