{"host":"xr2w6q7a088fu8w2","time":1614258408,"event":{"mods":["AchievementEnabler","BaseMod","Colored Powertips","Good Game Mod","Koishi","Minty Spire (QoL Compilation)","MostiFishMod","Reimu£®≤©¿ˆ¡È√Œ£©","Reliquary","StSLib","SuperFastMode","UnlockEverythingMod"],"gold_per_floor":[115,115,133,32,32,32,32,32,81,106,126,143,143,158,158,255,255,270,270,170,130,130],"floor_reached":21,"language":"ZHS","playtime":1350,"items_purged":["Defend_G","Defend_G"],"score":352,"play_id":"34f41403-e9a1-45d3-a96c-fd6d84c40a3e","local_time":"20210225210648","daily_mods":["Vintage","Green Cards","Heirloom","Time Dilation","Elite Swarm"],"is_ascension_mode":false,"campfire_choices":[{"data":"Conquer:ReiMu","floor":6,"key":"SMITH"},{"data":"Koishi:MindNumbingTerror","floor":8,"key":"SMITH"},{"data":"Neutralize","floor":13,"key":"SMITH"},{"data":"Survivor","floor":15,"key":"SMITH"}],"circlet_count":0,"master_deck":["Strike_G","Strike_G","Strike_G","Strike_G","Defend_G","Defend_G","Defend_G","Survivor+1","Neutralize+1","Koishi:MindNumbingTerror+1","Conquer:ReiMu+1","ZunPunch:ReiMu"],"relics":["Ring of the Snake","REME:ComplimentaryCards","DaveBox","JellyFishMachine","reliquary:Pushpin","Potion Belt","SynthV:TestCard","Anchor","Centennial Puzzle","SentryEyes","Letter Opener","Unceasing Top","reliquary:Sod","ChiXiaoBlade","Singing Bowl"],"acts_visited":["Exordium","TheCity"],"potions_floor_usage":[16,16,16],"damage_taken":[{"damage":0,"enemies":"Small Slimes","floor":1,"turns":2},{"damage":0,"enemies":"2 Louse","floor":3,"turns":2},{"damage":0,"enemies":"Lagavulin","floor":10,"turns":5},{"damage":0,"enemies":"Cultist","floor":11,"turns":2},{"damage":0,"enemies":"Blue Slaver","floor":12,"turns":2},{"damage":0,"enemies":"Exordium Thugs","floor":14,"turns":2},{"damage":0,"enemies":"Slime Boss","floor":16,"turns":3},{"damage":0,"enemies":"Shell Parasite","floor":18,"turns":2}],"seed_played":"-982204301792121951","potions_obtained":[{"floor":3,"key":"BlessingOfTheForge"},{"floor":7,"key":"Fire Potion"},{"floor":7,"key":"AttackPotion"},{"floor":7,"key":"FairyPotion"},{"floor":16,"key":"BlessingOfTheForge"}],"is_trial":true,"path_per_floor":["M","?","M","$","?","R","?","R","T","E","M","M","R","M","R","B",null,"M","?","$","?"],"character_chosen":"THE_SILENT","items_purchased":["Conquer:ReiMu"],"campfire_rested":0,"item_purchase_floors":[4],"current_hp_per_floor":[70,75,75,75,68,68,68,68,68,68,68,68,68,68,68,68,75,75,59,59,59,59],"gold":130,"neow_bonus":"","is_daily":false,"chose_seed":false,"campfire_upgraded":4,"win_rate":0.0,"timestamp":1614258408,"path_taken":["M","?","M","$","?","R","?","R","T","E","M","?","R","M","R","BOSS","M","?","$","?"],"items_purchased_type":["Card"],"build_version":"2020-12-22","purchased_purges":2,"victory":false,"max_hp_per_floor":[70,75,75,75,75,75,75,75,75,75,75,75,75,75,75,75,75,75,75,75,75,75],"card_choices":[{"not_picked":["PrayRite:ReiMu","Koishi:RoseHell","Bullet Time","Unload","KamiRite:ReiMu"],"picked":"SKIP","floor":10}],"player_experience":156212,"relics_obtained":[{"floor":1,"key":"Potion Belt"},{"floor":1,"key":"SynthV:TestCard"},{"floor":3,"key":"Anchor"},{"floor":9,"key":"Centennial Puzzle"},{"floor":10,"key":"SentryEyes"},{"floor":11,"key":"Letter Opener"},{"floor":12,"key":"Unceasing Top"},{"floor":14,"key":"reliquary:Sod"},{"floor":18,"key":"Singing Bowl"}],"event_choices":[{"damage_healed":0,"gold_gain":0,"player_choice":"Donut","damage_taken":0,"max_hp_gain":5,"max_hp_loss":0,"event_name":"Big Fish","floor":2,"gold_loss":0},{"cards_removed":["Strike_G"],"damage_healed":0,"gold_gain":0,"player_choice":"Card Removal","damage_taken":7,"max_hp_gain":0,"max_hp_loss":0,"event_name":"Golden Wing","floor":5,"gold_loss":0},{"damage_healed":0,"gold_gain":0,"player_choice":"Got Potions","damage_taken":0,"max_hp_gain":0,"max_hp_loss":0,"event_name":"Lab","floor":7,"gold_loss":0},{"damage_healed":0,"gold_gain":0,"player_choice":"Obtained Book","damage_taken":16,"max_hp_gain":0,"max_hp_loss":0,"event_name":"Cursed Tome","floor":19,"gold_loss":0},{"damage_healed":0,"gold_gain":0,"player_choice":"Ωª≥ˆ…Òæ∆","damage_taken":0,"max_hp_gain":0,"max_hp_loss":0,"event_name":"ZunEvent","floor":21,"relics_lost":["ZunR:ReiMu"],"gold_loss":0,"cards_obtained":["ZunPunch:ReiMu"]}],"is_beta":false,"boss_relics":[{"not_picked":["WristBlade","PatriotShield"],"picked":"ChiXiaoBlade"}],"items_purged_floors":[4,20],"is_endless":true,"potions_floor_spawned":[3,16],"ascension_level":0}}