{"host":"0jlfan32iuvwyrwn","time":1614236350,"event":{"mods":["BaseMod","Colored Map","Downfall","Googly Eyes","Minty Spire (QoL Compilation)","StSLib"],"gold_per_floor":[99,127,155,155,187,211,211,211,252,252,23,18,18,48,81,109,109,109],"floor_reached":16,"language":"ENG","playtime":679,"items_purged":[],"score":99,"play_id":"33bcc47a-203c-4534-bc69-4835a2240619","local_time":"20210225015910","is_ascension_mode":true,"campfire_choices":[{"data":"sneckomod:GlitteringGambit","floor":1,"key":"SMITH"},{"data":"sneckomod:TailWhip","floor":8,"key":"SMITH"},{"data":"sneckomod:SnekBite","floor":10,"key":"SMITH"}],"circlet_count":0,"master_deck":["sneckomod:Strike","sneckomod:Strike","sneckomod:Strike","sneckomod:Defend","sneckomod:Defend","sneckomod:Defend","sneckomod:TailWhip+1","sneckomod:SnekBite+1","sneckomod:Unknown","sneckomod:Unknown","sneckomod:GlitteringGambit+1","sneckomod:UnknownUncommonSkill","sneckomod:UnknownRareSkill","sneckomod:UnknownBlock","sneckomod:UnknownVulnerable","sneckomod:CheapStock","sneckomod:WideSting+1","sneckomod:UnknownStrength","sneckomod:RainOfDice"],"relics":["sneckomod:SneckoSoul","sneckomod:ConfusingCodex"],"acts_visited":["Exordium"],"potions_floor_usage":[6,15,16],"damage_taken":[{"damage":4,"enemies":"Cultist","floor":2,"turns":4},{"damage":6,"enemies":"Jaw Worm","floor":3,"turns":4},{"damage":12,"enemies":"Small Slimes","floor":5,"turns":3},{"damage":10,"enemies":"2 Fungi Beasts","floor":6,"turns":5},{"damage":13,"enemies":"3 Louse","floor":9,"turns":3},{"damage":10,"enemies":"downfall:FleeingMerchant","floor":11,"turns":4},{"damage":0,"enemies":"downfall:FleeingMerchant","floor":12,"turns":4},{"damage":5,"enemies":"Exordium Wildlife","floor":14,"turns":4},{"damage":0,"enemies":"Large Slime","floor":15,"turns":4},{"damage":29,"enemies":"DF_ARCHETYPE_STREAMLINE","floor":16,"turns":4}],"seed_played":"3120959902146129419","potions_obtained":[{"floor":2,"key":"SteroidPotion"},{"floor":3,"key":"DuplicationPotion"},{"floor":9,"key":"Dexterity Potion"},{"floor":14,"key":"Block Potion"}],"is_trial":false,"path_per_floor":["R","M","M","?","M","M","T","R","M","R","$","$","?","M","M","B"],"character_chosen":"THE_SNECKO","items_purchased":["sneckomod:ConfusingCodex"],"campfire_rested":0,"item_purchase_floors":[11],"current_hp_per_floor":[81,77,71,76,64,54,54,54,41,41,31,31,31,26,26,0,0,0],"gold":109,"neow_bonus":"THREE_RARE_CARDS","is_daily":false,"chose_seed":false,"campfire_upgraded":3,"win_rate":0.0,"timestamp":1614236350,"path_taken":["R","M","?","?","M","M","T","R","M","R","?","$","?","M","M","BOSS"],"items_purchased_type":["Relic"],"build_version":"2020-12-22","purchased_purges":0,"victory":false,"max_hp_per_floor":[81,81,81,81,81,81,81,81,81,81,81,81,81,81,81,81,81,81],"card_choices":[{"not_picked":["sneckomod:UnknownRareSkill","sneckomod:DangerNoodle"],"picked":"sneckomod:GlitteringGambit","floor":0},{"not_picked":["sneckomod:DiceCrush","sneckomod:Nope"],"picked":"sneckomod:UnknownBlock","floor":2},{"not_picked":["sneckomod:Unknown2Cost","sneckomod:UnknownCommonSkill"],"picked":"sneckomod:UnknownUncommonSkill","floor":3},{"not_picked":["sneckomod:UnknownUncommonSkill","sneckomod:UnknownColorless"],"picked":"sneckomod:UnknownRareSkill","floor":5},{"not_picked":["sneckomod:DiceBlock","sneckomod:SoulRoll"],"picked":"sneckomod:UnknownBlock","floor":6},{"not_picked":["sneckomod:IronFang","sneckomod:MasterEye"],"picked":"sneckomod:UnknownVulnerable","floor":9},{"not_picked":["sneckomod:QuickMove","sneckomod:UnknownDraw"],"picked":"sneckomod:CheapStock","floor":11},{"not_picked":["sneckomod:UnknownBlock","sneckomod:RainOfDice"],"picked":"sneckomod:WideSting","floor":12},{"not_picked":["sneckomod:QuickBite","sneckomod:IronFang"],"picked":"sneckomod:UnknownStrength","floor":14},{"not_picked":["sneckomod:DefensiveFlair","sneckomod:UnknownBlock"],"picked":"sneckomod:RainOfDice","floor":15}],"player_experience":276610,"relics_obtained":[],"event_choices":[{"cards_removed":["sneckomod:UnknownBlock"],"damage_healed":5,"gold_gain":0,"player_choice":"Offered Common","damage_taken":0,"max_hp_gain":0,"max_hp_loss":0,"event_name":"Bonfire Elementals","floor":4,"gold_loss":0},{"cards_removed":["sneckomod:UnknownBlock"],"damage_healed":5,"gold_gain":0,"player_choice":"Offered Special","damage_taken":0,"max_hp_gain":0,"max_hp_loss":0,"event_name":"Bonfire Elementals","floor":4,"gold_loss":0},{"damage_healed":0,"gold_gain":0,"player_choice":"Grow","damage_taken":0,"max_hp_gain":0,"max_hp_loss":0,"event_name":"Living Wall","floor":13,"gold_loss":0,"cards_upgraded":["sneckomod:WideSting"]}],"is_beta":false,"boss_relics":[],"items_purged_floors":[],"is_endless":false,"potions_floor_spawned":[2,3,9,14],"killed_by":"DF_ARCHETYPE_STREAMLINE","ascension_level":1}}