{"host":"jfbo3eu2ui08ej1u","time":1614227073,"event":{"mods":["2.2 Compatiblity","AchievementEnabler","Act Like it!","Aspiration","BaseMod","Better Altar","Better Match","Better Note","Better Sensory Stone","Better Skull","Better Third Choice","Block Reminder","Colored Map","Colored Powertips","Conspire","DeckTracker","Displayed Cursed Tome","Energized Spire","Fox Events","GifTheSpireLib","Hermit","Hubris","Infinite Spire","Marked Mod","Minty Spire (QoL Compilation)","Monster B Gone","Pale of the Ancients","Poor People Problems","Quick Restart","Relic Filter","Reliquary","Reorder Act Four","Replay The Spire","Shop Mod","Spicy Shops","Spire Arcade","StSLib","Stuff the Spire","The Blue Laboratory","The Disciple","The Forsaken","The Hierophant","The Marked","Uncapped","Unceasing Turn Reminder","Wandering Minibosses"],"gold_per_floor":[113,113,124,138,51,51,51,51],"floor_reached":7,"language":"ENG","playtime":257,"items_purged":[],"score":82,"play_id":"e7ada8d6-40c0-4086-a6ff-ff458fc87ac0","local_time":"20210224232433","is_ascension_mode":true,"campfire_choices":[{"data":"hubris:SlightOfHand","floor":6,"key":"SMITH"}],"circlet_count":0,"master_deck":["AscendersBane","Strike_G","Strike_G","Strike_G","Strike_G","Strike_G","Defend_G","Defend_G","Defend_G","Defend_G","Defend_G","Survivor","Neutralize","Grand Finale","Reflex","infinitespire:UltimateForm","hubris:SlightOfHand+1","ReplayTheSpireMod:Shiv Toss","Panache","Hidden Blade"],"relics":["Ring of the Snake"],"acts_visited":["Exordium"],"potions_floor_usage":[7],"damage_taken":[{"damage":0,"enemies":"Jaw Worm","floor":1,"turns":6},{"damage":1,"enemies":"Small Slimes","floor":3,"turns":5},{"damage":8,"enemies":"conspire:RoseBush","floor":4,"turns":7},{"damage":37,"enemies":"Gremlin Nob","floor":7,"turns":4}],"seed_played":"3892242001899579367","potions_obtained":[{"floor":1,"key":"blueLaboratory:HummingbirdPotion"}],"is_trial":false,"path_per_floor":["M","?","M","M","$","R","E"],"character_chosen":"THE_SILENT","items_purchased":["Panache","Hidden Blade"],"campfire_rested":0,"item_purchase_floors":[5,5],"current_hp_per_floor":[59,42,41,33,33,33,0,0],"gold":51,"neow_bonus":"ONE_RANDOM_RARE_CARD","is_daily":false,"chose_seed":false,"campfire_upgraded":1,"win_rate":0.0,"timestamp":1614227073,"path_taken":["M","?","M","M","$","R","E"],"items_purchased_type":["Card","Card"],"build_version":"2020-12-22","purchased_purges":0,"victory":false,"max_hp_per_floor":[66,66,66,66,66,66,66,66],"card_choices":[{"not_picked":["Prepared","ReplayTheSpireMod:Shiv Toss"],"picked":"Reflex","floor":1},{"not_picked":["infinitespire:Oblivion","hubris:InfiniteBlow"],"picked":"infinitespire:UltimateForm","floor":2},{"not_picked":["Backflip","Dodge and Roll"],"picked":"hubris:SlightOfHand","floor":3},{"not_picked":["StuffTheSpire:BumpUp","Flechettes"],"picked":"ReplayTheSpireMod:Shiv Toss","floor":4}],"player_experience":1377325,"relics_obtained":[],"event_choices":[],"is_beta":false,"boss_relics":[],"items_purged_floors":[],"is_endless":false,"potions_floor_spawned":[1],"killed_by":"Gremlin Nob","ascension_level":20}}