{"host":"lly094a91h6n5nv5","time":1614232572,"event":{"mods":["AchievementEnabler","BaseMod","Block Reminder","Colored Map","Minty Spire (QoL Compilation)","Permanent Neow"],"gold_per_floor":[124,147,167,192,15,15,59,68,68,68,93,112,137,166,166,254,254,276,107,22,38,57,57,57],"floor_reached":23,"language":"ENG","playtime":1329,"items_purged":["Strike_G"],"score":355,"play_id":"fd11e2f7-4602-43c6-9e55-777b8a91c29e","local_time":"20210224235612","is_ascension_mode":true,"campfire_choices":[{"data":"Dagger Spray","floor":6.0,"key":"SMITH"},{"floor":10.0,"key":"REST"},{"data":"Catalyst","floor":15.0,"key":"SMITH"}],"circlet_count":0,"master_deck":["AscendersBane","Strike_G","Strike_G","Strike_G","Strike_G","Defend_G","Defend_G","Defend_G","Defend_G","Defend_G","Survivor","Neutralize","CurseOfTheBell","Deflect","Flying Knee","Masterful Stab","Backflip","Dagger Spray+1","Infinite Blades+1","Crippling Poison","Deadly Poison","Deadly Poison","Catalyst+1","Deadly Poison","Wraith Form v2+1","Footwork+1","Catalyst","Blur"],"relics":["Calling Bell","CeramicFish","Frozen Egg 2","TungstenRod","Membership Card","Nunchaku","Potion Belt","Philosopher\u0027s Stone","Toy Ornithopter","Question Card"],"acts_visited":["Exordium","TheCity"],"potions_floor_usage":[],"damage_taken":[{"damage":6.0,"enemies":"Jaw Worm","floor":1.0,"turns":6.0},{"damage":6.0,"enemies":"Cultist","floor":2.0,"turns":5.0},{"damage":1.0,"enemies":"2 Louse","floor":3.0,"turns":4.0},{"damage":5.0,"enemies":"2 Fungi Beasts","floor":4.0,"turns":4.0},{"damage":31.0,"enemies":"3 Sentries","floor":7.0,"turns":10.0},{"damage":2.0,"enemies":"Looter","floor":11.0,"turns":3.0},{"damage":0.0,"enemies":"Large Slime","floor":12.0,"turns":4.0},{"damage":2.0,"enemies":"3 Louse","floor":13.0,"turns":4.0},{"damage":0.0,"enemies":"2 Fungi Beasts","floor":14.0,"turns":2.0},{"damage":13.0,"enemies":"Hexaghost","floor":16.0,"turns":9.0},{"damage":6.0,"enemies":"2 Thieves","floor":18.0,"turns":4.0},{"damage":7,"enemies":"3 Byrds","floor":21,"turns":5},{"damage":25,"enemies":"Snake Plant","floor":22,"turns":4},{"damage":18,"enemies":"Slavers","floor":23,"turns":4}],"seed_played":"-770152283213482137","potions_obtained":[{"floor":4.0,"key":"GamblersBrew"},{"floor":11.0,"key":"SneckoOil"},{"floor":12.0,"key":"FearPotion"},{"floor":16.0,"key":"Dexterity Potion"}],"is_trial":false,"path_per_floor":["M","M","M","M","$","R","E","?","T","R","M","M","M","M","R","B",null,"M","$","?","M","M","E"],"character_chosen":"THE_SILENT","items_purchased":["Membership Card","Dagger Spray","Catalyst","Blur","Toy Ornithopter"],"campfire_rested":1,"item_purchase_floors":[5,5,19,19,19],"current_hp_per_floor":[53,47,46,41,41,41,10,10,10,29,27,27,25,25,25,12,53,47,47,47,40,15,0,0],"gold":57,"neow_bonus":"BOSS_RELIC","is_daily":false,"chose_seed":false,"campfire_upgraded":2,"win_rate":0.0,"timestamp":1614232572,"path_taken":["M","M","M","M","$","R","E","?","T","R","M","M","?","M","R","BOSS","M","$","?","M","M","E"],"items_purchased_type":["Relic","Card","Card","Card","Relic"],"build_version":"2020-12-22","purchased_purges":1,"victory":false,"max_hp_per_floor":[66,66,66,66,66,66,66,66,66,66,66,66,66,66,66,66,66,66,66,66,66,66,66,66],"card_choices":[{"not_picked":["Outmaneuver","Acrobatics"],"picked":"Deflect","floor":1.0},{"not_picked":["Bane","Cloak And Dagger"],"picked":"Flying Knee","floor":2.0},{"not_picked":["Quick Slash","Cloak And Dagger"],"picked":"Masterful Stab","floor":3.0},{"not_picked":["Glass Knife","Masterful Stab"],"picked":"Backflip","floor":4.0},{"not_picked":["Expertise","Dagger Throw"],"picked":"Infinite Blades+1","floor":7.0},{"not_picked":["Acrobatics","Slice"],"picked":"Deadly Poison","floor":11.0},{"not_picked":["Wraith Form v2+1","Escape Plan"],"picked":"Deadly Poison","floor":12.0},{"not_picked":["Slice","Expertise"],"picked":"Catalyst","floor":13.0},{"not_picked":["Flying Knee","Outmaneuver"],"picked":"Deadly Poison","floor":14.0},{"not_picked":["Bullet Time","Venomology"],"picked":"Wraith Form v2+1","floor":16.0},{"not_picked":["Slice","Bane"],"picked":"Footwork+1","floor":18.0},{"not_picked":["Underhanded Strike","Tactician","Eviscerate","Cloak And Dagger"],"picked":"SKIP","floor":21},{"not_picked":["Cloak And Dagger","Dagger Throw","Dodge and Roll","Sucker Punch"],"picked":"SKIP","floor":22}],"player_experience":298889,"relics_obtained":[{"floor":0.0,"key":"CeramicFish"},{"floor":0.0,"key":"Frozen Egg 2"},{"floor":0.0,"key":"TungstenRod"},{"floor":7.0,"key":"Nunchaku"},{"floor":9.0,"key":"Potion Belt"}],"event_choices":[{"damage_healed":0.0,"max_hp_gain":0.0,"max_hp_loss":0.0,"gold_gain":0.0,"event_name":"Match and Keep!","player_choice":"1 cards matched","floor":8.0,"gold_loss":0.0,"damage_taken":0.0,"cards_obtained":["Crippling Poison"]},{"damage_healed":0.0,"max_hp_gain":0.0,"max_hp_loss":0.0,"gold_gain":0.0,"event_name":"Addict","player_choice":"Obtained Relic","floor":20.0,"gold_loss":85.0,"damage_taken":0.0,"relics_obtained":["Question Card"]}],"is_beta":false,"boss_relics":[{"not_picked":["Fusion Hammer","Pandora\u0027s Box"],"picked":"Philosopher\u0027s Stone"}],"items_purged_floors":[19],"is_endless":false,"potions_floor_spawned":[4,11,12,16],"killed_by":"Slavers","ascension_level":16}}