{"host":"dyzdf8svqmiivg97","time":1614271261,"event":{"mods":["AchievementEnabler","BaseMod","Colored Map","DeckTracker","Minty Spire (QoL Compilation)","Quick Restart","Rare Cards Sparkle","SuperFastMode"],"gold_per_floor":[119,131,143,154,167,167,196,226,226,226,258,277,303,316,316,388,388,402,254,265,265,281,311,311,338,392,405,405,405,405,424,424,498,498,508,332,348,367,291,291,321,321,321,321,321,321,354,369,369,369],"floor_reached":51,"language":"KOR","playtime":1309,"items_purged":["Strike_P","Strike_P","Strike_P"],"score":1396,"play_id":"5671a75d-7435-470d-9e2b-6cb0d4b65749","local_time":"20210226014101","is_ascension_mode":true,"campfire_choices":[{"data":"Eruption","floor":6.0,"key":"SMITH"},{"data":"Ragnarok","floor":10,"key":"SMITH"},{"data":"EmptyFist","floor":15,"key":"SMITH"},{"floor":24,"key":"REST"},{"floor":28,"key":"REST"},{"data":"MentalFortress","floor":32,"key":"SMITH"},{"floor":40,"key":"REST"},{"floor":42,"key":"REST"},{"data":"Halt","floor":44,"key":"SMITH"},{"floor":46,"key":"REST"},{"floor":49,"key":"REST"}],"circlet_count":0,"master_deck":["AscendersBane","Strike_P","Defend_P","Defend_P","Defend_P","Defend_P","Eruption+1","Vigilance","Ragnarok+1","Tantrum","EmptyFist+1","FollowUp","WheelKick+1","Halt+1","Vault","MentalFortress+1","Omniscience","CurseOfTheBell","Ragnarok+1","Wish","WheelKick+1","Adaptation","Scrawl"],"relics":["PureWater","Molten Egg 2","InkBottle","Darkstone Periapt","Potion Belt","Nunchaku","Snecko Eye","Orichalcum","Unceasing Top","Juzu Bracelet","Sundial","Calling Bell","Smiling Mask","The Courier","CloakClasp","Bronze Scales","Gremlin Horn","Oddly Smooth Stone"],"acts_visited":["Exordium","TheCity","TheBeyond"],"potions_floor_usage":[11,13,23,29,33,38,38,38,50,50,50],"damage_taken":[{"damage":0.0,"enemies":"2 Louse","floor":1.0,"turns":3.0},{"damage":0.0,"enemies":"Jaw Worm","floor":2.0,"turns":3.0},{"damage":0.0,"enemies":"Cultist","floor":3.0,"turns":2.0},{"damage":3.0,"enemies":"Blue Slaver","floor":4.0,"turns":2.0},{"damage":0.0,"enemies":"2 Fungi Beasts","floor":5.0,"turns":3.0},{"damage":12.0,"enemies":"Lagavulin","floor":7.0,"turns":3.0},{"damage":16,"enemies":"Gremlin Nob","floor":11,"turns":3},{"damage":1,"enemies":"Exordium Wildlife","floor":12,"turns":2},{"damage":0,"enemies":"Lagavulin","floor":13,"turns":2},{"damage":0,"enemies":"Looter","floor":14,"turns":1},{"damage":0,"enemies":"Slime Boss","floor":16,"turns":4},{"damage":0,"enemies":"2 Thieves","floor":18,"turns":1},{"damage":7,"enemies":"3 Byrds","floor":20,"turns":3},{"damage":10,"enemies":"Centurion and Healer","floor":22,"turns":3},{"damage":26,"enemies":"Gremlin Leader","floor":23,"turns":5},{"damage":9,"enemies":"Book of Stabbing","floor":25,"turns":4},{"damage":0,"enemies":"3 Cultists","floor":27,"turns":3},{"damage":0,"enemies":"Shelled Parasite and Fungi","floor":31,"turns":5},{"damage":18,"enemies":"Automaton","floor":33,"turns":7},{"damage":0,"enemies":"3 Darklings","floor":35,"turns":5},{"damage":0,"enemies":"Orb Walker","floor":37,"turns":2},{"damage":34,"enemies":"Maw","floor":38,"turns":4},{"damage":20,"enemies":"Nemesis","floor":41,"turns":4},{"damage":15,"enemies":"Giant Head","floor":47,"turns":4},{"damage":29,"enemies":"Writhing Mass","floor":48,"turns":5},{"damage":45,"enemies":"Time Eater","floor":50,"turns":7}],"seed_played":"-8563257074184974085","potions_obtained":[{"floor":1.0,"key":"AttackPotion"},{"floor":5.0,"key":"AttackPotion"},{"floor":11,"key":"Explosive Potion"},{"floor":12,"key":"AttackPotion"},{"floor":13,"key":"PowerPotion"},{"floor":22,"key":"ColorlessPotion"},{"floor":23,"key":"Ancient Potion"},{"floor":29,"key":"Fruit Juice"},{"floor":29,"key":"Energy Potion"},{"floor":29,"key":"SneckoOil"},{"floor":31,"key":"FairyPotion"},{"floor":33,"key":"Weak Potion"},{"floor":38,"key":"Ancient Potion"},{"floor":41,"key":"EssenceOfSteel"},{"floor":47,"key":"StancePotion"}],"is_trial":false,"path_per_floor":["M","M","M","M","M","R","E","?","T","R","E","M","E","M","R","B",null,"M","$","M","?","M","E","R","E","T","M","R","?","?","M","R","B",null,"M","$","M","M","$","R","E","R","T","R","?","R","E","M","R","B",null],"character_chosen":"WATCHER","items_purchased":["MentalFortress","Ragnarok+1","Adaptation"],"campfire_rested":6,"item_purchase_floors":[19,36,39],"current_hp_per_floor":[61,61,61,58,58,58,46,46,46,46,30,29,29,29,29,29,58,58,58,51,51,41,15,35,26,26,26,46,51,51,51,51,33,69,69,69,69,35,35,58,38,61,61,61,61,75,60,31,53,8],"gold":369,"neow_bonus":"ONE_RANDOM_RARE_CARD","is_daily":false,"chose_seed":false,"campfire_upgraded":5,"win_rate":0.0,"timestamp":1614271261,"path_taken":["M","M","M","M","M","R","E","?","T","R","E","M","E","M","R","BOSS","M","$","M","?","M","E","R","E","T","M","R","?","?","M","R","BOSS","M","$","M","M","$","R","E","R","T","R","?","R","E","M","R","BOSS"],"items_purchased_type":["Card","Card","Card"],"build_version":"2020-12-22","purchased_purges":3,"victory":true,"max_hp_per_floor":[68,68,68,68,68,68,68,68,68,68,68,68,68,68,68,68,68,68,68,68,68,68,68,68,68,68,68,68,73,73,73,73,73,79,79,79,79,79,79,79,79,79,79,79,75,75,75,75,75,75],"card_choices":[{"not_picked":["Sanctity","FlurryOfBlows"],"picked":"Tantrum","floor":1.0},{"not_picked":["Conclude","CutThroughFate","Consecrate"],"picked":"SKIP","floor":2.0},{"not_picked":["Study","ClearTheMind"],"picked":"EmptyFist","floor":3.0},{"not_picked":["Evaluate","ClearTheMind"],"picked":"FollowUp","floor":4.0},{"not_picked":["ReachHeaven","Vengeance","FollowUp"],"picked":"SKIP","floor":5.0},{"not_picked":["CutThroughFate+1","EmptyFist+1"],"picked":"WheelKick+1","floor":7.0},{"not_picked":["SandsOfTime+1","Judgement","Pray"],"picked":"SKIP","floor":11},{"not_picked":["SashWhip+1","ClearTheMind","Weave+1"],"picked":"SKIP","floor":12},{"not_picked":["Fasting2","Swivel","PathToVictory"],"picked":"SKIP","floor":13},{"not_picked":["Consecrate+1","Pray"],"picked":"Halt","floor":14},{"not_picked":["SpiritShield","Brilliance+1"],"picked":"Vault","floor":16},{"not_picked":["Crescendo","ClearTheMind","FlurryOfBlows+1"],"picked":"SKIP","floor":18},{"not_picked":["EmptyFist+1","JustLucky+1","WreathOfFlame"],"picked":"SKIP","floor":20},{"not_picked":["JustLucky+1","CarveReality+1","MasterReality"],"picked":"SKIP","floor":22},{"not_picked":["PathToVictory","CarveReality+1","FollowUp+1"],"picked":"SKIP","floor":23},{"not_picked":["Meditate","CarveReality+1","Devotion"],"picked":"SKIP","floor":25},{"not_picked":["EmptyFist+1","Perseverance","Sanctity"],"picked":"SKIP","floor":27},{"not_picked":["EmptyFist+1","ClearTheMind","EmptyBody"],"picked":"SKIP","floor":31},{"not_picked":["MasterReality","Devotion"],"picked":"Omniscience","floor":33},{"not_picked":["FlyingSleeves+1","EmptyBody+1","Pray"],"picked":"SKIP","floor":35},{"not_picked":["BowlingBash+1","Protect"],"picked":"Wish","floor":37},{"not_picked":["SashWhip+1","EmptyFist+1"],"picked":"WheelKick+1","floor":38},{"not_picked":["FlyingSleeves+1","Blasphemy","Consecrate+1"],"picked":"SKIP","floor":41},{"not_picked":["Protect","FlyingSleeves+1"],"picked":"Scrawl","floor":47},{"not_picked":["Prostrate+1","JustLucky+1","Meditate"],"picked":"SKIP","floor":48}],"player_experience":608773,"relics_obtained":[{"floor":7.0,"key":"Molten Egg 2"},{"floor":9,"key":"Darkstone Periapt"},{"floor":11,"key":"Potion Belt"},{"floor":13,"key":"Nunchaku"},{"floor":23,"key":"Orichalcum"},{"floor":25,"key":"Unceasing Top"},{"floor":26,"key":"Juzu Bracelet"},{"floor":34,"key":"Smiling Mask"},{"floor":34,"key":"The Courier"},{"floor":34,"key":"CloakClasp"},{"floor":41,"key":"Bronze Scales"},{"floor":43,"key":"Gremlin Horn"},{"floor":47,"key":"Oddly Smooth Stone"}],"event_choices":[{"damage_healed":0,"gold_gain":30,"player_choice":"Searched \u00272\u0027 times","damage_taken":0,"relics_obtained":["InkBottle"],"max_hp_gain":0,"max_hp_loss":0,"event_name":"Dead Adventurer","floor":8,"gold_loss":0},{"damage_healed":0,"gold_gain":0,"player_choice":"Ignored","damage_taken":0,"max_hp_gain":0,"max_hp_loss":0,"event_name":"Ghosts","floor":21,"gold_loss":0},{"damage_healed":0,"gold_gain":0,"player_choice":"Got Potions","damage_taken":0,"max_hp_gain":0,"max_hp_loss":0,"event_name":"Lab","floor":29,"gold_loss":0},{"damage_healed":0,"gold_gain":0,"player_choice":"Opened","damage_taken":0,"relics_obtained":["Sundial"],"max_hp_gain":0,"max_hp_loss":0,"event_name":"The Mausoleum","floor":30,"gold_loss":0},{"damage_healed":0,"gold_gain":0,"player_choice":"Max HP","damage_taken":0,"max_hp_gain":0,"max_hp_loss":4,"event_name":"Winding Halls","floor":45,"gold_loss":0}],"is_beta":false,"boss_relics":[{"not_picked":["Runic Pyramid","Fusion Hammer"],"picked":"Snecko Eye"},{"not_picked":["Coffee Dripper","HolyWater"],"picked":"Calling Bell"}],"items_purged_floors":[19,36,39],"is_endless":false,"potions_floor_spawned":[1,5,11,12,13,22,23,31,33,37,38,41,47],"ascension_level":14}}