{"host":"yq9izw6r1wt570l5","time":1614224686,"event":{"mods":["AchievementEnabler","BaseMod","BetterRewards","Colored Powertips","Downfall","Hermit","Infinite Spire","Jorbs\u0027s Wanderer Trilogy","Minty Spire (QoL Compilation)","Replay The Spire","StSLib","The Bladedancer","The Cursed","The Runesmith"],"gold_per_floor":[111,111,111,124,140,174,184,184,184,215,215,248,34,34,109,125,125,230,230,242,255,255,255,255,255,266,266,266,366,382,382,382],"floor_reached":31,"language":"ENG","playtime":1772,"items_purged":[],"score":371,"play_id":"9620074e-0e5d-45fb-bcef-ce2c6094553f","local_time":"20210225004446","is_ascension_mode":true,"campfire_choices":[{"floor":14,"key":"REST"},{"floor":17,"key":"REST"},{"floor":25,"key":"REST"},{"floor":27,"key":"REST"}],"circlet_count":0,"master_deck":["Strike_G","Strike_G+1","Strike_G","Defend_G+1","Defend_G","Defend_G+1","Defend_G+1","Defend_G","Survivor","Neutralize","Infinite Blades","Sneak Up+1","ReplayTheSpireMod:Scrap Shanks","Caltrops","Backstab+1","Prepared","Tactician+1","Accuracy","Envenom+1","Accuracy+1","Caltrops","Envenom+1","Terror","Poisoned Stab","Dodge and Roll","Tactician"],"relics":["Sizzling Blood","infinitespire:FocusingShard","Golden Egg","Whetstone","Gremlin Food","Replay:Bottled Steam","Replay:Wanted Poster","Toolbox"],"acts_visited":["Exordium","TheCity"],"potions_floor_usage":[4,10,16,30,31,31],"damage_taken":[{"damage":0,"enemies":"Jaw Worm","floor":1,"turns":5},{"damage":2,"enemies":"2 Louse","floor":4,"turns":4},{"damage":7,"enemies":"Small Slimes","floor":5,"turns":5},{"damage":19,"enemies":"Replay:BlueRogue","floor":6,"turns":11},{"damage":0,"enemies":"Looter","floor":7,"turns":4},{"damage":24,"enemies":"Gremlin Nob","floor":10,"turns":5},{"damage":26,"enemies":"3 Sentries","floor":12,"turns":8},{"damage":15,"enemies":"Exordium Wildlife","floor":16,"turns":5},{"damage":55,"enemies":"Fading Forest","floor":18,"turns":11},{"damage":14,"enemies":"Shell Parasite","floor":20,"turns":7},{"damage":27,"enemies":"3 Byrds","floor":21,"turns":5},{"damage":24,"enemies":"Shelled Parasite and Fungi","floor":26,"turns":4},{"damage":17,"enemies":"Snecko","floor":30,"turns":4},{"damage":44,"enemies":"Gremlin Leader","floor":31,"turns":6}],"seed_played":"4250937930311404300","potions_obtained":[{"floor":7,"key":"FearPotion"},{"floor":10,"key":"PowerPotion"},{"floor":18,"key":"GamblersBrew"},{"floor":20,"key":"Elixir"},{"floor":26,"key":"AttackPotion"},{"floor":30,"key":"Elixir"}],"is_trial":false,"path_per_floor":["M","?","?","M","M","E","M","PTL","PTL","E","T","E","$","R","?","M","R","B",null,"M","M","?","?","?","R","M","R","T","AVR","M","E"],"character_chosen":"THE_SILENT","items_purchased":["Infinite Blades","Sneak Up","Block Potion","Accuracy","Gremlin Food"],"campfire_rested":4,"item_purchase_floors":[0,0,0,13,13],"current_hp_per_floor":[70,70,74,74,71,56,60,60,60,40,40,18,18,40,29,18,40,11,74,64,41,41,41,27,50,30,53,53,53,40,0,0],"gold":382,"neow_bonus":"","is_daily":false,"chose_seed":false,"campfire_upgraded":0,"win_rate":0.0,"timestamp":1614224686,"path_taken":["M","?","?","M","M","E","M","PTL","PTL","E","T","E","$","R","?","M","R","BOSS","M","M","?","?","?","R","M","R","T","AVR","M","E"],"items_purchased_type":["Card","Card","Potion","Card","Relic"],"build_version":"2020-12-22","purchased_purges":0,"victory":false,"max_hp_per_floor":[70,70,74,74,74,74,74,74,74,74,74,74,74,74,74,74,74,74,74,74,74,74,74,79,79,79,79,79,79,79,79,79],"card_choices":[{"not_picked":["Prepared","All Out Attack"],"picked":"ReplayTheSpireMod:Scrap Shanks","floor":1},{"not_picked":["Outmaneuver","ReplayTheSpireMod:Exploit Weakness"],"picked":"Caltrops","floor":4},{"not_picked":["Flying Knee","Bane"],"picked":"Backstab","floor":5},{"not_picked":["Flying Knee","Corpse Explosion"],"picked":"Prepared","floor":6},{"not_picked":["Backflip","Dagger Throw"],"picked":"Tactician","floor":7},{"not_picked":["Fluid Movement","Cloak And Dagger"],"picked":"Accuracy","floor":10},{"not_picked":["Quick Slash","Deflect"],"picked":"Envenom","floor":12},{"not_picked":["Skewer","Outmaneuver"],"picked":"Caltrops","floor":16},{"not_picked":["Doppelganger","Atom Bomb"],"picked":"Envenom","floor":18},{"not_picked":["PiercingWail","Choke","Flechettes+1"],"picked":"SKIP","floor":20},{"not_picked":["Poisoned Stab","Dagger Throw"],"picked":"Terror","floor":21},{"not_picked":["Acrobatics","Deadly Poison","Poisoned Stab"],"picked":"SKIP","floor":26},{"not_picked":["Toxin Wave","Backflip"],"picked":"Tactician","floor":30}],"player_experience":109270,"relics_obtained":[{"floor":6,"key":"infinitespire:FocusingShard"},{"floor":10,"key":"Golden Egg"},{"floor":12,"key":"Whetstone"},{"floor":28,"key":"Replay:Bottled Steam"}],"event_choices":[{"damage_healed":0,"gold_gain":0,"player_choice":"Grow","damage_taken":0,"max_hp_gain":0,"max_hp_loss":0,"event_name":"Living Wall","floor":2,"gold_loss":0,"cards_upgraded":["Sneak Up"]},{"damage_healed":0,"gold_gain":75,"player_choice":"Gather Gold","damage_taken":11,"max_hp_gain":0,"max_hp_loss":0,"event_name":"World of Goop","floor":15,"gold_loss":0},{"damage_healed":0,"gold_gain":0,"player_choice":"Ignored","damage_taken":0,"max_hp_gain":0,"max_hp_loss":0,"event_name":"Vampires","floor":22,"gold_loss":0},{"damage_healed":0,"gold_gain":0,"cards_transformed":["Strike_G","Strike_G"],"player_choice":"Became Test Subject","damage_taken":0,"max_hp_gain":0,"max_hp_loss":0,"event_name":"Drug Dealer","floor":23,"gold_loss":0,"cards_obtained":["Poisoned Stab","Dodge and Roll"]},{"damage_healed":0,"gold_gain":0,"player_choice":"Shed Blood","damage_taken":19,"max_hp_gain":5,"max_hp_loss":0,"event_name":"Forgotten Altar","floor":24,"gold_loss":0}],"is_beta":false,"boss_relics":[{"not_picked":[]}],"items_purged_floors":[],"is_endless":false,"potions_floor_spawned":[7,10,18,20,26,30],"killed_by":"Gremlin Leader","ascension_level":1}}