{"host":"lsq35p0sdkx2xifo","time":1614232407,"event":{"mods":["AchievementEnabler","BaseMod","Highlight Path","Minty Spire (QoL Compilation)","StSLib","The Senshi"],"gold_per_floor":[109,109,126,19,31,31,57,118,173,9,59,59,76,101,101,101,101],"floor_reached":16,"language":"ENG","playtime":767,"items_purged":[],"score":216,"play_id":"d1df3cc1-eb86-45a4-9d39-39f54feedd79","local_time":"20210224215327","is_ascension_mode":true,"campfire_choices":[{"data":"Rupture","floor":6,"key":"SMITH"},{"floor":12,"key":"REST"},{"floor":15,"key":"REST"}],"circlet_count":0,"master_deck":["AscendersBane","Strike_R","Strike_R","Strike_R","Strike_R","Strike_R","Defend_R","Defend_R","Defend_R","Defend_R","Bash","Perfected Strike","Blood for Blood","Bloodletting","Anger","Rupture+1","Inflame","Headbutt","Feed","Clothesline"],"relics":["Burning Blood","Happy Flower","Boot","Anchor","Sling","Omamori","Question Card"],"acts_visited":["Exordium"],"potions_floor_usage":[7,8,13,16],"damage_taken":[{"damage":22,"enemies":"Small Slimes","floor":1,"turns":5},{"damage":7,"enemies":"Jaw Worm","floor":3,"turns":3},{"damage":4,"enemies":"Cultist","floor":5,"turns":3},{"damage":26,"enemies":"Lagavulin","floor":7,"turns":4},{"damage":30,"enemies":"3 Sentries","floor":8,"turns":6},{"damage":2,"enemies":"Exordium Wildlife","floor":13,"turns":2},{"damage":39,"enemies":"Gremlin Nob","floor":14,"turns":4},{"damage":38,"enemies":"Hexaghost","floor":16,"turns":7}],"seed_played":"-4990619645809646526","potions_obtained":[{"floor":5,"key":"ColorlessPotion"},{"floor":7,"key":"BlessingOfTheForge"},{"floor":8,"key":"LiquidMemories"},{"floor":14,"key":"DuplicationPotion"}],"is_trial":false,"path_per_floor":["M","?","M","$","M","R","E","?","T","$","T","R","M","E","R","B"],"character_chosen":"IRONCLAD","items_purchased":["Bloodletting","Anger","Sling"],"campfire_rested":2,"item_purchase_floors":[4,4,10],"current_hp_per_floor":[59,59,58,58,60,60,40,16,16,16,16,40,44,11,35,0,0],"gold":101,"neow_bonus":"TEN_PERCENT_HP_BONUS","is_daily":false,"chose_seed":false,"campfire_upgraded":1,"win_rate":0.0,"timestamp":1614232407,"path_taken":["M","?","M","$","M","R","E","?","T","?","?","R","M","E","R","BOSS"],"items_purchased_type":["Card","Card","Relic"],"build_version":"2020-12-22","purchased_purges":0,"victory":false,"max_hp_per_floor":[82,82,82,82,82,82,82,82,82,82,82,82,82,82,82,82,82],"card_choices":[{"not_picked":["Sword Boomerang","Warcry"],"picked":"Perfected Strike","floor":1},{"not_picked":["Reckless Charge","Heavy Blade"],"picked":"Blood for Blood","floor":3},{"not_picked":["Feel No Pain","Heavy Blade"],"picked":"Rupture","floor":5},{"not_picked":["Power Through","Havoc"],"picked":"Inflame","floor":7},{"not_picked":["True Grit","Uppercut"],"picked":"Headbutt","floor":8},{"not_picked":["Anger","Twin Strike"],"picked":"Feed","floor":13},{"not_picked":["Burning Pact","Shrug It Off"],"picked":"Clothesline","floor":14}],"player_experience":1435397,"relics_obtained":[{"floor":7,"key":"Happy Flower"},{"floor":8,"key":"Boot"},{"floor":9,"key":"Anchor"},{"floor":11,"key":"Omamori"},{"floor":14,"key":"Question Card"}],"event_choices":[{"damage_healed":0,"gold_gain":0,"player_choice":"Ignored","damage_taken":0,"max_hp_gain":0,"max_hp_loss":0,"event_name":"Shining Light","floor":2,"gold_loss":0},{"damage_healed":0,"gold_gain":0,"player_choice":"Searched \u00271\u0027 times","damage_taken":0,"max_hp_gain":0,"max_hp_loss":0,"event_name":"Dead Adventurer","floor":8,"gold_loss":0}],"is_beta":false,"boss_relics":[],"items_purged_floors":[],"is_endless":false,"potions_floor_spawned":[5,7,8,14],"killed_by":"Hexaghost","ascension_level":20}}