{"host":"kaame4qwxxqnygv7","time":1614260391,"event":{"mods":["AchievementEnabler","BaseMod","Better Match","Better Skull","Better Third Choice","BetterRewards","Block Reminder","Bossed Relics","DeckTracker","Energized Spire","GungeonMod","Minty Spire (QoL Compilation)","Quick Restart","Red Circlet Mod","StSLib","SuperFastMode","The Blue Laboratory"],"gold_per_floor":[117,2,52,70,35,63,63,63,63,29,44,58,69,95,95,172,122,133,133,133,153,78,78,108,108,108,108,119,139,156,166,180,180,180,257,257,277,277,277,291,304,304,331,347,347,372,390,390,415,305,305,305,305,305,4,37,37],"floor_reached":58,"language":"KOR","playtime":4016,"items_purged":["Caltrops"],"score":1823,"play_id":"a0a5b9a4-fe5f-4e4b-9167-6d36303aed49","local_time":"20210225223951","is_ascension_mode":true,"campfire_choices":[{"data":"Apotheosis","floor":7.0,"key":"SMITH"},{"data":"Neutralize","floor":15.0,"key":"SMITH"},{"data":"Accuracy","floor":23.0,"key":"SMITH"},{"floor":25.0,"key":"REST"},{"data":"Infinite Blades","floor":27.0,"key":"SMITH"},{"data":"Blur","floor":33.0,"key":"SMITH"},{"floor":42.0,"key":"RECALL"},{"data":"Finisher","floor":48.0,"key":"SMITH"},{"data":"Survivor","floor":51.0,"key":"SMITH"},{"data":"Cloak And Dagger","floor":54.0,"key":"SMITH"}],"circlet_count":0,"master_deck":["AscendersBane","Strike_G","Strike_G","Strike_G","Strike_G","Defend_G","Defend_G","Defend_G","Defend_G","Defend_G+1","Survivor+1","Neutralize+1","Apotheosis+1","Infinite Blades+1","Blur+1","Strike_G","All Out Attack","Accuracy+1","Dodge and Roll+1","Blade Dance","Blade Dance","Corpse Explosion","Finisher+1","Blade Dance","Cloak And Dagger+1"],"relics":["Ring of the Snake","DemoMod:GundromedaStrain","DemoMod:ClearGuonStone","DemoMod:Metronome","Orichalcum","DemoMod:Bottle","Meat on the Bone","energizedSpire:HugeHouse","MutagenicStrength","DemoMod:BlueGuonStone","DemoMod:RatBoots","DemoMod:ResourcefulSack","DemoMod:PartiallyEatenCheese","Ring of the Serpent","Boot","Pocketwatch","Centennial Puzzle","DemoMod:MeatBun","Lantern","Pen Nib"],"acts_visited":["Exordium","TheCity","DemoMod:Maze","TheBeyond","TheEnding"],"potions_floor_usage":[57],"damage_taken":[{"damage":0.0,"enemies":"Small Slimes","floor":1.0,"turns":2.0},{"damage":0.0,"enemies":"Cultist","floor":4.0,"turns":3.0},{"damage":11.0,"enemies":"Gremlin Nob","floor":6.0,"turns":4.0},{"damage":0.0,"enemies":"Jaw Worm","floor":11.0,"turns":3.0},{"damage":0.0,"enemies":"3 Louse","floor":12.0,"turns":4.0},{"damage":0.0,"enemies":"Exordium Wildlife","floor":13.0,"turns":4.0},{"damage":0.0,"enemies":"Lagavulin","floor":14.0,"turns":6.0},{"damage":0.0,"enemies":"Slime Boss","floor":16.0,"turns":8.0},{"damage":18.0,"enemies":"2 Thieves","floor":18.0,"turns":4.0},{"damage":0.0,"enemies":"Shell Parasite","floor":21.0,"turns":5.0},{"damage":25.0,"enemies":"Slavers","floor":24.0,"turns":5.0},{"damage":1.0,"enemies":"DemoMod:2_Veteran_bullet_kins_and_red_shotgun_kin","floor":28.0,"turns":3.0},{"damage":0.0,"enemies":"DemoMod:Veteran_shot_gun_kin_and_bullet_kin","floor":29.0,"turns":3.0},{"damage":0.0,"enemies":"DemoMod:Red_and_blue_shotgun_kin_with_gunsinger","floor":30.0,"turns":2.0},{"damage":0.0,"enemies":"DemoMod:Veteran_shot_gun_kin_and_red_shotgun_kin_with_gunsinger","floor":31.0,"turns":3.0},{"damage":0.0,"enemies":"DemoMod:2_Mousers","floor":32.0,"turns":4.0},{"damage":0.0,"enemies":"DemoMod:ResourcefulRat","floor":34.0,"turns":8.0},{"damage":17.0,"enemies":"DemoMod:ResourcefulRat","floor":35.0,"turns":8.0},{"damage":0.0,"enemies":"Orb Walker","floor":37.0,"turns":2.0},{"damage":0.0,"enemies":"3 Shapes","floor":40.0,"turns":2.0},{"damage":0.0,"enemies":"Maw","floor":41.0,"turns":1.0},{"damage":12.0,"enemies":"Giant Head","floor":43.0,"turns":6.0},{"damage":0.0,"enemies":"Sphere and 2 Shapes","floor":44.0,"turns":3.0},{"damage":0.0,"enemies":"Mind Bloom Boss Battle","floor":46.0,"turns":5.0},{"damage":0.0,"enemies":"Jaw Worm Horde","floor":47.0,"turns":2.0},{"damage":0.0,"enemies":"Nemesis","floor":49.0,"turns":1.0},{"damage":37.0,"enemies":"Awakened One","floor":52.0,"turns":14.0},{"damage":0,"enemies":"Shield and Spear","floor":56,"turns":2},{"damage":0,"enemies":"The Heart","floor":57,"turns":3}],"seed_played":"-6922998176306609138","potions_obtained":[{"floor":4.0,"key":"Block Potion"},{"floor":13.0,"key":"blueLaboratory:ExaltedPotion"},{"floor":16.0,"key":"blueLaboratory:PolymorphPotion"},{"floor":24.0,"key":"DistilledChaos"},{"floor":30.0,"key":"blueLaboratory:FrostheartPotion"},{"floor":31.0,"key":"blueLaboratory:LouseDecoction"},{"floor":32.0,"key":"blueLaboratory:BottleOfVodka"},{"floor":35.0,"key":"DistilledChaos"},{"floor":43.0,"key":"blueLaboratory:SavagePotion"},{"floor":47.0,"key":"Block Potion"}],"is_trial":false,"path_per_floor":["M","$","?","M","?","E","R","?","T","$","M","M","M","E","R","B",null,"M","?","?","M","$","R","E","R","T","R","M","M","M","M","M","R","B","B",null,"M","?","?","M","M","R","E","M","T","?","M","R","E","?","R","B",null,"R","$","E","B",null],"character_chosen":"THE_SILENT","items_purchased":["DemoMod:ClearGuonStone","DemoMod:Metronome","Apotheosis","DemoMod:GnawedKey","Blur","DemoMod:MeatBun","Lantern"],"campfire_rested":1,"item_purchase_floors":[0,0,0,2,10,55,55],"current_hp_per_floor":[28,28,28,28,44,33,33,55,55,55,55,61,66,66,66,66,61,52,52,52,58,58,58,39,57,60,60,60,61,61,61,61,61,61,44,57,57,57,57,61,61,61,49,49,49,55,55,55,55,55,55,30,53,53,61,61,61],"gold":37,"neow_bonus":"","is_daily":false,"chose_seed":false,"campfire_upgraded":8,"win_rate":0.0,"timestamp":1614260391,"path_taken":["M","$","?","?","?","E","R","?","T","$","M","M","M","E","R","BOSS","M","?","?","?","$","R","E","R","T","R","M","M","M","M","M","R","BOSS","BOSS","M","?","?","?","M","R","E","M","T","?","M","R","E","?","R","BOSS","R","$","E","BOSS"],"items_purchased_type":["Relic","Relic","Card","Relic","Card","Relic","Relic"],"build_version":"2020-12-22","purchased_purges":1,"victory":true,"max_hp_per_floor":[66,66,66,66,66,66,66,66,66,66,66,66,66,66,66,66,61,61,61,61,61,61,61,61,61,61,61,61,61,61,61,61,61,61,61,61,61,61,61,61,61,61,61,61,61,61,61,61,61,61,61,61,61,61,61,61,61],"card_choices":[{"not_picked":["Crippling Poison","Slice"],"picked":"Infinite Blades","floor":1.0},{"not_picked":["Quick Slash","Bane","Footwork"],"picked":"SKIP","floor":4.0},{"not_picked":["Flechettes","Dagger Throw"],"picked":"Dagger Spray","floor":6.0},{"not_picked":["Concentrate","PiercingWail","Outmaneuver"],"picked":"SKIP","floor":11.0},{"not_picked":["Crippling Poison","Endless Agony","Deflect"],"picked":"SKIP","floor":12.0},{"not_picked":["Dagger Spray","Backflip","Deflect"],"picked":"SKIP","floor":13.0},{"not_picked":["Slice","Eviscerate","Concentrate"],"picked":"SKIP","floor":14.0},{"not_picked":["Calculated Gamble","Slice"],"picked":"All Out Attack","floor":18.0},{"not_picked":["Escape Plan","Sucker Punch","Tactician"],"picked":"SKIP","floor":21.0},{"not_picked":["Wraith Form v2","Outmaneuver","Distraction"],"picked":"SKIP","floor":24.0},{"not_picked":["Tactician+1","Bane"],"picked":"Dodge and Roll+1","floor":28.0},{"not_picked":["Dagger Spray","Accuracy"],"picked":"Blade Dance","floor":29.0},{"not_picked":["Tactician","Quick Slash","Bane"],"picked":"SKIP","floor":30.0},{"not_picked":["Poisoned Stab","Dagger Spray"],"picked":"Blade Dance","floor":31.0},{"not_picked":["Flying Knee","Prepared","Dagger Throw"],"picked":"SKIP","floor":32.0},{"not_picked":["Grand Finale","Wraith Form v2"],"picked":"Corpse Explosion","floor":35.0},{"not_picked":["Backflip","Prepared","Riddle With Holes"],"picked":"SKIP","floor":37.0},{"not_picked":["Eviscerate","Deflect","Caltrops+1"],"picked":"SKIP","floor":40.0},{"not_picked":["Poisoned Stab","Setup"],"picked":"Finisher","floor":41.0},{"not_picked":["Tactician+1","Envenom"],"picked":"Blade Dance","floor":43.0},{"not_picked":["Bane+1","Dagger Throw"],"picked":"Cloak And Dagger","floor":44.0},{"not_picked":["Cloak And Dagger","Outmaneuver+1","Well Laid Plans"],"picked":"SKIP","floor":47.0},{"not_picked":["Dash+1","Concentrate","Caltrops"],"picked":"SKIP","floor":49.0},{"not_picked":["Well Laid Plans","Blade Dance","Prepared"],"picked":"SKIP","floor":56}],"player_experience":341057,"relics_obtained":[{"floor":6.0,"key":"Orichalcum"},{"floor":9.0,"key":"DemoMod:Bottle"},{"floor":14.0,"key":"Meat on the Bone"},{"floor":24.0,"key":"DemoMod:BlueGuonStone"},{"floor":36.0,"key":"DemoMod:RatBoots"},{"floor":36.0,"key":"DemoMod:ResourcefulSack"},{"floor":36.0,"key":"DemoMod:PartiallyEatenCheese"},{"floor":36.0,"key":"Ring of the Serpent"},{"floor":43.0,"key":"Boot"},{"floor":46.0,"key":"Pocketwatch"},{"floor":49.0,"key":"Centennial Puzzle"},{"floor":56,"key":"Pen Nib"}],"event_choices":[{"damage_healed":0.0,"max_hp_gain":0.0,"max_hp_loss":0.0,"gold_gain":50.0,"event_name":"Golden Shrine","player_choice":"Pray","floor":3.0,"gold_loss":0.0,"damage_taken":0.0},{"damage_healed":16.0,"max_hp_gain":0.0,"max_hp_loss":0.0,"gold_gain":0.0,"event_name":"The Cleric","player_choice":"Healed","floor":5.0,"gold_loss":35.0,"damage_taken":0.0},{"damage_healed":22.0,"max_hp_gain":0.0,"max_hp_loss":0.0,"gold_gain":0.0,"event_name":"Big Fish","player_choice":"Banana","floor":8.0,"gold_loss":0.0,"damage_taken":0.0},{"damage_healed":0.0,"max_hp_gain":0.0,"max_hp_loss":0.0,"gold_gain":0.0,"event_name":"The Library","player_choice":"Read","floor":19.0,"gold_loss":0.0,"damage_taken":0.0,"cards_obtained":["Accuracy"]},{"damage_healed":0.0,"max_hp_gain":0.0,"max_hp_loss":0.0,"gold_gain":0.0,"event_name":"Drug Dealer","player_choice":"Inject Mutagens","floor":20.0,"gold_loss":0.0,"damage_taken":0.0,"relics_obtained":["MutagenicStrength"]},{"damage_healed":0.0,"max_hp_gain":0.0,"max_hp_loss":0.0,"gold_gain":0.0,"event_name":"Tomb of Lord Red Mask","player_choice":"Ignored","floor":38.0,"gold_loss":0.0,"damage_taken":0.0},{"damage_healed":0.0,"max_hp_gain":0.0,"max_hp_loss":0.0,"gold_gain":0.0,"event_name":"betterThird:BetterPortal","player_choice":"Random: Blue","floor":39.0,"gold_loss":0.0,"damage_taken":0.0},{"damage_healed":0.0,"max_hp_gain":0.0,"max_hp_loss":0.0,"gold_gain":0.0,"event_name":"SensoryStone","player_choice":"Memory 1","floor":39.0,"gold_loss":0.0,"damage_taken":0.0},{"damage_healed":0.0,"max_hp_gain":0.0,"max_hp_loss":0.0,"gold_gain":0.0,"event_name":"MindBloom","player_choice":"Fight","floor":46.0,"gold_loss":0.0,"damage_taken":0.0},{"cards_removed":["Strike_G"],"damage_healed":0.0,"max_hp_gain":0.0,"max_hp_loss":0.0,"gold_gain":0.0,"event_name":"Designer","player_choice":"Upgrade and Remove","floor":50.0,"gold_loss":110.0,"damage_taken":0.0,"cards_upgraded":["Defend_G"]}],"is_beta":false,"boss_relics":[{"not_picked":["Tiny House","Sozu"],"picked":"energizedSpire:HugeHouse"},{"not_picked":[]}],"items_purged_floors":[22],"is_endless":false,"potions_floor_spawned":[4,13,16,24,30,31,32,34,35,43,44,46,47,49,56],"ascension_level":15}}