{"host":"ELF","time":1614244942,"event":{"mods":["BaseMod","Bestiary","Minty Spire (QoL Compilation)","Relic Stats","Slay the Relics Exporter"],"gold_per_floor":[113,133,145,164,164,194,194,226,238,250,262,286,298,74,74,149,149,163,63,78,41,54,54,54,86,86,105,105,123,123,123],"floor_reached":30,"language":"ENG","playtime":11205,"items_purged":["Strike_G","Strike_G"],"score":620,"play_id":"b2edb4df-b4e8-4be4-8e0c-cec6ac4e3455","local_time":"20210225032222","is_ascension_mode":true,"campfire_choices":[{"floor":7.0,"key":"REST"},{"floor":11.0,"key":"REST"},{"data":"Blade Dance","floor":15.0,"key":"SMITH"},{"data":"Wraith Form v2","floor":23.0,"key":"SMITH"},{"floor":28,"key":"REST"}],"circlet_count":0,"master_deck":["AscendersBane","Strike_G","Strike_G","Defend_G","Defend_G","Defend_G","Survivor","Neutralize","Blade Dance+1","Phantasmal Killer","Deflect","Bouncing Flask","After Image+1","Catalyst","Wraith Form v2+1","Escape Plan","Leg Sweep","Infinite Blades","Terror"],"relics":["Empty Cage","Art of War","MawBank","TwistedFunnel","Busted Crown","Shovel","Nunchaku"],"acts_visited":["Exordium","TheCity"],"potions_floor_usage":[],"damage_taken":[{"damage":0.0,"enemies":"Jaw Worm","floor":1.0,"turns":6.0},{"damage":7.0,"enemies":"2 Louse","floor":2.0,"turns":3.0},{"damage":1.0,"enemies":"Cultist","floor":3.0,"turns":3.0},{"damage":0.0,"enemies":"Blue Slaver","floor":4.0,"turns":3.0},{"damage":0.0,"enemies":"Gremlin Nob","floor":6.0,"turns":2.0},{"damage":35.0,"enemies":"Lagavulin","floor":8.0,"turns":6.0},{"damage":24.0,"enemies":"Exordium Thugs","floor":12.0,"turns":6.0},{"damage":24.0,"enemies":"The Guardian","floor":16.0,"turns":10.0},{"damage":13.0,"enemies":"Spheric Guardian","floor":18.0,"turns":7.0},{"damage":10.0,"enemies":"2 Thieves","floor":20.0,"turns":4.0},{"damage":13.0,"enemies":"3 Cultists","floor":22.0,"turns":6.0},{"damage":0.0,"enemies":"Book of Stabbing","floor":25.0,"turns":6.0},{"damage":0,"enemies":"Centurion and Healer","floor":27,"turns":9},{"damage":15,"enemies":"Snake Plant","floor":29,"turns":4},{"damage":23,"enemies":"Gremlin Leader","floor":30,"turns":3}],"seed_played":"-360487156953322944","potions_obtained":[{"floor":2.0,"key":"CunningPotion"},{"floor":4.0,"key":"Fire Potion"},{"floor":12.0,"key":"Fire Potion"},{"floor":20.0,"key":"DistilledChaos"},{"floor":27,"key":"BlessingOfTheForge"},{"floor":29,"key":"Energy Potion"}],"is_trial":false,"path_per_floor":["M","M","M","M","?","E","R","E","T","?","R","M","?","$","R","B",null,"M","$","M","$","M","R","?","E","T","M","R","M","E"],"character_chosen":"THE_SILENT","items_purchased":["TwistedFunnel","Infinite Blades"],"campfire_rested":3,"item_purchase_floors":[14,21],"current_hp_per_floor":[59,52,51,51,44,44,63,28,28,28,47,23,66,66,66,42,60,47,47,37,37,24,24,18,18,18,18,37,22,0,0],"gold":123,"neow_bonus":"BOSS_RELIC","is_daily":false,"chose_seed":false,"campfire_upgraded":2,"win_rate":0.0,"timestamp":1614244942,"path_taken":["M","M","M","M","?","E","R","E","T","?","R","?","?","?","R","BOSS","M","$","M","$","M","R","?","E","T","?","R","M","E"],"items_purchased_type":["Relic","Card"],"build_version":"2020-12-18","purchased_purges":2,"victory":false,"max_hp_per_floor":[66,66,66,66,66,66,66,66,66,66,66,66,66,66,66,66,66,66,66,66,66,66,66,66,66,66,66,66,66,66,66],"relic_stats":{"Nunchaku":[3],"Busted Crown":12,"Shovel":0,"counters":[15,78],"Art of War":[23],"MawBank":72,"obtain_stats":[{"TwistedFunnel":14,"Nunchaku":26,"Busted Crown":17,"Shovel":25,"Art of War":6,"Empty Cage":0,"MawBank":8,"Ring of the Snake":0},{"TwistedFunnel":7,"Nunchaku":12,"Busted Crown":8,"Shovel":12,"Art of War":5,"Empty Cage":0,"MawBank":6,"Ring of the Snake":0},{"TwistedFunnel":29,"Nunchaku":62,"Busted Crown":39,"Shovel":62,"Art of War":17,"Empty Cage":0,"MawBank":23,"Ring of the Snake":0}]},"card_choices":[{"not_picked":["Sucker Punch","Poisoned Stab"],"picked":"Blade Dance","floor":1.0},{"not_picked":["Flying Knee","Dagger Throw"],"picked":"Phantasmal Killer","floor":2.0},{"not_picked":["Underhanded Strike","Dagger Throw","Quick Slash"],"picked":"SKIP","floor":3.0},{"not_picked":["Quick Slash","Dagger Spray"],"picked":"Deflect","floor":4.0},{"not_picked":["Blade Dance","Dagger Spray"],"picked":"Bouncing Flask","floor":6.0},{"not_picked":["Riddle With Holes","Heel Hook"],"picked":"After Image","floor":8.0},{"not_picked":["Setup","Bane"],"picked":"Catalyst","floor":12.0},{"not_picked":["Grand Finale","After Image"],"picked":"Wraith Form v2","floor":16.0},{"not_picked":[],"picked":"Escape Plan","floor":18.0},{"not_picked":[],"picked":"Leg Sweep","floor":20.0},{"not_picked":["Backflip"],"picked":"SKIP","floor":22.0},{"not_picked":[],"picked":"Terror","floor":25.0},{"not_picked":["All Out Attack"],"picked":"SKIP","floor":27},{"not_picked":["Prepared"],"picked":"SKIP","floor":29}],"player_experience":3561233,"relics_obtained":[{"floor":6.0,"key":"Art of War"},{"floor":8.0,"key":"MawBank"},{"floor":25.0,"key":"Shovel"},{"floor":26.0,"key":"Nunchaku"}],"event_choices":[{"cards_removed":["Defend_G"],"damage_healed":0.0,"max_hp_gain":0.0,"max_hp_loss":0.0,"gold_gain":0.0,"event_name":"Golden Wing","player_choice":"Card Removal","floor":5.0,"gold_loss":0.0,"damage_taken":7.0},{"damage_healed":0.0,"max_hp_gain":0.0,"max_hp_loss":0.0,"gold_gain":0.0,"event_name":"Upgrade Shrine","player_choice":"Upgraded","floor":10.0,"gold_loss":0.0,"damage_taken":0.0,"cards_upgraded":["After Image"]},{"damage_healed":43.0,"max_hp_gain":0.0,"max_hp_loss":0.0,"gold_gain":0.0,"event_name":"Wheel of Change","player_choice":"Full Heal","floor":13.0,"gold_loss":0.0,"damage_taken":0.0},{"damage_healed":0.0,"max_hp_gain":0.0,"max_hp_loss":0.0,"gold_gain":0.0,"event_name":"Knowing Skull","player_choice":"","floor":24.0,"potions_obtained":[],"gold_loss":0.0,"damage_taken":6.0,"cards_obtained":[]}],"is_beta":true,"boss_relics":[{"not_picked":["Velvet Choker","WristBlade"],"picked":"Busted Crown"}],"items_purged_floors":[14,19],"is_endless":false,"potions_floor_spawned":[2,4,12,20,27,29],"killed_by":"Gremlin Leader","ascension_level":20}}