{"host":"gsef4mntx4mq50d0","time":1614276175,"event":{"mods":["Act Like it!","Arknights","Aspiration","BaseMod","Block Reminder","Colored Map","Downfall","GifTheSpireLib","Hallownest","HololiveMod","Hubris","Infinite Spire","MarisaÅiñ∂âJÅ@ñÇóùçπÅj","Minty Spire (QoL Compilation)","SIMod","StSLib","The Alterego","The Bug Knight","The Exalted","The Forsaken","The Servant 0.9.4","TheSwordswoman"],"gold_per_floor":[119,119,129,129,148,162,162,162,162,162,175,190,216,236,236,335,335,345,345,77,77,97,97,112,112],"floor_reached":24,"language":"ENG","playtime":1116,"items_purged":[],"score":200,"play_id":"cfbff878-3fef-4bc1-866a-21be10bb9fdf","local_time":"20210226040255","is_ascension_mode":false,"campfire_choices":[{"data":"HollowMod:VengefulSpirit","floor":7,"key":"SMITH"},{"floor":15,"key":"REST"},{"floor":23,"key":"REST"}],"circlet_count":0,"master_deck":["HollowMod:NailStrikeStart","HollowMod:NailStrikeStart","HollowMod:NailStrikeStart","HollowMod:NailStrikeStart","HollowMod:QuickDashStart","HollowMod:QuickDashStart","HollowMod:QuickDashStart","HollowMod:QuickDashStart","HollowMod:FocusHealStart","HollowMod:PogoStrike","HollowMod:HeavyBlow","HollowMod:NewGlowingWomb","HollowMod:VengefulSpirit+1","HollowMod:CloakDash","infinitespire:DeathsTouch","HollowMod:CrystalDash","HollowMod:CloakDash","HollowMod:WraithStrike","HollowMod:WhiteLadysBlessing","HollowMod:PaleKingsBlessing","HollowMod:MonarchWings+1","HollowMod:CloakDash","HollowMod:MonarchWings","HollowMod:SoulShaman","HollowMod:WraithStrike"],"relics":["HollowMod:VesselMask","NeowsBlessing","hubris:Towel","Strawberry","SacredBark","Blue Candle","HollowMod:MillibellesNoteRelic"],"acts_visited":["Hallownest:Greenpath","Hallownest:CityofTears"],"potions_floor_usage":[16,24,24],"damage_taken":[{"damage":3,"enemies":"Hallownest:2_Tiktiks_and_1_Crawlid","floor":1,"turns":1},{"damage":0,"enemies":"2_ Uuma","floor":3,"turns":1},{"damage":0,"enemies":"Hallownest:2_Baldur","floor":5,"turns":1},{"damage":24,"enemies":"Hallownest:2_Tiktiks_1_Baldur_1_Crawlid","floor":6,"turns":4},{"damage":6,"enemies":"Hallownest:MossCreep_and_Mosskin","floor":11,"turns":4},{"damage":0,"enemies":"Hallownest:monsterMossCharger","floor":12,"turns":3},{"damage":11,"enemies":"Hallownest:eliteCrystalGuardian","floor":13,"turns":5},{"damage":6,"enemies":"Hallownest:2_Tiktiks_1_Baldur_1_Crawlid","floor":14,"turns":2},{"damage":39,"enemies":"Hallownest:BossBrokenVessel","floor":16,"turns":9},{"damage":54,"enemies":"Hallownest:3_Youths","floor":18,"turns":7},{"damage":35,"enemies":"Hallownest:Flukemon_and_Top","floor":22,"turns":8},{"damage":37,"enemies":"Hallownest:Warrior_and_Youth","floor":24,"turns":10}],"seed_played":"-9194222210207042224","potions_obtained":[{"floor":3,"key":"Weak Potion"},{"floor":6,"key":"Dexterity Potion"},{"floor":11,"key":"AttackPotion"},{"floor":14,"key":"Energy Potion"}],"is_trial":false,"path_per_floor":["M","?","M","?","M","M","R","?","T","?","M","M","E","M","R","B",null,"M","?","$","?","M","R","M"],"character_chosen":"THE_BUGKNIGHT","items_purchased":["HollowMod:MillibellesNoteRelic","HollowMod:CloakDash","HollowMod:MonarchWings"],"campfire_rested":2,"item_purchase_floors":[20,20,20],"current_hp_per_floor":[72,75,75,75,75,57,57,39,39,39,39,45,41,35,59,20,82,34,29,29,37,15,39,5,5],"gold":112,"neow_bonus":"THREE_ENEMY_KILL","is_daily":false,"chose_seed":false,"campfire_upgraded":1,"win_rate":0.0,"timestamp":1614276175,"path_taken":["M","?","?","?","M","M","R","?","T","?","?","M","E","M","R","BOSS","M","?","$","?","M","R","?"],"items_purchased_type":["Relic","Card","Card"],"build_version":"2020-12-22","purchased_purges":0,"victory":false,"max_hp_per_floor":[75,75,75,75,75,75,75,75,75,75,75,75,82,82,82,82,82,82,82,82,82,82,82,82,82],"card_choices":[{"not_picked":["HollowMod:SoulEater","HollowMod:InfectedCysts"],"picked":"HollowMod:HeavyBlow","floor":1},{"not_picked":["HollowMod:SiblingsSouls","HollowMod:SharpenedNail"],"picked":"HollowMod:NewGlowingWomb","floor":3},{"not_picked":["HollowMod:DungDefenderAura","HollowMod:VengefulVoid"],"picked":"HollowMod:VengefulSpirit","floor":5},{"not_picked":["HollowMod:DashSlash","HollowMod:GreatSlash"],"picked":"HollowMod:CloakDash","floor":6},{"not_picked":["infinitespire:TheBestDefense","infinitespire:SealOfDarkness+"],"picked":"infinitespire:DeathsTouch","floor":8},{"not_picked":["HollowMod:HeavyBlow","HollowMod:GreatSlash"],"picked":"HollowMod:CrystalDash","floor":11},{"not_picked":["HollowMod:SiblingsSouls","HollowMod:FastStrike"],"picked":"HollowMod:CloakDash","floor":12},{"not_picked":["HollowMod:CloakDash","HollowMod:DoubleDash"],"picked":"HollowMod:WraithStrike","floor":13},{"not_picked":["HollowMod:NewLittleFool","HollowMod:Grubsong"],"picked":"HollowMod:WhiteLadysBlessing","floor":14},{"not_picked":["HollowMod:Hiveblood","HollowMod:Weaversong"],"picked":"HollowMod:PaleKingsBlessing","floor":16},{"not_picked":["HollowMod:NewLittleFool+1","HollowMod:HeavyBlow"],"picked":"HollowMod:MonarchWings+1","floor":18},{"not_picked":["HollowMod:SoulSplash","HollowMod:DescendingDark"],"picked":"HollowMod:SoulShaman","floor":22},{"not_picked":["HollowMod:LordofShades","HollowMod:SharpenedNail"],"picked":"HollowMod:WraithStrike","floor":24}],"player_experience":190544,"relics_obtained":[{"floor":13,"key":"Strawberry"}],"event_choices":[],"is_beta":false,"boss_relics":[{"not_picked":["Pandora\u0027s Box","Fusion Hammer"],"picked":"SacredBark"}],"items_purged_floors":[],"is_endless":false,"potions_floor_spawned":[3,6,11,14],"killed_by":"Hallownest:Warrior_and_Youth","ascension_level":0}}