{"host":"28bpuzdckreop5i0","time":1614287390,"event":{"mods":["BaseMod","Downfall","Minty Spire (QoL Compilation)","Relic Stats","Shop Mod","StSLib"],"gold_per_floor":[99,119,135,146,163,198,198,198,198,298,332,332,332,65,80,179,179,179,192,192,4,23,123,123,153,165,165,184,184,219,230,244,339,339,339,350,350,369,388,55,55,55,82,95,95,95,243,4,16,16],"floor_reached":51,"language":"ENG","playtime":2780,"items_purged":["Slimebound:Strike_Slimebound"],"score":872,"play_id":"9a69b766-641e-4d09-a810-e8faafd00ee6","local_time":"20210225150950","is_ascension_mode":true,"campfire_choices":[{"data":"Slimebound:DouseInSlime","floor":1,"key":"SMITH"},{"floor":8,"key":"REST"},{"data":"Slimebound:PrepareCrush","floor":18,"key":"SMITH"},{"data":"Slimebound:PrepareCrush","floor":27,"key":"SMITH"},{"floor":29,"key":"REST"},{"data":"Slimebound:PrepareCrush","floor":35,"key":"SMITH"},{"floor":45,"key":"REST"}],"circlet_count":0,"master_deck":["Slimebound:Strike_Slimebound","Slimebound:Defend_Slimebound","Slimebound:Defend_Slimebound","Slimebound:Defend_Slimebound","Slimebound:Defend_Slimebound","Slimebound:Split","Slimebound:CorrosiveSpit","Slimebound:DouseInSlime+1","Slimebound:Prepare","Slimebound:LivingWall","Slimebound:LeadByExample","Slimebound:PrepareCrush+1","Slimebound:GrowthPunch","Slimebound:LeechEnergy","Sadistic Nature","Slimebound:Gluttony","Slimebound:LeechEnergy","Slimebound:PrepareCrush+1","CurseOfTheBell","Slimebound:GoopSpray","Slimebound:ViciousTackle+1","Slimebound:AcidTongue","Slimebound:DuplicatedForm","Slimebound:Schlurp","Slimebound:PrepareCrush+1","expansioncontent:AwakenDeath","Slimebound:Prepare"],"relics":["Slimebound:AbsorbEndCombat","Meat on the Bone","Pantograph","Sundial","Calling Bell","Blood Vial","Molten Egg 2","Lizard Tail","Membership Card","Mango","Omamori","Akabeko","Busted Crown","InkBottle","Singing Bowl","hexamod:BolsterEngine","Mercury Hourglass","Boot"],"acts_visited":["Exordium","TheCity","TheBeyond"],"potions_floor_usage":[19,21,26,26,30,32,39,47,50],"damage_taken":[{"damage":15,"enemies":"Jaw Worm","floor":2,"turns":3},{"damage":0,"enemies":"Small Slimes","floor":3,"turns":3},{"damage":0,"enemies":"Cultist","floor":4,"turns":3},{"damage":6,"enemies":"downfall:LooterAlt","floor":5,"turns":4},{"damage":31,"enemies":"Gremlin Nob","floor":6,"turns":5},{"damage":23,"enemies":"3 Sentries","floor":11,"turns":10},{"damage":0,"enemies":"downfall:FleeingMerchant","floor":14,"turns":4},{"damage":8,"enemies":"3 Louse","floor":15,"turns":5},{"damage":4,"enemies":"WA_ARCHETYPE_RETAIN","floor":16,"turns":5},{"damage":24,"enemies":"Shell Parasite","floor":19,"turns":5},{"damage":3,"enemies":"downfall:FleeingMerchant","floor":21,"turns":4},{"damage":14,"enemies":"Chosen","floor":22,"turns":5},{"damage":19,"enemies":"Gremlin Leader","floor":25,"turns":9},{"damage":22,"enemies":"Snake Plant","floor":26,"turns":3},{"damage":19,"enemies":"Snecko","floor":28,"turns":5},{"damage":54,"enemies":"Book of Stabbing","floor":30,"turns":7},{"damage":26,"enemies":"Shelled Parasite and Fungi","floor":31,"turns":5},{"damage":34,"enemies":"Sentry and Sphere","floor":32,"turns":7},{"damage":36,"enemies":"IC_MUSHROOM_ARCHETYPE","floor":33,"turns":7},{"damage":50,"enemies":"3 Darklings","floor":36,"turns":7},{"damage":20,"enemies":"3 Shapes","floor":38,"turns":5},{"damage":107,"enemies":"Transient","floor":39,"turns":5},{"damage":80,"enemies":"Giant Head","floor":43,"turns":8},{"damage":45,"enemies":"Writhing Mass","floor":44,"turns":7},{"damage":20,"enemies":"downfall:FleeingMerchant","floor":47,"turns":4},{"damage":13,"enemies":"Spire Growth","floor":49,"turns":5},{"damage":51,"enemies":"SI_POISON_ARCHETYPE","floor":50,"turns":8}],"seed_played":"-227392448496719496","potions_obtained":[{"floor":3,"key":"Swift Potion"},{"floor":11,"key":"FearPotion"},{"floor":15,"key":"Weak Potion"},{"floor":19,"key":"LiquidMemories"},{"floor":22,"key":"Energy Potion"},{"floor":26,"key":"Fire Potion"},{"floor":30,"key":"Fire Potion"},{"floor":33,"key":"hexamod:SoulburnPotion"},{"floor":38,"key":"FearPotion"},{"floor":44,"key":"Fire Potion"}],"is_trial":false,"path_per_floor":["R","M","M","M","M","E","T","R","?","?","E","?","?","$","M","B",null,"R","M","?","$","M","?","T","E","M","R","M","R","E","M","M","B",null,"R","M","?","M","M","?","T","?","E","M","R","?","$","?","M","B",null],"character_chosen":"SLIMEBOUND","items_purchased":["Sadistic Nature","Slimebound:Gluttony","Membership Card","Slimebound:AcidTongue","hexamod:BolsterEngine","sneckomod:MuddlingPotion","expansioncontent:AwakenDeath","Slimebound:SlimyTonguePotion","Mercury Hourglass","Boot"],"campfire_rested":3,"item_purchase_floors":[14,14,21,21,47,47,47,48,48,48],"current_hp_per_floor":[65,52,56,60,58,31,31,50,50,50,33,33,54,56,52,65,65,65,49,49,54,48,48,62,53,49,49,46,69,37,31,19,30,79,79,47,47,47,66,89,89,89,46,40,67,69,57,57,54,65],"gold":16,"neow_bonus":"ONE_RANDOM_RARE_CARD","is_daily":false,"chose_seed":false,"campfire_upgraded":4,"win_rate":0.0,"timestamp":1614287390,"path_taken":["R","M","M","M","M","E","T","R","?","?","E","?","?","$","M","BOSS","R","M","?","$","M","?","T","E","M","R","M","R","E","M","M","BOSS","R","M","?","M","M","?","T","?","E","M","R","?","$","?","M","BOSS"],"items_purchased_type":["Card","Card","Relic","Card","Relic","Potion","Card","Potion","Relic","Relic"],"build_version":"2020-12-22","purchased_purges":1,"victory":true,"max_hp_per_floor":[65,65,65,65,65,65,65,65,65,65,65,65,65,65,65,65,65,65,65,65,65,65,65,79,79,79,79,79,79,79,79,79,79,79,79,79,79,79,79,89,89,89,91,93,93,95,97,97,97,97],"relic_stats":{"Blood Vial":30,"Lizard Tail":39,"Busted Crown":16,"Singing Bowl":8,"counters":[27,147],"Sundial":[12],"Pantograph":63,"Boot":[0],"obtain_stats":[{"Singing Bowl":43,"Mango":24,"Omamori":25,"Boot":48,"Akabeko":30,"Mercury Hourglass":48,"Calling Bell":17,"Blood Vial":17,"Lizard Tail":17,"Busted Crown":34,"Sundial":11,"Pantograph":7,"Molten Egg 2":17,"Slimebound:AbsorbEndCombat":0,"Membership Card":21,"hexamod:BolsterEngine":47,"InkBottle":41,"Meat on the Bone":6},{"Singing Bowl":23,"Mango":12,"Omamori":13,"Boot":25,"Akabeko":16,"Mercury Hourglass":25,"Calling Bell":9,"Blood Vial":9,"Lizard Tail":9,"Busted Crown":19,"Sundial":6,"Pantograph":5,"Molten Egg 2":9,"Slimebound:AbsorbEndCombat":0,"Membership Card":11,"hexamod:BolsterEngine":25,"InkBottle":22,"Meat on the Bone":5},{"Singing Bowl":123,"Mango":55,"Omamori":64,"Boot":134,"Akabeko":79,"Mercury Hourglass":134,"Calling Bell":41,"Blood Vial":41,"Lizard Tail":41,"Busted Crown":98,"Sundial":28,"Pantograph":18,"Molten Egg 2":41,"Slimebound:AbsorbEndCombat":0,"Membership Card":50,"hexamod:BolsterEngine":134,"InkBottle":115,"Meat on the Bone":18}],"InkBottle":[14],"Meat on the Bone":144,"Mercury Hourglass":[24]},"card_choices":[{"not_picked":["Slimebound:GoopTackle","Slimebound:SlimeSpikes"],"picked":"Slimebound:Prepare","floor":2},{"not_picked":["Slimebound:HauntingLick","Slimebound:LeechEnergy"],"picked":"Slimebound:LivingWall","floor":3},{"not_picked":["Slimebound:ForwardTackle","Slimebound:ComboTackle"],"picked":"Slimebound:LeadByExample","floor":4},{"not_picked":["Slimebound:SlimeBrawl","Slimebound:DisruptingSlam"],"picked":"Slimebound:PrepareCrush","floor":5},{"not_picked":["Slimebound:ForwardTackle","Slimebound:SplitSpecialist"],"picked":"Slimebound:GrowthPunch","floor":6},{"not_picked":["Slimebound:HungryTackle","Slimebound:FinishingTackle","Slimebound:SplitLeeching"],"picked":"SKIP","floor":11},{"not_picked":["Slimebound:MassFeed","Slimebound:SplitBruiser"],"picked":"Slimebound:LeechEnergy","floor":14},{"not_picked":["Slimebound:LivingWall","Slimebound:SamplingLick"],"picked":"Slimebound:LeechEnergy","floor":15},{"not_picked":["Slimebound:RallyTheTroops","Slimebound:MassRepurpose"],"picked":"Slimebound:PrepareCrush","floor":16},{"not_picked":["Slimebound:FlameTackle+1","Slimebound:RollThrough+1"],"picked":"Slimebound:GoopSpray","floor":19},{"not_picked":["Slimebound:MegaLick+1","Slimebound:LevelUp+1"],"picked":"Slimebound:ViciousTackle+1","floor":21},{"not_picked":["Slimebound:SplitLeeching","Slimebound:PressTheAttack+1","Slimebound:LivingWall"],"picked":"SKIP","floor":22},{"not_picked":["Slimebound:MassRepurpose","Slimebound:BestDefense","Slimebound:GoopTackle+1"],"picked":"SKIP","floor":25},{"not_picked":["Slimebound:SplitSpecialist","Slimebound:SplitBruiser","Slimebound:ComboTackle+1"],"picked":"SKIP","floor":26},{"not_picked":["Slimebound:SlimeSpikes","Slimebound:GoopTackle+1","Slimebound:SplitAcid"],"picked":"SKIP","floor":28},{"not_picked":["Slimebound:LivingWall","Slimebound:GrowthPunch+1"],"picked":"Slimebound:DuplicatedForm","floor":30},{"not_picked":["Slimebound:FinishingTackle+1","Slimebound:Gluttony+1"],"picked":"Slimebound:Schlurp","floor":31},{"not_picked":["Slimebound:GoopTackle+1","Slimebound:HungryTackle+1","Slimebound:DisruptingSlam+1"],"picked":"SKIP","floor":32},{"not_picked":["Slimebound:DouseInSlime","Slimebound:OneTwoCombo+1"],"picked":"Slimebound:PrepareCrush","floor":33},{"not_picked":["Slimebound:Grow+1"],"picked":"SKIP","floor":36},{"not_picked":["Slimebound:SlimeSpikes+1"],"picked":"SKIP","floor":38},{"not_picked":["Slimebound:LivingWall+1"],"picked":"SKIP","floor":39},{"not_picked":["Slimebound:GrowthPunch+1"],"picked":"Singing Bowl","floor":43},{"not_picked":["Slimebound:ForwardTackle+1"],"picked":"Singing Bowl","floor":44},{"not_picked":["expansioncontent:GuardianWhirl","expansioncontent:Hexaburn","expansioncontent:YouAreMine"],"picked":"Singing Bowl","floor":46},{"not_picked":["Slimebound:SplitLeeching"],"picked":"Singing Bowl","floor":47},{"not_picked":[],"picked":"Slimebound:Prepare","floor":49}],"player_experience":1022926,"relics_obtained":[{"floor":6,"key":"Meat on the Bone"},{"floor":7,"key":"Pantograph"},{"floor":11,"key":"Sundial"},{"floor":17,"key":"Blood Vial"},{"floor":17,"key":"Molten Egg 2"},{"floor":17,"key":"Lizard Tail"},{"floor":24,"key":"Mango"},{"floor":25,"key":"Omamori"},{"floor":30,"key":"Akabeko"},{"floor":41,"key":"InkBottle"},{"floor":43,"key":"Singing Bowl"}],"event_choices":[{"cards_removed":["Slimebound:Strike_Slimebound"],"damage_healed":0,"gold_gain":0,"player_choice":"Card Removal","damage_taken":0,"max_hp_gain":0,"max_hp_loss":0,"event_name":"The Cleric","floor":12,"gold_loss":0},{"damage_healed":21,"gold_gain":0,"player_choice":"Banana","damage_taken":0,"max_hp_gain":0,"max_hp_loss":0,"event_name":"Big Fish","floor":13,"gold_loss":0},{"damage_healed":0,"gold_gain":0,"player_choice":"Ignored","damage_taken":0,"max_hp_gain":0,"max_hp_loss":0,"event_name":"Vampires","floor":20,"gold_loss":0},{"damage_healed":0,"gold_gain":0,"player_choice":"Ignored","damage_taken":0,"max_hp_gain":0,"max_hp_loss":0,"event_name":"Mysterious Sphere","floor":37,"gold_loss":0},{"cards_removed":["Slimebound:Tackle"],"damage_healed":0,"gold_gain":0,"player_choice":"Removed Attack","damage_taken":0,"max_hp_gain":0,"max_hp_loss":0,"event_name":"Falling","floor":42,"gold_loss":0}],"is_beta":false,"boss_relics":[{"not_picked":["Astrolabe","Coffee Dripper"],"picked":"Calling Bell"},{"not_picked":["Fusion Hammer","Slimebound:AbsorbEndCombatUpgraded"],"picked":"Busted Crown"}],"items_purged_floors":[47],"is_endless":false,"potions_floor_spawned":[3,11,15,16,19,22,26,30,33,38,44],"ascension_level":2}}