{"host":"03pi0pe4ecuih572","time":1614237254,"event":{"mods":["BaseMod","BetterRewards","Colored Powertips","Library of Ruina","Library of Ruina Extra","Marisa£®ÏF”Í°°ƒß¿Ì…≥£©","Minty Spire (QoL Compilation)","Rare Cards Sparkle","Reimu£®≤©¿ˆ¡È√Œ£©","Remilia£®¿Ÿ√◊¿Ú—«£©","StSLib"],"gold_per_floor":[113,113,113,113,113,144,174,202,229,229,229],"floor_reached":10,"language":"ZHS","playtime":593,"items_purged":[],"score":157,"play_id":"38036f9f-8e5c-4a83-99da-c0cc3bc1a333","local_time":"20210225151414","daily_mods":["Draft","Heirloom","Flight","Elite Swarm"],"is_ascension_mode":false,"campfire_choices":[],"circlet_count":0,"master_deck":["SturdyDefense","ScatteringSlash","Rewind+1","YoureTooSlow","DesperateStruggle","Leap_lor","QuickAttack","Duel_lor","ChiWen","ForTheFamily+1","PreemptiveStrike","SunsetBlade","TendonChords","SturdyDefense","StayCalm","FleetFootsteps+1","Observe","CleanUp","Cruelty"],"relics":["PageOfLibrarian","Turnip","Potion Belt","MealTicket","Darkstone Periapt","RuthlessExorcism:ReiMu","Bronze Scales"],"acts_visited":["Exordium"],"potions_floor_usage":[],"damage_taken":[{"damage":4,"enemies":"Cultist","floor":1,"turns":4},{"damage":14,"enemies":"Gremlin Nob","floor":6,"turns":4},{"damage":9,"enemies":"Lagavulin","floor":7,"turns":10},{"damage":21,"enemies":"Gremlin Nob","floor":8,"turns":6},{"damage":0,"enemies":"Lagavulin","floor":10,"turns":2}],"seed_played":"5916643681073375211","potions_obtained":[{"floor":7,"key":"Dexterity Potion"},{"floor":8,"key":"SteroidPotion"}],"is_trial":true,"path_per_floor":["M","?","?","?","?","E","E","E","T","E"],"character_chosen":"Librarian","items_purchased":[],"campfire_rested":0,"item_purchase_floors":[],"current_hp_per_floor":[56,53,53,37,37,26,23,5,5,8,8],"gold":229,"neow_bonus":"","is_daily":false,"chose_seed":false,"campfire_upgraded":0,"win_rate":0.0,"timestamp":1614237254,"path_taken":["M","?","?","?","?","E","E","E","T","E"],"items_purchased_type":[],"build_version":"2020-12-22","purchased_purges":0,"victory":false,"max_hp_per_floor":[79,79,79,79,79,71,77,77,77,77,77],"card_choices":[{"not_picked":["EnergyCycle","BackAttack"],"picked":"SturdyDefense","floor":0},{"not_picked":["RatsGuideToSurvival","SerpentSwordTechnique"],"picked":"ScatteringSlash","floor":0},{"not_picked":["DesperateStruggle","YouOnlyLiveOnce"],"picked":"Rewind","floor":0},{"not_picked":["SnakesPrey","BurningFlash"],"picked":"YoureTooSlow","floor":0},{"not_picked":["EnergyStrike","UpbeatPerformance"],"picked":"DesperateStruggle","floor":0},{"not_picked":["Crush","MultiBlock"],"picked":"Leap_lor","floor":0},{"not_picked":["StructuralAnalysis","YouOnlyLiveOnce"],"picked":"QuickAttack","floor":0},{"not_picked":["Wallop_lor","DarkCloud"],"picked":"Duel_lor","floor":0},{"not_picked":["SuppressingShot","SomberProcuration"],"picked":"ChiWen","floor":0},{"not_picked":["MultiBlock","SunsetBlade"],"picked":"ForTheFamily","floor":0},{"not_picked":["HiddenBlade","SmokingPipe"],"picked":"PreemptiveStrike","floor":0},{"not_picked":["HandleRequest","DarkCloud"],"picked":"SunsetBlade","floor":0},{"not_picked":["InnerArdor","Endure"],"picked":"TendonChords","floor":0},{"not_picked":["DestructiveImpact","HeavyPeaks"],"picked":"SturdyDefense","floor":0},{"not_picked":["PreemptiveStrike","DarkCloud"],"picked":"StayCalm","floor":0},{"not_picked":["PinpointShot","HighKick","Parry","YourShield","DefenseOrder","AutonomousRush","StrongStrike","GuidanceOfTheGears"],"picked":"FleetFootsteps","floor":1},{"not_picked":["BlazingStrike","Eradication","RipSpace","GutHarvesting","GroundSmash","Punishment","RagingStormLove","SilentNight"],"picked":"Observe","floor":6},{"not_picked":["ScratchThat","MirageStorm","Eradication","RipSpace","RepressedFlesh","Castigation","GutHarvesting","FlamingDragonFist"],"picked":"CleanUp","floor":7},{"not_picked":["ChargeUp","Castigation","BlazingStrike","LeRegole","Decapitation","TieShanKao","SenseQuarry","Transpierce"],"picked":"Cruelty","floor":8}],"player_experience":1142017,"relics_obtained":[{"floor":6,"key":"MealTicket"},{"floor":7,"key":"Darkstone Periapt"},{"floor":8,"key":"RuthlessExorcism:ReiMu"},{"floor":9,"key":"Bronze Scales"}],"event_choices":[{"damage_healed":0,"gold_gain":0,"player_choice":"Success","damage_taken":3,"relics_obtained":["Potion Belt"],"max_hp_gain":0,"max_hp_loss":0,"event_name":"Scrap Ooze","floor":2,"gold_loss":0},{"damage_healed":0,"gold_gain":0,"player_choice":"Entered Light","damage_taken":16,"max_hp_gain":0,"max_hp_loss":0,"event_name":"Shining Light","floor":4,"gold_loss":0,"cards_upgraded":["FleetFootsteps","Rewind"]},{"damage_healed":0,"gold_gain":0,"player_choice":"Grow","damage_taken":0,"max_hp_gain":0,"max_hp_loss":0,"event_name":"Living Wall","floor":5,"gold_loss":0,"cards_upgraded":["ForTheFamily"]}],"is_beta":false,"boss_relics":[],"items_purged_floors":[],"is_endless":true,"potions_floor_spawned":[7,8],"killed_by":"Lagavulin","ascension_level":0}}