{"host":"nz11ypxva4e39b7q","time":1614272376,"event":{"mods":["BaseMod","Better Third Choice","Better Vampires","Colored Map","Minty Spire (QoL Compilation)","Quick Restart","Shapeshifter Mod","StSLib"],"gold_per_floor":[115,134,149,169,169,240,84,109,178,178,205,205,219,232,232,303,303,323,343,51,101,114,114,114,143,222,222,247,263,263,278,278,356,356,371,81,81,93,110,143,143,169,169,169,169,182,207,232,232,232,232,232,127,155,155],"floor_reached":56,"language":"ENG","playtime":8464,"items_purged":["StSShapeShifter:ShapeShifter_Defend","StSShapeShifter:ShapeShifter_Defend","StSShapeShifter:Uproot_Redwood+1"],"score":2141,"play_id":"f6065cb8-1b3d-4971-89a7-dea070b467cf","local_time":"20210225175936","is_ascension_mode":true,"campfire_choices":[{"data":"StSShapeShifter:RockSlide","floor":10.0,"key":"SMITH"},{"data":"StSShapeShifter:BurstingSpore","floor":12.0,"key":"SMITH"},{"data":"StSShapeShifter:BaskInBloom","floor":15.0,"key":"SMITH"},{"data":"StSShapeShifter:RitualOfTheElders","floor":23.0,"key":"SMITH"},{"data":"StSShapeShifter:EntForm","floor":27.0,"key":"SMITH"},{"data":"StSShapeShifter:VineHandcuffs","floor":30.0,"key":"SMITH"},{"data":"StSShapeShifter:WolfForm","floor":32.0,"key":"SMITH"},{"data":"StSShapeShifter:OwlForm","floor":41.0,"key":"SMITH"},{"data":"StSShapeShifter:BurstingSpore","floor":44.0,"key":"SMITH"},{"floor":49.0,"key":"RECALL"},{"data":"StSShapeShifter:Forgiveness","floor":52.0,"key":"SMITH"}],"circlet_count":0,"master_deck":["AscendersBane","StSShapeShifter:ShapeShifter_Strike","StSShapeShifter:ShapeShifter_Strike","StSShapeShifter:ShapeShifter_Strike","StSShapeShifter:ShapeShifter_Strike+1","StSShapeShifter:ShapeShifter_Defend","StSShapeShifter:ShapeShifter_Defend","StSShapeShifter:EntForm+1","StSShapeShifter:Consume","StSShapeShifter:WolfForm+1","StSShapeShifter:RockSlide+1","StSShapeShifter:BurstingSpore+1","StSShapeShifter:BaskInBloom+1","StSShapeShifter:BarkSkin","StSShapeShifter:BarkSkin","StSShapeShifter:Forgiveness+1","StSShapeShifter:RestoreBalance+1","StSShapeShifter:EntForm+1","StSShapeShifter:BurstingSpore+1","StSShapeShifter:RitualOfTheElders+1","StSShapeShifter:VineHandcuffs+1","StSShapeShifter:Autumn","StSShapeShifter:BurstingSpore+1","StSShapeShifter:OwlForm+1","StSShapeShifter:Ensconce"],"relics":["StSShapeShifter:AnimalHeart","StSShapeShifter:TheShapeShiftersMagnolia","Prayer Wheel","Juzu Bracelet","Unceasing Top","White Beast Statue","Lantern","Astrolabe","StSShapeShifter:AlchemistsNecklace","HornCleat","Bottled Flame","Whetstone","Black Star","Bag of Preparation","Sundial","StSShapeShifter:Fertilizer","Darkstone Periapt","Dream Catcher","Calipers","Regal Pillow","Mummified Hand","Gambling Chip","StSShapeShifter:BeastkeepersGift"],"acts_visited":["Exordium","TheCity","TheBeyond","TheEnding"],"potions_floor_usage":[55,55,55,55],"damage_taken":[{"damage":0.0,"enemies":"Cultist","floor":1.0,"turns":4.0},{"damage":0.0,"enemies":"2 Louse","floor":2.0,"turns":3.0},{"damage":0.0,"enemies":"Jaw Worm","floor":3.0,"turns":3.0},{"damage":17.0,"enemies":"Blue Slaver","floor":4.0,"turns":8.0},{"damage":33.0,"enemies":"3 Sentries","floor":6.0,"turns":10.0},{"damage":31.0,"enemies":"Lagavulin","floor":8.0,"turns":11.0},{"damage":37.0,"enemies":"3 Sentries","floor":11.0,"turns":8.0},{"damage":0.0,"enemies":"Lots of Slimes","floor":13.0,"turns":3.0},{"damage":8.0,"enemies":"Looter","floor":14.0,"turns":4.0},{"damage":42.0,"enemies":"Hexaghost","floor":16.0,"turns":11.0},{"damage":35.0,"enemies":"Shell Parasite","floor":18.0,"turns":9.0},{"damage":17.0,"enemies":"Chosen","floor":19.0,"turns":4.0},{"damage":89.0,"enemies":"Snecko","floor":22.0,"turns":14.0},{"damage":49.0,"enemies":"Book of Stabbing","floor":25.0,"turns":7.0},{"damage":78.0,"enemies":"Gremlin Leader","floor":28.0,"turns":10.0},{"damage":64.0,"enemies":"Sentry and Sphere","floor":29.0,"turns":10.0},{"damage":31.0,"enemies":"Snake Plant","floor":31.0,"turns":9.0},{"damage":44.0,"enemies":"Champ","floor":33.0,"turns":13.0},{"damage":51.0,"enemies":"Orb Walker","floor":35.0,"turns":7.0},{"damage":94.0,"enemies":"3 Darklings","floor":38.0,"turns":9.0},{"damage":47.0,"enemies":"Maw","floor":39.0,"turns":12.0},{"damage":85.0,"enemies":"Nemesis","floor":40.0,"turns":10.0},{"damage":26.0,"enemies":"Reptomancer","floor":42.0,"turns":6.0},{"damage":52.0,"enemies":"4 Shapes","floor":46.0,"turns":12.0},{"damage":13.0,"enemies":"Mind Bloom Boss Battle","floor":47.0,"turns":9.0},{"damage":3.0,"enemies":"Nemesis","floor":48.0,"turns":9.0},{"damage":76.0,"enemies":"Time Eater","floor":50.0,"turns":10.0},{"damage":163,"enemies":"Shield and Spear","floor":54,"turns":10},{"damage":140,"enemies":"The Heart","floor":55,"turns":9}],"seed_played":"-8388862972353543727","potions_obtained":[{"floor":1.0,"key":"ColorlessPotion"},{"floor":2.0,"key":"Fire Potion"},{"floor":3.0,"key":"Explosive Potion"},{"floor":11.0,"key":"StSShapeShifter:PolyBeastPotion"},{"floor":13.0,"key":"AttackPotion"},{"floor":16.0,"key":"Weak Potion"},{"floor":19.0,"key":"Dexterity Potion"},{"floor":22.0,"key":"SkillPotion"},{"floor":25.0,"key":"FairyPotion"},{"floor":28.0,"key":"Explosive Potion"},{"floor":29.0,"key":"PowerPotion"},{"floor":31.0,"key":"SkillPotion"},{"floor":35.0,"key":"Regen Potion"},{"floor":38.0,"key":"DuplicationPotion"},{"floor":39.0,"key":"BlessingOfTheForge"},{"floor":40.0,"key":"LiquidMemories"},{"floor":42.0,"key":"LiquidBronze"},{"floor":46.0,"key":"LiquidBronze"},{"floor":47.0,"key":"SkillPotion"},{"floor":48.0,"key":"BlessingOfTheForge"}],"is_trial":false,"path_per_floor":["M","M","M","M","?","E","$","E","T","R","E","R","M","M","R","B",null,"M","M","$","?","M","R","?","E","T","R","E","M","R","M","R","B",null,"M","$","?","M","M","E","R","E","T","R","?","M","?","E","R","B",null,"R","$","E","B",null],"character_chosen":"SHAPESHIFTER","items_purchased":["StSShapeShifter:BaskInBloom","StSShapeShifter:AlchemistsNecklace","StSShapeShifter:BurstingSpore","Bag of Preparation","EntropicBrew"],"campfire_rested":0,"item_purchase_floors":[7,20,20,36,53],"current_hp_per_floor":[48,55,63,73,73,67,67,63,63,63,58,58,62,70,70,66,71,73,62,62,62,48,48,48,61,61,61,79,82,82,85,85,88,88,85,85,85,94,97,103,103,106,106,106,106,96,112,115,115,118,118,118,118,113,124],"gold":155,"neow_bonus":"ONE_RARE_RELIC","is_daily":false,"chose_seed":false,"campfire_upgraded":10,"win_rate":0.0,"timestamp":1614272376,"path_taken":["M","M","M","?","?","E","$","E","T","R","E","R","M","M","R","BOSS","M","M","$","?","M","R","?","E","T","R","E","M","R","M","R","BOSS","M","$","?","M","M","E","R","E","T","R","?","M","?","E","R","BOSS","R","$","E","BOSS"],"items_purchased_type":["Card","Relic","Card","Relic","Potion"],"build_version":"2020-12-22","purchased_purges":3,"victory":true,"max_hp_per_floor":[73,73,73,73,73,73,73,73,73,73,73,73,73,73,73,73,73,73,73,73,73,73,73,73,76,76,76,79,82,82,85,85,88,88,91,91,91,94,97,103,103,106,106,106,106,109,112,115,115,118,118,118,118,121,124],"card_choices":[{"not_picked":["StSShapeShifter:Hunt","StSShapeShifter:RockSlide"],"picked":"StSShapeShifter:EntForm","floor":1.0},{"not_picked":["StSShapeShifter:DeerForm","StSShapeShifter:WiltingWrath"],"picked":"StSShapeShifter:Consume","floor":1.0},{"not_picked":["StSShapeShifter:Rest","StSShapeShifter:MultiSpiritedStrike"],"picked":"StSShapeShifter:WolfForm","floor":2.0},{"not_picked":["StSShapeShifter:FlowerShield","StSShapeShifter:Roar","StSShapeShifter:ForestFire"],"picked":"SKIP","floor":2.0},{"not_picked":["StSShapeShifter:FallingLeaves","StSShapeShifter:Mystical_Branch"],"picked":"StSShapeShifter:RockSlide","floor":3.0},{"not_picked":["StSShapeShifter:Rest","StSShapeShifter:BloomingSlash","StSShapeShifter:MammothForm"],"picked":"SKIP","floor":3.0},{"not_picked":["StSShapeShifter:BarkSkin","StSShapeShifter:OakBlade"],"picked":"StSShapeShifter:BurstingSpore","floor":4.0},{"not_picked":["StSShapeShifter:Wildfire2","StSShapeShifter:BloomingSlash","StSShapeShifter:ThornToss"],"picked":"SKIP","floor":4.0},{"not_picked":["StSShapeShifter:SunflowerShuriken","StSShapeShifter:WolfForm","StSShapeShifter:DragonForm"],"picked":"SKIP","floor":6.0},{"not_picked":["StSShapeShifter:SunflowerShuriken","StSShapeShifter:WolfForm","StSShapeShifter:DragonForm"],"picked":"SKIP","floor":6.0},{"not_picked":["StSShapeShifter:MonkeyForm","StSShapeShifter:FlowerShield","StSShapeShifter:Evolution"],"picked":"SKIP","floor":8.0},{"not_picked":["StSShapeShifter:WaspSwarmForm","StSShapeShifter:VileMushroom","StSShapeShifter:Wildfire2"],"picked":"SKIP","floor":11.0},{"not_picked":["StSShapeShifter:WolfForm","StSShapeShifter:BloomingSlash"],"picked":"StSShapeShifter:BarkSkin","floor":13.0},{"not_picked":["StSShapeShifter:RatForm","StSShapeShifter:MonkeyForm","StSShapeShifter:BloomingSlash"],"picked":"SKIP","floor":13.0},{"not_picked":["StSShapeShifter:RatForm","StSShapeShifter:MonkeyForm","StSShapeShifter:BloomingSlash"],"picked":"SKIP","floor":13.0},{"not_picked":["StSShapeShifter:Maul","StSShapeShifter:CursedApple"],"picked":"StSShapeShifter:BarkSkin","floor":14.0},{"not_picked":["StSShapeShifter:FallingLeaves","StSShapeShifter:PoisonIvy","StSShapeShifter:Roar"],"picked":"SKIP","floor":14.0},{"not_picked":["StSShapeShifter:HydraForm","StSShapeShifter:RestoreBalance"],"picked":"StSShapeShifter:Forgiveness","floor":16.0},{"not_picked":["StSShapeShifter:ShiftingStrike","StSShapeShifter:BloomingSlash","StSShapeShifter:SpiritOfTheEarth"],"picked":"SKIP","floor":18.0},{"not_picked":["StSShapeShifter:PorcupineForm","StSShapeShifter:BarkSkin","StSShapeShifter:FallingLeaves"],"picked":"SKIP","floor":18.0},{"not_picked":["StSShapeShifter:BloomingSlash","StSShapeShifter:ShiftingStrike","StSShapeShifter:BarkSkin"],"picked":"SKIP","floor":19.0},{"not_picked":["StSShapeShifter:FesteringBite","StSShapeShifter:BladeOfGrass","StSShapeShifter:ShiftingStrike"],"picked":"SKIP","floor":19.0},{"not_picked":["StSShapeShifter:EmbraceTheCycle","StSShapeShifter:BloomingSlash","StSShapeShifter:MultiSpiritedStrike"],"picked":"SKIP","floor":22.0},{"not_picked":["StSShapeShifter:RitualOfTheElders","StSShapeShifter:PoisonIvy","StSShapeShifter:OakBlade"],"picked":"SKIP","floor":22.0},{"not_picked":["StSShapeShifter:PoisonIvy","StSShapeShifter:OakBlade"],"picked":"StSShapeShifter:RitualOfTheElders","floor":22.0},{"not_picked":["StSShapeShifter:EmbraceTheCycle","StSShapeShifter:BloomingSlash","StSShapeShifter:MultiSpiritedStrike"],"picked":"SKIP","floor":22.0},{"not_picked":["StSShapeShifter:EmbraceTheCycle","StSShapeShifter:BloomingSlash","StSShapeShifter:MultiSpiritedStrike"],"picked":"SKIP","floor":22.0},{"not_picked":["StSShapeShifter:FruitBasket","StSShapeShifter:BearForm+1","StSShapeShifter:HummingbirdForm"],"picked":"SKIP","floor":25.0},{"not_picked":["StSShapeShifter:Flourish+1","StSShapeShifter:PhoenixForm","StSShapeShifter:Wildfire2"],"picked":"SKIP","floor":28.0},{"not_picked":["StSShapeShifter:FallingLeaves","StSShapeShifter:BladeOfGrass"],"picked":"StSShapeShifter:VineHandcuffs","floor":29.0},{"not_picked":["StSShapeShifter:ThornToss","StSShapeShifter:PoisonIvy","StSShapeShifter:EagleForm"],"picked":"SKIP","floor":29.0},{"not_picked":["StSShapeShifter:BarkSkin","StSShapeShifter:HippoForm","StSShapeShifter:IntimidatingAura"],"picked":"SKIP","floor":31.0},{"not_picked":["StSShapeShifter:BladeOfGrass","StSShapeShifter:OwlForm","StSShapeShifter:WaspSwarmForm"],"picked":"SKIP","floor":31.0},{"not_picked":["StSShapeShifter:RhinoCalfForm","StSShapeShifter:PhoenixForm"],"picked":"StSShapeShifter:Autumn","floor":33.0},{"not_picked":["StSShapeShifter:SunflowerShuriken","StSShapeShifter:VineHandcuffs","StSShapeShifter:FlowerShield"],"picked":"SKIP","floor":35.0},{"not_picked":["StSShapeShifter:Maul","StSShapeShifter:HippoForm","StSShapeShifter:FesteringBite"],"picked":"SKIP","floor":35.0},{"not_picked":["StSShapeShifter:FesteringBite+1","StSShapeShifter:Maul","StSShapeShifter:SunflowerShuriken"],"picked":"SKIP","floor":38.0},{"not_picked":["StSShapeShifter:Roar","StSShapeShifter:Maul+1","StSShapeShifter:OakBlade"],"picked":"SKIP","floor":38.0},{"not_picked":["StSShapeShifter:OpportuneSwoop","StSShapeShifter:PorcupineForm"],"picked":"StSShapeShifter:BurstingSpore","floor":39.0},{"not_picked":["StSShapeShifter:BloomingSlash","StSShapeShifter:DiverseSpirit","StSShapeShifter:BladeOfGrass+1"],"picked":"SKIP","floor":39.0},{"not_picked":["StSShapeShifter:DragonForm","StSShapeShifter:MonkeyForm"],"picked":"StSShapeShifter:OwlForm","floor":40.0},{"not_picked":["StSShapeShifter:PorcupineForm","StSShapeShifter:ShiftingStrike+1","StSShapeShifter:VineHandcuffs"],"picked":"SKIP","floor":42.0},{"not_picked":["StSShapeShifter:BarkSkin+1","StSShapeShifter:BurrBomb","StSShapeShifter:FesteringBite"],"picked":"SKIP","floor":46.0},{"not_picked":["StSShapeShifter:BearForm+1","StSShapeShifter:Evolution","StSShapeShifter:ClimbTree"],"picked":"SKIP","floor":46.0},{"not_picked":["StSShapeShifter:SunflowerShuriken","StSShapeShifter:OpportuneSwoop","StSShapeShifter:BloomingSlash"],"picked":"SKIP","floor":48.0},{"not_picked":["StSShapeShifter:BearForm","StSShapeShifter:EmbraceTheCycle"],"picked":"StSShapeShifter:Ensconce","floor":54}],"player_experience":1117230,"relics_obtained":[{"floor":6.0,"key":"Juzu Bracelet"},{"floor":8.0,"key":"Unceasing Top"},{"floor":9.0,"key":"White Beast Statue"},{"floor":11.0,"key":"Lantern"},{"floor":25.0,"key":"HornCleat"},{"floor":26.0,"key":"Bottled Flame"},{"floor":28.0,"key":"Whetstone"},{"floor":40.0,"key":"Sundial"},{"floor":40.0,"key":"StSShapeShifter:Fertilizer"},{"floor":42.0,"key":"Darkstone Periapt"},{"floor":42.0,"key":"Dream Catcher"},{"floor":47.0,"key":"Calipers"},{"floor":48.0,"key":"Regal Pillow"},{"floor":48.0,"key":"Mummified Hand"},{"floor":54,"key":"Gambling Chip"},{"floor":54,"key":"StSShapeShifter:BeastkeepersGift"}],"event_choices":[{"damage_healed":0.0,"max_hp_gain":0.0,"max_hp_loss":0.0,"gold_gain":50.0,"event_name":"Golden Shrine","player_choice":"Pray","floor":21.0,"gold_loss":0.0,"damage_taken":0.0},{"damage_healed":0.0,"max_hp_gain":0.0,"max_hp_loss":0.0,"gold_gain":0.0,"event_name":"The Mausoleum","player_choice":"Ignored","floor":24.0,"gold_loss":0.0,"damage_taken":0.0},{"damage_healed":0.0,"max_hp_gain":0.0,"max_hp_loss":0.0,"gold_gain":0.0,"event_name":"Mysterious Sphere","player_choice":"Ignored","floor":37.0,"gold_loss":0.0,"damage_taken":0.0},{"damage_healed":0.0,"max_hp_gain":0.0,"max_hp_loss":0.0,"gold_gain":0.0,"event_name":"Match and Keep!","player_choice":"0 cards matched","floor":45.0,"gold_loss":0.0,"damage_taken":0.0,"cards_obtained":[]},{"damage_healed":0.0,"max_hp_gain":0.0,"max_hp_loss":0.0,"gold_gain":0.0,"event_name":"MindBloom","player_choice":"Fight","floor":47.0,"gold_loss":0.0,"damage_taken":0.0}],"is_beta":false,"boss_relics":[{"not_picked":["Busted Crown","Empty Cage"],"picked":"Astrolabe"},{"not_picked":["SacredBark","Cursed Key"],"picked":"Black Star"}],"items_purged_floors":[7,20,36],"is_endless":false,"potions_floor_spawned":[1,2,3,11,13,14,16,18,19,22,25,28,29,31,33,35,38,39,40,42,46,47,48,54],"ascension_level":17}}