{"host":"o70jlri6sl1lb4ns","time":1614230381,"event":{"mods":["(人物)100% Spire Juice","(人物)Astrologer","(人物)Chen/陈","(人物)KinomotoSakura/木之本樱","(人物)Marisa/F雨魔理沙","(人物)Reimu/博丽灵梦","(人物)The Bug Knight/空洞骑士","(人物)The Hierophant/圣职者","(人物)The Immortal/藤原妹红","(人物)The Servant/D夜","(人物)WarShipGirlsR/战舰少女R","(人物)Youmu/魂魄妖梦","(人物)Yuyuko/幽幽子","(前置)Act Like it!","(前置)CapriCore","(前置)StSLib","(功能)Colored Map/彩色地图","(功能)Curses Come First/诅咒卡牌显示","(功能)Energized Spire/能量尖塔","(功能)Highlight Path/选择路径","(功能)REMEMod/遗物卡牌","(功能)RumiaBox-露米娅的神秘盒子","(功能)Spicy Shops/更好的商店","(功能)Waifu the Spire/萌化","(大型)LobotomyExtend/脑叶拓展","(大型)Replay The Spire/重游尖塔","(辅助)Colored Powertips/buff提示","(辅助)Quick Restart/便捷重启","ATMod(阿瑾Mod)","BaseMod","Lobotomy","Minty Spire (QoL Compilation)","Reliquary","The Marked","Yakumo Yukari mod","【功能Mod】混沌之环修复补丁"],"gold_per_floor":[111,131,131,45,65,91,108,108,135,135,167,195,195,195,195,195,195],"floor_reached":16,"language":"ZHS","playtime":1478,"items_purged":[],"score":102,"play_id":"eb160452-96f8-4b25-818d-2aba218fbde9","local_time":"20210225131941","is_ascension_mode":false,"campfire_choices":[{"data":"IllusionStar","floor":8.0,"key":"SMITH"}],"circlet_count":0,"master_deck":["Strike_MRS","Strike_MRS","Strike_MRS","Strike_MRS","Defend_MRS","Defend_MRS","Defend_MRS","Defend_MRS","MasterSpark","UpSweep","AT_FamilyPortrait","MeatLantern","AlicesGift","Porccubus","GrandCross","MilkyWay","6A+1","SprinkleStarSeal","VoidDream","IllusionStar+1","BeautyBeast","WitchOfGreed","OortCloud+1","GasGiant+1","DC","Bloodbath"],"relics":["MiniHakkero","AT_ATBox","REME_ComplimentaryCards","CogitoBucket","Baka","LetterFromLob","Ring of Fury","ReplayTheSpireMod:Ring of Exchange","Replay:Mystery Machine","Replay:Baseball","ResearcherNote","AT_MibuBalloonWealth"],"acts_visited":["Exordium"],"potions_floor_usage":[12],"damage_taken":[{"damage":0.0,"enemies":"Cultist","floor":1.0,"turns":3.0},{"damage":0.0,"enemies":"Jaw Worm","floor":2.0,"turns":3.0},{"damage":1.0,"enemies":"2 Louse","floor":5.0,"turns":2.0},{"damage":8.0,"enemies":"Lagavulin","floor":6.0,"turns":4.0},{"damage":1.0,"enemies":"Looter","floor":7.0,"turns":3.0},{"damage":15,"enemies":"3 Louse","floor":11,"turns":5},{"damage":0,"enemies":"2 Fungi Beasts","floor":12,"turns":4},{"damage":50,"enemies":"Hexaghost","floor":16,"turns":1}],"seed_played":"6803199593874178204","potions_obtained":[{"floor":6.0,"key":"SpeedPotion"},{"floor":7.0,"key":"Venom Potion"},{"floor":11,"key":"AttackPotion"},{"floor":11,"key":"SkillPotion"},{"floor":12,"key":"Adrenaline Potion"}],"is_trial":false,"path_per_floor":["M","M","?","$","M","E","M","R","T","?","M","M","?","?","R_BF","B"],"character_chosen":"MARISA","items_purchased":["DeepEcoloBomb","MilkyWay"],"campfire_rested":0,"item_purchase_floors":[4,4],"current_hp_per_floor":[75,75,75,75,59,51,50,50,50,50,35,35,35,35,28,0,0],"gold":195,"neow_bonus":"","is_daily":false,"chose_seed":false,"campfire_upgraded":1,"win_rate":0.0,"timestamp":1614230381,"path_taken":["M","?","?","$","M","E","M","R","T","?","M","M","?","?","R_BF","BOSS"],"items_purchased_type":["Card","Card"],"build_version":"2020-12-22","purchased_purges":0,"victory":false,"max_hp_per_floor":[75,75,75,75,83,83,83,83,83,83,83,83,83,83,83,83,83],"card_choices":[{"not_picked":["Bloodbath","NakedNest"],"picked":"MeatLantern","floor":1.0},{"not_picked":["UnstableBomb","6A"],"picked":"AlicesGift","floor":1.0},{"not_picked":["FairyFestival","PunishingBird"],"picked":"Porccubus","floor":2.0},{"not_picked":["DoubleSpark","UnstableBomb"],"picked":"GrandCross","floor":2.0},{"not_picked":["IllusionStar","MachineGunSpark"],"picked":"SprinkleStarSeal","floor":5.0},{"not_picked":["Wellcheers","Yin"],"picked":"VoidDream","floor":5.0},{"not_picked":["MilkyWay","EarthLightRay"],"picked":"IllusionStar","floor":6.0},{"not_picked":["MHz","Wellcheers"],"picked":"BeautyBeast","floor":6.0},{"not_picked":["OortCloud","SporeBomb"],"picked":"WitchOfGreed","floor":7.0},{"not_picked":["ShootTheMoon","WitchOfGreed"],"picked":"GasGiant","floor":11},{"not_picked":["NonDirectionalLaser","UnstableBomb"],"picked":"DC","floor":12},{"not_picked":["Mercenary","Alriune"],"picked":"Bloodbath","floor":12}],"player_experience":34738,"relics_obtained":[{"floor":1.0,"key":"Baka"},{"floor":1.0,"key":"LetterFromLob"},{"floor":3.0,"key":"Ring of Fury"},{"floor":3.0,"key":"ReplayTheSpireMod:Ring of Exchange"},{"floor":6.0,"key":"Replay:Mystery Machine"},{"floor":9.0,"key":"Replay:Baseball"}],"event_choices":[{"damage_healed":0,"gold_gain":0,"player_choice":"Ignored","damage_taken":0,"max_hp_gain":0,"max_hp_loss":0,"event_name":"Liars Game","floor":13,"gold_loss":0},{"damage_healed":0,"gold_gain":0,"player_choice":"Success","damage_taken":7,"relics_obtained":["AT_MibuBalloonWealth"],"max_hp_gain":0,"max_hp_loss":0,"event_name":"Scrap Ooze","floor":15,"gold_loss":0}],"is_beta":false,"boss_relics":[],"items_purged_floors":[],"is_endless":false,"potions_floor_spawned":[6,7,11],"killed_by":"Hexaghost","ascension_level":0}}