{"host":"bikm2o78umlg9iwk","time":1614252750,"event":{"mods":["AchievementEnabler","BaseMod","Colored Map","Colored Powertips","Googly Eyes","Highlight Path","Minty Spire (QoL Compilation)","Quick Restart","Relic Stats"],"gold_per_floor":[114,189,208,208,222,222,233,262,311,311,37,55,74,93,93,93,93],"floor_reached":16,"language":"ENG","playtime":1082,"items_purged":["Strike_G"],"score":208,"play_id":"c0b9e23e-ce47-44df-abe8-0647db867010","local_time":"20210225123230","is_ascension_mode":true,"campfire_choices":[{"floor":6.0,"key":"REST"},{"floor":10.0,"key":"REST"},{"data":"Poisoned Stab","floor":15.0,"key":"SMITH"}],"circlet_count":0,"master_deck":["AscendersBane","Strike_G","Strike_G","Strike_G","Defend_G","Defend_G","Defend_G","Defend_G","Defend_G","Survivor","Neutralize","Burst","Quick Slash","Poisoned Stab+1","Poisoned Stab","PiercingWail","Prepared","Escape Plan","Wraith Form v2"],"relics":["Ring of the Snake","HornCleat","Art of War"],"acts_visited":["Exordium"],"potions_floor_usage":[16],"damage_taken":[{"damage":0.0,"enemies":"Small Slimes","floor":1.0,"turns":7.0},{"damage":12.0,"enemies":"Jaw Worm","floor":3.0,"turns":4.0},{"damage":1.0,"enemies":"Cultist","floor":5.0,"turns":3.0},{"damage":10.0,"enemies":"Red Slaver","floor":7.0,"turns":6.0},{"damage":36.0,"enemies":"3 Sentries","floor":8.0,"turns":12.0},{"damage":12.0,"enemies":"Exordium Thugs","floor":12.0,"turns":6.0},{"damage":0.0,"enemies":"Exordium Wildlife","floor":13.0,"turns":6.0},{"damage":0.0,"enemies":"Blue Slaver","floor":14.0,"turns":6.0},{"damage":36,"enemies":"Hexaghost","floor":16,"turns":14}],"seed_played":"4886288903374410298","potions_obtained":[{"floor":1.0,"key":"Ancient Potion"},{"floor":5.0,"key":"Swift Potion"},{"floor":12.0,"key":"FairyPotion"}],"is_trial":false,"path_per_floor":["M","?","M","?","M","R","M","E","T","R","$","M","M","M","R","B"],"character_chosen":"THE_SILENT","items_purchased":["GhostInAJar","Regen Potion"],"campfire_rested":2,"item_purchase_floors":[11,11],"current_hp_per_floor":[59,48,36,29,28,47,37,1,1,20,20,23,23,23,23,6,6],"gold":93,"neow_bonus":"ONE_RANDOM_RARE_CARD","is_daily":false,"chose_seed":false,"campfire_upgraded":1,"win_rate":0.0,"timestamp":1614252750,"path_taken":["M","?","M","?","M","R","?","E","T","R","?","?","M","M","R","BOSS"],"items_purchased_type":["Potion","Potion"],"build_version":"2020-12-22","purchased_purges":1,"victory":false,"max_hp_per_floor":[66,66,66,66,66,66,66,66,66,66,66,66,66,66,66,66,66],"relic_stats":{"counters":[9,64],"Art of War":[5],"obtain_stats":[{"HornCleat":8,"Art of War":9,"Ring of the Snake":0},{"HornCleat":5,"Art of War":5,"Ring of the Snake":0},{"HornCleat":32,"Art of War":32,"Ring of the Snake":0}],"Ring of the Snake":[18]},"card_choices":[{"not_picked":["Outmaneuver","Dagger Spray"],"picked":"Quick Slash","floor":1.0},{"not_picked":["Outmaneuver","Heel Hook"],"picked":"Poisoned Stab","floor":3.0},{"not_picked":["Infinite Blades","Sucker Punch"],"picked":"Poisoned Stab","floor":5.0},{"not_picked":["Flying Knee","Riddle With Holes"],"picked":"PiercingWail","floor":7.0},{"not_picked":["Eviscerate","Poisoned Stab"],"picked":"Prepared","floor":8.0},{"not_picked":["PiercingWail","Expertise"],"picked":"Escape Plan","floor":12.0},{"not_picked":["Underhanded Strike","Eviscerate"],"picked":"Wraith Form v2","floor":13.0},{"not_picked":["Sucker Punch","Distraction","Dodge and Roll"],"picked":"SKIP","floor":14.0}],"player_experience":1698046,"relics_obtained":[{"floor":8.0,"key":"HornCleat"},{"floor":9.0,"key":"Art of War"}],"event_choices":[{"damage_healed":0.0,"max_hp_gain":0.0,"max_hp_loss":0.0,"gold_gain":75.0,"event_name":"World of Goop","player_choice":"Gather Gold","floor":2.0,"gold_loss":0.0,"damage_taken":11.0},{"cards_removed":["Strike_G"],"damage_healed":0.0,"max_hp_gain":0.0,"max_hp_loss":0.0,"gold_gain":0.0,"event_name":"Golden Wing","player_choice":"Card Removal","floor":4.0,"gold_loss":0.0,"damage_taken":7.0}],"is_beta":false,"boss_relics":[],"items_purged_floors":[11],"is_endless":false,"potions_floor_spawned":[1,5,12,14],"killed_by":"Hexaghost","ascension_level":20}}