{"host":"lmshf3swj20gmdor","time":1614234860,"event":{"mods":["2.2 Compatiblity","BaseMod","Conspire","Downfall","Googly Eyes","Hubris","Minty Spire (QoL Compilation)","Replay The Spire","Spikes Relics","StSLib","Synergy Search","The Servant 0.9.4"],"gold_per_floor":[184,184,184,184,7,24,47,47,72,72,72,83,113,98,112,213,213,113,131,150,165,181,198,246,246,259,278,308,318,318,318,318],"floor_reached":30,"language":"ENG","playtime":1268,"items_purged":[],"score":316,"play_id":"77c332b8-39f3-4362-b85b-8b6abf988569","local_time":"20210225063420","is_ascension_mode":true,"campfire_choices":[{"data":"bronze:OilSpill","floor":10,"key":"SMITH"},{"floor":18,"key":"DIG"},{"floor":25,"key":"REST"}],"circlet_count":0,"master_deck":["bronze:Strike","bronze:Strike","bronze:Strike","bronze:Defend","bronze:Defend","bronze:Defend","bronze:Defend","bronze:Replicate+1","bronze:Goto+1","bronze:Repair+1","bronze:OilSpill+1","bronze:WildBeam","bronze:DarkDash","bronze:GetLatest","bronze:Fortify","bronze:OilSpill","bronze:Break","bronze:Repulsor","bronze:FineTuning","bronze:BugBarrage","bronze:GetLatest+1","bronze:BugBarrage"],"relics":["bronze:BronzeCore","downfall:HeartsMalice","ReplayTheSpireMod:TigerMarble","Anchor","hubris:Towel","ReplayTheSpireMod:Lightbulb","Lantern","SacredBark","downfall:HeartBlessingGreen","RollingBoulder","Omamori","hexamod:CandleOfCauterizing"],"acts_visited":["Exordium","TheCity"],"potions_floor_usage":[16,16,27],"damage_taken":[{"damage":0,"enemies":"Cultist","floor":2,"turns":1},{"damage":0,"enemies":"Small Slimes","floor":3,"turns":1},{"damage":0,"enemies":"downfall:FleeingMerchant","floor":5,"turns":1},{"damage":0,"enemies":"Jaw Worm","floor":6,"turns":1},{"damage":14,"enemies":"3 Sentries","floor":9,"turns":7},{"damage":0,"enemies":"downfall:LooterAlt","floor":12,"turns":2},{"damage":18,"enemies":"Gremlin Nob","floor":13,"turns":4},{"damage":0,"enemies":"downfall:FleeingMerchant","floor":14,"turns":4},{"damage":0,"enemies":"Gremlin Gang","floor":15,"turns":4},{"damage":16,"enemies":"IC_STATUS_ARCHETYPE","floor":16,"turns":5},{"damage":9,"enemies":"conspire:FuzzyDice","floor":19,"turns":7},{"damage":9,"enemies":"3 Byrds","floor":20,"turns":6},{"damage":0,"enemies":"Snecko","floor":21,"turns":4},{"damage":48,"enemies":"3 Cultists","floor":22,"turns":7},{"damage":22,"enemies":"Snake Plant","floor":23,"turns":3},{"damage":29,"enemies":"conspire:HollyBat","floor":26,"turns":7},{"damage":12,"enemies":"Centurion and Healer","floor":27,"turns":4},{"damage":0,"enemies":"Replay:Snechameleon","floor":28,"turns":3},{"damage":4,"enemies":"Cultist and Chosen","floor":29,"turns":5},{"damage":45,"enemies":"conspire:Head Lice","floor":30,"turns":7}],"seed_played":"-7339869865542545369","potions_obtained":[{"floor":6,"key":"SteroidPotion"},{"floor":9,"key":"GamblersBrew"},{"floor":15,"key":"Adrenaline Potion"},{"floor":16,"key":"sneckomod:MuddlingPotion"},{"floor":19,"key":"Strength Potion"},{"floor":23,"key":"Swift Potion"},{"floor":28,"key":"LiquidBronze"}],"is_trial":false,"path_per_floor":["R","M","M","?","$","M","T","?","E","R","?","M","E","$","M","B",null,"R","M","M","M","M","M","T","R","M","M","E","M","E"],"character_chosen":"THE_AUTOMATON","items_purchased":["ReplayTheSpireMod:TigerMarble","bronze:WildBeam"],"campfire_rested":1,"item_purchase_floors":[5,5],"current_hp_per_floor":[70,70,70,70,70,70,70,70,56,56,56,66,53,53,63,55,71,71,62,64,64,23,11,11,32,13,11,21,27,0,0,0],"gold":318,"neow_bonus":"THREE_ENEMY_KILL","is_daily":false,"chose_seed":false,"campfire_upgraded":1,"win_rate":0.0,"timestamp":1614234860,"path_taken":["R","M","M","?","?","?","T","?","E","R","?","M","E","$","M","BOSS","R","M","?","?","M","M","T","R","M","M","E","M","E"],"items_purchased_type":["Relic","Card"],"build_version":"2020-12-22","purchased_purges":0,"victory":false,"max_hp_per_floor":[70,70,70,70,70,70,70,70,70,70,70,70,71,71,71,71,71,71,71,71,71,71,71,71,71,71,71,71,71,71,71,71],"card_choices":[{"not_picked":["bronze:ChildClass","bronze:DelayedGuard","bronze:ForLoop"],"picked":"SKIP","floor":2},{"not_picked":["bronze:Repulsor","bronze:Shield"],"picked":"bronze:Repair","floor":3},{"not_picked":["bronze:Shield","bronze:Return"],"picked":"bronze:OilSpill","floor":5},{"not_picked":["bronze:Overload","bronze:BitShift","bronze:Optimize"],"picked":"SKIP","floor":6},{"not_picked":["bronze:Optimize","bronze:GetLatest"],"picked":"bronze:DarkDash","floor":9},{"not_picked":["bronze:Frontload","bronze:BronzeArmor"],"picked":"bronze:GetLatest","floor":12},{"not_picked":["bronze:BronzeOrb","bronze:Hardcode"],"picked":"bronze:Fortify","floor":13},{"not_picked":["bronze:ThunderWave","bronze:Repair","bronze:Return"],"picked":"SKIP","floor":14},{"not_picked":["bronze:DelayedSlice","bronze:Turbo"],"picked":"bronze:OilSpill","floor":15},{"not_picked":["bronze:Mutator","bronze:Library"],"picked":"bronze:Break","floor":16},{"not_picked":["bronze:WhirlingStrike","bronze:Separator"],"picked":"bronze:Repulsor","floor":19},{"not_picked":["bronze:CutThrough","bronze:Overheat","bronze:Deprecate"],"picked":"SKIP","floor":20},{"not_picked":["bronze:AlphaBuild","bronze:Refactor+1"],"picked":"bronze:FineTuning","floor":21},{"not_picked":["bronze:Overheat","bronze:Boost","bronze:DarkDash"],"picked":"SKIP","floor":22},{"not_picked":["bronze:BitShift","bronze:Deprecate","bronze:DelayedGuard"],"picked":"SKIP","floor":23},{"not_picked":["bronze:Branch","bronze:OilSpill"],"picked":"bronze:BugBarrage","floor":26},{"not_picked":["bronze:MaxOutput","bronze:Fortify"],"picked":"bronze:GetLatest+1","floor":27},{"not_picked":["bronze:Frontload+1","bronze:Constructor"],"picked":"bronze:BugBarrage","floor":28},{"not_picked":["bronze:DelayedGuard","bronze:DigitalCarnage","bronze:Constructor"],"picked":"SKIP","floor":29}],"player_experience":841664,"relics_obtained":[{"floor":7,"key":"Anchor"},{"floor":9,"key":"ReplayTheSpireMod:Lightbulb"},{"floor":13,"key":"Lantern"},{"floor":18,"key":"RollingBoulder"},{"floor":24,"key":"Omamori"},{"floor":28,"key":"hexamod:CandleOfCauterizing"}],"event_choices":[],"is_beta":false,"boss_relics":[{"not_picked":["Busted Crown","Black Star"],"picked":"SacredBark"}],"items_purged_floors":[],"is_endless":false,"potions_floor_spawned":[6,9,15,16,19,20,23,28],"killed_by":"conspire:Head Lice","ascension_level":2}}