{"host":"of8gj1gadsx6jhxl","time":1614221083,"event":{"mods":["BaseMod","Bestiary","Colored Map","Minty Spire (QoL Compilation)","Reliquary","Shop Mod","StSLib"],"gold_per_floor":[114,126,141,151,165,165,179,179,179,194,209,228,228,241,241,337,337,357,357,367,377,0,33,33,45,45,45,45,63,89,115,115,218,218,234,234,1233,1233,1260,1260,1260],"floor_reached":40,"language":"ENG","playtime":4984,"items_purged":["Defend_P"],"score":547,"play_id":"315b4914-c67b-4365-9377-94374b946613","local_time":"20210224214443","is_ascension_mode":true,"campfire_choices":[{"data":"LikeWater","floor":8,"key":"SMITH"},{"data":"MentalFortress","floor":15,"key":"SMITH"},{"data":"WaveOfTheHand","floor":24,"key":"SMITH"},{"data":"Weave","floor":27,"key":"SMITH"},{"data":"Judgement","floor":32,"key":"SMITH"}],"circlet_count":0,"master_deck":["Strike_P","Strike_P","Strike_P","Defend_P","Defend_P","Eruption","Vigilance","Tantrum","ClearTheMind","MentalFortress+1","Weave+1","LikeWater+1","JustLucky","ThirdEye","JustLucky+1","Indignation","Judgement+1","TalkToTheHand+1","Fasting2+1","WaveOfTheHand+1","ThirdEye","Meditate","MentalFortress+1","JustLucky+1","Ragnarok+1"],"relics":["Coffee Dripper","Tiny Chest","Molten Egg 2","Runic Pyramid","Ginger","Bottled Tornado","Omamori","Toxic Egg 2","reliquary:Aerogel","Busted Crown"],"acts_visited":["Exordium","TheCity","TheBeyond"],"potions_floor_usage":[16,18,20,33],"damage_taken":[{"damage":2,"enemies":"Cultist","floor":1,"turns":4},{"damage":5,"enemies":"2 Louse","floor":2,"turns":2},{"damage":11,"enemies":"Small Slimes","floor":3,"turns":2},{"damage":2,"enemies":"Blue Slaver","floor":4,"turns":4},{"damage":5,"enemies":"2 Fungi Beasts","floor":5,"turns":3},{"damage":9,"enemies":"Exordium Wildlife","floor":7,"turns":3},{"damage":0,"enemies":"3 Louse","floor":10,"turns":3},{"damage":0,"enemies":"Large Slime","floor":11,"turns":4},{"damage":0,"enemies":"Looter","floor":12,"turns":3},{"damage":5,"enemies":"Exordium Thugs","floor":14,"turns":4},{"damage":0,"enemies":"Slime Boss","floor":16,"turns":3},{"damage":3,"enemies":"Shell Parasite","floor":18,"turns":4},{"damage":3,"enemies":"2 Thieves","floor":20,"turns":4},{"damage":0,"enemies":"Snake Plant","floor":21,"turns":4},{"damage":0,"enemies":"Book of Stabbing","floor":23,"turns":4},{"damage":33,"enemies":"Snecko","floor":25,"turns":6},{"damage":0,"enemies":"3 Cultists","floor":29,"turns":5},{"damage":20,"enemies":"Gremlin Leader","floor":30,"turns":6},{"damage":60,"enemies":"Collector","floor":33,"turns":9},{"damage":27,"enemies":"3 Shapes","floor":35,"turns":4},{"damage":80,"enemies":"Reptomancer","floor":40,"turns":2}],"seed_played":"3671145457087747745","potions_obtained":[{"floor":1,"key":"CultistPotion"},{"floor":3,"key":"FairyPotion"},{"floor":4,"key":"Swift Potion"},{"floor":7,"key":"SpeedPotion"},{"floor":16,"key":"FearPotion"},{"floor":18,"key":"ColorlessPotion"},{"floor":20,"key":"FairyPotion"},{"floor":29,"key":"BottledMiracle"},{"floor":33,"key":"Ambrosia"}],"is_trial":false,"path_per_floor":["M","M","M","M","M","?","M","R","T","M","M","M","?","M","R","B",null,"M","?","M","M","$","E","R","M","T","R","?","M","E","T","R","B",null,"M","?","?","?","T","E"],"character_chosen":"WATCHER","items_purchased":["Ginger"],"campfire_rested":0,"item_purchase_floors":[22],"current_hp_per_floor":[70,65,54,52,47,40,31,31,31,31,31,31,55,50,50,50,72,69,69,66,66,66,66,66,33,33,33,33,33,13,13,13,18,72,45,45,45,45,45,0,0],"gold":1260,"neow_bonus":"BOSS_RELIC","is_daily":false,"chose_seed":false,"campfire_upgraded":5,"win_rate":0.0,"timestamp":1614221083,"path_taken":["M","M","M","M","M","?","M","R","T","M","M","M","?","M","R","BOSS","M","?","M","M","$","E","R","M","T","R","?","M","E","?","R","BOSS","M","?","?","?","?","E"],"items_purchased_type":["Relic"],"build_version":"2020-12-22","purchased_purges":1,"victory":false,"max_hp_per_floor":[72,72,72,72,72,72,72,72,72,72,72,72,72,72,72,72,72,72,72,72,72,72,72,72,72,72,72,72,72,72,72,72,72,72,72,72,72,72,72,72,72],"card_choices":[{"not_picked":["CrushJoints","ClearTheMind"],"picked":"Tantrum","floor":1},{"not_picked":["EmptyBody","BowlingBash"],"picked":"ClearTheMind","floor":2},{"not_picked":["BowlingBash","Adaptation"],"picked":"MentalFortress","floor":3},{"not_picked":["EmptyFist","Vengeance"],"picked":"Weave","floor":4},{"not_picked":["Consecrate","Weave"],"picked":"LikeWater","floor":5},{"not_picked":["Consecrate","FlyingSleeves"],"picked":"JustLucky","floor":7},{"not_picked":["Vengeance","EmptyBody"],"picked":"ThirdEye","floor":10},{"not_picked":["ForeignInfluence","Halt"],"picked":"JustLucky+1","floor":11},{"not_picked":["ClearTheMind","EmptyFist+1","ForeignInfluence"],"picked":"SKIP","floor":12},{"not_picked":["Worship","Prostrate"],"picked":"Indignation","floor":14},{"not_picked":["Scrawl","ConjureBlade"],"picked":"Judgement","floor":16},{"not_picked":["Consecrate+1","Tantrum+1"],"picked":"TalkToTheHand+1","floor":18},{"not_picked":["ForeignInfluence","Protect"],"picked":"Fasting2+1","floor":20},{"not_picked":["Halt","FollowUp+1"],"picked":"WaveOfTheHand","floor":21},{"not_picked":["Study+1","FlyingSleeves+1","BowlingBash+1"],"picked":"SKIP","floor":23},{"not_picked":["Study+1","FlyingSleeves+1","BowlingBash+1"],"picked":"SKIP","floor":23},{"not_picked":["CrushJoints+1","BowlingBash+1"],"picked":"Halt","floor":25},{"not_picked":["ForeignInfluence","Evaluate"],"picked":"MentalFortress+1","floor":29},{"not_picked":["Establishment","Prostrate+1"],"picked":"JustLucky+1","floor":30},{"not_picked":["Omniscience+1","Judgement+1"],"picked":"Ragnarok+1","floor":33},{"not_picked":["FollowUp+1"],"picked":"SKIP","floor":35}],"player_experience":155038,"relics_obtained":[{"floor":9,"key":"Molten Egg 2"},{"floor":23,"key":"Bottled Tornado"},{"floor":26,"key":"Omamori"},{"floor":30,"key":"Toxic Egg 2"},{"floor":31,"key":"reliquary:Aerogel"}],"event_choices":[{"damage_healed":0,"gold_gain":0,"player_choice":"Success","damage_taken":7,"relics_obtained":["Tiny Chest"],"max_hp_gain":0,"max_hp_loss":0,"event_name":"Scrap Ooze","floor":6,"gold_loss":0},{"damage_healed":24,"gold_gain":0,"player_choice":"Banana","damage_taken":0,"max_hp_gain":0,"max_hp_loss":0,"event_name":"Big Fish","floor":13,"gold_loss":0},{"damage_healed":0,"gold_gain":0,"player_choice":"Ignored","damage_taken":0,"max_hp_gain":0,"max_hp_loss":0,"event_name":"Ghosts","floor":19,"gold_loss":0},{"damage_healed":0,"gold_gain":0,"cards_transformed":["Strike_P","Defend_P"],"player_choice":"Became Test Subject","damage_taken":0,"max_hp_gain":0,"max_hp_loss":0,"event_name":"Drug Dealer","floor":28,"gold_loss":0,"cards_obtained":["ThirdEye","Meditate"]},{"damage_healed":0,"gold_gain":0,"player_choice":"Ignored","damage_taken":0,"max_hp_gain":0,"max_hp_loss":0,"event_name":"Tomb of Lord Red Mask","floor":36,"gold_loss":0},{"damage_healed":0,"gold_gain":999,"player_choice":"Gold","damage_taken":0,"max_hp_gain":0,"max_hp_loss":0,"event_name":"MindBloom","floor":37,"gold_loss":0,"cards_obtained":["Normality","Normality"]},{"cards_removed":["Halt"],"damage_healed":0,"gold_gain":0,"player_choice":"Removed Skill","damage_taken":0,"max_hp_gain":0,"max_hp_loss":0,"event_name":"Falling","floor":38,"gold_loss":0}],"is_beta":false,"boss_relics":[{"not_picked":["Sozu","Cursed Key"],"picked":"Runic Pyramid"},{"not_picked":["Velvet Choker","reliquary:Craggleroot"],"picked":"Busted Crown"}],"items_purged_floors":[22],"is_endless":false,"potions_floor_spawned":[1,3,4,7,12,16,18,20,29,33],"killed_by":"Reptomancer","ascension_level":1}}