{"host":"7eytxr1oawi6r5nr","time":1614283911,"event":{"mods":["Act Like it!","BaseMod","Better Third Choice","Curses Come First","Dark Map","Hermit","Hubris","Ironclad Rager","Minty Spire (QoL Compilation)","Permanent Neow","Quick Restart","Rare Cards Sparkle","Relic Filter Mod","Reliquary","Replay The Spire","Ruina","StSLib","The Cursed","The Disciple","The Forsaken","The IronCluck","The Runesmith","The Servant 0.9.4","Wide Potions"],"gold_per_floor":[111,128,141,111,111,111,111,111,160,85,85,85,120,133,133,228,228,244,244,244],"floor_reached":19,"language":"ENG","playtime":1468,"items_purged":["theForsaken:WordsOfMight"],"score":209,"play_id":"efacf954-76a6-41c2-a93c-eda0883b6cc1","local_time":"20210225201151","daily_mods":["SealedDeck","Heirloom","Flight","DeadlyEvents","Elite Swarm"],"is_ascension_mode":true,"campfire_choices":[{"data":"theForsaken:Preservation","floor":6.0,"key":"SMITH"},{"data":"theForsaken:HymnOfRest","floor":8.0,"key":"SMITH"},{"data":"theForsaken:WrathOfGod","floor":11.0,"key":"SMITH"},{"data":"theForsaken:WrathOfGod+1","floor":12.0,"key":"SMITH"},{"data":"Hallucinations","floor":15.0,"key":"PURGE"}],"circlet_count":0,"master_deck":["theForsaken:StoreUp","theForsaken:ScorchingSunlight","theForsaken:RainingSunlight","theForsaken:Backlash","theForsaken:Parry","theForsaken:PanicDive","theForsaken:Tranquility","theForsaken:HymnOfRest+1","theForsaken:Preservation+1","theForsaken:WrathOfGod+2","theForsaken:PowerUp","theForsaken:Prudence","theForsaken:TearsOfSunlight"],"relics":["theForsaken:JudgementScales","Ring of Chaos","replay:Trail_Library","Replay:Towering Pillar of Hats","hubris:Icosahedron","Ring of Searing","Blood Vial","Replay:Multitool","hubris:RunicObelisk","Frozen Eye"],"acts_visited":["Exordium","Exordium"],"potions_floor_usage":[],"damage_taken":[{"damage":0.0,"enemies":"Small Slimes","floor":1.0,"turns":3.0},{"damage":0.0,"enemies":"2 Louse","floor":2.0,"turns":4.0},{"damage":13.0,"enemies":"Jaw Worm","floor":3.0,"turns":6.0},{"damage":5.0,"enemies":"Looter","floor":4.0,"turns":4.0},{"damage":5.0,"enemies":"3 Sentries","floor":13.0,"turns":8.0},{"damage":0.0,"enemies":"Blue Slaver","floor":14.0,"turns":4.0},{"damage":27.0,"enemies":"Hexaghost","floor":16.0,"turns":14.0},{"damage":28.0,"enemies":"ruina:Nosferatu","floor":18.0,"turns":4.0},{"damage":0,"enemies":"ruina:2_Scarecrows","floor":19,"turns":1}],"seed_played":"5064245479038484289","potions_obtained":[{"floor":1.0,"key":"Venom Potion"},{"floor":2.0,"key":"Weak Potion"},{"floor":3.0,"key":"Strength Potion"}],"is_trial":true,"path_per_floor":["M","M","M","M","?","R","?","R","T","$","R","R","E","M","R","B",null,"M","M"],"character_chosen":"THE_FORSAKEN","items_purchased":[],"campfire_rested":0,"item_purchase_floors":[],"current_hp_per_floor":[65,65,52,47,47,47,47,47,47,47,47,47,44,46,46,21,65,37,39,39],"gold":244,"neow_bonus":"","is_daily":false,"chose_seed":false,"campfire_upgraded":4,"win_rate":0.0,"timestamp":1614283911,"path_taken":["M","M","M","M","?","R","?","R","T","$","R","R","E","?","R","BOSS","M","M"],"items_purchased_type":[],"build_version":"2020-12-22","purchased_purges":1,"victory":false,"max_hp_per_floor":[65,65,65,65,65,65,65,65,65,65,65,65,65,65,65,65,65,65,65,65],"card_choices":[{"not_picked":["theForsaken:FuryStrikes","theForsaken:ScorchingSunlight"],"picked":"theForsaken:PowerUp","floor":1.0},{"not_picked":["theForsaken:HymnOfPatience","theForsaken:RainingSunlight","theForsaken:ScorchingSunlight"],"picked":"SKIP","floor":2.0},{"not_picked":["theForsaken:PreciseStrike","theForsaken:ShieldBash","theForsaken:HymnOfPatience"],"picked":"SKIP","floor":3.0},{"not_picked":["theForsaken:BlindFaith","theForsaken:NobleSacrifice","theForsaken:QuickAttack"],"picked":"SKIP","floor":4.0},{"not_picked":["theForsaken:Temperance","theForsaken:SpreadingPlague"],"picked":"theForsaken:Prudence","floor":13.0},{"not_picked":["theForsaken:StoreUp","theForsaken:LightRoll","theForsaken:ScorchingSunlight"],"picked":"SKIP","floor":14.0},{"not_picked":["theForsaken:CorruptedForm","theForsaken:FountainOfLife"],"picked":"theForsaken:TearsOfSunlight","floor":16.0},{"not_picked":["theForsaken:StoreUp","theForsaken:ChargeAttack","theForsaken:HealingLight"],"picked":"SKIP","floor":18.0}],"player_experience":217667,"relics_obtained":[{"floor":7.0,"key":"Ring of Searing"},{"floor":9.0,"key":"Blood Vial"},{"floor":13.0,"key":"Replay:Multitool"}],"event_choices":[],"is_beta":false,"boss_relics":[{"not_picked":["hubris:GrandSneckoEye","Replay:Ancient Bell"],"picked":"hubris:RunicObelisk"}],"items_purged_floors":[10],"is_endless":false,"potions_floor_spawned":[1,2,3,14,18],"killed_by":"ruina:2_Scarecrows","ascension_level":2}}