{"host":"90jl2h70xtuoeg0i","time":1614261685,"event":{"mods":["AchievementEnabler","BaseMod","Colored Map","Colored Powertips","Minty Spire (QoL Compilation)","Relic Stats","ojb\u0027s Better Paths Mod","ojb\u0027s Info Mod"],"gold_per_floor":[119,129,145,159,172,172,97,97,97,97,97,97],"floor_reached":11,"language":"ENG","playtime":714,"items_purged":["Strike_G"],"score":130,"play_id":"53eb2223-bf2a-4380-824f-bc7e7338ef3f","local_time":"20210225090125","is_ascension_mode":true,"campfire_choices":[{"floor":6,"key":"REST"},{"data":"Endless Agony","floor":8,"key":"SMITH"},{"floor":10,"key":"REST"}],"circlet_count":0,"master_deck":["AscendersBane","Strike_G","Strike_G","Strike_G","Strike_G","Defend_G","Defend_G","Defend_G","Defend_G","Defend_G","Survivor","Neutralize","Panache","Tactician","Backstab","Endless Agony+1","Endless Agony","Backflip"],"relics":["Ring of the Snake","Kunai"],"acts_visited":["Exordium"],"potions_floor_usage":[5,5],"damage_taken":[{"damage":7,"enemies":"Cultist","floor":1,"turns":5},{"damage":31,"enemies":"Jaw Worm","floor":2,"turns":9},{"damage":12,"enemies":"Small Slimes","floor":3,"turns":4},{"damage":2,"enemies":"Exordium Thugs","floor":4,"turns":5},{"damage":4,"enemies":"Red Slaver","floor":5,"turns":4},{"damage":42,"enemies":"Gremlin Nob","floor":11,"turns":4}],"seed_played":"-7389716189053300496","potions_obtained":[{"floor":2,"key":"ColorlessPotion"},{"floor":3,"key":"BlessingOfTheForge"}],"is_trial":false,"path_per_floor":["M","M","M","M","M","R","$","R","T","R","E"],"character_chosen":"THE_SILENT","items_purchased":[],"campfire_rested":2,"item_purchase_floors":[],"current_hp_per_floor":[52,21,9,7,3,21,21,21,21,39,0,0],"gold":97,"neow_bonus":"RANDOM_COLORLESS_2","is_daily":false,"chose_seed":false,"campfire_upgraded":1,"win_rate":0.0,"timestamp":1614261685,"path_taken":["M","M","M","M","M","R","$","R","T","R","E"],"items_purchased_type":[],"build_version":"2020-12-22","purchased_purges":1,"victory":false,"max_hp_per_floor":[60,60,60,60,60,60,60,60,60,60,60,60],"relic_stats":{"counters":[6,31],"Kunai":[2],"obtain_stats":[{"Kunai":9,"Ring of the Snake":0},{"Kunai":5,"Ring of the Snake":0},{"Kunai":27,"Ring of the Snake":0}],"Ring of the Snake":[12]},"card_choices":[{"not_picked":["Violence","Secret Weapon"],"picked":"Panache","floor":0},{"not_picked":["Dodge and Roll","Underhanded Strike"],"picked":"Tactician","floor":1},{"not_picked":["Poisoned Stab","Predator"],"picked":"Backstab","floor":2},{"not_picked":["Acrobatics","Terror"],"picked":"Endless Agony","floor":3},{"not_picked":["Flying Knee","Underhanded Strike"],"picked":"Endless Agony","floor":4},{"not_picked":["Poisoned Stab","Dodge and Roll"],"picked":"Backflip","floor":5}],"player_experience":1503740,"relics_obtained":[{"floor":9,"key":"Kunai"}],"event_choices":[],"is_beta":false,"boss_relics":[],"items_purged_floors":[7],"is_endless":false,"potions_floor_spawned":[2,3],"killed_by":"Gremlin Nob","ascension_level":20}}