{"host":"ilo0sg5cl3zcnqwd","time":1614290061,"event":{"mods":["BaseMod","Downfall","Minty Spire (QoL Compilation)","StSLib"],"gold_per_floor":[99,110,123,123,141,141,195,45,45,45,73,73,86,86,97,192,192,192,211,224,224,324,339,366,380,380,390,390,390,407,407,417,518,518,418,438,488,30,30,49,75,89,100,113,13,45,45,45,45,45],"floor_reached":48,"language":"ENG","playtime":2610,"items_purged":[],"score":539,"play_id":"939359a8-480f-405c-b2aa-22ec63606e1a","local_time":"20210225215421","is_ascension_mode":false,"campfire_choices":[{"floor":1.0,"key":"RECALL"},{"data":"champ:Taunt","floor":9.0,"key":"SMITH"},{"floor":12.0,"key":"REST"},{"data":"champ:StrikeOfGenius","floor":18.0,"key":"SMITH"},{"data":"champ:ArenaPreparation","floor":26.0,"key":"SMITH"},{"data":"champ:TripleStrike","floor":29.0,"key":"SMITH"},{"data":"champ:BerserkerStyle","floor":35.0,"key":"SMITH"},{"data":"champ:ArenaPreparation","floor":45,"key":"SMITH"},{"data":"champ:LastStand","floor":47,"key":"SMITH"}],"circlet_count":0,"master_deck":["champ:Strike+1","champ:Defend","champ:Defend+1","champ:Defend","champ:Defend","champ:Execute","champ:Taunt+1","champ:FanOfKnives+1","champ:Encircle+1","champ:BringItOn+1","champ:SwordThrow","champ:ViciousMockery","champ:BringItOn","champ:StrikeOfGenius+1","champ:ViciousMockery","champ:ArenaPreparation+1","champ:FanOfKnives+1","champ:BerserkerStyle+1","champ:TripleStrike+1","champ:RecklessLeap+1","champ:EnGarde+1","champ:FocusedBerserking","champ:BerserkersShout","champ:ArenaPreparation+1","champ:Endure+1","champ:LastStand+1","champ:FanOfKnives+1","champ:FanOfKnives+1","champ:BringItOn+1"],"relics":["champ:ChampionCrown","Bag of Preparation","downfall:ShatteredFragment","Lantern","Coffee Dripper","Mango","Mummified Hand","Oddly Smooth Stone","Empty Cage","downfall:HeartBlessingRed","Peace Pipe","HandDrill","Blood Vial","downfall:HeartBlessingBlue","Toy Ornithopter"],"acts_visited":["Exordium","TheCity","TheBeyond"],"potions_floor_usage":[],"damage_taken":[{"damage":10.0,"enemies":"Jaw Worm","floor":2.0,"turns":4.0},{"damage":7.0,"enemies":"2 Louse","floor":3.0,"turns":4.0},{"damage":0.0,"enemies":"Small Slimes","floor":5.0,"turns":3.0},{"damage":10.0,"enemies":"downfall:FleeingMerchant","floor":8.0,"turns":4.0},{"damage":28.0,"enemies":"Lagavulin","floor":11.0,"turns":4.0},{"damage":0.0,"enemies":"Blue Slaver","floor":13.0,"turns":1.0},{"damage":0.0,"enemies":"3 Louse","floor":15.0,"turns":1.0},{"damage":25.0,"enemies":"SI_SHIV_ARCHETYPE","floor":16.0,"turns":5.0},{"damage":0.0,"enemies":"Spheric Guardian","floor":19.0,"turns":3.0},{"damage":20.0,"enemies":"3 Byrds","floor":20.0,"turns":3.0},{"damage":50.0,"enemies":"IC_STATUS_ARCHETYPE","floor":22.0,"turns":4.0},{"damage":48.0,"enemies":"Shelled Parasite and Fungi","floor":23.0,"turns":3.0},{"damage":56.0,"enemies":"Snake Plant","floor":25.0,"turns":2.0},{"damage":28.0,"enemies":"Chosen and Byrds","floor":27.0,"turns":3.0},{"damage":25.0,"enemies":"3 Cultists","floor":30.0,"turns":2.0},{"damage":56.0,"enemies":"Sentry and Sphere","floor":32.0,"turns":3.0},{"damage":113.0,"enemies":"DF_ARCHETYPE_CLAW","floor":33.0,"turns":5.0},{"damage":47.0,"enemies":"Orb Walker","floor":36.0,"turns":1.0},{"damage":101.0,"enemies":"Orb Walker","floor":37.0,"turns":4.0},{"damage":98.0,"enemies":"downfall:FleeingMerchant","floor":38.0,"turns":4.0},{"damage":76.0,"enemies":"3 Darklings","floor":40.0,"turns":3.0},{"damage":64,"enemies":"Writhing Mass","floor":42,"turns":3},{"damage":109,"enemies":"Transient","floor":43,"turns":5},{"damage":67,"enemies":"3 Darklings","floor":44,"turns":3},{"damage":101,"enemies":"Nemesis","floor":46,"turns":5},{"damage":0,"enemies":"Sphere and 2 Shapes","floor":48,"turns":1}],"seed_played":"-3206244056909133021","potions_obtained":[{"floor":3.0,"key":"sneckomod:MuddlingPotion"},{"floor":13.0,"key":"Slimebound:ThreeZeroPotion"},{"floor":15.0,"key":"Swift Potion"},{"floor":22.0,"key":"SteroidPotion"},{"floor":23.0,"key":"champ:OpenerPotion"},{"floor":33.0,"key":"hexamod:SoulburnPotion"},{"floor":40,"key":"PowerPotion"},{"floor":43,"key":"AttackPotion"}],"is_trial":false,"path_per_floor":["R","M","M","?","M","?","T","$","R","?","E","R","M","?","M","B",null,"R","M","M","?","?","M","T","M","R","M","?","R","M","?","M","B",null,"R","M","?","$","?","M","T","M","M","M","R","E","R","M"],"character_chosen":"THE_CHAMP","items_purchased":["champ:SwordThrow","HandDrill","Blood Vial","champ:LastStand"],"campfire_rested":1,"item_purchase_floors":[8,38,38,38],"current_hp_per_floor":[99,99,92,92,92,92,92,92,92,65,47,76,76,76,76,61,99,99,99,89,89,88,75,75,66,66,66,66,66,66,66,66,45,113,113,113,101,92,84,83,83,70,72,70,80,58,58,60,60,60],"gold":45,"neow_bonus":"TEN_PERCENT_HP_BONUS","is_daily":false,"chose_seed":false,"campfire_upgraded":7,"win_rate":0.0,"timestamp":1614290061,"path_taken":["R","M","M","?","M","?","T","?","R","?","E","R","?","?","M","BOSS","R","M","M","?","?","M","T","M","R","M","?","R","M","?","M","BOSS","R","M","?","$","?","M","T","M","?","M","R","E","R","M"],"items_purchased_type":["Card","Relic","Relic","Card"],"build_version":"2020-12-22","purchased_purges":0,"victory":false,"max_hp_per_floor":[99,99,99,99,99,99,99,99,99,99,99,99,99,99,99,99,99,99,99,99,99,113,113,113,113,113,113,113,113,113,113,113,113,113,113,113,113,113,113,113,113,113,113,113,123,123,123,123,123,123],"card_choices":[{"not_picked":["champ:SkillfulDodge","champ:Backstep"],"picked":"champ:FanOfKnives","floor":2.0},{"not_picked":["champ:Shatter","champ:ViciousMockery"],"picked":"champ:Encircle","floor":3.0},{"not_picked":["champ:Backstep","champ:PerfectedStrike"],"picked":"champ:BringItOn","floor":5.0},{"not_picked":["champ:HeartStrike","champ:TornadoPunch","champ:Backstep"],"picked":"SKIP","floor":8.0},{"not_picked":["champ:CrookedStrike","champ:FalseCounter"],"picked":"champ:ViciousMockery","floor":11.0},{"not_picked":["champ:Circumvent","champ:Parry","champ:ShieldWall"],"picked":"SKIP","floor":13.0},{"not_picked":["champ:MurderStrike","champ:TornadoPunch"],"picked":"champ:BringItOn","floor":15.0},{"not_picked":["champ:HoldFirm","champ:DancingMaster"],"picked":"champ:StrikeOfGenius","floor":16.0},{"not_picked":["champ:DefensiveShout+1","champ:ShieldWall"],"picked":"champ:ViciousMockery","floor":19.0},{"not_picked":["champ:CrownThrow+1","champ:PreciseThrust"],"picked":"champ:ArenaPreparation","floor":20.0},{"not_picked":["champ:BerserkersShout+1","champ:AdrenalArmor+1"],"picked":"champ:FanOfKnives+1","floor":22.0},{"not_picked":["champ:StanceDance","champ:DefensiveShout"],"picked":"champ:BerserkerStyle","floor":23.0},{"not_picked":["champ:BladeFlurry","champ:CrookedStrike"],"picked":"champ:TripleStrike","floor":25.0},{"not_picked":["champ:DefensiveShout","champ:FlashCut+1"],"picked":"champ:RecklessLeap+1","floor":27.0},{"not_picked":["champ:LastStand","champ:SetATrap"],"picked":"champ:EnGarde+1","floor":30.0},{"not_picked":["champ:EndlessRage+1","champ:GutPunch"],"picked":"champ:FocusedBerserking","floor":32.0},{"not_picked":["champ:FlashCut","champ:DeathBlow"],"picked":"champ:BerserkersShout","floor":36.0},{"not_picked":["champ:PerfectedStrike+1","champ:Circumvent+1"],"picked":"champ:ArenaPreparation","floor":37.0},{"not_picked":["champ:Haymaker","champ:FanOfKnives+1"],"picked":"champ:Endure+1","floor":38.0},{"not_picked":["champ:TripleStrike","champ:EndlessRage"],"picked":"champ:FanOfKnives+1","floor":40},{"not_picked":["champ:FocusedBerserking","champ:PreciseThrust"],"picked":"champ:FanOfKnives+1","floor":42},{"not_picked":["champ:FocusedDefense+1","champ:StanceDance+1"],"picked":"champ:BringItOn+1","floor":43},{"not_picked":["champ:PerfectedStrike+1","champ:SetATrap","champ:RisingSlash"],"picked":"SKIP","floor":44},{"not_picked":["champ:Haymaker","champ:Circumvent","champ:StanceDance"],"picked":"SKIP","floor":46}],"player_experience":309469,"relics_obtained":[{"floor":7.0,"key":"Bag of Preparation"},{"floor":11.0,"key":"Lantern"},{"floor":22.0,"key":"Mango"},{"floor":22.0,"key":"Mummified Hand"},{"floor":24.0,"key":"Oddly Smooth Stone"},{"floor":37.0,"key":"Peace Pipe"},{"floor":46,"key":"Toy Ornithopter"}],"event_choices":[{"cards_removed":["downfall:Malfunctioning"],"damage_healed":0.0,"max_hp_gain":0.0,"max_hp_loss":0.0,"gold_gain":0.0,"event_name":"Living Wall","player_choice":"Forget","floor":6.0,"gold_loss":0.0,"damage_taken":0.0},{"damage_healed":0.0,"max_hp_gain":0.0,"max_hp_loss":0.0,"gold_gain":0.0,"event_name":"Vampires","player_choice":"Ignored","floor":21.0,"gold_loss":0.0,"damage_taken":0.0}],"is_beta":false,"boss_relics":[{"not_picked":["SacredBark","Calling Bell"],"picked":"Coffee Dripper"},{"not_picked":["Tiny House","Pandora\u0027s Box"],"picked":"Empty Cage"}],"items_purged_floors":[],"is_endless":false,"potions_floor_spawned":[3,13,15,16,22,23,25,27,32,33,40,43,44],"killed_by":"Sphere and 2 Shapes","ascension_level":0}}