{"host":"fm9e0lfunjlbhzxv","time":1614212478,"event":{"mods":["100% Spire Juice","2.2 Compatiblity","Alarm Clock","Astrologer","BaseMod","Bestiary","Better Match","Better Skull","Better Third Choice","Colored Map","Colored Powertips","Energized Spire","Good Game Mod","Key Reminder","Minty Spire (QoL Compilation)","Permanent Neow","Random Character Button","Rare Cards Sparkle","Relic Stats","Spicy Shops","Spire Arcade","StSLib","The Administrix","The Blue Laboratory","The Bug Knight","The Disciple","The Mystic","The Servant 0.9.4","The Vixen","Trackpad","slay the spire mod where everything is the same but ironclad has a cowboy hat"],"gold_per_floor":[15,15,29,29,41,41,67,83,109,109,138,153,170,205,205,305,305,292,311,311,311,27,56,155,178,190,117,129,176,188,188],"floor_reached":30,"language":"ENG","playtime":3127,"items_purged":[],"score":300,"play_id":"af7413fe-ddba-421f-9097-8a3c4bb1f53f","local_time":"20210224162118","is_ascension_mode":true,"campfire_choices":[{"data":"HollowMod:FocusHealStart","floor":6,"key":"SMITH"},{"floor":10,"key":"REST"},{"floor":15,"key":"REST"},{"floor":28,"key":"REST"}],"circlet_count":0,"master_deck":["HollowMod:NailStrikeStart","HollowMod:NailStrikeStart","HollowMod:NailStrikeStart","HollowMod:QuickDashStart","HollowMod:QuickDashStart","HollowMod:QuickDashStart","HollowMod:FocusHealStart+1","HollowMod:PogoStrike","HollowMod:AbyssShriek","HollowMod:InfectionAssault","DevaForm","HollowMod:InfectedCysts","HollowMod:SoulSplash","HollowMod:NewLittleFool","HollowMod:DungDefenderAura","HollowMod:ShapeofUnn","HollowMod:MawleksShell","HollowMod:RecoilStrike","HollowMod:Weaversong","HollowMod:RadiancesLament","HollowMod:HowlingWraiths","HollowMod:BrokenVessel","HollowMod:BrokenVessel","Doubt","HollowMod:HeavyBlow","HollowMod:TaintedHusks"],"relics":["HollowMod:VesselMask","REME:ComplimentaryCards","Blood Vial","Art of War","Tiny Chest","Question Card","SlaversCollar","MutagenicStrength","Lee\u0027s Waffle","Vajra","Happy Flower","MawBank","trackpad:DisasterInABottle","Orichalcum","HollowMod:LumaflyLanternRelic"],"acts_visited":["Exordium","TheCity"],"potions_floor_usage":[12,14,18],"damage_taken":[{"damage":0,"enemies":"Small Slimes","floor":1,"turns":2},{"damage":2,"enemies":"Cultist","floor":3,"turns":3},{"damage":17,"enemies":"Jaw Worm","floor":5,"turns":4},{"damage":36,"enemies":"Gremlin Nob","floor":7,"turns":4},{"damage":5,"enemies":"3 Louse","floor":8,"turns":3},{"damage":22,"enemies":"HollowMod:MossKnight","floor":11,"turns":11},{"damage":0,"enemies":"2 Fungi Beasts","floor":12,"turns":4},{"damage":14,"enemies":"Looter","floor":13,"turns":3},{"damage":36,"enemies":"Gremlin Nob","floor":14,"turns":5},{"damage":52,"enemies":"The Guardian","floor":16,"turns":11},{"damage":29,"enemies":"2 Thieves","floor":18,"turns":4},{"damage":28,"enemies":"Shell Parasite","floor":19,"turns":6},{"damage":55,"enemies":"HollowMod:Nosk","floor":23,"turns":7},{"damage":54,"enemies":"Gremlin Leader","floor":29,"turns":7},{"damage":26,"enemies":"Snecko","floor":30,"turns":4}],"seed_played":"-7519424683512756501","potions_obtained":[{"floor":2,"key":"blueLaboratory:SavagePotion"},{"floor":2,"key":"blueLaboratory:Moonshine"},{"floor":2,"key":"blueLaboratory:BottleOfVodka"},{"floor":7,"key":"blueLaboratory:FrostheartPotion"},{"floor":13,"key":"blueLaboratory:FrostheartPotion"},{"floor":18,"key":"PowerPotion"}],"is_trial":false,"path_per_floor":["M","?","M","?","M","R","E","M","T","R","E","M","M","E","R","B",null,"M","M","?","?","$","E","?","T","T","?","R","E","M"],"character_chosen":"THE_BUGKNIGHT","items_purchased":["Lee\u0027s Waffle","HollowMod:BrokenVessel","Vajra"],"campfire_rested":3,"item_purchase_floors":[22,22,22],"current_hp_per_floor":[75,75,73,73,66,66,30,33,33,55,47,55,49,21,43,5,75,52,32,32,18,87,38,38,38,38,38,64,18,0,0],"gold":188,"neow_bonus":"TRANSFORM_TWO_CARDS","is_daily":false,"chose_seed":false,"campfire_upgraded":1,"win_rate":0.0,"timestamp":1614212478,"path_taken":["M","?","?","?","M","R","E","M","T","R","E","M","M","E","R","BOSS","M","M","?","?","$","E","?","?","T","?","R","E","M"],"items_purchased_type":["Relic","Card","Relic"],"build_version":"2020-12-22","purchased_purges":0,"victory":false,"max_hp_per_floor":[75,75,75,75,75,75,75,75,75,75,75,75,75,75,75,75,75,75,75,75,80,87,87,87,87,87,87,87,87,87,87],"relic_stats":{"Blood Vial":18,"Lee\u0027s Waffle":69,"Happy Flower":[3],"counters":[15,78],"Tiny Chest":1,"Art of War":[8],"Orichalcum":[18],"Question Card":5,"MawBank":60,"obtain_stats":[{"Lee\u0027s Waffle":22,"Happy Flower":23,"HollowMod:LumaflyLanternRelic":29,"Vajra":22,"HollowMod:VesselMask":0,"Orichalcum":27,"Question Card":14,"MawBank":25,"trackpad:DisasterInABottle":26,"Blood Vial":7,"SlaversCollar":17,"REME:ComplimentaryCards":0,"MutagenicStrength":20,"Tiny Chest":11,"Art of War":9},{"Lee\u0027s Waffle":12,"Happy Flower":13,"HollowMod:LumaflyLanternRelic":14,"Vajra":12,"HollowMod:VesselMask":0,"Orichalcum":13,"Question Card":9,"MawBank":13,"trackpad:DisasterInABottle":13,"Blood Vial":4,"SlaversCollar":10,"REME:ComplimentaryCards":0,"MutagenicStrength":12,"Tiny Chest":6,"Art of War":5},{"Lee\u0027s Waffle":60,"Happy Flower":67,"HollowMod:LumaflyLanternRelic":74,"Vajra":60,"HollowMod:VesselMask":0,"Orichalcum":67,"Question Card":39,"MawBank":67,"trackpad:DisasterInABottle":67,"Blood Vial":13,"SlaversCollar":50,"REME:ComplimentaryCards":0,"MutagenicStrength":60,"Tiny Chest":27,"Art of War":16}]},"card_choices":[{"not_picked":["HollowMod:CornifersMapStart","HollowMod:NewJinnsSoul"],"picked":"HollowMod:InfectedCysts","floor":1},{"not_picked":["HollowMod:SharpenedNail","HollowMod:SiblingsShadow","HollowMod:CornifersMapStart"],"picked":"SKIP","floor":3},{"not_picked":["HollowMod:WraithStrike","HollowMod:SiblingsShadow"],"picked":"HollowMod:SoulSplash","floor":5},{"not_picked":["HollowMod:WhiteLadysBlessing","HollowMod:DreamGate"],"picked":"HollowMod:NewLittleFool","floor":7},{"not_picked":["HollowMod:WraithStrike","HollowMod:DashSlash"],"picked":"HollowMod:DungDefenderAura","floor":8},{"not_picked":["HollowMod:DescendingDark","HollowMod:HuntersJournal"],"picked":"HollowMod:ShapeofUnn","floor":11},{"not_picked":["HollowMod:ChannelNail","HollowMod:BaldurShell"],"picked":"HollowMod:MawleksShell","floor":12},{"not_picked":["HollowMod:theNailsmith","HollowMod:CornifersMapStart"],"picked":"HollowMod:RecoilStrike","floor":13},{"not_picked":["HollowMod:DoubleDash","HollowMod:HeavyBlow"],"picked":"HollowMod:Weaversong","floor":14},{"not_picked":["HollowMod:LordofShades","HollowMod:PureVessel","HollowMod:HornetsHelp"],"picked":"HollowMod:RadiancesLament","floor":16},{"not_picked":["HollowMod:CornifersMapStart","HollowMod:SoulShaman","HollowMod:DashSlash"],"picked":"HollowMod:HowlingWraiths","floor":18},{"not_picked":["HollowMod:SiblingsSouls","HollowMod:HowlingWraiths+1","HollowMod:WhiteLadysBlessing"],"picked":"HollowMod:BrokenVessel","floor":19},{"not_picked":["HollowMod:VengefulVoid+1","HollowMod:PureNailStrike","HollowMod:NewLittleFool"],"picked":"HollowMod:HeavyBlow","floor":23},{"not_picked":["HollowMod:Grubsong","HollowMod:MawleksShell+1","HollowMod:DescendingDark"],"picked":"HollowMod:TaintedHusks","floor":29}],"player_experience":766059,"relics_obtained":[{"floor":7,"key":"Blood Vial"},{"floor":9,"key":"Art of War"},{"floor":11,"key":"Tiny Chest"},{"floor":14,"key":"Question Card"},{"floor":23,"key":"Happy Flower"},{"floor":25,"key":"MawBank"},{"floor":26,"key":"trackpad:DisasterInABottle"},{"floor":29,"key":"HollowMod:LumaflyLanternRelic"}],"event_choices":[{"damage_healed":0,"gold_gain":0,"player_choice":"Got Potions","damage_taken":0,"max_hp_gain":0,"max_hp_loss":0,"event_name":"Lab","floor":2,"gold_loss":0},{"damage_healed":0,"gold_gain":0,"player_choice":"Inject Mutagens","damage_taken":0,"relics_obtained":["MutagenicStrength"],"max_hp_gain":0,"max_hp_loss":0,"event_name":"Drug Dealer","floor":20,"gold_loss":0},{"damage_healed":0,"gold_gain":0,"player_choice":"Shed Blood","damage_taken":19,"max_hp_gain":5,"max_hp_loss":0,"event_name":"Forgotten Altar","floor":21,"gold_loss":0},{"damage_healed":0,"gold_gain":99,"player_choice":"Steal","damage_taken":0,"max_hp_gain":0,"max_hp_loss":0,"event_name":"betterThird:BetterNest","floor":24,"gold_loss":0},{"damage_healed":0,"gold_gain":0,"player_choice":"Obtained Relic","damage_taken":0,"relics_obtained":["Orichalcum"],"max_hp_gain":0,"max_hp_loss":0,"event_name":"Addict","floor":27,"gold_loss":85}],"is_beta":false,"boss_relics":[{"not_picked":["energizedSpire:NeverEndingSparkler","Coffee Dripper"],"picked":"SlaversCollar"}],"items_purged_floors":[],"is_endless":false,"potions_floor_spawned":[5,7,13,18],"killed_by":"Snecko","ascension_level":1}}