{"host":"r9n4bwsh0iioe8bo","time":1614274686,"event":{"mods":["2.2 Compatiblity","BaseMod","Bestiary","Colored Map","Colored Powertips","Curses Come First","Highlight Path","Minty Spire (QoL Compilation)","Relic Stats","StSLib","SuperFastMode"],"gold_per_floor":[118,134,154,154,154,154,171,171,171,206,206,206,218,234,234,334,384,400,90,70,89,103,133,150,165,165,165,177,24,24,37,37,140,140,156,167,187,187,187],"floor_reached":38,"language":"ENG","playtime":4466,"items_purged":[],"score":429,"play_id":"78501ed8-bd64-4878-b415-dc8c3c232c30","local_time":"20210225173806","is_ascension_mode":false,"campfire_choices":[{"data":"Armaments","floor":6,"key":"SMITH"},{"data":"Metallicize","floor":8,"key":"SMITH"},{"data":"Shrug It Off","floor":11,"key":"SMITH"},{"data":"Body Slam","floor":15,"key":"SMITH"},{"data":"Infernal Blade","floor":27,"key":"SMITH"},{"data":"Fire Breathing","floor":30,"key":"SMITH"},{"data":"Good Instincts","floor":32,"key":"SMITH"}],"circlet_count":0,"master_deck":["Strike_R","Strike_R","Strike_R","Strike_R","Defend_R","Defend_R","Defend_R","Defend_R","Bash","Shockwave","Perfected Strike","Armaments+1","Metallicize+1","Shrug It Off+1","Good Instincts+1","Pommel Strike+1","Fire Breathing+1","Body Slam+1","Brutality","Infernal Blade+1","Clash","Twin Strike","True Grit+1","Reckless Charge","Cleave+1","Pommel Strike+1","Flex+1","Bludgeon","Rupture+1"],"relics":["Burning Blood","Shovel","StoneCalendar","Tiny House","TungstenRod","Strawberry","Bronze Scales","Red Skull","Velvet Choker"],"acts_visited":["Exordium","TheCity","TheBeyond"],"potions_floor_usage":[10,10,20,20,23,28,33,33,33,33,37],"damage_taken":[{"damage":0,"enemies":"Small Slimes","floor":1,"turns":3},{"damage":0,"enemies":"Cultist","floor":2,"turns":3},{"damage":1,"enemies":"Jaw Worm","floor":3,"turns":3},{"damage":9,"enemies":"Looter","floor":7,"turns":4},{"damage":6,"enemies":"Lagavulin","floor":10,"turns":8},{"damage":16,"enemies":"Exordium Thugs","floor":13,"turns":4},{"damage":0,"enemies":"3 Louse","floor":14,"turns":6},{"damage":23,"enemies":"Slime Boss","floor":16,"turns":7},{"damage":21,"enemies":"Chosen","floor":18,"turns":6},{"damage":4,"enemies":"2 Thieves","floor":20,"turns":4},{"damage":16,"enemies":"Snake Plant","floor":21,"turns":6},{"damage":2,"enemies":"Chosen and Byrds","floor":22,"turns":7},{"damage":23,"enemies":"Book of Stabbing","floor":23,"turns":6},{"damage":0,"enemies":"3 Cultists","floor":24,"turns":5},{"damage":9,"enemies":"Shelled Parasite and Fungi","floor":25,"turns":6},{"damage":5,"enemies":"Centurion and Healer","floor":28,"turns":6},{"damage":12,"enemies":"3 Cultists","floor":31,"turns":6},{"damage":86,"enemies":"Champ","floor":33,"turns":16},{"damage":25,"enemies":"3 Darklings","floor":35,"turns":5},{"damage":32,"enemies":"3 Shapes","floor":36,"turns":5},{"damage":26,"enemies":"Maw","floor":37,"turns":7},{"damage":38,"enemies":"3 Darklings","floor":38,"turns":2}],"seed_played":"-5333735652143859339","potions_obtained":[{"floor":2,"key":"SpeedPotion"},{"floor":7,"key":"SpeedPotion"},{"floor":16,"key":"Fire Potion"},{"floor":17,"key":"LiquidBronze"},{"floor":21,"key":"BloodPotion"},{"floor":22,"key":"AttackPotion"},{"floor":25,"key":"BlessingOfTheForge"},{"floor":28,"key":"BloodPotion"},{"floor":31,"key":"Energy Potion"},{"floor":33,"key":"Fruit Juice"},{"floor":35,"key":"SteroidPotion"},{"floor":37,"key":"FearPotion"}],"is_trial":false,"path_per_floor":["M","M","M","?","?","R","M","R","T","E","R","?","M","M","R","B",null,"M","$","M","M","M","E","M","M","T","R","M","$","R","M","R","B",null,"M","M","M","M"],"character_chosen":"IRONCLAD","items_purchased":["TungstenRod","Red Skull"],"campfire_rested":0,"item_purchase_floors":[19,29],"current_hp_per_floor":[80,80,80,80,85,85,82,82,82,82,82,82,72,78,78,61,90,75,75,77,67,71,61,67,64,64,64,65,65,65,59,59,22,102,83,57,37,0,0],"gold":187,"neow_bonus":"TRANSFORM_CARD","is_daily":false,"chose_seed":false,"campfire_upgraded":7,"win_rate":0.0,"timestamp":1614274686,"path_taken":["M","M","M","?","?","R","M","R","T","E","R","?","?","M","R","BOSS","M","$","M","M","M","E","M","M","T","R","M","$","R","M","R","BOSS","M","M","M","M"],"items_purchased_type":["Relic","Relic"],"build_version":"2020-12-22","purchased_purges":0,"victory":false,"max_hp_per_floor":[80,80,80,80,85,85,85,85,85,85,85,85,85,85,85,85,90,90,90,90,90,90,97,97,97,97,97,97,97,97,97,97,102,102,102,102,102,102,102],"relic_stats":{"Shovel":0,"counters":[22,125],"Bronze Scales":[138],"StoneCalendar":[131],"obtain_stats":[{"Shovel":9,"Tiny House":17,"Strawberry":23,"Bronze Scales":26,"Velvet Choker":34,"StoneCalendar":10,"Burning Blood":0,"TungstenRod":19,"Red Skull":29},{"Shovel":4,"Tiny House":8,"Strawberry":13,"Bronze Scales":15,"Velvet Choker":18,"StoneCalendar":5,"Burning Blood":0,"TungstenRod":9,"Red Skull":16},{"Shovel":13,"Tiny House":38,"Strawberry":67,"Bronze Scales":78,"Velvet Choker":106,"StoneCalendar":21,"Burning Blood":0,"TungstenRod":44,"Red Skull":84}],"Burning Blood":109,"TungstenRod":88},"card_choices":[{"not_picked":["True Grit","Iron Wave"],"picked":"Perfected Strike","floor":1},{"not_picked":["Pommel Strike","Intimidate"],"picked":"Armaments","floor":2},{"not_picked":["Second Wind","Evolve","True Grit"],"picked":"SKIP","floor":3},{"not_picked":["Hemokinesis","Feel No Pain"],"picked":"Metallicize","floor":7},{"not_picked":["Dual Wield","Burning Pact"],"picked":"Shrug It Off","floor":10},{"not_picked":["Perfected Strike","Dark Embrace"],"picked":"Fire Breathing","floor":13},{"not_picked":["Reaper","Dropkick"],"picked":"Body Slam","floor":14},{"not_picked":["Offering","Exhume"],"picked":"Brutality","floor":16},{"not_picked":["Wild Strike","Flex"],"picked":"Infernal Blade","floor":17},{"not_picked":["Intimidate","Uppercut"],"picked":"Clash","floor":18},{"not_picked":["Ghostly Armor","Wild Strike"],"picked":"Twin Strike","floor":20},{"not_picked":["Berserk","Infernal Blade"],"picked":"True Grit+1","floor":21},{"not_picked":["Headbutt+1","Infernal Blade"],"picked":"Reckless Charge","floor":22},{"not_picked":["Hemokinesis","Headbutt"],"picked":"Cleave+1","floor":23},{"not_picked":["Sever Soul","Spot Weakness","Evolve+1"],"picked":"SKIP","floor":24},{"not_picked":["Battle Trance","Perfected Strike"],"picked":"Pommel Strike+1","floor":25},{"not_picked":["True Grit","Burning Pact+1","Heavy Blade"],"picked":"SKIP","floor":28},{"not_picked":["Rampage","Anger+1"],"picked":"Flex+1","floor":31},{"not_picked":["Exhume","Barricade"],"picked":"Bludgeon","floor":33},{"not_picked":["Heavy Blade+1","Flex","Fire Breathing"],"picked":"SKIP","floor":35},{"not_picked":["Pommel Strike","Armaments+1"],"picked":"Rupture+1","floor":36},{"not_picked":["Combust","Rupture+1","Warcry+1"],"picked":"SKIP","floor":37}],"player_experience":38779,"relics_obtained":[{"floor":9,"key":"Shovel"},{"floor":10,"key":"StoneCalendar"},{"floor":23,"key":"Strawberry"},{"floor":26,"key":"Bronze Scales"}],"event_choices":[{"damage_healed":0,"gold_gain":0,"player_choice":"Ignored","damage_taken":0,"max_hp_gain":0,"max_hp_loss":0,"event_name":"Golden Wing","floor":4,"gold_loss":0},{"damage_healed":0,"gold_gain":0,"player_choice":"Donut","damage_taken":0,"max_hp_gain":5,"max_hp_loss":0,"event_name":"Big Fish","floor":5,"gold_loss":0},{"damage_healed":0,"gold_gain":0,"player_choice":"2 cards matched","damage_taken":0,"max_hp_gain":0,"max_hp_loss":0,"event_name":"Match and Keep!","floor":12,"gold_loss":0,"cards_obtained":["Good Instincts","Pommel Strike"]},{"damage_healed":0,"gold_gain":0,"player_choice":"2 cards matched","damage_taken":0,"max_hp_gain":0,"max_hp_loss":0,"event_name":"Match and Keep!","floor":12,"gold_loss":0,"cards_obtained":["Good Instincts","Pommel Strike"]}],"is_beta":false,"boss_relics":[{"not_picked":["Sozu","Snecko Eye"],"picked":"Tiny House"},{"not_picked":["Runic Dome","Runic Cube"],"picked":"Velvet Choker"}],"items_purged_floors":[],"is_endless":false,"potions_floor_spawned":[2,7,16,21,22,25,28,31,33,35,37],"killed_by":"3 Darklings","ascension_level":0}}