{"host":"ecvfachamqf62ewl","time":1614288965,"event":{"mods":["AchievementEnabler","BaseMod","Colored Map","Colored Powertips","Minty Spire (QoL Compilation)","Rare Cards Sparkle","Relic Stats","StSLib","SuperFastMode"],"gold_per_floor":[112,130,145,162,181,181,194,269,317,317,344,344,354,382,382,382,382],"floor_reached":16,"language":"ENG","playtime":660,"items_purged":[],"score":173,"play_id":"9a7c96a9-cb6e-4153-8dd9-f0eec08c9d4e","local_time":"20210225163605","is_ascension_mode":true,"campfire_choices":[{"data":"Rampage","floor":6,"key":"SMITH"},{"data":"True Grit","floor":12,"key":"SMITH"},{"data":"Sever Soul","floor":15,"key":"SMITH"}],"circlet_count":0,"master_deck":["Strike_R","Strike_R","Strike_R","Strike_R","Defend_R","Defend_R","Defend_R","Defend_R","Bash","True Grit","Rampage+1","Cleave","Sever Soul+1","Flame Barrier","True Grit+1","Fiend Fire","Wild Strike","Burning Pact"],"relics":["Burning Blood","Happy Flower","Boot","Pear"],"acts_visited":["Exordium"],"potions_floor_usage":[11,11,16,16],"damage_taken":[{"damage":0,"enemies":"2 Louse","floor":1,"turns":3},{"damage":0,"enemies":"Small Slimes","floor":2,"turns":3},{"damage":1,"enemies":"Cultist","floor":3,"turns":3},{"damage":7,"enemies":"3 Louse","floor":4,"turns":3},{"damage":23,"enemies":"Large Slime","floor":5,"turns":6},{"damage":25,"enemies":"Exordium Thugs","floor":7,"turns":6},{"damage":13,"enemies":"3 Sentries","floor":11,"turns":6},{"damage":12,"enemies":"Exordium Wildlife","floor":13,"turns":4},{"damage":26,"enemies":"Gremlin Nob","floor":14,"turns":4},{"damage":18,"enemies":"Hexaghost","floor":16,"turns":9}],"seed_played":"-2959144553087348009","potions_obtained":[{"floor":2,"key":"BlessingOfTheForge"},{"floor":4,"key":"BlessingOfTheForge"},{"floor":11,"key":"EssenceOfSteel"},{"floor":14,"key":"Block Potion"}],"is_trial":false,"path_per_floor":["M","M","M","M","M","R","M","?","T","?","E","R","M","E","R","B"],"character_chosen":"IRONCLAD","items_purchased":[],"campfire_rested":0,"item_purchase_floors":[],"current_hp_per_floor":[86,88,88,87,70,70,51,40,40,40,33,33,27,17,17,0,0],"gold":382,"neow_bonus":"TEN_PERCENT_HP_BONUS","is_daily":false,"chose_seed":false,"campfire_upgraded":3,"win_rate":0.0,"timestamp":1614288965,"path_taken":["M","M","M","M","M","R","M","?","T","?","E","R","?","E","R","BOSS"],"items_purchased_type":[],"build_version":"2020-12-22","purchased_purges":0,"victory":false,"max_hp_per_floor":[88,88,88,88,88,88,88,88,88,88,88,88,88,98,98,98,98],"relic_stats":{"Happy Flower":[7],"counters":[10,47],"Boot":[0],"obtain_stats":[{"Pear":14,"Happy Flower":9,"Boot":11,"Burning Blood":0},{"Pear":9,"Happy Flower":6,"Boot":7,"Burning Blood":0},{"Pear":38,"Happy Flower":24,"Boot":30,"Burning Blood":0}],"Burning Blood":45},"card_choices":[{"not_picked":["Flex","Anger"],"picked":"True Grit","floor":1},{"not_picked":["Thunderclap","Headbutt"],"picked":"Rampage","floor":2},{"not_picked":["Anger","Armaments"],"picked":"Cleave","floor":3},{"not_picked":["Whirlwind","Rage"],"picked":"Sever Soul","floor":4},{"not_picked":["Metallicize","Bludgeon"],"picked":"Flame Barrier","floor":5},{"not_picked":["Clash","Iron Wave"],"picked":"True Grit","floor":7},{"not_picked":["Entrench","Pommel Strike"],"picked":"Fiend Fire","floor":11},{"not_picked":["Shrug It Off","Whirlwind"],"picked":"Wild Strike","floor":13},{"not_picked":["Sword Boomerang","Perfected Strike"],"picked":"Burning Pact","floor":14}],"player_experience":451751,"relics_obtained":[{"floor":9,"key":"Happy Flower"},{"floor":11,"key":"Boot"},{"floor":14,"key":"Pear"}],"event_choices":[{"damage_healed":0,"gold_gain":75,"player_choice":"Gather Gold","damage_taken":11,"max_hp_gain":0,"max_hp_loss":0,"event_name":"World of Goop","floor":8,"gold_loss":0},{"cards_removed":["Strike_R"],"damage_healed":0,"gold_gain":0,"player_choice":"Purged","damage_taken":0,"max_hp_gain":0,"max_hp_loss":0,"event_name":"Purifier","floor":10,"gold_loss":0}],"is_beta":false,"boss_relics":[],"items_purged_floors":[],"is_endless":false,"potions_floor_spawned":[2,4,11,14],"killed_by":"Hexaghost","ascension_level":6}}