{"host":"tq99ucv8ezzqzioe","time":1614287816,"event":{"mods":["BaseMod","Colored Map","Downfall","Highlight Path","Minty Spire (QoL Compilation)","StSLib"],"gold_per_floor":[114,114,3,3,3,3,47,47,74,74,95,119,119,162,162,281,281,305,305,329,329,353,353,353,353,376,376,417,426,41,70,70,70,70],"floor_reached":33,"language":"ENG","playtime":3780,"items_purged":["Decay"],"score":447,"play_id":"8f3c53f2-7c6c-4a1c-9e4d-f40bec5a4a1b","local_time":"20210225161656","is_ascension_mode":true,"campfire_choices":[{"data":"Eruption","floor":6,"key":"SMITH"},{"floor":8,"key":"REST"},{"data":"Blasphemy","floor":13,"key":"SMITH"},{"floor":15,"key":"RECALL"},{"floor":23,"key":"REST"},{"floor":25,"key":"REST"},{"data":"Vigilance","floor":27,"key":"SMITH"},{"floor":29,"key":"REST"},{"data":"WindmillStrike","floor":32,"key":"SMITH"}],"circlet_count":0,"master_deck":["Strike_P","Strike_P","Strike_P","Defend_P","Defend_P","Defend_P","Eruption+1","Vigilance+1","Sanctity","WindmillStrike+1","Vengeance","ReachHeaven","FollowUp","Blasphemy+1","Conclude","Swivel","SpiritShield","ThirdEye","CrushJoints","Sanctity","SashWhip+1","Writhe","CutThroughFate+1","Perseverance+1","TalkToTheHand+1","EmptyBody","Tantrum+1","Protect","DevaForm","EmptyBody","ThirdEye"],"relics":["PureWater","Bloody Idol","Pantograph","Dream Catcher","Blood Vial","Philosopher\u0027s Stone","Prayer Wheel","CeramicFish","Smiling Mask","Akabeko"],"acts_visited":["Exordium","TheCity"],"potions_floor_usage":[18,22,22,31],"damage_taken":[{"damage":7,"enemies":"Small Slimes","floor":1,"turns":5},{"damage":30,"enemies":"Lagavulin","floor":7,"turns":7},{"damage":0,"enemies":"Cultist","floor":11,"turns":2},{"damage":4,"enemies":"Jaw Worm","floor":12,"turns":2},{"damage":23,"enemies":"3 Sentries","floor":14,"turns":6},{"damage":0,"enemies":"Slime Boss","floor":16,"turns":4},{"damage":5,"enemies":"Chosen","floor":18,"turns":4},{"damage":11,"enemies":"Shell Parasite","floor":20,"turns":4},{"damage":52,"enemies":"Snake Plant","floor":22,"turns":6},{"damage":29,"enemies":"Book of Stabbing","floor":28,"turns":7},{"damage":3,"enemies":"3 Cultists","floor":31,"turns":4},{"damage":78,"enemies":"Automaton","floor":33,"turns":6}],"seed_played":"6718463833054472779","potions_obtained":[{"floor":7,"key":"DuplicationPotion"},{"floor":16,"key":"SpeedPotion"},{"floor":18,"key":"GamblersBrew"},{"floor":22,"key":"Strength Potion"},{"floor":28,"key":"FearPotion"}],"is_trial":false,"path_per_floor":["M","?","$","?","T","R","E","R","T","?","M","M","R","E","R","B",null,"M","?","M","?","M","R","?","R","T","R","E","R","$","M","R","B"],"character_chosen":"WATCHER","items_purchased":["Vengeance","ReachHeaven","Akabeko","DevaForm","EmptyBody"],"campfire_rested":4,"item_purchase_floors":[3,3,30,30,30],"current_hp_per_floor":[65,65,65,65,65,65,35,56,56,56,56,52,52,29,29,56,69,66,66,57,57,7,28,28,49,54,54,37,63,73,73,73,0,0],"gold":70,"neow_bonus":"TEN_PERCENT_HP_BONUS","is_daily":false,"chose_seed":false,"campfire_upgraded":4,"win_rate":0.0,"timestamp":1614287816,"path_taken":["M","?","?","?","?","R","E","R","T","?","?","M","R","E","R","BOSS","M","?","M","?","M","R","?","R","T","R","E","R","$","?","R","BOSS"],"items_purchased_type":["Card","Card","Relic","Card","Card"],"build_version":"2020-12-22","purchased_purges":1,"victory":false,"max_hp_per_floor":[79,79,79,73,73,73,73,73,73,73,73,73,73,73,73,73,73,73,73,73,73,73,73,73,73,73,73,73,73,73,73,73,73,73],"card_choices":[{"not_picked":["EmptyBody","BowlingBash"],"picked":"Sanctity","floor":1},{"not_picked":["Evaluate","JustLucky"],"picked":"FollowUp","floor":7},{"not_picked":["Meditate","Halt"],"picked":"Blasphemy","floor":8},{"not_picked":["Crescendo","Consecrate"],"picked":"Conclude","floor":11},{"not_picked":["Weave","Vengeance"],"picked":"Swivel","floor":12},{"not_picked":["Collect","Wireheading"],"picked":"WindmillStrike","floor":14},{"not_picked":["DeusExMachina","MasterReality"],"picked":"SpiritShield","floor":16},{"not_picked":["InnerPeace","Protect"],"picked":"ThirdEye","floor":18},{"not_picked":["FollowUp","CrushJoints"],"picked":"SashWhip+1","floor":20},{"not_picked":["Crescendo","ClearTheMind+1"],"picked":"CutThroughFate+1","floor":22},{"not_picked":["Weave","CrushJoints"],"picked":"Perseverance+1","floor":22},{"not_picked":["EmptyBody","Halt"],"picked":"TalkToTheHand+1","floor":23},{"not_picked":["WindmillStrike+1","Adaptation"],"picked":"EmptyBody","floor":25},{"not_picked":["JustLucky+1","Fasting2+1"],"picked":"Tantrum+1","floor":28},{"not_picked":["Blasphemy","WaveOfTheHand"],"picked":"Protect","floor":29},{"not_picked":["JustLucky","SashWhip"],"picked":"ThirdEye","floor":31},{"not_picked":["Indignation","SashWhip+1","Nirvana"],"picked":"SKIP","floor":31}],"player_experience":1050561,"relics_obtained":[{"floor":5,"key":"Pantograph"},{"floor":7,"key":"Dream Catcher"},{"floor":14,"key":"Blood Vial"},{"floor":26,"key":"CeramicFish"},{"floor":28,"key":"Smiling Mask"}],"event_choices":[{"damage_healed":0,"gold_gain":0,"cards_transformed":["Defend_P"],"player_choice":"Transformed","damage_taken":0,"max_hp_gain":0,"max_hp_loss":0,"event_name":"Transmorgrifier","floor":2,"gold_loss":0,"cards_obtained":["WindmillStrike"]},{"damage_healed":0,"gold_gain":0,"player_choice":"Lose Max HP","damage_taken":0,"relics_obtained":["Golden Idol"],"max_hp_gain":0,"max_hp_loss":6,"event_name":"Golden Idol","floor":4,"gold_loss":0},{"damage_healed":0,"gold_gain":0,"player_choice":"Cursed","damage_taken":0,"max_hp_gain":0,"max_hp_loss":0,"event_name":"Wheel of Change","floor":10,"gold_loss":0,"cards_obtained":["Decay"]},{"damage_healed":0,"gold_gain":0,"cards_transformed":["Strike_P","WindmillStrike"],"player_choice":"Became Test Subject","damage_taken":0,"max_hp_gain":0,"max_hp_loss":0,"event_name":"Drug Dealer","floor":19,"gold_loss":0,"cards_obtained":["CrushJoints","Sanctity"]},{"damage_healed":0,"gold_gain":0,"player_choice":"Opened","damage_taken":0,"relics_obtained":["Prayer Wheel"],"max_hp_gain":0,"max_hp_loss":0,"event_name":"The Mausoleum","floor":21,"gold_loss":0,"cards_obtained":["Writhe"]},{"damage_healed":0,"gold_gain":0,"player_choice":"Gave Idol","damage_taken":0,"relics_obtained":["Bloody Idol"],"max_hp_gain":0,"max_hp_loss":0,"event_name":"Forgotten Altar","floor":24,"relics_lost":["Golden Idol"],"gold_loss":0}],"is_beta":false,"boss_relics":[{"not_picked":["Black Star","SacredBark"],"picked":"Philosopher\u0027s Stone"}],"items_purged_floors":[30],"is_endless":false,"potions_floor_spawned":[7,16,18,22,28],"killed_by":"Automaton","ascension_level":8}}