{"host":"ukx402utdi8v8522","time":1614267944,"event":{"mods":["AchievementEnabler","BaseMod","Colored Map","Colored Powertips","Downfall","Minty Spire (QoL Compilation)","StSLib"],"gold_per_floor":[0,11,29,14,33,52,52,84,84,94,119,119,19,37,50,150,150,50,62,62,79,179,179,228,228,228,240,251,266,296,157,174,273,273,173,191,207,221,49,62,114,140,140,140,153,165,182,197,211,211,211,241,15,15,15,15,15,15],"floor_reached":56,"language":"ENG","playtime":5479,"items_purged":["downfall:Bewildered"],"score":719,"play_id":"21614708-2f96-447b-b119-abcb073b300c","local_time":"20210226024544","is_ascension_mode":false,"campfire_choices":[{"floor":1,"key":"RECALL"},{"data":"champ:Duel","floor":9,"key":"SMITH"},{"data":"champ:Execute","floor":13,"key":"SMITH"},{"data":"champ:Lariat","floor":18,"key":"SMITH"},{"data":"champ:RecklessLeap","floor":23,"key":"SMITH"},{"data":"champ:FanOfKnives","floor":35,"key":"SMITH"},{"data":"champ:StanceDance","floor":44,"key":"SMITH"},{"data":"champ:StanceDance","floor":54,"key":"SMITH"}],"circlet_count":0,"master_deck":["champ:Strike","champ:Strike","champ:Defend","champ:Defend","champ:Defend","champ:Execute+1","champ:Taunt","champ:ViciousMockery","champ:Duel+1","champ:AdrenalArmor","champ:StanceDance+1","champ:RecklessLeap+1","champ:Shatter","champ:Lariat+1","champ:LastStand+1","champ:FanOfKnives+1","champ:Haymaker","champ:FaceSlap","champ:SkillfulDodge","champ:StanceDance+1","champ:DancingMaster+1","champ:FocusedDefense","champ:StanceDance","champ:FancyFootwork+1","champ:FocusedBerserking+1","champ:BerserkersShout+1","champ:GutPunch","champ:FocusedDefense","champ:HeartStrike+1","champ:SetATrap","champ:LastStand+1","champ:EndlessRage+1"],"relics":["champ:ChampionCrown","Orichalcum","Singing Bowl","Sundial","Frozen Egg 2","downfall:HeartBlessingRed","bronze:MakeshiftBattery","downfall:HeartBlessingGreen","sneckomod:BabySnecko","Incense Burner","Dream Catcher","Runic Pyramid","downfall:HeartBlessingBlue","Vajra","Lantern","Juzu Bracelet","Toy Ornithopter","Oddly Smooth Stone"],"acts_visited":["Exordium","TheCity","TheBeyond","TheEnding"],"potions_floor_usage":[8,16,16,21,28,33,33,33,39,39,42,48,50,50,50],"damage_taken":[{"damage":21,"enemies":"Jaw Worm","floor":2,"turns":4},{"damage":10,"enemies":"2 Louse","floor":3,"turns":2},{"damage":10,"enemies":"downfall:FleeingMerchant","floor":4,"turns":4},{"damage":20,"enemies":"Small Slimes","floor":5,"turns":3},{"damage":10,"enemies":"downfall:LooterAlt","floor":6,"turns":4},{"damage":52,"enemies":"Lagavulin","floor":8,"turns":6},{"damage":24,"enemies":"Exordium Wildlife","floor":10,"turns":4},{"damage":51,"enemies":"3 Sentries","floor":11,"turns":5},{"damage":50,"enemies":"Exordium Thugs","floor":14,"turns":4},{"damage":23,"enemies":"2 Fungi Beasts","floor":15,"turns":2},{"damage":64,"enemies":"WA_ARCHETYPE_RETAIN","floor":16,"turns":5},{"damage":40,"enemies":"downfall:LooterAlt2","floor":19,"turns":6},{"damage":25,"enemies":"Spheric Guardian","floor":21,"turns":3},{"damage":48,"enemies":"Cultist and Chosen","floor":27,"turns":7},{"damage":44,"enemies":"Snake Plant","floor":28,"turns":3},{"damage":16,"enemies":"Centurion and Healer","floor":29,"turns":4},{"damage":44,"enemies":"Slavers","floor":30,"turns":4},{"damage":40,"enemies":"downfall:FleeingMerchant","floor":31,"turns":4},{"damage":41,"enemies":"Shelled Parasite and Fungi","floor":32,"turns":4},{"damage":129,"enemies":"SI_MIRROR_ARCHETYPE","floor":33,"turns":12},{"damage":4,"enemies":"Orb Walker","floor":36,"turns":2},{"damage":31,"enemies":"3 Darklings","floor":37,"turns":3},{"damage":59,"enemies":"Writhing Mass","floor":38,"turns":3},{"damage":37,"enemies":"downfall:FleeingMerchant","floor":39,"turns":4},{"damage":125,"enemies":"Maw","floor":40,"turns":8},{"damage":61,"enemies":"Reptomancer","floor":42,"turns":5},{"damage":46,"enemies":"Jaw Worm Horde","floor":45,"turns":3},{"damage":40,"enemies":"Spire Growth","floor":46,"turns":3},{"damage":50,"enemies":"Sphere and 2 Shapes","floor":47,"turns":3},{"damage":11,"enemies":"3 Darklings","floor":48,"turns":3},{"damage":23,"enemies":"Spire Growth","floor":49,"turns":3},{"damage":85,"enemies":"IC_BLOCK_ARCHETYPE","floor":50,"turns":7},{"damage":158,"enemies":"downfall:CharBossMerchant","floor":52,"turns":7},{"damage":152,"enemies":"downfall:NeowBoss","floor":55,"turns":15},{"damage":129,"enemies":"downfall:NeowBossFinal","floor":56,"turns":8}],"seed_played":"-8213708235552800383","potions_obtained":[{"floor":5,"key":"Strength Potion"},{"floor":8,"key":"Dexterity Potion"},{"floor":11,"key":"champ:CounterPotion"},{"floor":15,"key":"Swift Potion"},{"floor":16,"key":"SkillPotion"},{"floor":27,"key":"hexamod:SoulburnPotion"},{"floor":28,"key":"BlessingOfTheForge"},{"floor":30,"key":"PowerPotion"},{"floor":33,"key":"PowerPotion"},{"floor":36,"key":"EntropicBrew"},{"floor":40,"key":"champ:TechniquePotion"},{"floor":45,"key":"CultistPotion"},{"floor":48,"key":"Strength Potion"}],"is_trial":false,"path_per_floor":["R","M","M","$","M","M","T","E","R","M","E","?","R","M","M","B",null,"R","M","?","M","?","R","T","?","T","M","M","M","E","$","M","B",null,"R","M","M","M","$","M","T","E","?","R","M","M","M","M","M","B",null,"E","$","R","B","B"],"character_chosen":"THE_CHAMP","items_purchased":["champ:StanceDance","Vajra","champ:EndlessRage+1","Oddly Smooth Stone"],"campfire_rested":0,"item_purchase_floors":[31,39,53,53],"current_hp_per_floor":[90,89,89,89,89,89,89,77,77,68,59,59,59,54,51,22,92,92,87,87,89,89,89,89,89,89,91,82,88,66,66,62,14,100,110,106,110,106,110,74,74,75,67,67,61,63,63,54,66,30,116,60,60,60,63,0,0,0],"gold":15,"neow_bonus":"REMOVE_TWO","is_daily":false,"chose_seed":false,"campfire_upgraded":7,"win_rate":0.0,"timestamp":1614267944,"path_taken":["R","M","M","$","M","M","T","E","R","M","E","?","R","M","M","BOSS","R","M","?","M","?","R","T","?","?","?","M","M","E","$","M","BOSS","R","M","M","M","$","M","T","E","?","R","M","M","M","M","M","BOSS","E","$","R","BOSS","BOSS"],"items_purchased_type":["Card","Relic","Card","Relic"],"build_version":"2020-12-22","purchased_purges":1,"victory":false,"max_hp_per_floor":[90,90,90,90,90,90,90,90,90,90,92,92,92,92,92,92,92,92,92,92,94,94,94,94,94,94,94,94,96,98,98,100,100,100,110,110,110,110,110,110,110,112,112,112,112,114,114,116,116,116,116,118,118,118,118,118,118,118],"card_choices":[{"not_picked":["champ:EnGarde","champ:Endure"],"picked":"champ:ViciousMockery","floor":2},{"not_picked":["champ:BringItOn","champ:SetATrap"],"picked":"champ:Duel","floor":3},{"not_picked":["champ:ShieldWall","champ:EnGarde"],"picked":"champ:IronFortress","floor":4},{"not_picked":["champ:Shatter","champ:Haymaker"],"picked":"champ:AdrenalArmor","floor":5},{"not_picked":["champ:BladeFlurry","champ:Backstep","champ:AdrenalArmor"],"picked":"SKIP","floor":6},{"not_picked":["champ:PreemptiveStrike","champ:TornadoPunch"],"picked":"champ:StanceDance","floor":8},{"not_picked":["champ:BerserkersShout","champ:Circumvent"],"picked":"champ:RecklessLeap","floor":10},{"not_picked":["champ:BerserkersShout","champ:LastStand","champ:FlashCut"],"picked":"Singing Bowl","floor":11},{"not_picked":["champ:StanceDance","champ:DefensiveShout"],"picked":"champ:Shatter","floor":14},{"not_picked":["champ:PreciseThrust","champ:Duel"],"picked":"champ:Lariat","floor":15},{"not_picked":["champ:GladiatorForm+1","champ:Improvising+1"],"picked":"champ:LastStand+1","floor":16},{"not_picked":["champ:EnGarde","champ:StanceDance+1"],"picked":"champ:FanOfKnives","floor":19},{"not_picked":["champ:FlashCut+1","champ:PreciseThrust","champ:ViciousMockery"],"picked":"Singing Bowl","floor":21},{"not_picked":["champ:CrownThrow","champ:Duel"],"picked":"champ:Haymaker","floor":27},{"not_picked":["champ:TornadoPunch","champ:EnGarde"],"picked":"champ:FaceSlap","floor":28},{"not_picked":["champ:ViciousMockery+1","champ:Haymaker","champ:SkillfulDodge"],"picked":"Singing Bowl","floor":29},{"not_picked":["champ:FaceSlap","champ:ViciousMockery+1","champ:PreciseThrust+1"],"picked":"Singing Bowl","floor":30},{"not_picked":["champ:TornadoPunch","champ:Encircle"],"picked":"champ:SkillfulDodge","floor":31},{"not_picked":["champ:EnGarde","champ:SwordThrow","champ:Circumvent"],"picked":"Singing Bowl","floor":32},{"not_picked":["champ:Devastate","champ:StrikeOfGenius+1"],"picked":"champ:DancingMaster+1","floor":33},{"not_picked":["champ:IronFortress+1","champ:TornadoPunch"],"picked":"champ:FocusedDefense","floor":36},{"not_picked":["champ:Circumvent+1","champ:PreciseThrust"],"picked":"champ:StanceDance","floor":37},{"not_picked":["champ:PreciseThrust+1","champ:HeartStrike+1"],"picked":"champ:FancyFootwork+1","floor":38},{"not_picked":["champ:BladeFlurry","champ:PreemptiveStrike"],"picked":"champ:FocusedBerserking+1","floor":39},{"not_picked":["champ:GladiatorStyle+1","champ:FanOfKnives+1"],"picked":"champ:BerserkersShout+1","floor":40},{"not_picked":["champ:Duel","champ:Shatter+1","champ:BladeFlurry"],"picked":"Singing Bowl","floor":42},{"not_picked":["champ:TornadoPunch","champ:BerserkersShout+1"],"picked":"champ:HeartStrike+1","floor":45},{"not_picked":["champ:CrownThrow+1","champ:DefensiveShout","champ:ArenaPreparation+1"],"picked":"Singing Bowl","floor":46},{"not_picked":["champ:EnGarde+1","champ:Backstep"],"picked":"champ:SetATrap","floor":47},{"not_picked":["champ:SetATrap+1","champ:TornadoPunch","champ:PerfectedStrike"],"picked":"Singing Bowl","floor":48},{"not_picked":["champ:FanOfKnives","champ:EnGarde"],"picked":"champ:LastStand+1","floor":49},{"not_picked":["champ:BerserkersShout+1","champ:PerfectedStrike","champ:CrownThrow"],"picked":"Singing Bowl","floor":52}],"player_experience":535126,"relics_obtained":[{"floor":7,"key":"Orichalcum"},{"floor":8,"key":"Singing Bowl"},{"floor":11,"key":"Sundial"},{"floor":26,"key":"Incense Burner"},{"floor":30,"key":"Dream Catcher"},{"floor":41,"key":"Lantern"},{"floor":42,"key":"Juzu Bracelet"},{"floor":52,"key":"Toy Ornithopter"}],"event_choices":[{"damage_healed":0,"gold_gain":0,"player_choice":"Box","damage_taken":0,"relics_obtained":["Frozen Egg 2"],"max_hp_gain":0,"max_hp_loss":0,"event_name":"Big Fish","floor":12,"gold_loss":0,"cards_obtained":["Regret"]}],"is_beta":false,"boss_relics":[{"not_picked":["Velvet Choker","Fusion Hammer"],"picked":"bronze:MakeshiftBattery"},{"not_picked":["Tiny House","Calling Bell"],"picked":"Runic Pyramid"}],"items_purged_floors":[31],"is_endless":false,"potions_floor_spawned":[5,8,11,15,16,27,28,30,32,33,36,40,45,46,48],"killed_by":"downfall:NeowBossFinal","ascension_level":0}}