{"host":"c35j6tsoy7cxzn43","time":1614254913,"event":{"mods":["BaseMod","Better Third Choice","BetterRewards","Colored Map","Colored Powertips","Conspire","Highlight Path","Hubris","Infinite Spire","Minty Spire (QoL Compilation)","Quick Restart","Replay The Spire","Shop Mod","StSLib"],"gold_per_floor":[114,129,129,54,64,64,75,105,152,152,152,163,174,193,193,288,288,304,66,66,66,66,83,99,99,99,116,166,195,212,212,212,227,227,322,322,336,87,104,104,119,153,153,181,204,224,224,250,266,292,292,292,292,292,42,73,73,73],"floor_reached":57,"language":"ENG","playtime":2975,"items_purged":["Defend_R","Strike_R","Defend_R","Defend_R"],"score":816,"play_id":"3d7c6afd-25b8-4fbd-be30-c7cb55a26d67","local_time":"20210225130833","is_ascension_mode":false,"campfire_choices":[{"data":"ReplayTheSpireMod:Stacked","floor":6,"key":"SMITH"},{"data":"Whirlwind","floor":11,"key":"SMITH"},{"data":"Flex","floor":15,"key":"SMITH"},{"data":"Double Tap","floor":25,"key":"SMITH"},{"data":"Offering","floor":31,"key":"SMITH"},{"data":"Bash","floor":34,"key":"SMITH"},{"floor":43,"key":"RECALL"},{"floor":47,"key":"REST"},{"floor":51,"key":"DIG"},{"floor":54,"key":"DIG"}],"circlet_count":0,"master_deck":["Strike_R+1","Strike_R+1","Strike_R+1","Strike_R+1","Defend_R","Bash+1","ReplayTheSpireMod:Stacked+1","Bloodletting+1","Whirlwind+1","Double Tap+1","Flex+1","Offering+1","Heavy Blade+1","Offering+1","hubris:StunningStrike","Armaments+1","ReplayTheSpireMod:Stacked+1","Iron Wave+1","Shrug It Off+1","Sentinel+1"],"relics":["Burning Blood","StoneCalendar","Strawberry","Replay:Wax Seal","Philosopher\u0027s Stone","ReplayTheSpireMod:Shallot","Shovel","infinitespire:BottledMercury","conspire:SpecialSausage","Fusion Hammer","Replay:Bottled Eggs","Centennial Puzzle","Thread and Needle","Art of War","Gremlin Food","infinitespire:Lucky Rock","hubris:Reverence","conspire:Flyswatter","hubris:TinFlute","Chemical X","hubris:IronBody"],"acts_visited":["Exordium","TheCity","TheBeyond","TheEnding"],"potions_floor_usage":[4,29,29,42,52,57,57,57],"damage_taken":[{"damage":19,"enemies":"Small Slimes","floor":1,"turns":4},{"damage":9,"enemies":"Cultist","floor":2,"turns":4},{"damage":4,"enemies":"Jaw Worm","floor":5,"turns":4},{"damage":7,"enemies":"Looter","floor":7,"turns":4},{"damage":14,"enemies":"3 Sentries","floor":8,"turns":3},{"damage":22,"enemies":"Exordium Thugs","floor":12,"turns":5},{"damage":0,"enemies":"Gremlin Gang","floor":13,"turns":1},{"damage":14,"enemies":"Red Slaver","floor":14,"turns":5},{"damage":45,"enemies":"Hexaghost","floor":16,"turns":8},{"damage":15,"enemies":"Shell Parasite","floor":18,"turns":3},{"damage":12,"enemies":"3 Byrds","floor":23,"turns":4},{"damage":21,"enemies":"Centurion and Healer","floor":24,"turns":5},{"damage":6,"enemies":"Snake Plant","floor":27,"turns":3},{"damage":9,"enemies":"Book of Stabbing","floor":29,"turns":3},{"damage":12,"enemies":"Shelled Parasite and Fungi","floor":30,"turns":2},{"damage":6,"enemies":"Cultist and Chosen","floor":33,"turns":1},{"damage":38,"enemies":"conspire:MysteriousRune","floor":35,"turns":6},{"damage":6,"enemies":"3 Darklings","floor":37,"turns":1},{"damage":12,"enemies":"3 Shapes","floor":39,"turns":2},{"damage":3,"enemies":"3 Darklings","floor":41,"turns":1},{"damage":19,"enemies":"Giant Head","floor":42,"turns":6},{"damage":9,"enemies":"Reptomancer","floor":44,"turns":3},{"damage":19,"enemies":"Jaw Worm Horde","floor":46,"turns":2},{"damage":9,"enemies":"Giant Head","floor":48,"turns":6},{"damage":0,"enemies":"Transient","floor":49,"turns":5},{"damage":0,"enemies":"conspire:MimicChest","floor":50,"turns":2},{"damage":64,"enemies":"Time Eater","floor":52,"turns":9},{"damage":9,"enemies":"Shield and Spear","floor":56,"turns":3},{"damage":93,"enemies":"The Heart","floor":57,"turns":7}],"seed_played":"-2014169908287894427","potions_obtained":[{"floor":3,"key":"SpeedPotion"},{"floor":3,"key":"Regen Potion"},{"floor":3,"key":"Fruit Juice"},{"floor":5,"key":"Regen Potion"},{"floor":8,"key":"PowerPotion"},{"floor":29,"key":"SkillPotion"},{"floor":39,"key":"Dexterity Potion"},{"floor":42,"key":"Fire Potion"},{"floor":50,"key":"Adrenaline Potion"},{"floor":56,"key":"BlessingOfTheForge"}],"is_trial":false,"path_per_floor":["M","M","?","$","M","R","M","E","T","?","R","M","M","M","R","B",null,"M","$","?","PTL","PTL","M","M","R","?","M","T","E","M","R","AVR","M","R","B",null,"M","$","M","AVR","M","E","R","E","T","M","R","E","M","?","R","B",null,"R","$","E","B"],"character_chosen":"IRONCLAD","items_purchased":["ReplayTheSpireMod:Shallot","Replay:Bottled Eggs","Chemical X"],"campfire_rested":1,"item_purchase_floors":[19,38,55],"current_hp_per_floor":[67,64,64,69,71,71,70,69,69,69,69,53,59,51,51,12,92,83,83,83,83,83,77,62,62,62,62,62,78,72,72,72,72,72,40,92,92,92,86,86,89,76,76,73,73,60,87,84,90,92,92,34,92,92,92,89,0,0],"gold":73,"neow_bonus":"ONE_RARE_RELIC","is_daily":false,"chose_seed":false,"campfire_upgraded":6,"win_rate":0.0,"timestamp":1614254913,"path_taken":["M","M","?","?","M","R","M","E","T","?","R","M","M","M","R","BOSS","M","$","?","PTL","PTL","?","M","R","?","?","T","E","M","R","AVR","M","R","BOSS","M","$","M","AVR","M","E","R","E","T","M","R","E","M","?","R","BOSS","R","$","E","BOSS"],"items_purchased_type":["Relic","Relic","Relic"],"build_version":"2020-12-22","purchased_purges":4,"victory":false,"max_hp_per_floor":[80,80,80,85,85,85,85,92,92,92,92,92,92,92,92,92,92,92,92,92,92,92,92,92,92,92,92,92,92,92,92,92,92,92,92,92,92,92,92,92,92,92,92,92,92,92,92,92,92,92,92,92,92,92,92,92,92,92],"card_choices":[{"not_picked":["Sword Boomerang","conspire:ExplosiveBarrier"],"picked":"ReplayTheSpireMod:Stacked","floor":1},{"not_picked":["Anger","ReplayTheSpireMod:Strike From Hell"],"picked":"Bloodletting","floor":2},{"not_picked":["hubris:SharpeningStone","Shrug It Off","Clothesline"],"picked":"SKIP","floor":5},{"not_picked":["Sever Soul","Rampage"],"picked":"Whirlwind","floor":7},{"not_picked":["hubris:CleavingFinish","Iron Wave"],"picked":"Double Tap","floor":8},{"not_picked":["Intimidate","Bloodletting","Abandon"],"picked":"SKIP","floor":12},{"not_picked":["True Grit","Wild Strike"],"picked":"Flex","floor":13},{"not_picked":["Body Slam","Fire Breathing","Combust"],"picked":"SKIP","floor":14},{"not_picked":["Brutality","Double Tap"],"picked":"Offering","floor":16},{"not_picked":["ReplayTheSpireMod:Muscle Training","Thunderclap"],"picked":"Heavy Blade+1","floor":18},{"not_picked":["Warcry","Metallicize","Rage"],"picked":"SKIP","floor":23},{"not_picked":["Wild Strike+1","Shrug It Off+1","Perfected Strike"],"picked":"SKIP","floor":24},{"not_picked":["Armaments","Hemokinesis","Sword Boomerang+1"],"picked":"SKIP","floor":27},{"not_picked":["Wild Strike","Headbutt"],"picked":"Offering","floor":29},{"not_picked":["Rupture","Clothesline","Bloodletting"],"picked":"SKIP","floor":30},{"not_picked":["Blood for Blood","Run Through","hubris:CleavingFinish"],"picked":"SKIP","floor":33},{"not_picked":["Corruption","Barricade"],"picked":"hubris:StunningStrike","floor":35},{"not_picked":["Clothesline+1","Shrug It Off+1"],"picked":"Armaments+1","floor":37},{"not_picked":["Run Through+1","hubris:ReadiedAction","Life Link"],"picked":"SKIP","floor":39},{"not_picked":["Headbutt","Barricade","Warcry"],"picked":"SKIP","floor":41},{"not_picked":["Wild Strike","Armaments"],"picked":"ReplayTheSpireMod:Stacked+1","floor":42},{"not_picked":["Havoc+1","Cleave"],"picked":"Iron Wave+1","floor":44},{"not_picked":["Dropkick","Whirlwind","Pommel Strike"],"picked":"SKIP","floor":46},{"not_picked":["Offering","True Grit+1","Armaments"],"picked":"SKIP","floor":48},{"not_picked":["Twin Strike","Shrug It Off","Burning Pact+1"],"picked":"SKIP","floor":49},{"not_picked":["Body Slam","Perfected Strike+1"],"picked":"Shrug It Off+1","floor":50},{"not_picked":["ReplayTheSpireMod:Strike From Hell","Replay:Undeath\u0027s Touch+1"],"picked":"Sentinel+1","floor":56}],"player_experience":480182,"relics_obtained":[{"floor":8,"key":"Strawberry"},{"floor":9,"key":"Replay:Wax Seal"},{"floor":29,"key":"Shovel"},{"floor":42,"key":"Thread and Needle"},{"floor":44,"key":"Art of War"},{"floor":45,"key":"Gremlin Food"},{"floor":48,"key":"infinitespire:Lucky Rock"},{"floor":50,"key":"hubris:Reverence"},{"floor":51,"key":"conspire:Flyswatter"},{"floor":54,"key":"hubris:TinFlute"},{"floor":56,"key":"hubris:IronBody"}],"event_choices":[{"damage_healed":0,"gold_gain":0,"player_choice":"Got Potions","damage_taken":0,"max_hp_gain":0,"max_hp_loss":0,"event_name":"Lab","floor":3,"gold_loss":0},{"damage_healed":0,"gold_gain":0,"player_choice":"Forge","damage_taken":0,"max_hp_gain":0,"max_hp_loss":0,"event_name":"Accursed Blacksmith","floor":20,"gold_loss":0,"cards_upgraded":["Offering"]},{"cards_removed":["Voices"],"damage_healed":0,"gold_gain":0,"player_choice":"Removed Curses","damage_taken":0,"max_hp_gain":0,"max_hp_loss":0,"event_name":"Fountain of Cleansing","floor":26,"gold_loss":0}],"is_beta":false,"boss_relics":[{"not_picked":["Tiny House","hubris:TerracottaHorce"],"picked":"Philosopher\u0027s Stone"},{"not_picked":["Snecko Eye","hubris:GrandSneckoEye"],"picked":"Fusion Hammer"}],"items_purged_floors":[4,32,40,55],"is_endless":false,"potions_floor_spawned":[5,8,13,16,23,24,27,29,39,42,46,48,50,56],"killed_by":"The Heart","ascension_level":0}}