{"host":"pke0xxyzw0teju56","time":1614279435,"event":{"mods":["BaseMod","Bestiary","Colored Powertips","Highlight Path","Minty Spire (QoL Compilation)","StSLib"],"gold_per_floor":[14,14,28,41,41,41,54,54,135,135,170,184,184,204,204,302,302,317,317,39,39,45,45,388,404,483,483,483],"floor_reached":27,"language":"ENG","playtime":708,"items_purged":["Strike_R"],"score":466,"play_id":"7e4c4539-7cf0-4393-8ea2-5b552e1b1d54","local_time":"20210225135715","is_ascension_mode":true,"campfire_choices":[{"data":"Hemokinesis","floor":6,"key":"SMITH"},{"floor":10,"key":"REST"},{"data":"Inflame","floor":13,"key":"SMITH"},{"data":"Bash","floor":15,"key":"SMITH"},{"data":"Feed","floor":23,"key":"SMITH"}],"circlet_count":0,"master_deck":["AscendersBane","Strike_R","Strike_R","Strike_R","Defend_R","Defend_R","Defend_R","Defend_R","Bash+1","Cleave","Hemokinesis+1","Inflame+1","Shockwave+1","Feel No Pain","Ghostly Armor+1","Feed+1","Sword Boomerang","Disarm+1"],"relics":["Burning Blood","Calipers","Incense Burner","Golden Idol","Toxic Egg 2","Nunchaku","Mark of Pain","Toolbox","Old Coin","Mercury Hourglass"],"acts_visited":["Exordium","TheCity"],"potions_floor_usage":[9,16,18,24,25],"damage_taken":[{"damage":11,"enemies":"2 Louse","floor":1,"turns":3},{"damage":1,"enemies":"Cultist","floor":3,"turns":3},{"damage":9,"enemies":"Jaw Worm","floor":4,"turns":3},{"damage":13,"enemies":"Blue Slaver","floor":7,"turns":3},{"damage":8,"enemies":"Gremlin Nob","floor":11,"turns":4},{"damage":9,"enemies":"Exordium Wildlife","floor":12,"turns":4},{"damage":8,"enemies":"Red Slaver","floor":14,"turns":3},{"damage":47,"enemies":"Hexaghost","floor":16,"turns":8},{"damage":15,"enemies":"3 Byrds","floor":18,"turns":6},{"damage":18,"enemies":"2 Thieves","floor":22,"turns":4},{"damage":47,"enemies":"Slavers","floor":24,"turns":8},{"damage":23,"enemies":"Chosen and Byrds","floor":25,"turns":6},{"damage":4,"enemies":"Centurion and Healer","floor":27,"turns":3}],"seed_played":"-5551255432732820307","potions_obtained":[{"floor":3,"key":"SneckoOil"},{"floor":7,"key":"Fruit Juice"},{"floor":11,"key":"Explosive Potion"},{"floor":12,"key":"Regen Potion"},{"floor":18,"key":"BloodPotion"},{"floor":22,"key":"Ancient Potion"}],"is_trial":false,"path_per_floor":["M","?","M","M","T","R","M","?","T","R","E","M","R","M","R","B",null,"M","?","$","?","M","R","E","M","T","M"],"character_chosen":"IRONCLAD","items_purchased":["Disarm+1","Toolbox"],"campfire_rested":1,"item_purchase_floors":[20,20],"current_hp_per_floor":[63,63,68,65,65,65,58,32,37,61,59,56,56,54,54,28,67,61,61,61,61,53,53,12,12,12,8,8],"gold":483,"neow_bonus":"ONE_RARE_RELIC","is_daily":false,"chose_seed":false,"campfire_upgraded":4,"win_rate":0.0,"timestamp":1614279435,"path_taken":["M","?","M","?","?","R","M","?","T","R","E","M","R","M","R","BOSS","M","?","$","?","M","R","E","M","T","M"],"items_purchased_type":["Card","Relic"],"build_version":"2020-12-22","purchased_purges":1,"victory":false,"max_hp_per_floor":[75,75,75,75,75,75,75,75,80,80,80,80,80,80,80,80,80,83,83,83,83,87,87,87,87,87,87,87],"card_choices":[{"not_picked":["Perfected Strike","Pommel Strike"],"picked":"Cleave","floor":1},{"not_picked":["Metallicize","Wild Strike"],"picked":"Hemokinesis","floor":3},{"not_picked":["Heavy Blade","Cleave","Dropkick"],"picked":"SKIP","floor":4},{"not_picked":["Whirlwind","Headbutt"],"picked":"Inflame","floor":7},{"not_picked":["Headbutt","Whirlwind"],"picked":"Shockwave+1","floor":11},{"not_picked":["Heavy Blade","Combust"],"picked":"Feel No Pain","floor":12},{"not_picked":["Anger","Pommel Strike"],"picked":"Ghostly Armor+1","floor":14},{"not_picked":["Barricade","Corruption"],"picked":"Feed","floor":16},{"not_picked":["Body Slam","Armaments+1"],"picked":"Sword Boomerang","floor":18}],"player_experience":5390131,"relics_obtained":[{"floor":5,"key":"Incense Burner"},{"floor":9,"key":"Toxic Egg 2"},{"floor":11,"key":"Nunchaku"},{"floor":24,"key":"Old Coin"},{"floor":26,"key":"Mercury Hourglass"}],"event_choices":[{"cards_removed":["Strike_R"],"damage_healed":0,"gold_gain":0,"player_choice":"Purged","damage_taken":0,"max_hp_gain":0,"max_hp_loss":0,"event_name":"Purifier","floor":2,"gold_loss":0},{"damage_healed":0,"gold_gain":0,"player_choice":"Take Damage","damage_taken":26,"relics_obtained":["Golden Idol"],"max_hp_gain":0,"max_hp_loss":0,"event_name":"Golden Idol","floor":8,"gold_loss":0},{"damage_healed":0,"gold_gain":0,"player_choice":"Ignored","damage_taken":0,"max_hp_gain":0,"max_hp_loss":0,"event_name":"Beggar","floor":19,"gold_loss":0}],"is_beta":false,"boss_relics":[{"not_picked":["Ectoplasm","Black Blood"],"picked":"Mark of Pain"}],"items_purged_floors":[20],"is_endless":false,"potions_floor_spawned":[3,7,11,12,18,22],"killed_by":"Centurion and Healer","ascension_level":20}}