{"host":"5qewjvycy34u7aeo","time":1614277246,"event":{"mods":["BaseMod","Curses Come First","Downfall","GifTheSpireLib","Infinite Spire","Minty Spire (QoL Compilation)","Permanent Neow","Replay The Spire","StSLib","Together in Spire","Wandering Minibosses"],"gold_per_floor":[119,165,165,185,185,185,210,210,210,210,210,235,54,382,382,396,396,396,396],"floor_reached":18,"language":"ENG","playtime":380,"items_purged":["Voices"],"score":194,"play_id":"920674af-1998-424e-903f-d7316d87b8bc","local_time":"20210225122046","is_ascension_mode":true,"campfire_choices":[{"data":"Perfected Strike","floor":6,"key":"SMITH"},{"data":"Pommel Strike","floor":10,"key":"SMITH"},{"data":"Perfected Strike","floor":15,"key":"SMITH"},{"data":"Defend_R","floor":17,"key":"PURGE"}],"circlet_count":0,"master_deck":["Strike_R","Strike_R","Strike_R","Strike_R","Strike_R","Defend_R","Defend_R","Defend_R","Bash","Pommel Strike+1","Perfected Strike+1","Perfected Strike+1","Pommel Strike+1","Armaments+1","Thunderclap"],"relics":["Burning Blood","Gremlin Food","ReplayTheSpireMod:Ring of Collecting","Golden Egg","Happy Flower","Ring of Fury","infinitespire:Eraser","PreservedInsect","Old Coin"],"acts_visited":["Exordium"],"potions_floor_usage":[7,12,16,18],"damage_taken":[{"damage":8,"enemies":"Small Slimes","floor":1,"turns":4},{"damage":1,"enemies":"2 Louse","floor":4,"turns":3},{"damage":0,"enemies":"Gremlin Nob","floor":7,"turns":2},{"damage":38,"enemies":"Lagavulin","floor":12,"turns":7},{"damage":0,"enemies":"Gremlin Nob","floor":14,"turns":2},{"damage":12,"enemies":"Jaw Worm","floor":16,"turns":2},{"damage":49,"enemies":"The Guardian","floor":18,"turns":6}],"seed_played":"-2964004766511296140","potions_obtained":[{"floor":1,"key":"ColorlessPotion"},{"floor":2,"key":"HeartOfIron"},{"floor":2,"key":"DuplicationPotion"},{"floor":2,"key":"SkillPotion"},{"floor":12,"key":"ElixirPotion"},{"floor":16,"key":"Fruit Juice"}],"is_trial":false,"path_per_floor":["M","?","?","M","T","R","E","PTL","PTL","R","T","E","$","E","R","M","R","B"],"character_chosen":"IRONCLAD","items_purchased":["Pommel Strike","Armaments"],"campfire_rested":0,"item_purchase_floors":[13,13],"current_hp_per_floor":[78,58,58,63,63,63,69,69,69,69,69,37,37,43,43,42,42,0,0],"gold":396,"neow_bonus":"RANDOM_COMMON_RELIC","is_daily":false,"chose_seed":false,"campfire_upgraded":3,"win_rate":0.0,"timestamp":1614277246,"path_taken":["M","?","?","M","?","R","E","PTL","PTL","R","T","E","$","E","R","M","R","BOSS"],"items_purchased_type":["Card","Card"],"build_version":"2020-12-22","purchased_purges":1,"victory":false,"max_hp_per_floor":[80,80,80,80,80,80,80,80,80,80,80,80,80,80,80,85,85,85,85],"card_choices":[{"not_picked":["Cleave","Dual Wield"],"picked":"Pommel Strike","floor":1},{"not_picked":["Replay:Undeath\u0027s Touch","Sever Soul"],"picked":"Perfected Strike","floor":2},{"not_picked":["Impervious","Cleave","Run Through"],"picked":"SKIP","floor":4},{"not_picked":["Anger","Dropkick","Intimidate"],"picked":"SKIP","floor":7},{"not_picked":["Sword Boomerang","Run Through"],"picked":"Perfected Strike","floor":12},{"not_picked":["Evolve","Body Slam","Dropkick"],"picked":"SKIP","floor":14},{"not_picked":["Infernal Blade","Armaments"],"picked":"Thunderclap","floor":16}],"player_experience":529049,"relics_obtained":[{"floor":3,"key":"ReplayTheSpireMod:Ring of Collecting"},{"floor":5,"key":"Golden Egg"},{"floor":7,"key":"Happy Flower"},{"floor":11,"key":"Ring of Fury"},{"floor":11,"key":"infinitespire:Eraser"},{"floor":12,"key":"PreservedInsect"},{"floor":14,"key":"Old Coin"}],"event_choices":[],"is_beta":false,"boss_relics":[],"items_purged_floors":[13],"is_endless":false,"potions_floor_spawned":[1,12,16],"killed_by":"The Guardian","ascension_level":2}}