{"host":"2haferq23ht5nrlk","time":1614285455,"event":{"mods":["ATMod(°¢èªMod)","Alarm Clock","Aspiration","BaseMod","BetterRewards","Colored Powertips","Conspire","Dota2Spire","Faster Ascension Climbing","KomeijiMod","Library of Ruina","Library of Ruina Extra","Lobotomy","LobotomyExtend","Marked Mod","Minty Spire (QoL Compilation)","Quick Restart","Relic Filter Mod","Relic Stats","Reliquary","Replay The Spire","RumiaBox-Â¶Ã×æ«µÄÉñÃØºÐ×Ó","Spicy Shops","StSLib","TestMod","The Cursed","The Jungle","UnlockEverythingMod","¡¾ÒÅÎï¿¨ÅÆ¡¿REMEMod"],"gold_per_floor":[120,46,46,69,83,83,83,83,107,107,125,148,223,262,262,382,382,402,402,402,402,423,423,423],"floor_reached":23,"language":"ZHS","playtime":731,"items_purged":[],"score":214,"play_id":"11eb2f45-e485-4268-9bc2-042c40ff5d9c","local_time":"20210226043735","is_ascension_mode":false,"campfire_choices":[{"data":"AT_KingSlayer","floor":6,"key":"SMITH"},{"data":"TheRedNotes","floor":8,"key":"SMITH"},{"data":"DaringDecision","floor":10,"key":"SMITH"}],"circlet_count":0,"master_deck":["Dodge","LightDefense","LightAttack","LightAttack","LightAttack","LightDefense","LightDefense","LightDefense","ChargeAndCover","FocusedStrikes","AT_KingSlayer+1","DaringDecision+1","Standoff","StrongStrike","TheRedNotes+1","FleetEdge","PreparedMind","Gamble","WillProduceFineSilk","AGoldenOpportunity+1","GrazeTheGrass","FrontalAssault+1"],"relics":["PageOfLibrarian","AT_ATBox","REME_ComplimentaryCards","testmod-TestBox","testmod-FatalChain","AT_ArchangelStaff","LetterFromLob","HandDrill","Golden Idol","Shuriken","Dota2Spire:ArcaneBoots","Art of War","SlaversCollar"],"acts_visited":["Exordium","TheCity"],"potions_floor_usage":[16,16,23,23],"damage_taken":[{"damage":0,"enemies":"Cultist","floor":1,"turns":4},{"damage":0,"enemies":"Small Slimes","floor":4,"turns":1},{"damage":0,"enemies":"2 Louse","floor":5,"turns":1},{"damage":0,"enemies":"Exordium Thugs","floor":11,"turns":1},{"damage":0,"enemies":"3 Louse","floor":12,"turns":1},{"damage":20,"enemies":"3 Sentries","floor":14,"turns":3},{"damage":16,"enemies":"Fading Forest","floor":16,"turns":11},{"damage":13,"enemies":"Chosen","floor":18,"turns":5},{"damage":15,"enemies":"2 Thieves","floor":22,"turns":3},{"damage":55,"enemies":"Slavers","floor":23,"turns":4}],"seed_played":"-2854990809380892143","potions_obtained":[{"floor":1,"key":"SpeedPotion"},{"floor":11,"key":"Adrenaline Potion"},{"floor":14,"key":"Adrenaline Potion"},{"floor":18,"key":"Regen Potion"},{"floor":22,"key":"ColorlessPotion"}],"is_trial":false,"path_per_floor":["M","$","?","M","M","R","?","R","T","R","M","M","?","E","R","B",null,"M","?","?","?","M","E"],"character_chosen":"Librarian","items_purchased":["HandDrill"],"campfire_rested":0,"item_purchase_floors":[2],"current_hp_per_floor":[60,60,60,60,60,60,60,60,60,60,60,60,53,33,33,35,72,59,59,59,59,44,0,0],"gold":423,"neow_bonus":"RANDOM_COMMON_RELIC","is_daily":false,"chose_seed":false,"campfire_upgraded":3,"win_rate":0.0,"timestamp":1614285455,"path_taken":["M","?","?","M","M","R","?","R","T","R","?","M","?","E","R","BOSS","M","?","?","?","M","E"],"items_purchased_type":["Relic"],"build_version":"2020-12-22","purchased_purges":0,"victory":false,"max_hp_per_floor":[70,70,65,72,72,72,72,72,72,72,72,72,72,72,72,72,72,72,72,72,72,66,66,66],"relic_stats":{"counters":[10,34],"Golden Idol":57,"Shuriken":[7],"HandDrill":[2],"Art of War":[3],"obtain_stats":[{"AT_ATBox":0,"testmod-TestBox":0,"Golden Idol":3,"testmod-FatalChain":0,"AT_ArchangelStaff":0,"PageOfLibrarian":0,"SlaversCollar":17,"Shuriken":7,"LetterFromLob":1,"HandDrill":2,"Art of War":14,"Dota2Spire:ArcaneBoots":9,"REME_ComplimentaryCards":0},{"AT_ATBox":0,"testmod-TestBox":0,"Golden Idol":1,"testmod-FatalChain":0,"AT_ArchangelStaff":0,"PageOfLibrarian":0,"SlaversCollar":7,"Shuriken":3,"LetterFromLob":1,"HandDrill":1,"Art of War":6,"Dota2Spire:ArcaneBoots":3,"REME_ComplimentaryCards":0},{"AT_ATBox":0,"testmod-TestBox":0,"Golden Idol":4,"testmod-FatalChain":0,"AT_ArchangelStaff":0,"PageOfLibrarian":0,"SlaversCollar":22,"Shuriken":6,"LetterFromLob":4,"HandDrill":4,"Art of War":11,"Dota2Spire:ArcaneBoots":6,"REME_ComplimentaryCards":0}]},"card_choices":[{"not_picked":["EnergyStrike","MultiHit","GreatSerpentsImpact","GuardingStance","AssaultOrder","Rewind","StructuralAnalysis","Juggling"],"picked":"Standoff","floor":1},{"not_picked":["FrontalAssault","IronWall","Reload","AbsorbImpact","GuardingStance","HiddenBlade","PreparedMind","Creak"],"picked":"StrongStrike","floor":4},{"not_picked":["Parry","DaringDecision","ClassAndRespect","BurningFlash","FeelinGood","SunsetBlade","EndlessBattle","FlashingStrike"],"picked":"TheRedNotes","floor":5},{"not_picked":["BiXi","RulesOfTheBackstreets","PinpointShot","DefenseOrder","TasteMyFlamingBat","GuardingStance","FleetFootsteps","FierceOnslaught"],"picked":"FleetEdge","floor":11},{"not_picked":["MultiBlock","HeavyPeaks","UnavoidableGaze","BackAttack","AutomatedMovement","PreemptiveStrike","RulesOfTheBackstreets","ForTheFamily"],"picked":"PreparedMind","floor":12},{"not_picked":["OpportunitySpotted","IronWall","FleetFootsteps","YourShield","SnakeSlit","Parry2","MindWhip","DarkCloud"],"picked":"Gamble","floor":14},{"not_picked":["TieShanKao","Eradication"],"picked":"WillProduceFineSilk","floor":16},{"not_picked":["MindPrepared+1","EnergyShield+1","Wallop_lor+1","SkyClearingCut","Standoff+1","BizarreAttack","Multislash","FrontalAssault"],"picked":"AGoldenOpportunity+1","floor":18},{"not_picked":["GuidanceOfTheGears","PinpointShot+1","ChopItOff","Crush","SparkingSpear+1","StructuralAnalysis","DefenseOrder","InkOver"],"picked":"FrontalAssault+1","floor":22}],"player_experience":38840,"relics_obtained":[{"floor":1,"key":"LetterFromLob"},{"floor":9,"key":"Dota2Spire:ArcaneBoots"},{"floor":14,"key":"Art of War"}],"event_choices":[{"damage_healed":0,"gold_gain":0,"player_choice":"Lose Max HP","damage_taken":0,"relics_obtained":["Golden Idol"],"max_hp_gain":0,"max_hp_loss":5,"event_name":"Golden Idol","floor":3,"gold_loss":0},{"damage_healed":0,"gold_gain":0,"player_choice":"Gave Potion","damage_taken":0,"relics_obtained":["Shuriken"],"max_hp_gain":0,"max_hp_loss":0,"event_name":"WeMeetAgain","floor":7,"gold_loss":0},{"damage_healed":0,"gold_gain":75,"player_choice":"Touch","damage_taken":7,"max_hp_gain":0,"max_hp_loss":0,"event_name":"FaceTrader","floor":13,"gold_loss":0},{"damage_healed":0,"gold_gain":0,"player_choice":"Read","damage_taken":0,"max_hp_gain":0,"max_hp_loss":0,"event_name":"The Library","floor":19,"gold_loss":0,"cards_obtained":["GrazeTheGrass"]},{"damage_healed":0,"gold_gain":0,"player_choice":"Leave","damage_taken":0,"max_hp_gain":0,"max_hp_loss":0,"event_name":"conspire:Investor","floor":20,"gold_loss":0}],"is_beta":false,"boss_relics":[{"not_picked":["Cursed Key","Ectoplasm"],"picked":"SlaversCollar"}],"items_purged_floors":[],"is_endless":false,"potions_floor_spawned":[1,11,14,18,22],"killed_by":"Slavers","ascension_level":0}}