{"host":"6ve8qn5s1am4lo6s","time":1614216117,"event":{"mods":["AchievementEnabler","Act Like it!","BaseMod","Better Altar","Better Match","Better Note","Better Vampires","BetterRewards","CapriCore","Displayed Cursed Tome","Evolution","Minty Spire (QoL Compilation)","Permanent Neow","Relic Stats","StSLib","The Animator"],"gold_per_floor":[11,11,11,11,29,29,70,95,95,95,119,153,10,30,30,30,30],"floor_reached":16,"language":"ENG","playtime":1049,"items_purged":["Decay"],"score":135,"play_id":"a45e527c-3f4e-4ce5-96c8-75aa1e765b34","local_time":"20210224202157","is_ascension_mode":false,"campfire_choices":[{"data":"Redo","floor":6,"key":"SMITH"},{"data":"Buffer","floor":10,"key":"SMITH"},{"data":"Defragment","floor":15,"key":"SMITH"}],"circlet_count":0,"master_deck":["Cold Snap","Strike_B+1","Defend_B","Defend_B","Defend_B","Defend_B","Zap","Dualcast+1","Redo+1","Buffer+1","Reinforced Body","Conserve Battery","Defragment+1","Steam"],"relics":["Cracked Core","EVO:Axolotl","Golden Idol","Bag of Marbles","Strawberry"],"acts_visited":["Exordium"],"potions_floor_usage":[12,16,16],"damage_taken":[{"damage":0,"enemies":"Cultist","floor":1,"turns":3},{"damage":0,"enemies":"2 Louse","floor":5,"turns":1},{"damage":21,"enemies":"Gremlin Nob","floor":7,"turns":4},{"damage":0,"enemies":"Small Slimes","floor":8,"turns":3},{"damage":0,"enemies":"Red Slaver","floor":11,"turns":4},{"damage":0,"enemies":"Lagavulin","floor":12,"turns":8},{"damage":1,"enemies":"Looter","floor":14,"turns":4},{"damage":29,"enemies":"Hexaghost","floor":16,"turns":17}],"seed_played":"8543026898134421380","potions_obtained":[{"floor":8,"key":"DuplicationPotion"},{"floor":12,"key":"SkillPotion"},{"floor":14,"key":"DistilledChaos"}],"is_trial":false,"path_per_floor":["M","?","?","?","M","R","E","M","T","R","M","E","$","M","R","B"],"character_chosen":"DEFECT","items_purchased":["Defragment"],"campfire_rested":0,"item_purchase_floors":[13],"current_hp_per_floor":[75,57,42,42,42,42,21,21,21,21,21,28,28,27,27,0,0],"gold":30,"neow_bonus":"REMOVE_TWO","is_daily":false,"chose_seed":false,"campfire_upgraded":3,"win_rate":0.0,"timestamp":1614216117,"path_taken":["M","?","?","?","?","R","E","M","T","R","M","E","$","M","R","BOSS"],"items_purchased_type":["Card"],"build_version":"2020-12-22","purchased_purges":1,"victory":false,"max_hp_per_floor":[75,75,75,75,75,75,75,75,75,75,75,82,82,82,82,82,82],"relic_stats":{"counters":[9,45],"Golden Idol":33,"obtain_stats":[{"Golden Idol":2,"Strawberry":12,"Fusion Hammer":0,"Bag of Marbles":7,"EVO:Axolotl":0,"Cracked Core":0},{"Golden Idol":2,"Strawberry":7,"Fusion Hammer":0,"Bag of Marbles":4,"EVO:Axolotl":0,"Cracked Core":0},{"Golden Idol":4,"Strawberry":24,"Fusion Hammer":0,"Bag of Marbles":9,"EVO:Axolotl":0,"Cracked Core":0}]},"card_choices":[{"not_picked":["Compile Driver","Stack","Gash"],"picked":"SKIP","floor":1},{"not_picked":["Go for the Eyes","Static Discharge"],"picked":"Redo","floor":5},{"not_picked":["White Noise","Cold Snap"],"picked":"Buffer","floor":7},{"not_picked":["Stack","Beam Cell"],"picked":"Reinforced Body","floor":8},{"not_picked":["Chaos","Hologram","Streamline"],"picked":"SKIP","floor":11},{"not_picked":["Hologram","Fusion"],"picked":"Conserve Battery","floor":12},{"not_picked":["Rip and Tear","Beam Cell"],"picked":"Steam","floor":14}],"player_experience":466087,"relics_obtained":[{"floor":7,"key":"Bag of Marbles"},{"floor":12,"key":"Strawberry"}],"event_choices":[{"damage_healed":0,"gold_gain":0,"player_choice":"Take Damage","damage_taken":18,"relics_obtained":["Golden Idol"],"max_hp_gain":0,"max_hp_loss":0,"event_name":"Golden Idol","floor":2,"gold_loss":0},{"damage_healed":0,"gold_gain":0,"player_choice":"Entered Light","damage_taken":15,"max_hp_gain":0,"max_hp_loss":0,"event_name":"Shining Light","floor":3,"gold_loss":0,"cards_upgraded":["Dualcast","Strike_B"]},{"damage_healed":0,"gold_gain":0,"player_choice":"Cursed","damage_taken":0,"max_hp_gain":0,"max_hp_loss":0,"event_name":"Wheel of Change","floor":4,"gold_loss":0,"cards_obtained":["Decay"]}],"is_beta":false,"boss_relics":[],"items_purged_floors":[13],"is_endless":false,"potions_floor_spawned":[8,12,14],"killed_by":"Hexaghost","ascension_level":0}}