{"host":"8is2j71l4wmybkoi","time":1614260947,"event":{"mods":["AchievementEnabler","BaseMod","Colored Map","DeckTracker","Minty Spire (QoL Compilation)","Rare Cards Sparkle","Relic Stats","StSLib","SuperFastMode"],"gold_per_floor":[112,123,142,142,153,153,184,203,230,230,230,256,266,281,281,358,358,378,428,498,463,477,477,577,593,593,593,643,743,192,207,207,286,336,349,399,432,482,532,563,314,345,345,345,359,378,253,271,271,271,271,271,28,54,54],"floor_reached":56,"language":"KOR","playtime":2783,"items_purged":["Strike_P","Strike_P","Defend_P+1"],"score":2031,"play_id":"c1bc2397-9772-4cf2-adf7-1f276e2d29ab","local_time":"20210225224907","is_ascension_mode":true,"campfire_choices":[{"data":"Tantrum","floor":6.0,"key":"SMITH"},{"data":"Strike_P","floor":11.0,"key":"PURGE"},{"floor":15.0,"key":"REST"},{"data":"Defend_P","floor":23,"key":"PURGE"},{"data":"Strike_P","floor":27,"key":"PURGE"},{"data":"Defend_P","floor":32,"key":"PURGE"},{"data":"Consecrate","floor":44,"key":"PURGE"},{"floor":49,"key":"RECALL"},{"data":"Halt","floor":52,"key":"PURGE"}],"circlet_count":0,"master_deck":["AscendersBane","Eruption+1","Vigilance","Tantrum+1","EmptyFist","InnerPeace","Wallop","ConjureBlade","Worship","EmptyMind+1","Devotion","Jack Of All Trades+1","MentalFortress+1","Scrawl+1","Prostrate+1","Meditate+1","MentalFortress+1"],"relics":["PureWater","Peace Pipe","Vajra","SsserpentHead","Toy Ornithopter","Coffee Dripper","Eternal Feather","Orichalcum","Toxic Egg 2","Bag of Marbles","Medical Kit","Tiny House","Lantern","Incense Burner","DollysMirror","TeardropLocket","Oddly Smooth Stone","Bronze Scales"],"acts_visited":["Exordium","TheCity","TheBeyond","TheEnding"],"potions_floor_usage":[22,25,28,42,46,55],"damage_taken":[{"damage":2.0,"enemies":"Small Slimes","floor":1.0,"turns":4.0},{"damage":0.0,"enemies":"2 Louse","floor":2.0,"turns":1.0},{"damage":0.0,"enemies":"Cultist","floor":3.0,"turns":4.0},{"damage":1.0,"enemies":"Lots of Slimes","floor":5.0,"turns":3.0},{"damage":3.0,"enemies":"3 Sentries","floor":7.0,"turns":3.0},{"damage":10.0,"enemies":"Blue Slaver","floor":8.0,"turns":3.0},{"damage":24.0,"enemies":"Lagavulin","floor":12.0,"turns":5.0},{"damage":5.0,"enemies":"3 Louse","floor":13.0,"turns":3.0},{"damage":3.0,"enemies":"Red Slaver","floor":14.0,"turns":3.0},{"damage":0.0,"enemies":"Slime Boss","floor":16.0,"turns":4.0},{"damage":1.0,"enemies":"Spheric Guardian","floor":18.0,"turns":3.0},{"damage":4.0,"enemies":"3 Byrds","floor":20.0,"turns":4.0},{"damage":0,"enemies":"Cultist and Chosen","floor":22,"turns":4},{"damage":6,"enemies":"3 Cultists","floor":25,"turns":4},{"damage":41,"enemies":"Slavers","floor":28,"turns":4},{"damage":0,"enemies":"Chosen and Byrds","floor":31,"turns":4},{"damage":21,"enemies":"Collector","floor":33,"turns":11},{"damage":34,"enemies":"3 Shapes","floor":35,"turns":3},{"damage":0,"enemies":"Orb Walker","floor":37,"turns":1},{"damage":0,"enemies":"Reptomancer","floor":40,"turns":4},{"damage":15,"enemies":"Nemesis","floor":42,"turns":3},{"damage":0,"enemies":"Maw","floor":45,"turns":6},{"damage":0,"enemies":"Sphere and 2 Shapes","floor":46,"turns":5},{"damage":0,"enemies":"Transient","floor":48,"turns":5},{"damage":26,"enemies":"Time Eater","floor":50,"turns":9},{"damage":1,"enemies":"Shield and Spear","floor":54,"turns":4},{"damage":20,"enemies":"The Heart","floor":55,"turns":5}],"seed_played":"-4925868340978982664","potions_obtained":[{"floor":1.0,"key":"EssenceOfSteel"},{"floor":5.0,"key":"AttackPotion"},{"floor":8.0,"key":"ColorlessPotion"},{"floor":20.0,"key":"SteroidPotion"},{"floor":22,"key":"Explosive Potion"},{"floor":25,"key":"FairyPotion"},{"floor":35,"key":"DuplicationPotion"},{"floor":42,"key":"Swift Potion"}],"is_trial":false,"path_per_floor":["M","M","M","?","M","R","E","M","T","?","R","E","M","M","R","B",null,"M","T","M","?","M","R","?","M","T","R","E","?","$","M","R","B",null,"M","T","M","?","?","E","$","E","T","R","M","M","$","M","R","B",null,"R","$","E","B",null],"character_chosen":"WATCHER","items_purchased":["Medical Kit","EmptyMind+1","Devotion","SpeedPotion","Jack Of All Trades+1","DollysMirror","Oddly Smooth Stone","Ambrosia"],"campfire_rested":1,"item_purchase_floors":[30,30,30,30,30,41,53,53],"current_hp_per_floor":[59,59,59,52,51,51,48,38,38,38,38,14,9,6,26,26,58,57,57,53,53,58,67,67,62,62,68,27,27,27,27,36,15,60,26,26,26,26,26,26,26,16,16,28,28,33,33,33,42,16,56,65,65,64,49],"gold":54,"neow_bonus":"UPGRADE_CARD","is_daily":false,"chose_seed":false,"campfire_upgraded":1,"win_rate":0.0,"timestamp":1614260947,"path_taken":["M","M","M","?","M","R","E","M","T","?","R","E","M","M","R","BOSS","M","?","?","?","M","R","?","M","T","R","E","?","$","M","R","BOSS","M","?","M","?","?","E","$","E","T","R","M","M","$","M","R","BOSS","R","$","E","BOSS"],"items_purchased_type":["Relic","Card","Card","Potion","Card","Relic","Relic","Potion"],"build_version":"2020-12-22","purchased_purges":3,"victory":true,"max_hp_per_floor":[68,68,68,68,68,68,68,68,68,68,68,68,68,68,68,68,68,68,68,68,68,68,68,68,68,68,68,68,68,68,68,68,68,73,73,73,73,69,69,69,69,69,69,69,69,69,69,69,69,69,69,69,69,69,69],"relic_stats":{"Peace Pipe":6,"SsserpentHead":400,"counters":[27,112],"Bronze Scales":[62],"Eternal Feather":54,"Orichalcum":[36],"Medical Kit":[6],"obtain_stats":[{"Lantern":36,"Tiny House":34,"Vajra":9,"Oddly Smooth Stone":53,"Eternal Feather":19,"Incense Burner":40,"TeardropLocket":42,"Orichalcum":21,"Medical Kit":30,"Peace Pipe":7,"SsserpentHead":10,"DollysMirror":41,"Bronze Scales":54,"Coffee Dripper":17,"Bag of Marbles":28,"PureWater":0,"Toxic Egg 2":26,"Toy Ornithopter":12},{"Lantern":18,"Tiny House":17,"Vajra":6,"Oddly Smooth Stone":25,"Eternal Feather":11,"Incense Burner":20,"TeardropLocket":21,"Orichalcum":12,"Medical Kit":15,"Peace Pipe":5,"SsserpentHead":6,"DollysMirror":20,"Bronze Scales":26,"Coffee Dripper":10,"Bag of Marbles":15,"PureWater":0,"Toxic Egg 2":14,"Toy Ornithopter":7},{"Lantern":70,"Tiny House":67,"Vajra":18,"Oddly Smooth Stone":103,"Eternal Feather":36,"Incense Burner":75,"TeardropLocket":78,"Orichalcum":40,"Medical Kit":52,"Peace Pipe":15,"SsserpentHead":18,"DollysMirror":75,"Bronze Scales":107,"Coffee Dripper":33,"Bag of Marbles":52,"PureWater":0,"Toxic Egg 2":48,"Toy Ornithopter":23}],"Toy Ornithopter":21},"card_choices":[{"not_picked":["SandsOfTime","Fasting2"],"picked":"Consecrate","floor":1.0},{"not_picked":["Consecrate","Perseverance","FlyingSleeves"],"picked":"SKIP","floor":2.0},{"not_picked":["FollowUp","JustLucky"],"picked":"Halt","floor":3.0},{"not_picked":["Judgement","ThirdEye"],"picked":"Tantrum","floor":5.0},{"not_picked":["Evaluate","SandsOfTime","ReachHeaven"],"picked":"SKIP","floor":7.0},{"not_picked":["FlyingSleeves","CutThroughFate"],"picked":"EmptyFist","floor":8.0},{"not_picked":["Evaluate","LikeWater"],"picked":"InnerPeace","floor":12.0},{"not_picked":["BowlingBash","Wireheading","Crescendo"],"picked":"SKIP","floor":13.0},{"not_picked":["Evaluate","Prostrate"],"picked":"Wallop","floor":14.0},{"not_picked":["Omniscience","Wish"],"picked":"ConjureBlade","floor":16.0},{"not_picked":["Study","EmptyFist","FlyingSleeves"],"picked":"SKIP","floor":18.0},{"not_picked":["Wireheading+1","Protect","Fasting2"],"picked":"SKIP","floor":20.0},{"not_picked":["WreathOfFlame","Study","ClearTheMind"],"picked":"SKIP","floor":22},{"not_picked":["Halt","Wireheading"],"picked":"Worship","floor":25},{"not_picked":["Establishment","Study","Weave"],"picked":"SKIP","floor":28},{"not_picked":["ThirdEye+1","DeceiveReality+1"],"picked":"MentalFortress+1","floor":31},{"not_picked":["MasterReality","Establishment"],"picked":"Scrawl+1","floor":33},{"not_picked":["FlyingSleeves+1","CrushJoints"],"picked":"Prostrate+1","floor":35},{"not_picked":["Halt+1","Protect+1"],"picked":"Meditate+1","floor":37},{"not_picked":["InnerPeace+1","FollowUp","Collect+1"],"picked":"SKIP","floor":40},{"not_picked":["BowlingBash","MasterReality","Crescendo+1"],"picked":"SKIP","floor":42},{"not_picked":["MentalFortress+1","FlyingSleeves","CrushJoints+1"],"picked":"SKIP","floor":45},{"not_picked":["Sanctity+1","Consecrate","Evaluate+1"],"picked":"SKIP","floor":46},{"not_picked":["Halt+1","WindmillStrike+1","CutThroughFate+1"],"picked":"SKIP","floor":48},{"not_picked":["Consecrate+1","BowlingBash","Crescendo+1"],"picked":"SKIP","floor":54}],"player_experience":1337399,"relics_obtained":[{"floor":7.0,"key":"Peace Pipe"},{"floor":9.0,"key":"Vajra"},{"floor":12.0,"key":"Toy Ornithopter"},{"floor":19.0,"key":"Eternal Feather"},{"floor":26,"key":"Toxic Egg 2"},{"floor":28,"key":"Bag of Marbles"},{"floor":36,"key":"Lantern"},{"floor":40,"key":"Incense Burner"},{"floor":42,"key":"TeardropLocket"},{"floor":54,"key":"Bronze Scales"}],"event_choices":[{"cards_removed":["Defend_P"],"damage_healed":0.0,"max_hp_gain":0.0,"max_hp_loss":0.0,"gold_gain":0.0,"event_name":"Golden Wing","player_choice":"Card Removal","floor":4.0,"gold_loss":0.0,"damage_taken":7.0},{"damage_healed":0.0,"max_hp_gain":0.0,"max_hp_loss":0.0,"gold_gain":0.0,"event_name":"FaceTrader","player_choice":"Trade","floor":10.0,"gold_loss":0.0,"damage_taken":0.0,"relics_obtained":["SsserpentHead"]},{"damage_healed":0.0,"max_hp_gain":0.0,"max_hp_loss":0.0,"gold_gain":0.0,"event_name":"Addict","player_choice":"Obtained Relic","floor":21.0,"gold_loss":85.0,"damage_taken":0.0,"relics_obtained":["Orichalcum"]},{"damage_healed":0,"gold_gain":50,"player_choice":"Stole From Cult","damage_taken":0,"max_hp_gain":0,"max_hp_loss":0,"event_name":"Nest","floor":24,"gold_loss":0},{"damage_healed":0,"gold_gain":100,"player_choice":"Bet on Murderer","damage_taken":0,"max_hp_gain":0,"max_hp_loss":0,"event_name":"The Joust","floor":29,"gold_loss":50},{"damage_healed":0,"gold_gain":0,"player_choice":"Max HP","damage_taken":0,"max_hp_gain":0,"max_hp_loss":4,"event_name":"Winding Halls","floor":38,"gold_loss":0},{"damage_healed":0,"gold_gain":0,"player_choice":"Ignored","damage_taken":0,"max_hp_gain":0,"max_hp_loss":0,"event_name":"SecretPortal","floor":39,"gold_loss":0}],"is_beta":false,"boss_relics":[{"not_picked":["Busted Crown","Empty Cage"],"picked":"Coffee Dripper"},{"not_picked":["Sozu","Snecko Eye"],"picked":"Tiny House"}],"items_purged_floors":[30,41,47],"is_endless":false,"potions_floor_spawned":[1,5,8,20,22,25,35,42,45],"ascension_level":15}}