{"host":"fybjbjipkr3lrybm","time":1614296085,"event":{"mods":["BaseMod","Colored Map","Colored Powertips","DeckTracker","Hermit","Highlight Path","Minty Spire (QoL Compilation)","Quick Restart","Relic Stats","StSLib","The Bladedancer","The Bug Knight","The Cursed","The Druid","The Forsaken","The Gatherer","The Hierophant","The Judge","The Necromancer","The Runesmith","The Servant 0.9.4"],"gold_per_floor":[118,118,118,135,155,155,80,115,142,142,217,217,231,261,261,356,356,296,296,296,296,196,196,196,196,196,196,196,196,196,196,196,196,196,196,196,196,196,196,196,196,196,196,196,196,196,196,196],"floor_reached":47,"language":"ENG","playtime":2882,"items_purged":["HollowMod:NailStrikeStart","HollowMod:NailStrikeStart"],"score":493,"play_id":"0118da11-2fba-4bf0-9984-6ce0d0f26f3b","local_time":"20210225153445","is_ascension_mode":false,"campfire_choices":[{"data":"HollowMod:MantisMark","floor":6,"key":"SMITH"},{"data":"HollowMod:CycloneSlash","floor":10,"key":"SMITH"},{"data":"HollowMod:PogoStrike","floor":15,"key":"SMITH"},{"floor":23,"key":"REST"},{"floor":30,"key":"REST"},{"floor":32,"key":"REST"},{"floor":44,"key":"REST"}],"circlet_count":0,"master_deck":["HollowMod:NailStrikeStart","HollowMod:NailStrikeStart","HollowMod:QuickDashStart+1","HollowMod:QuickDashStart","HollowMod:FocusHealStart","HollowMod:PogoStrike+1","HollowMod:MonarchWings+1","HollowMod:CycloneSlash+1","HollowMod:MantisMark+1","HollowMod:HowlingWraiths","HollowMod:Weaversong","HollowMod:DashSlash+1","HollowMod:Hiveblood","HollowMod:SiblingsSouls+1","Parasite","HollowMod:PureNailStrike+1","HollowMod:DoubleDash+1","HollowMod:DoubleDash+1"],"relics":["HollowMod:VesselMask","Bronze Scales","War Paint","Toy Ornithopter","Ectoplasm","Enchiridion","Darkstone Periapt","HollowMod:LifeEnderRelic","Velvet Choker","Unceasing Top","Dream Catcher","HollowMod:KingsBrand"],"acts_visited":["Exordium","TheCity","TheBeyond"],"potions_floor_usage":[40],"damage_taken":[{"damage":1,"enemies":"Jaw Worm","floor":1,"turns":4},{"damage":6,"enemies":"2 Louse","floor":4,"turns":3},{"damage":0,"enemies":"Cultist","floor":5,"turns":3},{"damage":9,"enemies":"3 Sentries","floor":8,"turns":5},{"damage":0,"enemies":"Large Slime","floor":13,"turns":3},{"damage":1,"enemies":"HollowMod:MossKnight","floor":14,"turns":6},{"damage":34,"enemies":"Hexaghost","floor":16,"turns":7},{"damage":22,"enemies":"2 Thieves","floor":18,"turns":3},{"damage":4,"enemies":"Spheric Guardian","floor":19,"turns":3},{"damage":19,"enemies":"Shelled Parasite and Fungi","floor":21,"turns":4},{"damage":9,"enemies":"Sentry and Sphere","floor":25,"turns":4},{"damage":3,"enemies":"Centurion and Healer","floor":27,"turns":4},{"damage":10,"enemies":"Colosseum Slavers","floor":28,"turns":3},{"damage":4,"enemies":"Shelled Parasite and Fungi","floor":31,"turns":3},{"damage":75,"enemies":"Collector","floor":33,"turns":8},{"damage":33,"enemies":"3 Shapes","floor":35,"turns":2},{"damage":37,"enemies":"Mind Bloom Boss Battle","floor":36,"turns":6},{"damage":13,"enemies":"Orb Walker","floor":39,"turns":3},{"damage":50,"enemies":"Nemesis","floor":40,"turns":6},{"damage":17,"enemies":"Writhing Mass","floor":41,"turns":6},{"damage":25,"enemies":"Transient","floor":42,"turns":5},{"damage":86,"enemies":"Reptomancer","floor":45,"turns":7},{"damage":10,"enemies":"Jaw Worm Horde","floor":47,"turns":2}],"seed_played":"8573779739089924115","potions_obtained":[{"floor":1,"key":"Explosive Potion"},{"floor":3,"key":"PowerPotion"},{"floor":3,"key":"SmokeBomb"},{"floor":16,"key":"DuplicationPotion"}],"is_trial":false,"path_per_floor":["M","?","?","M","M","R","$","E","T","R","?","?","M","E","R","B",null,"M","M","?","M","$","R","?","M","T","M","?","T","R","M","R","B",null,"M","?","?","$","M","E","M","M","T","R","E","?","M"],"character_chosen":"THE_BUGKNIGHT","items_purchased":[],"campfire_rested":4,"item_purchase_floors":[],"current_hp_per_floor":[74,67,67,67,73,73,73,70,70,70,59,59,65,74,74,40,75,53,49,33,14,14,36,36,33,33,36,26,26,48,50,72,9,75,47,36,66,66,65,35,49,49,49,70,6,6,0,0],"gold":196,"neow_bonus":"THREE_CARDS","is_daily":false,"chose_seed":false,"campfire_upgraded":3,"win_rate":0.0,"timestamp":1614296085,"path_taken":["M","?","?","M","?","R","$","E","T","R","?","?","?","E","R","BOSS","M","M","?","M","$","R","?","M","T","M","?","?","R","M","R","BOSS","M","?","?","$","M","E","M","M","T","R","E","?","M"],"items_purchased_type":[],"build_version":"2020-12-22","purchased_purges":2,"victory":false,"max_hp_per_floor":[75,75,75,75,75,75,75,75,75,75,75,75,75,75,75,75,75,75,75,75,75,75,75,75,75,75,75,75,75,75,75,75,75,75,75,75,66,66,66,66,72,72,72,72,72,72,72,72],"relic_stats":{"Darkstone Periapt":6,"Dream Catcher":1,"counters":[23,100],"Bronze Scales":[222],"Ectoplasm":404,"War Paint":["HollowMod:QuickDashStart","HollowMod:MonarchWings"],"obtain_stats":[{"Darkstone Periapt":26,"Dream Catcher":43,"HollowMod:LifeEnderRelic":29,"Bronze Scales":8,"Enchiridion":20,"Velvet Choker":34,"HollowMod:VesselMask":0,"Ectoplasm":17,"War Paint":9,"HollowMod:KingsBrand":45,"Toy Ornithopter":14,"Unceasing Top":36},{"Darkstone Periapt":11,"Dream Catcher":21,"HollowMod:LifeEnderRelic":13,"Bronze Scales":4,"Enchiridion":9,"Velvet Choker":15,"HollowMod:VesselMask":0,"Ectoplasm":7,"War Paint":4,"HollowMod:KingsBrand":22,"Toy Ornithopter":6,"Unceasing Top":17},{"Darkstone Periapt":45,"Dream Catcher":91,"HollowMod:LifeEnderRelic":52,"Bronze Scales":15,"Enchiridion":37,"Velvet Choker":63,"HollowMod:VesselMask":0,"Ectoplasm":31,"War Paint":15,"HollowMod:KingsBrand":98,"Toy Ornithopter":24,"Unceasing Top":71}],"Toy Ornithopter":5,"Unceasing Top":[0]},"card_choices":[{"not_picked":["HollowMod:InfectedCysts","HollowMod:CornifersMapStart"],"picked":"HollowMod:MonarchWings","floor":0},{"not_picked":["HollowMod:SoulVessel","HollowMod:NewJinnsSoul"],"picked":"HollowMod:CycloneSlash","floor":1},{"not_picked":["HollowMod:CloakDash","HollowMod:InfectionAssault"],"picked":"HollowMod:MantisMark","floor":4},{"not_picked":["HollowMod:Grubsong","HollowMod:BlackTendrils"],"picked":"HollowMod:HowlingWraiths","floor":5},{"not_picked":["HollowMod:SharpenedNail","HollowMod:DoubleDash","HollowMod:CrystalDash"],"picked":"SKIP","floor":8},{"not_picked":["HollowMod:CornifersMapStart","HollowMod:MonarchWings","HollowMod:MothsMistake"],"picked":"SKIP","floor":13},{"not_picked":["HollowMod:CycloneSlash","HollowMod:ShadowDash"],"picked":"HollowMod:Weaversong","floor":14},{"not_picked":["HollowMod:SiblingsSouls","HollowMod:InfectedAttack"],"picked":"HollowMod:DashSlash+1","floor":18},{"not_picked":["HollowMod:HuntersJournal","HollowMod:PerfectDash","HollowMod:HowlingWraiths"],"picked":"SKIP","floor":19},{"not_picked":["HollowMod:VengefulVoid","HollowMod:HowlingWraiths+1","HollowMod:SharpenedShadows"],"picked":"SKIP","floor":21},{"not_picked":["HollowMod:HowlingWraiths","HollowMod:SiblingsShadow","HollowMod:VengefulSpirit"],"picked":"SKIP","floor":25},{"not_picked":["HollowMod:DescendingDark","HollowMod:HuntersJournal","HollowMod:DreamGate+1"],"picked":"SKIP","floor":27},{"not_picked":["HollowMod:SoulStrike+1","HollowMod:GoodIntentions+1","HollowMod:ShadowDash+1"],"picked":"SKIP","floor":31},{"not_picked":["HollowMod:NewInfectedGuardian","HollowMod:MidwifesHunger"],"picked":"HollowMod:Hiveblood","floor":33},{"not_picked":["HollowMod:InfectedCysts+1","HollowMod:SoulSplash+1","HollowMod:ChannelNail"],"picked":"SKIP","floor":35},{"not_picked":["HollowMod:ShadowDash","HollowMod:DashSlash"],"picked":"HollowMod:SiblingsSouls+1","floor":36},{"not_picked":["HollowMod:CloakDash","HollowMod:NewInfectedGuardian","HollowMod:ChannelNail+1"],"picked":"SKIP","floor":39},{"not_picked":["HollowMod:ChannelNail","HollowMod:SoulSplash"],"picked":"HollowMod:PureNailStrike+1","floor":41},{"not_picked":["HollowMod:SoulShaman+1","HollowMod:NewGlowingWomb"],"picked":"HollowMod:DoubleDash+1","floor":42},{"not_picked":["HollowMod:CloakDash+1","HollowMod:InfectedCysts+1"],"picked":"HollowMod:DoubleDash+1","floor":44},{"not_picked":["HollowMod:ShapeofUnn","HollowMod:ChannelNail","HollowMod:HowlingWraiths"],"picked":"SKIP","floor":45}],"player_experience":41756,"relics_obtained":[{"floor":8,"key":"Bronze Scales"},{"floor":9,"key":"War Paint"},{"floor":14,"key":"Toy Ornithopter"},{"floor":20,"key":"Enchiridion"},{"floor":26,"key":"Darkstone Periapt"},{"floor":29,"key":"HollowMod:LifeEnderRelic"},{"floor":36,"key":"Unceasing Top"},{"floor":43,"key":"Dream Catcher"},{"floor":45,"key":"HollowMod:KingsBrand"}],"event_choices":[{"cards_removed":["HollowMod:QuickDashStart"],"damage_healed":0,"gold_gain":0,"player_choice":"Card Removal","damage_taken":7,"max_hp_gain":0,"max_hp_loss":0,"event_name":"Golden Wing","floor":2,"gold_loss":0},{"damage_healed":0,"gold_gain":0,"player_choice":"Got Potions","damage_taken":0,"max_hp_gain":0,"max_hp_loss":0,"event_name":"Lab","floor":3,"gold_loss":0},{"damage_healed":0,"gold_gain":75,"player_choice":"Gather Gold","damage_taken":11,"max_hp_gain":0,"max_hp_loss":0,"event_name":"World of Goop","floor":11,"gold_loss":0},{"cards_removed":["HollowMod:QuickDashStart"],"damage_healed":0,"gold_gain":0,"player_choice":"Card Removal","damage_taken":0,"max_hp_gain":0,"max_hp_loss":0,"event_name":"Wheel of Change","floor":12,"gold_loss":0},{"damage_healed":0,"gold_gain":0,"player_choice":"Obtained Book","damage_taken":16,"max_hp_gain":0,"max_hp_loss":0,"event_name":"Cursed Tome","floor":20,"gold_loss":0},{"damage_healed":0,"gold_gain":0,"player_choice":"Ignored","damage_taken":0,"max_hp_gain":0,"max_hp_loss":0,"event_name":"Ghosts","floor":24,"gold_loss":0},{"damage_healed":0,"gold_gain":0,"player_choice":"Fight","damage_taken":0,"max_hp_gain":0,"max_hp_loss":0,"event_name":"Colosseum","floor":28,"gold_loss":0},{"damage_healed":0,"gold_gain":0,"player_choice":"Fled From Nobs","damage_taken":0,"max_hp_gain":0,"max_hp_loss":0,"event_name":"Colosseum","floor":28,"gold_loss":0},{"damage_healed":0,"gold_gain":0,"player_choice":"Fight","damage_taken":0,"max_hp_gain":0,"max_hp_loss":0,"event_name":"MindBloom","floor":36,"gold_loss":0},{"damage_healed":66,"gold_gain":0,"player_choice":"Heal","damage_taken":0,"max_hp_gain":0,"max_hp_loss":9,"event_name":"The Moai Head","floor":37,"gold_loss":0},{"damage_healed":0,"gold_gain":0,"player_choice":"Ignored","damage_taken":0,"max_hp_gain":0,"max_hp_loss":0,"event_name":"SecretPortal","floor":46,"gold_loss":0}],"is_beta":false,"boss_relics":[{"not_picked":["Runic Pyramid","SacredBark"],"picked":"Ectoplasm"},{"not_picked":["Tiny House","Philosopher\u0027s Stone"],"picked":"Velvet Choker"}],"items_purged_floors":[7,22],"is_endless":false,"potions_floor_spawned":[1,4,16,19,21,28,31,33,35,39],"killed_by":"Jaw Worm Horde","ascension_level":0}}