{"host":"2vsfvi9pm0ilma55","time":1614221634,"event":{"mods":["BaseMod","Bestiary","Highlight Path","Minty Spire (QoL Compilation)","Relic Stats","StSLib","The Marked","The Warlock"],"gold_per_floor":[119,139,159,178,178,209,223,223,223,294,330,25,46,81,81,172,172,195,179,104,104,104,104],"floor_reached":22,"language":"ENG","playtime":1361,"items_purged":["Ritualist:StrikeMagenta"],"score":412,"play_id":"bfbb88c4-b750-4384-ba3d-78fbb11a619b","local_time":"20210224185354","is_ascension_mode":true,"campfire_choices":[{"floor":8.0,"key":"REST"},{"floor":15.0,"key":"REST"}],"circlet_count":0,"master_deck":["AscendersBane","Ritualist:StrikeMagenta","Ritualist:StrikeMagenta","Ritualist:DefendMagenta","Ritualist:DefendMagenta","Ritualist:DefendMagenta","Ritualist:DefendMagenta","Ritualist:InitiationRite","Ritualist:SummonAgiel","Ritualist:StrategicCut","Ritualist:BloodBoil","Ritualist:CleanseByBlood","Ritualist:RitualBloodletter","Ritualist:Vendetta","Ritualist:DarkRitual","Ritualist:ShallowCut","Ritualist:ImpFeast","Ritualist:FuturePlans","Ritualist:Sabbath+1","Ritualist:SummonMaat+1","Ghostly","Ghostly","Ghostly"],"relics":["Ritualist:StarterRelic","Golden Idol","Smiling Mask","Eternal Feather","Sundial","Centennial Puzzle","Happy Flower","TungstenRod","Runic Pyramid"],"acts_visited":["Exordium","TheCity"],"potions_floor_usage":[19],"damage_taken":[{"damage":2.0,"enemies":"Cultist","floor":1.0,"turns":4.0},{"damage":4.0,"enemies":"Small Slimes","floor":2.0,"turns":4.0},{"damage":2.0,"enemies":"Jaw Worm","floor":3.0,"turns":3.0},{"damage":3.0,"enemies":"Looter","floor":4.0,"turns":3.0},{"damage":25.0,"enemies":"Lagavulin","floor":6.0,"turns":6.0},{"damage":7.0,"enemies":"Exordium Wildlife","floor":7.0,"turns":4.0},{"damage":1.0,"enemies":"Gremlin Nob","floor":11.0,"turns":3.0},{"damage":18.0,"enemies":"Exordium Thugs","floor":13.0,"turns":6.0},{"damage":12.0,"enemies":"Lagavulin","floor":14.0,"turns":5.0},{"damage":32.0,"enemies":"The Guardian","floor":16.0,"turns":10.0},{"damage":19,"enemies":"Shell Parasite","floor":18,"turns":4},{"damage":11,"enemies":"2 Thieves","floor":19,"turns":4},{"damage":39,"enemies":"Snecko","floor":22,"turns":8}],"seed_played":"6571001982366134931","potions_obtained":[{"floor":2.0,"key":"Regen Potion"},{"floor":4.0,"key":"Fire Potion"},{"floor":6.0,"key":"FearPotion"},{"floor":7.0,"key":"SpeedPotion"},{"floor":13.0,"key":"Fire Potion"},{"floor":18,"key":"SpeedPotion"},{"floor":19,"key":"Strength Potion"}],"is_trial":false,"path_per_floor":["M","M","M","M","?","E","M","R","T","T","E","$","M","E","R","B",null,"M","M","?","?","M"],"character_chosen":"RITUALIST","items_purchased":["Happy Flower","Ritualist:ShallowCut","PowerPotion"],"campfire_rested":2,"item_purchase_floors":[12,12,12],"current_hp_per_floor":[72,68,66,63,35,25,18,42,42,42,41,41,23,11,44,12,64,45,34,34,34,0,0],"gold":104,"neow_bonus":"TEN_PERCENT_HP_BONUS","is_daily":false,"chose_seed":false,"campfire_upgraded":0,"win_rate":0.0,"timestamp":1614221634,"path_taken":["M","M","M","?","?","E","M","R","T","?","E","$","M","E","R","BOSS","M","M","?","?","?"],"items_purchased_type":["Relic","Card","Potion"],"build_version":"2020-12-22","purchased_purges":1,"victory":false,"max_hp_per_floor":[81,81,81,81,81,81,81,81,81,81,81,81,81,81,81,81,81,81,81,81,40,40,40],"relic_stats":{"Centennial Puzzle":[17],"Happy Flower":[12],"counters":[13,64],"Golden Idol":55,"Sundial":[6],"Eternal Feather":9,"Smiling Mask":25,"obtain_stats":[{"Centennial Puzzle":11,"Happy Flower":12,"Golden Idol":5,"Sundial":10,"Eternal Feather":9,"Ritualist:StarterRelic":0,"Smiling Mask":6,"TungstenRod":14,"Runic Pyramid":17},{"Centennial Puzzle":7,"Happy Flower":7,"Golden Idol":4,"Sundial":6,"Eternal Feather":6,"Ritualist:StarterRelic":0,"Smiling Mask":5,"TungstenRod":9,"Runic Pyramid":10},{"Centennial Puzzle":27,"Happy Flower":27,"Golden Idol":14,"Sundial":24,"Eternal Feather":24,"Ritualist:StarterRelic":0,"Smiling Mask":20,"TungstenRod":38,"Runic Pyramid":48}],"TungstenRod":19},"card_choices":[{"not_picked":["Ritualist:Precognition","Ritualist:SummonNergal"],"picked":"Ritualist:StrategicCut","floor":1.0},{"not_picked":["Ritualist:Sabbath","Ritualist:EvilIntentions"],"picked":"Ritualist:BloodBoil","floor":2.0},{"not_picked":["Ritualist:ImpFeast","Ritualist:EarlyReturn"],"picked":"Ritualist:CleanseByBlood","floor":3.0},{"not_picked":["Ritualist:Extradition","Ritualist:BookOfNames"],"picked":"Ritualist:RitualBloodletter","floor":4.0},{"not_picked":["Ritualist:CutOut","Ritualist:Extradition"],"picked":"Ritualist:Vendetta","floor":6.0},{"not_picked":["Ritualist:DemonArm","Ritualist:RitualBloodletter","Ritualist:Impale"],"picked":"SKIP","floor":7.0},{"not_picked":["Ritualist:CleanseByBlood","Ritualist:CostlyStrength"],"picked":"Ritualist:DarkRitual","floor":11.0},{"not_picked":["Ritualist:BloodyVigor","Ritualist:BranchingPaths"],"picked":"Ritualist:ImpFeast","floor":13.0},{"not_picked":["Ritualist:Tenderize","Ritualist:CleanseByBlood","Ritualist:DeadlyBlows"],"picked":"SKIP","floor":14.0},{"not_picked":["Ritualist:Repatriate","Ritualist:DarkMasterForm"],"picked":"Ritualist:FuturePlans","floor":16.0},{"not_picked":["Ritualist:DemonArm","Ritualist:ImpFeast"],"picked":"Ritualist:Sabbath+1","floor":18},{"not_picked":["Ritualist:DrainStrength","Ritualist:DeadlyBlows"],"picked":"Ritualist:SummonMaat+1","floor":19}],"player_experience":624205,"relics_obtained":[{"floor":6.0,"key":"Smiling Mask"},{"floor":9.0,"key":"Eternal Feather"},{"floor":10.0,"key":"Sundial"},{"floor":11.0,"key":"Centennial Puzzle"},{"floor":14.0,"key":"TungstenRod"}],"event_choices":[{"damage_healed":0.0,"max_hp_gain":0.0,"max_hp_loss":0.0,"gold_gain":0.0,"event_name":"Golden Idol","player_choice":"Take Damage","floor":5.0,"gold_loss":0.0,"damage_taken":28.0,"relics_obtained":["Golden Idol"]},{"cards_removed":["Ritualist:StrikeMagenta"],"damage_healed":0,"gold_gain":0,"player_choice":"Gave Gold","damage_taken":0,"max_hp_gain":0,"max_hp_loss":0,"event_name":"Beggar","floor":20,"gold_loss":75},{"damage_healed":0,"gold_gain":0,"player_choice":"Became a Ghost","damage_taken":0,"max_hp_gain":0,"max_hp_loss":41,"event_name":"Ghosts","floor":21,"gold_loss":0,"cards_obtained":["Ghostly","Ghostly","Ghostly"]}],"is_beta":false,"boss_relics":[{"not_picked":["Tiny House","Philosopher\u0027s Stone"],"picked":"Runic Pyramid"}],"items_purged_floors":[12],"is_endless":false,"potions_floor_spawned":[2,4,6,7,13,18,19],"killed_by":"Snecko","ascension_level":20}}