{"host":"y9jgkjnf95sujozk","time":1614258479,"event":{"mods":["2.2 Compatiblity","AchievementEnabler","Act Like it!","Aspiration","BaseMod","BetterRewards","Block Reminder","Colored Map","Colored Powertips","Downfall","Friendly Minions","Gensokyo","GifTheSpireLib","Hallownest","Hermit","Highlight Path","HololiveMod","Hubris","Infinite Spire","Jorbs\u0027s Wanderer Trilogy","KinomotoSakuraMod(木之本?)","Koishi","Marisa（霧雨　魔理沙）","Minty Spire (QoL Compilation)","Quick Restart","Random Character Button","Rare Cards Sparkle","Reimu（博??梦）","Remilia（蕾米莉?）","Replay The Spire","Shop Mod","StSLib","SuperFastMode","The Administrix","The Bug Knight","The Cursed","The Disciple","The Hierophant","The Jungle","The Runesmith","The Senshi","The Servant 0.9.4"],"gold_per_floor":[115,215,215,215,215,215,365,14,14,25,37,71,84,84,84,179,179,194,205,238,248,267,267,267,267,267,267,286,300,300,300,300],"floor_reached":31,"language":"ENG","playtime":1435,"items_purged":["ReplayTheSpireMod:Restless Dread"],"score":435,"play_id":"388190de-fda1-4df6-b612-84447b5beef3","local_time":"20210225140759","is_ascension_mode":false,"campfire_choices":[{"floor":6,"key":"REST"},{"floor":15,"key":"REST"},{"floor":23,"key":"REST"},{"floor":27,"key":"REST"}],"circlet_count":0,"master_deck":["SakuraCardTheSword+","SakuraCardTheThrough+","ClowCardTheSword","ClowCardTheSword","ClowCardTheSword","ClowCardTheShield","ClowCardTheShield","ClowCardTheShield","ClowCardTheShield","SpellCardSeal","SpellCardRelease","ClowCardTheSand","ClowCardTheEarthy","ClowCardTheLoop","Bandage Up","ClowCardTheChange","downfall:Bewildered","ClowCardTheTime","Replay:Sluggish","hubris:Rewind","Spreading Infection","ClowCardTheMaze","ClowCardTheLoop","stsjorbsmod:Amnesia","Replay:Hysterical Blindness","ClowCardTheGlow","ClowCardTheMist","ClowCardTheChange","ClowCardTheLight","ClowCardTheCloud","ClowCardTheShadow+1","ClowCardTheErase+1","ClowCardTheLibra+1","ClowCardTheCloud+1","ClowCardTheChange","stsjorbsmod:Withering","Decay","ClowCardTheSand","Replay:Parry","ClowCardTheMaze"],"relics":["KSMOD_SealedBook","KSMOD_SealedWand","Turnip","BargainBundle","infinitespire:CheckeredPen","downfall:ExtraCursedKey","Mango","hubris:Towel","ReplayTheSpireMod:CursedCoin","Chemical X","TungstenRod","hubris:TenFootPole","ReplayTheSpireMod:DimensionalGlitch","Toy Ornithopter","Question Card","theJungle:BirthdayCake","Strawberry","Mirror"],"acts_visited":["Exordium","Gensokyo:Gensokyo"],"potions_floor_usage":[16,16,21,21,21,22,31,31],"damage_taken":[{"damage":5,"enemies":"Gensokyo:3_Fairies","floor":1,"turns":6},{"damage":0,"enemies":"Gensokyo:Python","floor":10,"turns":2},{"damage":0,"enemies":"Gensokyo:2_Kodama","floor":11,"turns":4},{"damage":10,"enemies":"Gensokyo:Cirno","floor":12,"turns":6},{"damage":9,"enemies":"Gensokyo:Gryphon_and_Rabbit","floor":13,"turns":5},{"damage":48,"enemies":"Gensokyo:Yukari","floor":16,"turns":10},{"damage":31,"enemies":"theJungle:GiantWrat","floor":18,"turns":7},{"damage":8,"enemies":"theJungle:5_Spyders","floor":19,"turns":8},{"damage":34,"enemies":"theJungle:2_Snecko_Cultists","floor":21,"turns":8},{"damage":17,"enemies":"theJungle:SlimyTreeVines","floor":22,"turns":9},{"damage":39,"enemies":"theJungle:Lyon","floor":28,"turns":6},{"damage":23,"enemies":"theJungle:JungleHuntersEncounter","floor":29,"turns":13},{"damage":47,"enemies":"theJungle:2_Snecko_Cultists","floor":31,"turns":7}],"seed_played":"1760973052942848447","potions_obtained":[{"floor":12,"key":"ZuzhouPotion:ReiMu"},{"floor":13,"key":"Weak Potion"},{"floor":16,"key":"SpeedPotion"},{"floor":19,"key":"Dexterity Potion"},{"floor":20,"key":"LifebloodPotion"},{"floor":21,"key":"Swift Potion"},{"floor":22,"key":"GamblersBrew"},{"floor":29,"key":"Guardian:BlockOnCardUsePotion"}],"is_trial":false,"path_per_floor":["M","?","?","?","?","R","$","$","T","M","M","E","M","?","R","B",null,"M","M","?","M","M","R","AVR","?","T","R","M","M","?","M"],"character_chosen":"KINOMOTOSAKURA","items_purchased":["ClowCardTheSand","ClowCardTheEarthy","ClowCardTheLoop","BargainBundle","infinitespire:CheckeredPen","Bandage Up","ReplayTheSpireMod:CursedCoin","ClowCardTheMaze","ClowCardTheLoop","Chemical X"],"campfire_rested":4,"item_purchase_floors":[0,0,0,0,0,0,7,8,8,8],"current_hp_per_floor":[68,73,55,48,48,74,74,74,74,78,82,76,71,80,89,43,89,58,54,37,14,8,34,34,54,61,95,58,37,37,0,0],"gold":300,"neow_bonus":"","is_daily":false,"chose_seed":false,"campfire_upgraded":0,"win_rate":0.0,"timestamp":1614258479,"path_taken":["M","?","?","?","?","R","?","$","T","M","?","E","M","?","R","BOSS","M","M","?","M","M","R","AVR","?","T","R","M","M","?","M"],"items_purchased_type":["Card","Card","Card","Relic","Relic","Card","Relic","Card","Card","Relic"],"build_version":"2020-12-22","purchased_purges":1,"victory":false,"max_hp_per_floor":[70,75,75,89,89,89,89,89,89,89,89,89,89,89,89,89,89,89,89,89,89,89,89,89,109,116,116,116,116,116,116,116],"card_choices":[{"not_picked":["ClowCardTheSleep","ClowCardTheSilent"],"picked":"ClowCardTheChange","floor":1},{"not_picked":["infinitespire:Fortify","ReplayTheSpireMod:Chaos Vortex"],"picked":"hubris:Rewind","floor":3},{"not_picked":["ClowCardTheLock","ClowCardTheErase"],"picked":"ClowCardTheThrough","floor":10},{"not_picked":["ClowCardTheSweet","ClowCardTheBig"],"picked":"ClowCardTheGlow","floor":11},{"not_picked":["ClowCardTheIllusion","ClowCardTheDash"],"picked":"ClowCardTheMist","floor":12},{"not_picked":["ClowCardTheVoice","ClowCardTheLibra"],"picked":"ClowCardTheChange","floor":13},{"not_picked":["ClowCardTheReturn","ClowCardTheDark"],"picked":"ClowCardTheLight","floor":16},{"not_picked":["ClowCardTheIllusion","ClowCardTheErase"],"picked":"ClowCardTheCloud","floor":18},{"not_picked":["ClowCardTheWood","ClowCardTheChange+1"],"picked":"ClowCardTheShadow+1","floor":19},{"not_picked":["ClowCardTheFreeze+1","ClowCardTheIllusion"],"picked":"ClowCardTheErase+1","floor":20},{"not_picked":["ClowCardTheCloud+1","ClowCardTheFirey"],"picked":"ClowCardTheLibra+1","floor":20},{"not_picked":["ClowCardTheFly","ClowCardTheLibra"],"picked":"ClowCardTheCloud+1","floor":21},{"not_picked":["ClowCardTheWindy","ClowCardTheVoice+1"],"picked":"ClowCardTheChange","floor":22},{"not_picked":["ClowCardTheIllusion+1","ClowCardTheLock","ClowCardTheMaze"],"picked":"ClowCardTheCreate","floor":28},{"not_picked":["ClowCardTheVoice","ClowCardTheReturn","ClowCardTheSweet"],"picked":"ClowCardTheSand","floor":29}],"player_experience":194040,"relics_obtained":[{"floor":9,"key":"TungstenRod"},{"floor":12,"key":"hubris:TenFootPole"},{"floor":20,"key":"Toy Ornithopter"},{"floor":26,"key":"Strawberry"},{"floor":29,"key":"Mirror"}],"event_choices":[{"damage_healed":0,"gold_gain":0,"player_choice":"2 cards matched","damage_taken":0,"max_hp_gain":0,"max_hp_loss":0,"event_name":"Match and Keep!","floor":30,"gold_loss":0,"cards_obtained":["Replay:Parry","ClowCardTheMaze"]}],"is_beta":false,"boss_relics":[{"not_picked":["aspiration:RunesmithSkillbook","Kintsugi"],"picked":"ReplayTheSpireMod:DimensionalGlitch"}],"items_purged_floors":[8],"is_endless":false,"potions_floor_spawned":[12,13,16,19,21,22,29],"killed_by":"theJungle:2_Snecko_Cultists","ascension_level":0}}