{"host":"y4fuci1jk2rsxnep","time":1614285710,"event":{"mods":["AchievementEnabler","BaseMod","Colored Powertips","Custom Start","Defuse TimeMaze Blight","Dio Mod","Downfall","Hermit","Hero for Fun","Hubris","Hunter ??","Infinite Spire","Minty Spire (QoL Compilation)","Quick Restart","Reliquary","Remove Card Discount Mod","Replay The Spire","StSLib","The Blackbeard","The Bug Knight","The Mystic","The Runesmith"],"gold_per_floor":[112,87,87,104,181,206,206,223,277,311,311,311,339,279,279,391,391,417,81,81,75,75,75,75,116,116,116,139,161,206,53,53,171,171,198,53,92,92,92,102,102],"floor_reached":40,"language":"ENG","playtime":2877,"items_purged":["hermit:Strike_Hermit","hermit:Strike_Hermit","hermit:Strike_Hermit","ReplayTheSpireMod:Restless Dread"],"score":634,"play_id":"790c72f2-0ca6-4903-a71c-89535b6cbedb","local_time":"20210225214150","is_ascension_mode":true,"campfire_choices":[{"data":"hermit:WideOpen","floor":7,"key":"SMITH"},{"data":"hermit:FlashPowder","floor":11,"key":"SMITH"},{"data":"Apotheosis","floor":23,"key":"SMITH"},{"data":"infinitespire:SevenWalls","floor":27,"key":"SMITH"},{"floor":32,"key":"DIG"}],"circlet_count":0,"master_deck":["hermit:Strike_Hermit","hermit:Defend_Hermit","hermit:Defend_Hermit","hermit:Defend_Hermit","hermit:Defend_Hermit","hermit:Snapshot","hermit:Covet","hermit:WideOpen+1","Pain","hermit:FlashPowder+1","hermit:Glare","hermit:HighCaliber","hermit:Magnum","Voices","hermit:Virtue","hermit:Determination+1","hermit:Midnight","hermit:FatalDesire","hermit:PistolWhip","hermit:Determination","Flash of Steel","Apotheosis+1","hermit:HighCaliber","Clumsy","infinitespire:SevenWalls+1","hermit:BlackWind"],"relics":["hermit:Momento","NeowsBlessing","WarpedTongs","StoneCalendar","reliquary:Aerogel","Replay:Bandana","ReplayTheSpireMod:Ring of Challenge","Ring of Misfortune","Chameleon Ring","Shovel","Medical Kit","Cursed Key","infinitespire:Lucky Rock","hubris:Icosahedron"],"acts_visited":["Exordium","TheCity","TheBeyond"],"potions_floor_usage":[40],"damage_taken":[{"damage":0,"enemies":"Jaw Worm","floor":1,"turns":1},{"damage":0,"enemies":"infinitespire:Voidling","floor":4,"turns":1},{"damage":0,"enemies":"3 Sentries","floor":6,"turns":2},{"damage":0,"enemies":"Cultist","floor":8,"turns":3},{"damage":18,"enemies":"Replay:BlueRogue","floor":10,"turns":4},{"damage":0,"enemies":"Large Slime","floor":13,"turns":4},{"damage":13,"enemies":"Fading Forest","floor":16,"turns":11},{"damage":6,"enemies":"Shell Parasite","floor":18,"turns":5},{"damage":16,"enemies":"Nightmare","floor":25,"turns":5},{"damage":0,"enemies":"Centurion and Healer","floor":28,"turns":4},{"damage":0,"enemies":"Snecko","floor":29,"turns":5},{"damage":0,"enemies":"Book of Stabbing","floor":30,"turns":5},{"damage":0,"enemies":"Automaton","floor":33,"turns":8},{"damage":29,"enemies":"3 Darklings","floor":35,"turns":6},{"damage":6,"enemies":"3 Shapes","floor":37,"turns":4},{"damage":47,"enemies":"Nightmare","floor":40,"turns":8}],"seed_played":"-186600402628234398","potions_obtained":[{"floor":6,"key":"SkillPotion"},{"floor":13,"key":"infinitespire:BlackPotion"},{"floor":25,"key":"sneckomod:MuddlingPotion"},{"floor":29,"key":"Venom Potion"}],"is_trial":false,"path_per_floor":["M","$","?","M","?","E","R","M","T","E","R","?","M","$","R","B",null,"M","$","?","$","?","R","?","NM","T","R","M","M","E","$","R","B",null,"M","$","M","?","?","NM"],"character_chosen":"HERMIT","items_purchased":["hermit:WideOpen","hermit:Determination+1","hermit:Determination","Flash of Steel","Apotheosis","Medical Kit","infinitespire:Lucky Rock"],"campfire_rested":0,"item_purchase_floors":[2,14,19,19,19,31,36],"current_hp_per_floor":[75,75,75,75,75,75,75,75,75,57,57,57,57,57,57,72,75,69,69,69,69,69,69,69,53,53,53,53,53,53,53,53,53,75,46,46,40,40,40,0,0],"gold":102,"neow_bonus":"THREE_ENEMY_KILL","is_daily":false,"chose_seed":false,"campfire_upgraded":4,"win_rate":0.0,"timestamp":1614285710,"path_taken":["M","$","?","?","?","E","R","M","T","E","R","?","M","$","R","BOSS","M","$","?","?","?","R","?","NM","T","R","?","M","E","?","R","BOSS","M","$","M","?","?","NM"],"items_purchased_type":["Card","Card","Card","Card","Card","Relic","Relic"],"build_version":"2020-12-22","purchased_purges":4,"victory":false,"max_hp_per_floor":[75,75,75,75,75,75,75,75,75,75,75,75,75,75,75,75,75,75,75,75,75,75,75,75,75,75,75,75,75,75,75,75,75,75,75,75,75,75,75,75,75],"card_choices":[{"not_picked":["hermit:LowProfile","hermit:Manifest","hermit:Snipe"],"picked":"SKIP","floor":1},{"not_picked":["hermit:Desperado","hermit:Midnight"],"picked":"hermit:FlashPowder","floor":4},{"not_picked":["hermit:Headshot","hermit:Coalescence"],"picked":"hermit:Glare","floor":6},{"not_picked":["hermit:Midnight","hermit:Desperado"],"picked":"hermit:HighCaliber","floor":8},{"not_picked":["hermit:Scavenge","hermit:HeroicBravado"],"picked":"hermit:Magnum","floor":10},{"not_picked":["hermit:HoleUp","hermit:HighCaliber"],"picked":"hermit:Virtue","floor":13},{"not_picked":["hermit:EternalForm","hermit:RoundhouseKick"],"picked":"hermit:FatalDesire","floor":16},{"not_picked":["hermit:LuckOfTheDraw+1","hermit:Misfire"],"picked":"hermit:PistolWhip","floor":18},{"not_picked":["infinitespire:SealOfDarkness+","ReplayTheSpireMod:Chaos Vortex"],"picked":"infinitespire:SevenWalls","floor":22},{"not_picked":["hermit:Midnight","hermit:Glare+1","hermit:TakeAim"],"picked":"SKIP","floor":25},{"not_picked":["hermit:Headshot","hermit:Vantage","hermit:Shortfuse"],"picked":"SKIP","floor":28},{"not_picked":["hermit:Headshot","hermit:Enervate","hermit:FullyLoaded"],"picked":"SKIP","floor":29},{"not_picked":["hermit:TrackingShot","hermit:Quickdraw+1","hermit:Feint"],"picked":"SKIP","floor":30},{"not_picked":["hermit:Purgatory","hermit:RoundhouseKick"],"picked":"hermit:BlackWind","floor":33},{"not_picked":["hermit:Snipe+1","hermit:Glare+1","hermit:TakeAim"],"picked":"SKIP","floor":35},{"not_picked":["hermit:SprayPray","hermit:PistolWhip","hermit:LuckOfTheDraw"],"picked":"SKIP","floor":37}],"player_experience":719501,"relics_obtained":[{"floor":6,"key":"StoneCalendar"},{"floor":9,"key":"reliquary:Aerogel"},{"floor":10,"key":"Replay:Bandana"},{"floor":12,"key":"ReplayTheSpireMod:Ring of Challenge"},{"floor":12,"key":"Ring of Misfortune"},{"floor":25,"key":"Chameleon Ring"},{"floor":30,"key":"Shovel"}],"event_choices":[{"damage_healed":0,"gold_gain":0,"player_choice":"Rummage","damage_taken":0,"relics_obtained":["WarpedTongs"],"max_hp_gain":0,"max_hp_loss":0,"event_name":"Accursed Blacksmith","floor":3,"gold_loss":0,"cards_obtained":["Pain"]},{"damage_healed":0,"gold_gain":77,"player_choice":"Gained Gold","damage_taken":0,"max_hp_gain":0,"max_hp_loss":0,"event_name":"Golden Wing","floor":5,"gold_loss":0},{"damage_healed":0,"gold_gain":0,"player_choice":"Ignored","damage_taken":0,"max_hp_gain":0,"max_hp_loss":0,"event_name":"Fountain of Cleansing","floor":24,"gold_loss":0},{"damage_healed":0,"gold_gain":0,"player_choice":"Ignored","damage_taken":0,"max_hp_gain":0,"max_hp_loss":0,"event_name":"Transmorgrifier","floor":39,"gold_loss":0}],"is_beta":false,"boss_relics":[{"not_picked":["Ectoplasm","hubris:RunicObelisk","reliquary:Craggleroot"]},{"not_picked":["Kintsugi","SacredBark"],"picked":"Cursed Key"}],"items_purged_floors":[21,21,21,31],"is_endless":true,"potions_floor_spawned":[6,13,25,29,35,37],"killed_by":"Nightmare","ascension_level":4}}