{"host":"am9dcwhv7hq2nlsk","time":1614241356,"event":{"mods":["ATMod(阿瑾Mod)","AchievementEnabler","Act Like it!","Aspiration","BaseMod","BetterRewards","Conspire","Custom Start","Dota2Spire","Marisa（F雨　魔理沙）","Minty Spire (QoL Compilation)","Reimu（博丽灵梦）","Remilia（蕾米莉亚）","Replay The Spire","RumiaBox-露米娅的神秘盒子","Shop Mod","Spicy Shops","StSLib","TestMod","The Cursed","The Hierophant","UnlockEverythingMod","[IsaacMod]以撒尖塔","noobMod","【遗物卡牌】REMEMod","篝火指南"],"gold_per_floor":[121,133,148,169,6,6,6,36,36,75,75,89,106,135,135,219,219,239,254,276,241,294,404,535,594,619,727,774,856,922,967,535,698,698,791,829,829,870,870,927,65,129,153,153,96,146,257,282,19,57,90],"floor_reached":52,"language":"ZHS","playtime":2670,"items_purged":["Strike_B","Defend_B","Strike_B","Defend_B","Defend_B","Delirium","Pot Of Greed","Hyperbeam","Strike_B"],"score":2980,"play_id":"04e61f16-546f-478d-aa1d-6a6e500d8a33","local_time":"20210225162236","is_ascension_mode":true,"campfire_choices":[{"data":"AT_FamilyPortrait","floor":6.0,"key":"SMITH"},{"data":"Zap","floor":15.0,"key":"SMITH"}],"circlet_count":0,"master_deck":["AscendersBane","Strike_B","Defend_B","Zap+1","Dualcast","AT_FamilyPortrait+1","testmod-BackupPower","Seek","Finesse","Gash","BootSequence","REME_DataAnalysis","Steam","Scrape","REME_ForAll","White Noise","Go for the Eyes","Gash","Pot Of Greed+1","AT_RightCognition","Beam Cell+1","Reprogram","Pot Of Greed+1","AT_StudyProgram+1","REME_FirmDetermination","Streamline","AT_DarkMatter+1","Machine Learning"],"relics":["Cracked Core","AT_ATBox","testmod-TestBox","ice","HushsDoor","REME_ComplimentaryCards","testmod-DeterminationOfClimber","Meat on the Bone","testmod-Fortitude","InkBottle","aspiration:AnachronicSnailShell","REME_CardOfGreed","AT_BladeRuinedKing","Vajra","Gambling Chip","conspire:TreasureMap","BloodBag","Lee\u0027s Waffle","AT_BellowingDragoncrestRing","REME_OnlineShoppingPlatform","AT_SilvercatRing","Question Card","GodSword7","MagicMushroom","MerchantsRug","Boot","AT_MibuBalloonWealth","Lantern","REME_HourglassOfDeath","aspiration:ChemicalBlood","Replay:Bottled Flurry","Juzu Bracelet","PlanX","Grinning Jar","Strawberry","Quantum Egg","testmod-Justice","Orrery","conspire:SlowCooker","ReplayTheSpireMod:Ring of Collecting","Ring of Fury","testmod-FatalChain","DataDisk","ClockworkSouvenir","Chaos","Dota2Spire:Dagon","Dota2Spire:EchoSabre","Replay:Bottled Eggs","Torii","Iron Hammer","conspire:InfiniteJournal","Byrd Skull","Happy Flower","Pen Nib","Dota2Spire:Butterfly","Replay:Arrowhead"],"acts_visited":["Exordium","TheCity","TheBeyond"],"potions_floor_usage":[49],"damage_taken":[{"damage":0.0,"enemies":"Cultist","floor":1.0,"turns":1.0},{"damage":0.0,"enemies":"2 Louse","floor":2.0,"turns":1.0},{"damage":0.0,"enemies":"Jaw Worm","floor":3.0,"turns":1.0},{"damage":0.0,"enemies":"Exordium Thugs","floor":4.0,"turns":1.0},{"damage":0.0,"enemies":"Gremlin Nob","floor":8.0,"turns":1.0},{"damage":0.0,"enemies":"Lagavulin","floor":10.0,"turns":1.0},{"damage":0.0,"enemies":"Looter","floor":12.0,"turns":1.0},{"damage":0.0,"enemies":"3 Louse","floor":13.0,"turns":1.0},{"damage":0.0,"enemies":"3 Sentries","floor":14.0,"turns":1.0},{"damage":2.0,"enemies":"The Guardian","floor":16.0,"turns":2.0},{"damage":0.0,"enemies":"Shell Parasite","floor":18.0,"turns":1.0},{"damage":0.0,"enemies":"Spheric Guardian","floor":19.0,"turns":1.0},{"damage":0.0,"enemies":"Cultist and Chosen","floor":20.0,"turns":1.0},{"damage":0.0,"enemies":"Slavers","floor":23.0,"turns":2.0},{"damage":0.0,"enemies":"Hiden Room Battle","floor":24.0,"turns":1.0},{"damage":0.0,"enemies":"Book of Stabbing","floor":25.0,"turns":1.0},{"damage":0.0,"enemies":"Slavers","floor":27.0,"turns":1.0},{"damage":0.0,"enemies":"Snecko","floor":28.0,"turns":1.0},{"damage":0.0,"enemies":"conspire:SneckoGhost","floor":30.0,"turns":1.0},{"damage":0.0,"enemies":"Snake Plant","floor":31.0,"turns":1.0},{"damage":0.0,"enemies":"Automaton","floor":33.0,"turns":2.0},{"damage":0.0,"enemies":"3 Shapes","floor":35.0,"turns":1.0},{"damage":0.0,"enemies":"Orb Walker","floor":36.0,"turns":1.0},{"damage":0.0,"enemies":"Spire Growth","floor":38.0,"turns":1.0},{"damage":0.0,"enemies":"Nemesis","floor":40.0,"turns":1.0},{"damage":0.0,"enemies":"R_Hoarder","floor":42.0,"turns":2.0},{"damage":0.0,"enemies":"Writhing Mass","floor":46.0,"turns":1.0},{"damage":0.0,"enemies":"Reptomancer","floor":47.0,"turns":1.0},{"damage":0,"enemies":"Replay:Hell Engine","floor":50,"turns":1},{"damage":0,"enemies":"conspire:OrnateMirror","floor":51,"turns":1}],"seed_played":"-7537951343946571449","potions_obtained":[{"floor":2.0,"key":"Venom Potion"},{"floor":4.0,"key":"DistilledChaos"}],"is_trial":false,"path_per_floor":["M","M","M","M","$","R","?","E","T","E","$","M","M","E","R","B",null,"M","M","M","$","?","E","?","E","T","E","M","?","E","M","R","B",null,"M","M","?","M","?","E","R","E","T","?","R","M","E","$","R","B","B",null],"character_chosen":"DEFECT","items_purchased":["Meat on the Bone","InkBottle","REME_CardOfGreed","AT_BladeRuinedKing","Seek","Vajra","conspire:TreasureMap","Lee\u0027s Waffle","Finesse","AT_BellowingDragoncrestRing","REME_OnlineShoppingPlatform","MerchantsRug","Boot","AT_MibuBalloonWealth","Lantern","testmod-Justice","Orrery","DataDisk","ClockworkSouvenir","Chaos","Dota2Spire:Dagon","AT_StudyProgram","Torii","Iron Hammer","conspire:InfiniteJournal","Byrd Skull","Happy Flower","Pen Nib","REME_FirmDetermination","Streamline","Replay:Arrowhead","Machine Learning"],"campfire_rested":0,"item_purchase_floors":[0,0,0,0,0,0,0,0,0,0,5,21,21,21,21,32,32,41,41,41,41,45,45,45,45,45,45,45,45,45,49,49],"current_hp_per_floor":[85,85,85,85,85,85,85,85,85,85,85,85,85,85,85,85,92,92,92,92,97,59,67,58,64,64,80,87,72,79,84,84,96,102,104,104,98,104,104,104,104,104,104,99,104,104,104,104,104,104,104],"gold":90,"neow_bonus":"","is_daily":false,"chose_seed":false,"campfire_upgraded":2,"win_rate":0.0,"timestamp":1614241356,"path_taken":["M","M","?","M","$","R","?","E","T","E","?","M","M","E","R","BOSS","M","M","M","$","?","E","?","E","T","E","M","?","E","M","R","BOSS","M","M","?","M","?","E","R","E","T","?","R","M","E","$","R","BOSS","BOSS"],"items_purchased_type":["Relic","Relic","Relic","Relic","Card","Relic","Relic","Relic","Card","Relic","Relic","Relic","Relic","Relic","Relic","Relic","Relic","Relic","Relic","Card","Relic","Card","Relic","Relic","Relic","Relic","Relic","Relic","Card","Card","Relic","Card"],"build_version":"2020-12-22","purchased_purges":9,"victory":true,"max_hp_per_floor":[85,85,85,85,85,85,85,85,85,85,85,85,85,85,85,85,92,92,92,92,97,97,97,97,97,97,104,104,104,104,104,104,104,104,104,104,104,104,104,104,104,104,104,99,104,104,104,104,104,104,104],"card_choices":[{"not_picked":[],"picked":"Bomb","floor":0.0},{"not_picked":["Ball Lightning","Barrage","Storm"],"picked":"SKIP","floor":1.0},{"not_picked":["Ball Lightning","Cancel"],"picked":"Gash","floor":2.0},{"not_picked":["Sweeping Beam","ReplaySort","Ball Lightning"],"picked":"SKIP","floor":3.0},{"not_picked":["Sweeping Beam","Redo"],"picked":"BootSequence","floor":4.0},{"not_picked":["Distribution","Echo Form"],"picked":"REME_DataAnalysis","floor":8.0},{"not_picked":["Pulse","Genetic Algorithm","Tempest"],"picked":"SKIP","floor":10.0},{"not_picked":["Coolheaded","Blizzard","BasicCrystalCard","Leap"],"picked":"SKIP","floor":12.0},{"not_picked":["Redo","Static Discharge","Compile Driver"],"picked":"Steam","floor":13.0},{"not_picked":["ElectricPowerLearning","Hologram","Auto Shields"],"picked":"Scrape","floor":14.0},{"not_picked":["Buffer","Electrodynamics","ElectricPowerLearning"],"picked":"REME_ForAll","floor":16.0},{"not_picked":["Doom and Gloom","Blizzard","Steam"],"picked":"White Noise","floor":18.0},{"not_picked":["Scrape","Ball Lightning","Rebound","Force Field","Compile Driver","Blizzard"],"picked":"SKIP","floor":19.0},{"not_picked":["Time Bomb","Undo","Darkness"],"picked":"Go for the Eyes","floor":20.0},{"not_picked":["ElectricPowerLearning","Rebound","Turbo","Steam Power"],"picked":"SKIP","floor":23.0},{"not_picked":["Darkness","Barrage","Stack"],"picked":"Gash","floor":25.0},{"not_picked":["Steam","Barrage","ReplayTheSpireMod:Calculation Training","Go for the Eyes","BasicCrystalCard","Hologram"],"picked":"SKIP","floor":27.0},{"not_picked":["Sweeping Beam","Ball Lightning","Redo"],"picked":"AT_RightCognition","floor":28.0},{"not_picked":["White Noise","Barrage","Tempest","Turbo"],"picked":"SKIP","floor":30.0},{"not_picked":["Stack","Ball Lightning","Distribution"],"picked":"Beam Cell+1","floor":31.0},{"not_picked":["Streamline","Conserve Battery","Skim"],"picked":"Reprogram","floor":32.0},{"not_picked":["Streamline","Scrape+1","Time Bomb","Doom and Gloom"],"picked":"SKIP","floor":35.0},{"not_picked":["Turbo","Go for the Eyes","Sunder","BootSequence+1"],"picked":"SKIP","floor":36.0},{"not_picked":["Conserve Battery","AT_HeatAcrobatics","Gash"],"picked":"Hyperbeam","floor":38.0},{"not_picked":["ReplayGash+1","Coolheaded","ReplayTheSpireMod:Fabricate Wheel","Sunder"],"picked":"SKIP","floor":40.0},{"not_picked":["Turbo","Genetic Algorithm","Leap","AT_EMC2"],"picked":"SKIP","floor":42.0},{"not_picked":["Distribution","Darkness","Compile Driver+1","Sweeping Beam+1"],"picked":"SKIP","floor":46.0},{"not_picked":["Skim","ReplayTheSpireMod:Dual Polarity","Blizzard+1"],"picked":"AT_DarkMatter+1","floor":47.0}],"player_experience":570698,"relics_obtained":[{"floor":8.0,"key":"AT_SilvercatRing"},{"floor":10.0,"key":"Question Card"},{"floor":14.0,"key":"GodSword7"},{"floor":22.0,"key":"REME_HourglassOfDeath"},{"floor":23.0,"key":"aspiration:ChemicalBlood"},{"floor":24.0,"key":"Replay:Bottled Flurry"},{"floor":24.0,"key":"Juzu Bracelet"},{"floor":25.0,"key":"PlanX"},{"floor":26.0,"key":"Grinning Jar"},{"floor":27.0,"key":"Strawberry"},{"floor":30.0,"key":"Quantum Egg"},{"floor":39.0,"key":"ReplayTheSpireMod:Ring of Collecting"},{"floor":39.0,"key":"Ring of Fury"},{"floor":40.0,"key":"testmod-FatalChain"},{"floor":42.0,"key":"Dota2Spire:EchoSabre"},{"floor":43.0,"key":"Replay:Bottled Eggs"},{"floor":47.0,"key":"Dota2Spire:Butterfly"}],"event_choices":[{"damage_healed":0.0,"max_hp_gain":0.0,"max_hp_loss":0.0,"gold_gain":0.0,"event_name":"给自己的盒子","player_choice":"Ignored","floor":7.0,"gold_loss":0.0,"damage_taken":0.0},{"damage_healed":0.0,"max_hp_gain":0.0,"max_hp_loss":0.0,"gold_gain":0.0,"event_name":"HidenRoomEvent","player_choice":"Fight","floor":24.0,"gold_loss":0.0,"damage_taken":0.0},{"damage_healed":0.0,"max_hp_gain":0.0,"max_hp_loss":0.0,"gold_gain":0.0,"event_name":"The Woman in Blue","player_choice":"Bought 0 Potions","floor":37.0,"gold_loss":0.0,"damage_taken":0.0},{"damage_healed":0.0,"max_hp_gain":0.0,"max_hp_loss":5.0,"gold_gain":0.0,"event_name":"Winding Halls","player_choice":"Max HP","floor":44.0,"gold_loss":0.0,"damage_taken":0.0}],"is_beta":false,"boss_relics":[{"not_picked":["ReplayTheSpireMod:DimensionalGlitch","conspire:SeveredTorchhead"],"picked":"MagicMushroom"},{"not_picked":[]},{"not_picked":["testmod-EnergyCheck","Busted Crown"],"picked":"conspire:SlowCooker"},{"not_picked":[]}],"items_purged_floors":[0,0,0,0,0,41,41,45,45],"is_endless":false,"potions_floor_spawned":[2,4,10,16,23,27,30,31,35,38,40,47],"ascension_level":20}}