{"host":"jfbo3eu2ui08ej1u","time":1614267737,"event":{"mods":["2.2 Compatiblity","AchievementEnabler","Act Like it!","Aspiration","BaseMod","Better Altar","Better Match","Better Note","Better Sensory Stone","Better Skull","Better Third Choice","Block Reminder","Colored Map","Colored Powertips","Conspire","DeckTracker","Displayed Cursed Tome","Energized Spire","Fox Events","GifTheSpireLib","Hermit","Hubris","Infinite Spire","Marked Mod","Minty Spire (QoL Compilation)","Monster B Gone","Pale of the Ancients","Poor People Problems","Quick Restart","Relic Filter","Reliquary","Reorder Act Four","Replay The Spire","Shop Mod","Spicy Shops","Spire Arcade","StSLib","Stuff the Spire","The Blue Laboratory","The Disciple","The Forsaken","The Hierophant","The Marked","Uncapped","Unceasing Turn Reminder","Wandering Minibosses"],"gold_per_floor":[110,127,142,159,188,220,194,194,194,207,221,246,246,261,261,332,332,351,351,351],"floor_reached":19,"language":"ENG","playtime":1044,"items_purged":[],"score":366,"play_id":"285c9f4a-c4d2-4bff-9096-9436341ed054","local_time":"20210225104217","is_ascension_mode":true,"campfire_choices":[{"floor":8,"key":"REST"},{"floor":13,"key":"REST"},{"floor":15,"key":"REST"}],"circlet_count":0,"master_deck":["AscendersBane","Strike_G","Strike_G","Strike_G","Defend_G","Defend_G","Defend_G","Defend_G","Defend_G","Survivor","Neutralize","StuffTheSpire:Shiver","Hidden Blade","StuffTheSpire:BrimstoneBlast","ReplayTheSpireMod:From All Sides","Acrobatics","Well Laid Plans","PiercingWail","StuffTheSpire:Repulse","Infinite Blades","Dagger Spray","Atom Bomb","Corpse Explosion","ReplayTheSpireMod:Exploit Weakness","Adrenaline","Heel Hook"],"relics":["Ring of the Snake","Du-Vu Doll","Replay:PocketPolymizer","reliquary:Boomerang","infinitespire:CursedDice","conspire:GlowingRock","SlaversCollar"],"acts_visited":["Exordium","TheCity"],"potions_floor_usage":[7,16],"damage_taken":[{"damage":0.0,"enemies":"2 Louse","floor":1.0,"turns":4.0},{"damage":0.0,"enemies":"conspire:RoseBush","floor":2.0,"turns":5.0},{"damage":0.0,"enemies":"Cultist","floor":3.0,"turns":4.0},{"damage":2.0,"enemies":"Looter","floor":4.0,"turns":3.0},{"damage":30.0,"enemies":"Gremlin Nob","floor":6.0,"turns":4.0},{"damage":1,"enemies":"Exordium Thugs","floor":7,"turns":4},{"damage":12,"enemies":"Exordium Wildlife","floor":10,"turns":5},{"damage":4,"enemies":"2 Fungi Beasts","floor":11,"turns":4},{"damage":14,"enemies":"Lagavulin","floor":12,"turns":7},{"damage":3,"enemies":"Looter","floor":14,"turns":4},{"damage":34,"enemies":"The Guardian","floor":16,"turns":13},{"damage":40,"enemies":"Spheric Guardian","floor":18,"turns":8},{"damage":0,"enemies":"conspire:MimicChest","floor":19,"turns":2}],"seed_played":"-7265603595314557083","potions_obtained":[{"floor":1.0,"key":"blueLaboratory:EnragingPotion"},{"floor":4.0,"key":"blueLaboratory:RememoryPotion"},{"floor":6.0,"key":"Dexterity Potion"},{"floor":7,"key":"Milkshake"},{"floor":10,"key":"FairyPotion"},{"floor":14,"key":"Dexterity Potion"}],"is_trial":false,"path_per_floor":["M","M","M","M","?","E","M","R","T","M","M","E","R","M","R","B",null,"M","?"],"character_chosen":"THE_SILENT","items_purchased":[],"campfire_rested":3,"item_purchase_floors":[],"current_hp_per_floor":[59,59,59,57,33,3,2,20,20,8,4,14,32,29,47,13,48,8,8,8],"gold":351,"neow_bonus":"ONE_RARE_RELIC","is_daily":false,"chose_seed":false,"campfire_upgraded":0,"win_rate":0.0,"timestamp":1614267737,"path_taken":["M","M","M","M","?","E","M","R","T","M","M","E","R","M","R","BOSS","M","?"],"items_purchased_type":[],"build_version":"2020-12-22","purchased_purges":0,"victory":false,"max_hp_per_floor":[60,60,60,60,60,60,60,60,60,60,60,60,60,60,60,60,60,60,60,60],"card_choices":[{"not_picked":["StuffTheSpire:ClusterCrunch","StuffTheSpire:Injection"],"picked":"StuffTheSpire:Shiver","floor":1.0},{"not_picked":["Quick Slash","hubris:SlightOfHand"],"picked":"Hidden Blade","floor":2.0},{"not_picked":["StuffTheSpire:ReptileScales","Expertise"],"picked":"StuffTheSpire:BrimstoneBlast","floor":3.0},{"not_picked":["StuffTheSpire:MirrorStance","Sucker Punch"],"picked":"ReplayTheSpireMod:From All Sides","floor":4.0},{"not_picked":["Replay:Poison Smokescreen","Crippling Poison"],"picked":"Acrobatics","floor":5.0},{"not_picked":["Caltrops","Deadly Poison"],"picked":"Well Laid Plans","floor":6.0},{"not_picked":["Hidden Blade","ReplayTheSpireMod:Tripwire"],"picked":"PiercingWail","floor":7},{"not_picked":["Sucker Punch","StuffTheSpire:BumpUp"],"picked":"StuffTheSpire:Repulse","floor":10},{"not_picked":["Predator","Sucker Punch"],"picked":"Infinite Blades","floor":11},{"not_picked":["Outmaneuver","Quick Slash"],"picked":"Dagger Spray","floor":12},{"not_picked":["hubris:SlightOfHand","Dagger Throw"],"picked":"Corpse Explosion","floor":14},{"not_picked":["Poison Darts","Wraith Form v2"],"picked":"Adrenaline","floor":16},{"not_picked":["ReplayTheSpireMod:Shiv Toss","PiercingWail"],"picked":"Heel Hook","floor":18}],"player_experience":1386186,"relics_obtained":[{"floor":5.0,"key":"Replay:PocketPolymizer"},{"floor":6.0,"key":"reliquary:Boomerang"},{"floor":9,"key":"infinitespire:CursedDice"},{"floor":12,"key":"conspire:GlowingRock"}],"event_choices":[],"is_beta":false,"boss_relics":[{"not_picked":["Ring of the Serpent","energizedSpire:StickyHand"],"picked":"SlaversCollar"}],"items_purged_floors":[],"is_endless":false,"potions_floor_spawned":[1,4,6,7,10,14],"killed_by":"conspire:MimicChest","ascension_level":20}}