{"host":"dztixnx9b0gu6w9i","time":1614296331,"event":{"mods":["BaseMod","Bestiary","Minty Spire (QoL Compilation)","Relic Stats","Slay the Relics Exporter","SpireBot","ojb\u0027s Better Paths Mod","ojb\u0027s Info Mod: The sequel"],"gold_per_floor":[114,114,126,140,159,192,211,211,211,225,151,163,196,213,213,287,287,287,153,153,113,113,113,113,13,13,13,13,13,13,13,13,13,13,13,13,13,13,13,13,13,13,13,13,13,13,13,13,13,13,13,13,13,13,13,13],"floor_reached":57,"language":"ENG","playtime":11726,"items_purged":["Strike_R","Strike_R"],"score":3169,"play_id":"d15cfa74-73c5-4dea-ad61-0c204c6d6ed0","local_time":"20210225183851","is_ascension_mode":true,"campfire_choices":[{"data":"Armaments","floor":8,"key":"SMITH"},{"data":"Immolate","floor":15,"key":"SMITH"},{"data":"Battle Trance","floor":23,"key":"SMITH"},{"data":"Barricade","floor":30,"key":"SMITH"},{"data":"Entrench","floor":32,"key":"SMITH"},{"floor":49,"key":"RECALL"},{"data":"Evolve","floor":53,"key":"SMITH"}],"circlet_count":0,"master_deck":["AscendersBane","Defend_R","Defend_R","Defend_R","Defend_R","Bash","Feed","Combust","Headbutt","Immolate+1","Iron Wave","Disarm","Armaments+1","Barricade+1","Battle Trance+1","Reaper","Entrench+1","Shrug It Off","Shockwave","Evolve+1","Body Slam","Exhume","Shrug It Off+1","Bloodletting+1","Shockwave+1","True Grit+1","PanicButton+1","True Grit+1","Second Wind+1","Power Through+1","Impervious+1"],"relics":["Burning Blood","Magic Flower","Centennial Puzzle","Potion Belt","Pear","Ectoplasm","Anchor","Ice Cream","The Courier","WingedGreaves","Toxic Egg 2","Prayer Wheel","Snecko Eye","Champion Belt","StoneCalendar","Darkstone Periapt","MawBank","Self Forming Clay","MealTicket","White Beast Statue"],"acts_visited":["Exordium","TheCity","TheBeyond","TheEnding"],"potions_floor_usage":[24,28,29,45,56,56],"damage_taken":[{"damage":7,"enemies":"Small Slimes","floor":1,"turns":4},{"damage":6,"enemies":"Cultist","floor":3,"turns":3},{"damage":2,"enemies":"2 Louse","floor":4,"turns":3},{"damage":13,"enemies":"Red Slaver","floor":5,"turns":3},{"damage":20,"enemies":"3 Sentries","floor":6,"turns":3},{"damage":3,"enemies":"Lots of Slimes","floor":7,"turns":2},{"damage":3,"enemies":"Blue Slaver","floor":10,"turns":7},{"damage":18,"enemies":"Exordium Thugs","floor":12,"turns":4},{"damage":8,"enemies":"Gremlin Nob","floor":13,"turns":3},{"damage":6,"enemies":"Looter","floor":14,"turns":2},{"damage":50,"enemies":"The Guardian","floor":16,"turns":16},{"damage":31,"enemies":"Shell Parasite","floor":18,"turns":5},{"damage":9,"enemies":"2 Thieves","floor":21,"turns":2},{"damage":6,"enemies":"Snecko","floor":22,"turns":10},{"damage":71,"enemies":"Slavers","floor":24,"turns":7},{"damage":9,"enemies":"Gremlin Leader","floor":27,"turns":8},{"damage":11,"enemies":"Shelled Parasite and Fungi","floor":28,"turns":3},{"damage":20,"enemies":"Colosseum Slavers","floor":29,"turns":7},{"damage":15,"enemies":"Colosseum Nobs","floor":29,"turns":4},{"damage":19,"enemies":"Slavers","floor":31,"turns":6},{"damage":19,"enemies":"Champ","floor":33,"turns":14},{"damage":27,"enemies":"3 Darklings","floor":35,"turns":8},{"damage":21,"enemies":"2 Orb Walkers","floor":36,"turns":4},{"damage":27,"enemies":"Reptomancer","floor":40,"turns":8},{"damage":15,"enemies":"Orb Walker","floor":41,"turns":6},{"damage":6,"enemies":"Nemesis","floor":42,"turns":9},{"damage":4,"enemies":"Jaw Worm Horde","floor":44,"turns":3},{"damage":14,"enemies":"Reptomancer","floor":45,"turns":6},{"damage":9,"enemies":"Nemesis","floor":46,"turns":19},{"damage":6,"enemies":"Giant Head","floor":47,"turns":8},{"damage":3,"enemies":"4 Shapes","floor":48,"turns":7},{"damage":53,"enemies":"Awakened One","floor":50,"turns":11},{"damage":4,"enemies":"Time Eater","floor":51,"turns":10},{"damage":46,"enemies":"Shield and Spear","floor":55,"turns":20},{"damage":72,"enemies":"The Heart","floor":56,"turns":12}],"seed_played":"1363449606914921147","potions_obtained":[{"floor":1,"key":"Ancient Potion"},{"floor":5,"key":"Regen Potion"},{"floor":10,"key":"Strength Potion"},{"floor":14,"key":"BloodPotion"},{"floor":18,"key":"BlessingOfTheForge"},{"floor":22,"key":"Explosive Potion"},{"floor":27,"key":"SteroidPotion"},{"floor":29,"key":"CultistPotion"},{"floor":35,"key":"Fire Potion"},{"floor":44,"key":"GamblersBrew"},{"floor":45,"key":"Block Potion"},{"floor":46,"key":"HeartOfIron"},{"floor":47,"key":"SpeedPotion"}],"is_trial":false,"path_per_floor":["M","?","M","M","M","E","M","R","T","M","?","M","E","M","R","B",null,"M","$","?","M","M","R","E","$","T","E","M","?","R","E","R","B",null,"M","?","?","?","$","E","M","E","T","M","E","E","E","M","R","B","B",null,"R","$","E","B",null],"character_chosen":"IRONCLAD","items_purchased":["Shrug It Off"],"campfire_rested":0,"item_purchase_floors":[19],"current_hp_per_floor":[70,70,73,77,70,59,65,65,65,77,77,74,90,98,98,63,97,91,91,91,91,108,108,75,75,75,101,104,133,133,139,139,143,143,147,147,147,137,137,151,155,158,158,166,169,172,176,184,184,170,181,192,192,196,170,178],"gold":13,"neow_bonus":"TRANSFORM_TWO_CARDS","is_daily":false,"chose_seed":false,"campfire_upgraded":6,"win_rate":0.0,"timestamp":1614296331,"path_taken":["M","?","M","?","?","E","M","R","T","M","?","?","E","M","R","BOSS","M","$","?","?","M","R","E","?","T","E","?","?","R","E","R","BOSS","M","?","?","?","?","E","M","E","T","?","E","E","E","M","R","BOSS","BOSS","R","$","E","BOSS"],"items_purchased_type":["Card"],"build_version":"2020-12-22","purchased_purges":2,"victory":true,"max_hp_per_floor":[71,71,74,77,77,80,80,80,80,84,84,88,101,104,104,108,108,111,111,111,111,115,115,119,119,119,119,122,133,133,139,139,143,143,147,155,147,147,147,151,155,158,158,166,169,172,176,184,184,192,196,196,196,196,200,200],"relic_stats":{"Darkstone Periapt":0,"counters":[35,247],"Self Forming Clay":[120],"Magic Flower":[208],"StoneCalendar":[293],"MawBank":0,"Burning Blood":220,"Centennial Puzzle":[81],"Snecko Eye":[250,247,243,248],"Prayer Wheel":4,"MealTicket":4,"Ectoplasm":775,"Champion Belt":[49],"obtain_stats":[{"Potion Belt":11,"Ice Cream":26,"Darkstone Periapt":42,"Pear":13,"Self Forming Clay":46,"Magic Flower":6,"StoneCalendar":40,"The Courier":27,"MawBank":45,"Burning Blood":0,"White Beast Statue":55,"Centennial Puzzle":9,"Anchor":24,"Snecko Eye":34,"Prayer Wheel":31,"MealTicket":47,"Ectoplasm":17,"WingedGreaves":29,"Champion Belt":36,"Toxic Egg 2":29},{"Potion Belt":7,"Ice Cream":15,"Darkstone Periapt":26,"Pear":9,"Self Forming Clay":29,"Magic Flower":5,"StoneCalendar":24,"The Courier":16,"MawBank":28,"Burning Blood":0,"White Beast Statue":34,"Centennial Puzzle":6,"Anchor":15,"Snecko Eye":21,"Prayer Wheel":20,"MealTicket":30,"Ectoplasm":11,"WingedGreaves":19,"Champion Belt":23,"Toxic Egg 2":19},{"Potion Belt":25,"Ice Cream":74,"Darkstone Periapt":151,"Pear":32,"Self Forming Clay":179,"Magic Flower":16,"StoneCalendar":136,"The Courier":82,"MawBank":160,"Burning Blood":0,"White Beast Statue":235,"Centennial Puzzle":18,"Anchor":74,"Snecko Eye":116,"Prayer Wheel":102,"MealTicket":187,"Ectoplasm":50,"WingedGreaves":96,"Champion Belt":128,"Toxic Egg 2":96}]},"card_choices":[{"not_picked":["Whirlwind","Entrench"],"picked":"Headbutt","floor":1},{"not_picked":["Perfected Strike","Wild Strike","Pommel Strike"],"picked":"SKIP","floor":3},{"not_picked":["Sword Boomerang","Searing Blow"],"picked":"Iron Wave","floor":4},{"not_picked":["Clothesline","Metallicize"],"picked":"Disarm","floor":5},{"not_picked":["Pommel Strike","Warcry","Anger"],"picked":"SKIP","floor":6},{"not_picked":["Pommel Strike","Warcry","Anger"],"picked":"SKIP","floor":6},{"not_picked":["Pummel","Iron Wave"],"picked":"Armaments","floor":7},{"not_picked":["Heavy Blade","Combust","Twin Strike"],"picked":"SKIP","floor":10},{"not_picked":["Flex","Power Through","Wild Strike"],"picked":"SKIP","floor":12},{"not_picked":["Clothesline","Anger"],"picked":"Barricade","floor":13},{"not_picked":["Clash","Shrug It Off"],"picked":"Battle Trance","floor":14},{"not_picked":["Juggernaut","Limit Break"],"picked":"Reaper","floor":16},{"not_picked":["Cleave","Combust"],"picked":"Entrench","floor":18},{"not_picked":["Shrug It Off","Sword Boomerang"],"picked":"Shockwave","floor":21},{"not_picked":["Dropkick","Dark Embrace+1"],"picked":"Evolve","floor":22},{"not_picked":["Hemokinesis","Thunderclap","Sever Soul"],"picked":"SKIP","floor":24},{"not_picked":["Hemokinesis","Thunderclap","Sever Soul"],"picked":"SKIP","floor":24},{"not_picked":["Hemokinesis","Thunderclap","Sever Soul"],"picked":"SKIP","floor":24},{"not_picked":["Clash","Rupture+1"],"picked":"Body Slam","floor":27},{"not_picked":["Perfected Strike","Pommel Strike"],"picked":"Exhume","floor":28},{"not_picked":["Wild Strike","Ghostly Armor+1"],"picked":"Shrug It Off+1","floor":29},{"not_picked":["Flex+1","Pommel Strike"],"picked":"Bloodletting+1","floor":31},{"not_picked":["Fire Breathing+1","Anger"],"picked":"Shockwave+1","floor":35},{"not_picked":["Rage+1","Shrug It Off+1","Searing Blow"],"picked":"SKIP","floor":35},{"not_picked":["Perfected Strike+1","Headbutt"],"picked":"True Grit+1","floor":36},{"not_picked":["Violence+1","Bandage Up+1"],"picked":"PanicButton+1","floor":38},{"not_picked":["Twin Strike","Armaments+1","Sentinel+1"],"picked":"SKIP","floor":40},{"not_picked":["Fire Breathing","Flex+1","Dual Wield+1"],"picked":"SKIP","floor":41},{"not_picked":["Wild Strike","Thunderclap","Clash"],"picked":"SKIP","floor":41},{"not_picked":["Shockwave+1","Clothesline","Pummel+1"],"picked":"SKIP","floor":42},{"not_picked":["Clash","Bludgeon"],"picked":"True Grit+1","floor":44},{"not_picked":["Combust","Perfected Strike","Iron Wave"],"picked":"SKIP","floor":44},{"not_picked":["True Grit+1","Dropkick"],"picked":"Second Wind+1","floor":45},{"not_picked":["Clash","Clothesline"],"picked":"Power Through+1","floor":46},{"not_picked":["Headbutt","Armaments+1","Thunderclap+1"],"picked":"SKIP","floor":47},{"not_picked":["Headbutt","Armaments+1","Thunderclap+1"],"picked":"SKIP","floor":47},{"not_picked":["Body Slam","Searing Blow","Shrug It Off+1"],"picked":"SKIP","floor":48},{"not_picked":["Whirlwind","Bloodletting+1","Shockwave+1"],"picked":"SKIP","floor":48},{"not_picked":["Wild Strike+1","Sentinel+1"],"picked":"Impervious+1","floor":55}],"player_experience":8826842,"relics_obtained":[{"floor":6,"key":"Magic Flower"},{"floor":9,"key":"Centennial Puzzle"},{"floor":13,"key":"Pear"},{"floor":24,"key":"Anchor"},{"floor":26,"key":"Ice Cream"},{"floor":27,"key":"The Courier"},{"floor":29,"key":"WingedGreaves"},{"floor":29,"key":"Toxic Egg 2"},{"floor":31,"key":"Prayer Wheel"},{"floor":36,"key":"Champion Belt"},{"floor":40,"key":"StoneCalendar"},{"floor":42,"key":"Darkstone Periapt"},{"floor":45,"key":"MawBank"},{"floor":46,"key":"Self Forming Clay"},{"floor":47,"key":"MealTicket"},{"floor":55,"key":"White Beast Statue"}],"event_choices":[{"damage_healed":0,"gold_gain":0,"player_choice":"1 cards matched","damage_taken":0,"max_hp_gain":0,"max_hp_loss":0,"event_name":"Match and Keep!","floor":2,"gold_loss":0,"cards_obtained":["Immolate"]},{"damage_healed":0,"gold_gain":0,"player_choice":"Paid Gold","damage_taken":0,"relics_obtained":["Potion Belt"],"max_hp_gain":0,"max_hp_loss":0,"event_name":"WeMeetAgain","floor":11,"gold_loss":74},{"cards_removed":["Strike_R"],"damage_healed":0,"gold_gain":0,"player_choice":"Offered Basic","damage_taken":0,"max_hp_gain":0,"max_hp_loss":0,"event_name":"Bonfire Elementals","floor":20,"gold_loss":0},{"damage_healed":0,"gold_gain":0,"player_choice":"Fight","damage_taken":0,"max_hp_gain":0,"max_hp_loss":0,"event_name":"Colosseum","floor":29,"gold_loss":0},{"damage_healed":0,"gold_gain":0,"player_choice":"Fought Nobs","damage_taken":0,"max_hp_gain":0,"max_hp_loss":0,"event_name":"Colosseum","floor":29,"gold_loss":0},{"damage_healed":0,"gold_gain":0,"player_choice":"Fight","damage_taken":0,"max_hp_gain":0,"max_hp_loss":0,"event_name":"Mysterious Sphere","floor":36,"gold_loss":0},{"damage_healed":0,"gold_gain":0,"player_choice":"Max HP","damage_taken":0,"max_hp_gain":0,"max_hp_loss":8,"event_name":"Winding Halls","floor":37,"gold_loss":0},{"damage_healed":0,"gold_gain":0,"player_choice":"Memory 3","damage_taken":10,"max_hp_gain":0,"max_hp_loss":0,"event_name":"SensoryStone","floor":38,"gold_loss":0}],"is_beta":false,"boss_relics":[{"not_picked":["Calling Bell","Empty Cage"],"picked":"Ectoplasm"},{"not_picked":["Cursed Key","Black Blood"],"picked":"Snecko Eye"}],"items_purged_floors":[19,25],"is_endless":false,"potions_floor_spawned":[1,5,10,14,18,22,27,29,29,35,44,45,46,47],"ascension_level":20}}