{"host":"a57oumegxze0vmhs","time":1614292646,"event":{"mods":["AchievementEnabler","BaseMod","Colored Powertips","Minty Spire (QoL Compilation)","Quick Restart","Relic Stats"],"gold_per_floor":[198,116,133,151,151,166,166,166,166],"floor_reached":7,"language":"ENG","playtime":232,"items_purged":[],"score":71,"play_id":"50171fd0-9760-4978-8998-603062bf5e7d","local_time":"20210226003726","is_ascension_mode":true,"campfire_choices":[],"circlet_count":0,"master_deck":["AscendersBane","Strike_P","Strike_P","Strike_P","Defend_P","Defend_P","Defend_P","Defend_P","Eruption","Vigilance","Consecrate","FlurryOfBlows","FlurryOfBlows"],"relics":["PureWater"],"acts_visited":[],"potions_floor_usage":[7],"damage_taken":[{"damage":10,"enemies":"2 Louse","floor":1,"turns":2},{"damage":0,"enemies":"Small Slimes","floor":2,"turns":3},{"damage":2,"enemies":"Jaw Worm","floor":3,"turns":5},{"damage":19,"enemies":"3 Louse","floor":5,"turns":3},{"damage":99,"enemies":"Gremlin Nob","floor":7,"turns":4}],"seed_played":"-6093133563449011768","potions_obtained":[{"floor":0,"key":"BlessingOfTheForge"},{"floor":0,"key":"FairyPotion"}],"is_trial":false,"path_per_floor":["M","M","M","?","M","?","E"],"character_chosen":"WATCHER","items_purchased":[],"campfire_rested":0,"item_purchase_floors":[],"current_hp_per_floor":[6,55,55,53,46,27,27,0,0],"gold":166,"neow_bonus":"THREE_SMALL_POTIONS","is_daily":false,"chose_seed":false,"campfire_upgraded":0,"win_rate":0.0,"timestamp":1614292646,"path_taken":["M","M","M","?","M","?","E"],"items_purchased_type":[],"build_version":"2020-12-22","purchased_purges":0,"victory":false,"max_hp_per_floor":[79,72,72,72,72,72,72,72,72],"relic_stats":{"counters":[5,17],"obtain_stats":[{"PureWater":0},{"PureWater":0},{"PureWater":0}]},"card_choices":[{"not_picked":["EmptyFist","EmptyBody"],"picked":"Consecrate","floor":1},{"not_picked":["CrushJoints","Protect"],"picked":"FlurryOfBlows","floor":2},{"not_picked":["JustLucky","EmptyFist"],"picked":"FlurryOfBlows","floor":3},{"not_picked":["Evaluate","Prostrate","ClearTheMind"],"picked":"SKIP","floor":5}],"player_experience":473887,"relics_obtained":[],"event_choices":[{"cards_removed":["Strike_P"],"damage_healed":0,"gold_gain":0,"player_choice":"Card Removal","damage_taken":7,"max_hp_gain":0,"max_hp_loss":0,"event_name":"Golden Wing","floor":4,"gold_loss":0},{"damage_healed":0,"gold_gain":0,"player_choice":"Ignored","damage_taken":0,"max_hp_gain":0,"max_hp_loss":0,"event_name":"Shining Light","floor":6,"gold_loss":0}],"is_beta":false,"boss_relics":[],"items_purged_floors":[],"is_endless":false,"potions_floor_spawned":[3],"killed_by":"Gremlin Nob","ascension_level":13}}