{"host":"h3ogdo6no3ehk88q","time":1614278117,"event":{"mods":["AchievementEnabler","BaseMod","Minty Spire (QoL Compilation)","StSLib","SuperFastMode"],"gold_per_floor":[113,128,128,128,142,142,174,194,205,205,205,24,24,43,318,124,135,135,208,208,219,230,230,38,50,50,50,149,167,198,198,198,210,220,252,15,15,89,89,102,102,102,114,114,114,149,163,163,163,163,173,191,224,241,241,241,241,241,10,44,44],"floor_reached":62,"language":"ENG","playtime":2188,"items_purged":["Strike_G","Regret"],"score":2162,"play_id":"d8792e4c-9332-4a7d-a31e-8f5c74610517","local_time":"20210225133517","is_ascension_mode":true,"campfire_choices":[{"data":"Neutralize","floor":6,"key":"SMITH"},{"floor":13,"key":"REST"},{"data":"Deadly Poison","floor":18,"key":"SMITH"},{"data":"Catalyst","floor":27,"key":"SMITH"},{"data":"Doppelganger","floor":32,"key":"SMITH"},{"floor":37,"key":"RECALL"},{"data":"Adrenaline","floor":45,"key":"SMITH"},{"data":"After Image","floor":50,"key":"SMITH"},{"data":"After Image","floor":55,"key":"SMITH"},{"data":"Outmaneuver","floor":58,"key":"SMITH"}],"circlet_count":0,"master_deck":["AscendersBane","Survivor","Neutralize+1","PiercingWail","Catalyst+1","Deadly Poison+1","Dagger Spray","After Image+1","Deadly Poison","Outmaneuver+1","Die Die Die","Adrenaline+1","Underhanded Strike","Outmaneuver","Sucker Punch","Catalyst+1","Poisoned Stab","Crippling Poison","Deflect","Footwork","Blade Dance+1","Ghostly","Ghostly","Ghostly","Ghostly","Ghostly","Doppelganger+1","Backflip","PiercingWail+1","PiercingWail","Backflip+1","Tactician","Adrenaline+1","Flechettes","Blade Dance","After Image+1","Concentrate"],"relics":["Ring of the Serpent","Tingsha","Whetstone","White Beast Statue","Membership Card","Incense Burner","Pandora\u0027s Box","Shuriken","Snake Skull","Paper Crane","Bottled Flame","Strange Spoon","Gremlin Horn","Blue Candle","HornCleat","Pear","TungstenRod","Nunchaku","InkBottle"],"acts_visited":["Exordium","TheCity","TheBeyond","TheEnding"],"potions_floor_usage":[7,17,19,25,30,38,61,61],"damage_taken":[{"damage":0,"enemies":"2 Louse","floor":1,"turns":2},{"damage":5,"enemies":"Cultist","floor":2,"turns":4},{"damage":0,"enemies":"Jaw Worm","floor":5,"turns":8},{"damage":42,"enemies":"Gremlin Nob","floor":7,"turns":6},{"damage":0,"enemies":"Red Slaver","floor":8,"turns":5},{"damage":0,"enemies":"Looter","floor":9,"turns":4},{"damage":2,"enemies":"3 Louse","floor":14,"turns":3},{"damage":0,"enemies":"Exordium Thugs","floor":17,"turns":5},{"damage":14,"enemies":"Hexaghost","floor":19,"turns":5},{"damage":0,"enemies":"Spheric Guardian","floor":21,"turns":3},{"damage":27,"enemies":"2 Thieves","floor":22,"turns":3},{"damage":0,"enemies":"Sentry and Sphere","floor":25,"turns":4},{"damage":2,"enemies":"Cultist and Chosen","floor":29,"turns":7},{"damage":5,"enemies":"Book of Stabbing","floor":30,"turns":6},{"damage":0,"enemies":"Snake Plant","floor":33,"turns":4},{"damage":0,"enemies":"Snecko","floor":34,"turns":5},{"damage":1,"enemies":"Slavers","floor":35,"turns":6},{"damage":2,"enemies":"Champ","floor":38,"turns":12},{"damage":0,"enemies":"3 Shapes","floor":40,"turns":5},{"damage":1,"enemies":"3 Darklings","floor":43,"turns":5},{"damage":5,"enemies":"Giant Head","floor":46,"turns":7},{"damage":0,"enemies":"Maw","floor":47,"turns":7},{"damage":0,"enemies":"Jaw Worm Horde","floor":51,"turns":6},{"damage":0,"enemies":"3 Darklings","floor":52,"turns":5},{"damage":0,"enemies":"Reptomancer","floor":53,"turns":5},{"damage":0,"enemies":"Spire Growth","floor":54,"turns":6},{"damage":0,"enemies":"Donu and Deca","floor":56,"turns":9},{"damage":0,"enemies":"Shield and Spear","floor":60,"turns":7},{"damage":24,"enemies":"The Heart","floor":61,"turns":9}],"seed_played":"8190771976682835480","potions_obtained":[{"floor":0,"key":"LiquidMemories"},{"floor":0,"key":"CultistPotion"},{"floor":7,"key":"SkillPotion"},{"floor":17,"key":"SkillPotion"},{"floor":19,"key":"ColorlessPotion"},{"floor":25,"key":"FearPotion"},{"floor":29,"key":"PowerPotion"},{"floor":30,"key":"EssenceOfSteel"},{"floor":35,"key":"PowerPotion"},{"floor":38,"key":"SteroidPotion"},{"floor":40,"key":"PowerPotion"}],"is_trial":false,"path_per_floor":["M","M","?","?","M","R","E","M","M","T","T","$","R","M","?","$","M","R","B",null,"M","M","?","$","M","?","R","?","M","E","T","R","M","M","E","$","R","B",null,"M","?","?","M","?","R","E","M","T","T","R","M","M","E","M","R","B",null,"R","$","E","B",null],"character_chosen":"THE_SILENT","items_purchased":["Membership Card","Incense Burner","Deflect","Footwork","Shuriken","Strange Spoon","Gremlin Horn","Tactician","TungstenRod","Nunchaku"],"campfire_rested":1,"item_purchase_floors":[12,16,24,24,24,36,36,36,59,59],"current_hp_per_floor":[63,58,58,58,58,58,16,16,16,16,16,16,37,35,35,35,35,35,21,58,58,31,31,31,31,31,31,31,29,24,24,24,24,24,23,23,23,21,32,32,32,32,31,31,31,26,26,26,26,26,26,26,36,36,36,36,43,43,43,43,19],"gold":44,"neow_bonus":"THREE_SMALL_POTIONS","is_daily":false,"chose_seed":false,"campfire_upgraded":8,"win_rate":0.0,"timestamp":1614278117,"path_taken":["M","M","?","?","M","R","E","M","M","T","T","$","R","?","?","$","M","R","BOSS","M","M","?","$","M","?","R","?","M","E","T","R","M","?","E","$","R","BOSS","M","?","?","?","?","R","E","M","T","T","R","M","?","E","M","R","BOSS","R","$","E","BOSS"],"items_purchased_type":["Relic","Relic","Card","Card","Relic","Relic","Relic","Card","Relic","Relic"],"build_version":"2020-12-22","purchased_purges":2,"victory":true,"max_hp_per_floor":[70,70,70,70,70,70,70,70,70,70,70,70,70,70,70,70,70,70,70,70,70,70,70,70,70,35,35,35,35,35,35,35,35,35,35,35,35,35,35,35,35,35,35,35,35,35,35,35,35,35,35,35,45,45,45,45,45,45,45,45,45],"card_choices":[{"not_picked":["Deflect","Cloak And Dagger"],"picked":"PiercingWail","floor":1},{"not_picked":["Blade Dance","Blur"],"picked":"Catalyst","floor":2},{"not_picked":["Dagger Throw","Bane","Setup"],"picked":"SKIP","floor":5},{"not_picked":["Catalyst","Choke"],"picked":"Deadly Poison","floor":7},{"not_picked":["Backflip","Prepared"],"picked":"Dagger Spray","floor":8},{"not_picked":["Accuracy","Slice"],"picked":"After Image","floor":9},{"not_picked":["Skewer","Quick Slash"],"picked":"Deadly Poison","floor":14},{"not_picked":["All Out Attack","Dagger Spray"],"picked":"Outmaneuver","floor":17},{"not_picked":["Well Laid Plans","Concentrate"],"picked":"Crippling Poison","floor":21},{"not_picked":["Slice","Crippling Poison","Underhanded Strike"],"picked":"SKIP","floor":22},{"not_picked":["Quick Slash","Caltrops"],"picked":"Blade Dance+1","floor":25},{"not_picked":["Dagger Spray+1","Outmaneuver"],"picked":"Doppelganger","floor":29},{"not_picked":["Dagger Throw","Poisoned Stab+1"],"picked":"Backflip","floor":30},{"not_picked":["Predator","Dagger Spray+1"],"picked":"PiercingWail+1","floor":33},{"not_picked":["Outmaneuver","Eviscerate"],"picked":"PiercingWail","floor":34},{"not_picked":["Prepared","Die Die Die"],"picked":"Backflip+1","floor":35},{"not_picked":["Storm of Steel","Phantasmal Killer"],"picked":"Adrenaline","floor":38},{"not_picked":["Backflip","Dodge and Roll","All Out Attack"],"picked":"SKIP","floor":40},{"not_picked":["Predator","PiercingWail","Caltrops"],"picked":"SKIP","floor":43},{"not_picked":["Underhanded Strike","Unload","Dodge and Roll+1"],"picked":"SKIP","floor":46},{"not_picked":["Backflip","Sucker Punch"],"picked":"Flechettes","floor":47},{"not_picked":["Outmaneuver","Expertise"],"picked":"Blade Dance","floor":51},{"not_picked":["Caltrops","Skewer","Flying Knee+1"],"picked":"SKIP","floor":52},{"not_picked":["Deflect+1","Quick Slash"],"picked":"After Image","floor":53},{"not_picked":["Poisoned Stab","Backflip+1","Expertise"],"picked":"SKIP","floor":54},{"not_picked":["Backflip","PiercingWail"],"picked":"Concentrate","floor":60}],"player_experience":890638,"relics_obtained":[{"floor":7,"key":"Tingsha"},{"floor":10,"key":"Whetstone"},{"floor":11,"key":"White Beast Statue"},{"floor":30,"key":"Snake Skull"},{"floor":31,"key":"Paper Crane"},{"floor":35,"key":"Bottled Flame"},{"floor":46,"key":"Blue Candle"},{"floor":48,"key":"HornCleat"},{"floor":53,"key":"Pear"},{"floor":60,"key":"InkBottle"}],"event_choices":[{"damage_healed":0,"gold_gain":0,"player_choice":"Grow","damage_taken":0,"max_hp_gain":0,"max_hp_loss":0,"event_name":"Living Wall","floor":3,"gold_loss":0,"cards_upgraded":["Catalyst"]},{"damage_healed":0,"gold_gain":0,"player_choice":"Bought 0 Potions","damage_taken":0,"max_hp_gain":0,"max_hp_loss":0,"event_name":"The Woman in Blue","floor":4,"gold_loss":0},{"damage_healed":0,"gold_gain":275,"player_choice":"Desecrate","damage_taken":0,"max_hp_gain":0,"max_hp_loss":0,"event_name":"Golden Shrine","floor":15,"gold_loss":0,"cards_obtained":["Regret"]},{"cards_removed":["Endless Agony"],"damage_healed":0,"gold_gain":0,"player_choice":"Elegance","damage_taken":0,"max_hp_gain":0,"max_hp_loss":0,"event_name":"Back to Basics","floor":23,"gold_loss":0},{"damage_healed":0,"gold_gain":0,"player_choice":"Became a Ghost","damage_taken":0,"max_hp_gain":0,"max_hp_loss":35,"event_name":"Ghosts","floor":26,"gold_loss":0,"cards_obtained":["Ghostly","Ghostly","Ghostly","Ghostly","Ghostly"]},{"damage_healed":0,"gold_gain":99,"player_choice":"Stole From Cult","damage_taken":0,"max_hp_gain":0,"max_hp_loss":0,"event_name":"Nest","floor":28,"gold_loss":0},{"damage_healed":0,"gold_gain":0,"player_choice":"Ignored","damage_taken":0,"max_hp_gain":0,"max_hp_loss":0,"event_name":"Tomb of Lord Red Mask","floor":41,"gold_loss":0},{"cards_removed":["Deadly Poison"],"damage_healed":0,"gold_gain":0,"player_choice":"Purged","damage_taken":0,"max_hp_gain":0,"max_hp_loss":0,"event_name":"Purifier","floor":42,"gold_loss":0},{"damage_healed":0,"gold_gain":0,"player_choice":"Forge","damage_taken":0,"max_hp_gain":0,"max_hp_loss":0,"event_name":"Accursed Blacksmith","floor":44,"gold_loss":0,"cards_upgraded":["Adrenaline"]}],"is_beta":false,"boss_relics":[{"not_picked":["Ectoplasm","Velvet Choker"],"picked":"Pandora\u0027s Box"},{"not_picked":["Fusion Hammer","WristBlade"],"picked":"Ring of the Serpent"}],"items_purged_floors":[12,16],"is_endless":false,"potions_floor_spawned":[2,7,8,14,17,19,21,22,25,29,30,33,34,35,38,40,43,46,47,51,52,53,54,60],"ascension_level":13}}