{"host":"0mk07bycsqo1qk03","time":1614240259,"event":{"mods":["BaseMod","Downfall","Hermit","Hubris","Minty Spire (QoL Compilation)","Reliquary","Replay The Spire","Spicy Shops","StSLib","The Hierophant"],"gold_per_floor":[115,290,290,303,303,330,330,359,359,202,202,202,0,40,40,144,144,165,139,163,14,35,35,64,64,90,90,90,90,90,90,90,200,200,224,286,286,309,333,293,293,322,322,322,322,74,74,74,74,58],"floor_reached":51,"language":"ENG","playtime":2572,"items_purged":["Doubt","Hallucinations"],"score":803,"play_id":"3df1c1e4-23cf-4326-b995-a2f91ca94c54","local_time":"20210225090419","is_ascension_mode":true,"campfire_choices":[{"data":"hierophant:Punish","floor":7,"key":"SMITH"},{"data":"hierophant:Glossolalia","floor":11,"key":"SMITH"},{"data":"hierophant:FieryStrike","floor":15,"key":"SMITH"},{"data":"hierophant:Levitation","floor":23,"key":"SMITH"},{"floor":25,"key":"REST"},{"data":"hierophant:DisplayOfPower","floor":27,"key":"SMITH"},{"floor":29,"key":"REST"},{"data":"hierophant:OrnateBuckler","floor":32,"key":"SMITH"},{"data":"hierophant:LocustPlague","floor":41,"key":"SMITH"},{"data":"hierophant:Bribe","floor":45,"key":"SMITH"},{"floor":47,"key":"REST"}],"circlet_count":0,"master_deck":["hierophant:Punish+1","hierophant:Defend_Hierophant","hierophant:Defend_Hierophant","hierophant:Defend_Hierophant","hierophant:ChurchCoffers+1","hierophant:DisplayOfPower+1","hierophant:ArchangelShield+1","hierophant:OrnateBuckler+1","hierophant:Glossolalia+1","hierophant:OrnateJavelin","hierophant:FieryStrike+1","hierophant:Levitation+1","hierophant:FlamingChariot","hierophant:Sermon+1","hierophant:OrnateBuckler+1","hierophant:ArchangelShield+1","Necronomicurse","Bite","Bite","Bite","Bite","hierophant:WrathOfGod","hierophant:FieryStrike+1","hierophant:ThreeLashes+1","hierophant:LocustPlague+1","hierophant:Bribe+1"],"relics":["hierophant:PropheticMaskRelic","NeowsBlessing","hubris:PeanutButter","ReplayTheSpireMod:Ninjato","hubris:FunFungus","WingedGreaves","hubris:VirtuousBlindfold","Medical Kit","reliquary:Knoch","Necronomicon","reliquary:ThirdArm","Ice Cream","Replay:Rubber Ducky","reliquary:Vitrine","Ring of Misfortune","Ring of Fangs","Bag of Preparation"],"acts_visited":["Exordium","TheCity","TheBeyond"],"potions_floor_usage":[22,36,50],"damage_taken":[{"damage":0,"enemies":"Small Slimes","floor":1,"turns":1},{"damage":0,"enemies":"2 Louse","floor":4,"turns":1},{"damage":0,"enemies":"3 Sentries","floor":6,"turns":2},{"damage":8,"enemies":"Replay:BlueRogue","floor":8,"turns":8},{"damage":9,"enemies":"Gremlin Nob","floor":14,"turns":4},{"damage":31,"enemies":"Hexaghost","floor":16,"turns":11},{"damage":0,"enemies":"Spheric Guardian","floor":18,"turns":3},{"damage":25,"enemies":"2 Thieves","floor":19,"turns":4},{"damage":0,"enemies":"3 Cultists","floor":20,"turns":5},{"damage":6,"enemies":"Chosen and Byrds","floor":22,"turns":4},{"damage":24,"enemies":"Snake Plant","floor":24,"turns":3},{"damage":37,"enemies":"Champ","floor":33,"turns":8},{"damage":9,"enemies":"3 Darklings","floor":35,"turns":5},{"damage":19,"enemies":"2 Orb Walkers","floor":36,"turns":4},{"damage":0,"enemies":"Orb Walker","floor":38,"turns":2},{"damage":0,"enemies":"Maw","floor":39,"turns":6},{"damage":13,"enemies":"Giant Head","floor":40,"turns":6},{"damage":1,"enemies":"Sphere and 2 Shapes","floor":42,"turns":3},{"damage":35,"enemies":"hubris:GrandSnecko","floor":50,"turns":21}],"seed_played":"2891611737100905620","potions_obtained":[{"floor":4,"key":"sneckomod:MuddlingPotion"},{"floor":20,"key":"FearPotion"},{"floor":24,"key":"BlessingOfTheForge"},{"floor":33,"key":"Slimebound:ThreeZeroPotion"},{"floor":40,"key":"LiquidBronze"},{"floor":42,"key":"LifebloodPotion"},{"floor":49,"key":"Death Potion"},{"floor":49,"key":"GamblersBrew"}],"is_trial":false,"path_per_floor":["M","?","?","M","?","E","R","E","T","$","R","?","$","E","R","B",null,"M","M","M","$","M","R","M","R","T","R","?","R","?","$","R","B",null,"M","?","?","M","M","E","R","M","T","?","R","$","R","?","R","B",null],"character_chosen":"HIEROPHANT","items_purchased":["hierophant:Glossolalia","hierophant:OrnateJavelin","Medical Kit","Bag of Preparation"],"campfire_rested":3,"item_purchase_floors":[10,13,21,46],"current_hp_per_floor":[75,75,75,75,80,80,80,72,72,72,72,72,72,63,63,33,80,80,55,56,56,50,50,26,50,50,50,34,58,56,56,56,25,56,56,39,39,41,49,40,40,43,43,43,43,43,56,56,56,56],"gold":58,"neow_bonus":"THREE_ENEMY_KILL","is_daily":false,"chose_seed":false,"campfire_upgraded":8,"win_rate":0.0,"timestamp":1614240259,"path_taken":["M","?","?","?","?","E","R","E","T","$","R","?","?","E","R","BOSS","M","M","M","$","M","R","M","R","T","R","?","R","?","?","R","BOSS","M","?","?","M","M","E","R","M","T","?","R","$","R","?","R","BOSS"],"items_purchased_type":["Card","Card","Relic","Relic"],"build_version":"2020-12-22","purchased_purges":2,"victory":true,"max_hp_per_floor":[75,75,75,75,80,80,80,80,80,80,80,80,80,80,80,80,80,80,80,80,80,80,80,80,80,80,80,80,80,56,56,56,56,56,56,56,56,56,56,56,56,56,56,56,56,56,56,56,56,56],"card_choices":[{"not_picked":["hierophant:HolyVerse","hierophant:Remorse"],"picked":"hierophant:DisplayOfPower","floor":1},{"not_picked":["hierophant:EyeForCoin","hierophant:HammerAndAnvil"],"picked":"hierophant:ArchangelShield","floor":4},{"not_picked":["hierophant:Charity","hierophant:EyeForCoin","hierophant:FlamingChariot"],"picked":"SKIP","floor":6},{"not_picked":["hierophant:DisplayOfPower","hierophant:Embezzle"],"picked":"hierophant:OrnateBuckler","floor":8},{"not_picked":["hierophant:Shelter","hierophant:HammerAndAnvil"],"picked":"hierophant:FieryStrike","floor":14},{"not_picked":["hierophant:DivineIntervention","hierophant:AuricForm"],"picked":"hierophant:Levitation","floor":16},{"not_picked":["hierophant:Shelter","hierophant:Empathy","hierophant:Remorse"],"picked":"SKIP","floor":18},{"not_picked":["hierophant:OrnateBuckler","hierophant:Determination"],"picked":"hierophant:FlamingChariot","floor":19},{"not_picked":["hierophant:Encroach","hierophant:PassingBell"],"picked":"hierophant:Sermon+1","floor":20},{"not_picked":["hierophant:Martyrdom","hierophant:SealAway"],"picked":"hierophant:OrnateBuckler+1","floor":22},{"not_picked":["hierophant:AuricBeam","hierophant:HolyVerse+1"],"picked":"hierophant:ArchangelShield+1","floor":24},{"not_picked":["hierophant:LocustPlague","hierophant:DivineIntervention"],"picked":"hierophant:WrathOfGod","floor":33},{"not_picked":["hierophant:MirrorShield","hierophant:Mercenaries+1","hierophant:FieryStrike+1"],"picked":"SKIP","floor":35},{"not_picked":["hierophant:MirrorShield","hierophant:Mercenaries+1"],"picked":"hierophant:FieryStrike+1","floor":35},{"not_picked":["hierophant:Zeal+1","hierophant:Encroach"],"picked":"hierophant:ThreeLashes+1","floor":36},{"not_picked":["hierophant:SecretStash+1","hierophant:RustyCrate+1"],"picked":"hierophant:LocustPlague","floor":38},{"not_picked":["hierophant:SealAway","hierophant:SecretStash","hierophant:MorningPrayer"],"picked":"SKIP","floor":39},{"not_picked":["hierophant:Purify","hierophant:SecretStash+1","hierophant:Anathema"],"picked":"SKIP","floor":40},{"not_picked":["hierophant:Doomsaying","hierophant:RustyCrate+1"],"picked":"hierophant:Bribe","floor":42}],"player_experience":1068555,"relics_obtained":[{"floor":6,"key":"hubris:PeanutButter"},{"floor":8,"key":"ReplayTheSpireMod:Ninjato"},{"floor":9,"key":"hubris:FunFungus"},{"floor":14,"key":"WingedGreaves"},{"floor":26,"key":"reliquary:Knoch"},{"floor":28,"key":"Necronomicon"},{"floor":36,"key":"Ice Cream"},{"floor":40,"key":"Replay:Rubber Ducky"},{"floor":43,"key":"reliquary:Vitrine"},{"floor":44,"key":"Ring of Misfortune"},{"floor":44,"key":"Ring of Fangs"}],"event_choices":[{"damage_healed":0,"gold_gain":175,"player_choice":"AGREE","damage_taken":0,"max_hp_gain":0,"max_hp_loss":0,"event_name":"Liars Game","floor":2,"gold_loss":0,"cards_obtained":["Doubt"]},{"damage_healed":0,"gold_gain":0,"player_choice":"Upgraded","damage_taken":0,"max_hp_gain":0,"max_hp_loss":0,"event_name":"Upgrade Shrine","floor":3,"gold_loss":0,"cards_upgraded":["hierophant:ChurchCoffers"]},{"damage_healed":0,"gold_gain":0,"player_choice":"Donut","damage_taken":0,"max_hp_gain":5,"max_hp_loss":0,"event_name":"Big Fish","floor":5,"gold_loss":0},{"damage_healed":0,"gold_gain":0,"player_choice":"Grow","damage_taken":0,"max_hp_gain":0,"max_hp_loss":0,"event_name":"Living Wall","floor":12,"gold_loss":0,"cards_upgraded":["hierophant:ArchangelShield"]},{"damage_healed":0,"gold_gain":0,"player_choice":"Obtained Book","damage_taken":16,"max_hp_gain":0,"max_hp_loss":0,"event_name":"Cursed Tome","floor":28,"gold_loss":0},{"damage_healed":0,"gold_gain":0,"player_choice":"Became a vampire","damage_taken":0,"max_hp_gain":0,"max_hp_loss":24,"event_name":"Vampires","floor":30,"gold_loss":0,"cards_obtained":["Bite","Bite","Bite","Bite","Bite"]},{"damage_healed":0,"gold_gain":0,"player_choice":"Fight","damage_taken":0,"max_hp_gain":0,"max_hp_loss":0,"event_name":"Mysterious Sphere","floor":36,"gold_loss":0},{"damage_healed":0,"gold_gain":0,"player_choice":"Ignored","damage_taken":0,"max_hp_gain":0,"max_hp_loss":0,"event_name":"Tomb of Lord Red Mask","floor":37,"gold_loss":0},{"cards_removed":["hierophant:Defend_Hierophant"],"damage_healed":0,"gold_gain":0,"player_choice":"Purged","damage_taken":0,"max_hp_gain":0,"max_hp_loss":0,"event_name":"Purifier","floor":48,"gold_loss":0}],"is_beta":false,"boss_relics":[{"not_picked":["Coffee Dripper","bronze:MakeshiftBattery"],"picked":"hubris:VirtuousBlindfold"},{"not_picked":["reliquary:Ember","reliquary:KinkedSpring"],"picked":"reliquary:ThirdArm"}],"items_purged_floors":[10,46],"is_endless":false,"potions_floor_spawned":[4,20,24,33,40,42],"ascension_level":2}}