{"host":"9tdhussg6z28ni1x","time":1614240527,"event":{"mods":["2.2 Compatiblity","BaseMod","CapriCore","KOR Keyword Fix","Minty Spire (QoL Compilation)","Relic Stats","StSLib","SuperFastMode"],"gold_per_floor":[113,63,81,2,19,19,32,32,57,57,57,75,75,0,0,0,0],"floor_reached":16,"language":"KOR","playtime":336,"items_purged":["Strike_R"],"score":122,"play_id":"e98acdca-c782-402c-be48-ec493e35f8c7","local_time":"20210225170847","is_ascension_mode":true,"campfire_choices":[{"floor":6,"key":"REST"},{"floor":10,"key":"REST"},{"data":"Offering","floor":13,"key":"SMITH"},{"floor":15,"key":"REST"}],"circlet_count":0,"master_deck":["Strike_R","Strike_R","Strike_R","Defend_R","Defend_R","Defend_R","Defend_R","Bash","Offering+1","Fire Breathing+1","Evolve","Injury"],"relics":["Burning Blood","Golden Idol","Lantern"],"acts_visited":["Exordium"],"potions_floor_usage":[],"damage_taken":[{"damage":8,"enemies":"Small Slimes","floor":1,"turns":4},{"damage":13,"enemies":"2 Louse","floor":3,"turns":4},{"damage":12,"enemies":"Cultist","floor":5,"turns":4},{"damage":16,"enemies":"3 Louse","floor":7,"turns":4},{"damage":22,"enemies":"Blue Slaver","floor":12,"turns":3},{"damage":84,"enemies":"The Guardian","floor":16,"turns":14}],"seed_played":"7709496346901548646","potions_obtained":[],"is_trial":false,"path_per_floor":["M","?","M","$","M","R","M","?","T","R","?","M","R","$","R","B"],"character_chosen":"IRONCLAD","items_purchased":["Evolve"],"campfire_rested":3,"item_purchase_floors":[4],"current_hp_per_floor":[49,49,42,42,36,60,50,50,50,74,74,58,58,58,80,0,0],"gold":0,"neow_bonus":"THREE_RARE_CARDS","is_daily":false,"chose_seed":false,"campfire_upgraded":1,"win_rate":0.0,"timestamp":1614240527,"path_taken":["M","?","M","$","M","R","M","?","T","R","?","M","R","$","R","BOSS"],"items_purchased_type":["Card"],"build_version":"2020-12-22","purchased_purges":1,"victory":false,"max_hp_per_floor":[80,80,80,80,80,80,80,80,80,80,80,80,80,80,80,80,80],"relic_stats":{"counters":[6,33],"Golden Idol":4,"obtain_stats":[{"Lantern":9,"Golden Idol":8,"Burning Blood":0},{"Lantern":4,"Golden Idol":4,"Burning Blood":0},{"Lantern":16,"Golden Idol":16,"Burning Blood":0}],"Burning Blood":30},"card_choices":[{"not_picked":["Double Tap","Exhume"],"picked":"Offering","floor":0},{"not_picked":["Clothesline","Warcry"],"picked":"Fire Breathing","floor":1},{"not_picked":["Perfected Strike","Disarm","Clash"],"picked":"SKIP","floor":3},{"not_picked":["Anger","Shockwave","Sever Soul"],"picked":"SKIP","floor":5},{"not_picked":["Reaper","Whirlwind","Intimidate"],"picked":"SKIP","floor":7},{"not_picked":["Clothesline","Twin Strike","Havoc"],"picked":"SKIP","floor":12}],"player_experience":266447,"relics_obtained":[{"floor":9,"key":"Lantern"}],"event_choices":[{"cards_removed":["Strike_R"],"damage_healed":0,"gold_gain":0,"player_choice":"Card Removal","damage_taken":0,"max_hp_gain":0,"max_hp_loss":0,"event_name":"The Cleric","floor":2,"gold_loss":50},{"damage_healed":0,"gold_gain":0,"player_choice":"Take Wound","damage_taken":0,"relics_obtained":["Golden Idol"],"max_hp_gain":0,"max_hp_loss":0,"event_name":"Golden Idol","floor":8,"gold_loss":0,"cards_obtained":["Injury"]},{"damage_healed":0,"gold_gain":0,"player_choice":"Upgraded","damage_taken":0,"max_hp_gain":0,"max_hp_loss":0,"event_name":"Upgrade Shrine","floor":11,"gold_loss":0,"cards_upgraded":["Fire Breathing"]}],"is_beta":false,"boss_relics":[],"items_purged_floors":[14],"is_endless":false,"potions_floor_spawned":[],"killed_by":"The Guardian","ascension_level":7}}