{"host":"xb2tau8pgi8aflss","time":1614259713,"event":{"mods":["AchievementEnabler","BaseMod","Hermit","Minty Spire (QoL Compilation)","StSLib","SuperFastMode"],"gold_per_floor":[110,110,110,128,148,148,161,171,223,237,247,14,14,14,14,114,114,95,112,112,112],"floor_reached":20,"language":"KOR","playtime":612,"items_purged":[],"score":210,"play_id":"ecd03841-39d7-4fbe-a196-cd20e139ccab","local_time":"20210225222833","is_ascension_mode":true,"campfire_choices":[{"data":"hermit:Snipe","floor":6,"key":"SMITH"},{"data":"hermit:Determination","floor":13,"key":"SMITH"},{"data":"hermit:Coalescence","floor":15,"key":"SMITH"}],"circlet_count":0,"master_deck":["hermit:Strike_Hermit+1","hermit:Strike_Hermit","hermit:Strike_Hermit+1","hermit:Defend_Hermit","hermit:Defend_Hermit","hermit:Defend_Hermit","hermit:Defend_Hermit","hermit:Snapshot","hermit:Covet","hermit:Coalescence+1","hermit:Vantage","hermit:Snipe+1","hermit:Deadeye","hermit:Dive","hermit:Determination+1","hermit:Virtue","hermit:FromBeyond","hermit:TrackingShot","hermit:Dive"],"relics":["hermit:Momento","Juzu Bracelet","Vajra","Question Card","Fusion Hammer"],"acts_visited":["Exordium","TheCity"],"potions_floor_usage":[7,11,18,20],"damage_taken":[{"damage":6,"enemies":"Jaw Worm","floor":1,"turns":4},{"damage":0,"enemies":"Cultist","floor":4,"turns":3},{"damage":0,"enemies":"2 Louse","floor":5,"turns":3},{"damage":2,"enemies":"Exordium Wildlife","floor":7,"turns":5},{"damage":1,"enemies":"2 Fungi Beasts","floor":8,"turns":4},{"damage":1,"enemies":"Large Slime","floor":10,"turns":7},{"damage":19,"enemies":"Gremlin Gang","floor":11,"turns":5},{"damage":3,"enemies":"The Guardian","floor":16,"turns":10},{"damage":19,"enemies":"2 Thieves","floor":18,"turns":4},{"damage":21,"enemies":"Chosen","floor":19,"turns":5},{"damage":34,"enemies":"Snecko","floor":20,"turns":6}],"seed_played":"-3881904288405107430","potions_obtained":[{"floor":1,"key":"DistilledChaos"},{"floor":5,"key":"Fire Potion"},{"floor":8,"key":"SteroidPotion"},{"floor":11,"key":"SneckoOil"},{"floor":19,"key":"Strength Potion"}],"is_trial":false,"path_per_floor":["M","?","?","M","M","R","M","M","T","M","M","$","R","?","R","B",null,"M","M","M"],"character_chosen":"HERMIT","items_purchased":["hermit:Virtue","Vajra"],"campfire_rested":0,"item_purchase_floors":[12,12],"current_hp_per_floor":[76,60,60,60,60,60,58,57,57,56,37,37,37,37,37,34,70,51,30,0,0],"gold":112,"neow_bonus":"TEN_PERCENT_HP_BONUS","is_daily":false,"chose_seed":false,"campfire_upgraded":3,"win_rate":0.0,"timestamp":1614259713,"path_taken":["M","?","?","M","M","R","M","?","T","M","M","$","R","?","R","BOSS","M","M","M"],"items_purchased_type":["Card","Relic"],"build_version":"2020-12-22","purchased_purges":0,"victory":false,"max_hp_per_floor":[82,82,82,82,82,82,82,82,82,82,82,82,82,82,82,82,82,82,82,82,82],"card_choices":[{"not_picked":["hermit:ShadowCloak","hermit:Shortfuse"],"picked":"hermit:Coalescence","floor":1},{"not_picked":["hermit:LowProfile","hermit:WideOpen"],"picked":"hermit:Vantage","floor":4},{"not_picked":["hermit:HoleUp","hermit:GoldenBullet"],"picked":"hermit:Snipe","floor":5},{"not_picked":["hermit:HighCaliber","hermit:BodyArmor"],"picked":"hermit:Deadeye","floor":7},{"not_picked":["hermit:Cheat","hermit:HoleUp"],"picked":"hermit:Dive","floor":8},{"not_picked":["hermit:Roulette","hermit:OverwhelmingPower","hermit:Horror"],"picked":"SKIP","floor":10},{"not_picked":["hermit:Midnight","hermit:WideOpen"],"picked":"hermit:Determination","floor":11},{"not_picked":["hermit:FinalCanter","hermit:HighNoon","hermit:Purgatory"],"picked":"hermit:FromBeyond","floor":16},{"not_picked":["hermit:Feint","hermit:HighCaliber+1","hermit:Manifest"],"picked":"hermit:TrackingShot","floor":18},{"not_picked":["hermit:CalledShot","hermit:Brawl","hermit:Vantage+1"],"picked":"hermit:Dive","floor":19}],"player_experience":858460,"relics_obtained":[{"floor":9,"key":"Juzu Bracelet"}],"event_choices":[{"damage_healed":0,"gold_gain":0,"player_choice":"Entered Light","damage_taken":16,"max_hp_gain":0,"max_hp_loss":0,"event_name":"Shining Light","floor":2,"gold_loss":0,"cards_upgraded":["hermit:Strike_Hermit","hermit:Strike_Hermit"]},{"cards_removed":["hermit:Strike_Hermit"],"damage_healed":0,"gold_gain":0,"player_choice":"Purged","damage_taken":0,"max_hp_gain":0,"max_hp_loss":0,"event_name":"Purifier","floor":3,"gold_loss":0},{"damage_healed":0,"gold_gain":0,"player_choice":"Searched \u00271\u0027 times","damage_taken":0,"relics_obtained":["Question Card"],"max_hp_gain":0,"max_hp_loss":0,"event_name":"Dead Adventurer","floor":14,"gold_loss":0}],"is_beta":false,"boss_relics":[{"not_picked":["Astrolabe","hermit:ClaspedLocket"],"picked":"Fusion Hammer"}],"items_purged_floors":[],"is_endless":false,"potions_floor_spawned":[1,5,8,11,19],"killed_by":"Snecko","ascension_level":5}}