{"host":"mydft8i2zzydgggw","time":1614245960,"event":{"mods":["AchievementEnabler","BaseMod","Colored Map","Colored Powertips","DeckTracker","Keyboard Shortcuts","Minty Spire (QoL Compilation)","Rare Cards Sparkle","Relic Stats","StSLib","SuperFastMode","Together in Spire","everything is the same but u backflip on backflip"],"gold_per_floor":[113,124,49,49,49,78,78,94,94,94,114,134,134,20,20,94,94,111,111,125,145,156,186,200,100,100,47,97,97,172,189,189,263,263,280,4,18,68,86,86,86],"floor_reached":40,"language":"KOR","playtime":957,"items_purged":["Pain","Sunder"],"score":823,"play_id":"9e7b7f21-9f5f-402d-94af-807e45e5dd2e","local_time":"20210225183920","is_ascension_mode":true,"campfire_choices":[{"data":"Zap","floor":7.0,"key":"SMITH"},{"data":"Conserve Battery","floor":10.0,"key":"SMITH"},{"floor":15,"key":"REST"},{"floor":32,"key":"REST"}],"circlet_count":0,"master_deck":["AscendersBane","Defend_B+1","Defend_B+1","Defend_B+1","Zap+1","Dualcast","Gash","Conserve Battery+1","Gash","Scrape","Self Repair+1","Core Surge+1","Coolheaded+1","Stack","Beam Cell","Machine Learning","Coolheaded","Impatience","Skim","Defragment"],"relics":["FrozenCore","NeowsBlessing","WarpedTongs","Question Card","Centennial Puzzle","War Paint","Astrolabe","InkBottle","Toy Ornithopter"],"acts_visited":["Exordium","TheCity","TheBeyond"],"potions_floor_usage":[16,23,24,31,37,40],"damage_taken":[{"damage":0.0,"enemies":"Cultist","floor":1.0,"turns":1.0},{"damage":0.0,"enemies":"Jaw Worm","floor":2.0,"turns":1.0},{"damage":2.0,"enemies":"Lagavulin","floor":6.0,"turns":1.0},{"damage":7.0,"enemies":"Small Slimes","floor":8.0,"turns":3.0},{"damage":4.0,"enemies":"Red Slaver","floor":11.0,"turns":4.0},{"damage":4.0,"enemies":"Large Slime","floor":12.0,"turns":5.0},{"damage":19,"enemies":"The Guardian","floor":16,"turns":9},{"damage":1,"enemies":"Spheric Guardian","floor":18,"turns":3},{"damage":10,"enemies":"Shell Parasite","floor":20,"turns":4},{"damage":20,"enemies":"3 Cultists","floor":21,"turns":6},{"damage":26,"enemies":"Shelled Parasite and Fungi","floor":22,"turns":5},{"damage":38,"enemies":"Gremlin Leader","floor":23,"turns":6},{"damage":7,"enemies":"Cultist and Chosen","floor":24,"turns":5},{"damage":0,"enemies":"Snecko","floor":31,"turns":4},{"damage":30,"enemies":"Collector","floor":33,"turns":6},{"damage":16,"enemies":"3 Shapes","floor":35,"turns":4},{"damage":16,"enemies":"3 Darklings","floor":37,"turns":4},{"damage":12,"enemies":"Spire Growth","floor":39,"turns":4},{"damage":61,"enemies":"Reptomancer","floor":40,"turns":4}],"seed_played":"2786144982062949986","potions_obtained":[{"floor":8.0,"key":"Strength Potion"},{"floor":11.0,"key":"Fire Potion"},{"floor":12.0,"key":"Dexterity Potion"},{"floor":20,"key":"FearPotion"},{"floor":23,"key":"LiquidMemories"},{"floor":33,"key":"Strength Potion"},{"floor":35,"key":"DistilledChaos"}],"is_trial":false,"path_per_floor":["M","M","?","?","?","E","R","M","T","R","M","M","?","$","R","B",null,"M","?","M","M","M","E","M","$","T","$","?","?","T","M","R","B",null,"M","$","M","?","M","E"],"character_chosen":"DEFECT","items_purchased":["Scrape","SkillPotion","Impatience","Skim","Defragment","FocusPotion"],"campfire_rested":2,"item_purchase_floors":[14,27,36,36,36,36],"current_hp_per_floor":[64,64,64,43,43,41,41,34,34,34,30,26,26,26,47,28,60,69,69,69,59,43,15,18,18,18,18,18,18,18,33,54,24,59,53,53,52,52,50,0,0],"gold":86,"neow_bonus":"THREE_ENEMY_KILL","is_daily":false,"chose_seed":false,"campfire_upgraded":2,"win_rate":0.0,"timestamp":1614245960,"path_taken":["M","M","?","?","?","E","R","M","T","R","?","M","?","$","R","BOSS","M","?","M","M","M","E","M","$","T","$","?","?","?","M","R","BOSS","M","$","M","?","?","E"],"items_purchased_type":["Card","Potion","Card","Card","Card","Potion"],"build_version":"2020-12-22","purchased_purges":2,"victory":false,"max_hp_per_floor":[71,71,71,71,71,71,71,71,71,71,71,71,71,71,71,71,71,71,71,71,71,71,71,71,71,71,71,71,71,71,71,71,71,71,71,71,71,71,71,71,71],"relic_stats":{"Centennial Puzzle":[42],"counters":[19,79],"Astrolabe":["Capacitor","Self Repair","Core Surge"],"War Paint":["Defend_B","Defend_B"],"Question Card":15,"obtain_stats":[{"Centennial Puzzle":9,"NeowsBlessing":0,"Astrolabe":17,"War Paint":13,"Cracked Core":0,"Question Card":6,"InkBottle":23,"Toy Ornithopter":26,"WarpedTongs":5,"FrozenCore":34},{"Centennial Puzzle":4,"NeowsBlessing":0,"Astrolabe":7,"War Paint":6,"Cracked Core":0,"Question Card":3,"InkBottle":12,"Toy Ornithopter":13,"WarpedTongs":2,"FrozenCore":15},{"Centennial Puzzle":6,"NeowsBlessing":0,"Astrolabe":24,"War Paint":15,"Cracked Core":0,"Question Card":3,"InkBottle":48,"Toy Ornithopter":53,"WarpedTongs":2,"FrozenCore":63}],"InkBottle":[17],"Toy Ornithopter":15,"FrozenCore":[6],"WarpedTongs":[69]},"card_choices":[{"not_picked":["Hologram","Doom and Gloom"],"picked":"Gash","floor":1.0},{"not_picked":["Stack","Redo","Sweeping Beam"],"picked":"SKIP","floor":2.0},{"not_picked":["Sweeping Beam","Go for the Eyes","Echo Form"],"picked":"SKIP","floor":6.0},{"not_picked":["Turbo","Compile Driver","Sweeping Beam"],"picked":"Conserve Battery","floor":8.0},{"not_picked":["Streamline","Sweeping Beam","Heatsinks","Darkness"],"picked":"SKIP","floor":11.0},{"not_picked":["Steam Power","Reprogram","White Noise"],"picked":"Gash","floor":12.0},{"not_picked":["Redo","Darkness","Aggregate"],"picked":"Coolheaded+1","floor":18},{"not_picked":["Heatsinks","Leap","Doom and Gloom","Hello World"],"picked":"SKIP","floor":20},{"not_picked":["Ball Lightning","Cold Snap","Redo+1","Rip and Tear"],"picked":"SKIP","floor":21},{"not_picked":["Cold Snap","Stack+1","Rebound"],"picked":"Beam Cell","floor":22},{"not_picked":["White Noise","Turbo","Force Field","Genetic Algorithm+1"],"picked":"SKIP","floor":23},{"not_picked":["Cold Snap","Go for the Eyes","Force Field","Heatsinks+1"],"picked":"SKIP","floor":24},{"not_picked":["Turbo","Tempest","Barrage+1","Darkness"],"picked":"SKIP","floor":31},{"not_picked":["Rainbow","Multi-Cast","Electrodynamics"],"picked":"Machine Learning","floor":33},{"not_picked":["Redo","Steam Power","FTL"],"picked":"Coolheaded","floor":35},{"not_picked":["Conserve Battery","Blizzard","Stack","Go for the Eyes+1"],"picked":"SKIP","floor":37},{"not_picked":["Barrage","Beam Cell","Streamline","Ball Lightning"],"picked":"SKIP","floor":39}],"player_experience":304597,"relics_obtained":[{"floor":6.0,"key":"Question Card"},{"floor":9.0,"key":"Centennial Puzzle"},{"floor":23,"key":"InkBottle"},{"floor":26,"key":"Toy Ornithopter"}],"event_choices":[{"cards_removed":["Strike_B"],"damage_healed":0.0,"max_hp_gain":0.0,"max_hp_loss":0.0,"gold_gain":0.0,"event_name":"The Cleric","player_choice":"Card Removal","floor":3.0,"gold_loss":75.0,"damage_taken":0.0},{"damage_healed":0.0,"max_hp_gain":0.0,"max_hp_loss":0.0,"gold_gain":0.0,"event_name":"Shining Light","player_choice":"Entered Light","floor":4.0,"gold_loss":0.0,"damage_taken":21.0,"cards_upgraded":["Strike_B","Defend_B"]},{"damage_healed":0.0,"max_hp_gain":0.0,"max_hp_loss":0.0,"gold_gain":0.0,"event_name":"Accursed Blacksmith","player_choice":"Rummage","floor":5.0,"gold_loss":0.0,"damage_taken":0.0,"relics_obtained":["WarpedTongs"],"cards_obtained":["Pain"]},{"damage_healed":0.0,"max_hp_gain":0.0,"max_hp_loss":0.0,"gold_gain":0.0,"event_name":"WeMeetAgain","player_choice":"Gave Potion","floor":13.0,"gold_loss":0.0,"damage_taken":0.0,"relics_obtained":["War Paint"]},{"damage_healed":0,"gold_gain":0,"cards_transformed":["Strike_B","Capacitor"],"player_choice":"Became Test Subject","damage_taken":0,"max_hp_gain":0,"max_hp_loss":0,"event_name":"Drug Dealer","floor":19,"gold_loss":0,"cards_obtained":["Stack","Sunder"]},{"damage_healed":0,"gold_gain":50,"player_choice":"Stole From Cult","damage_taken":0,"max_hp_gain":0,"max_hp_loss":0,"event_name":"Nest","floor":28,"gold_loss":0},{"damage_healed":0,"gold_gain":0,"player_choice":"Ignored","damage_taken":0,"max_hp_gain":0,"max_hp_loss":0,"event_name":"Cursed Tome","floor":29,"gold_loss":0},{"damage_healed":0,"gold_gain":50,"player_choice":"Pray","damage_taken":0,"max_hp_gain":0,"max_hp_loss":0,"event_name":"Golden Shrine","floor":38,"gold_loss":0}],"is_beta":false,"boss_relics":[{"not_picked":["Pandora\u0027s Box","Snecko Eye"],"picked":"Astrolabe"},{"not_picked":["Runic Dome","Black Star"],"picked":"FrozenCore"}],"items_purged_floors":[14,25],"is_endless":false,"potions_floor_spawned":[8,11,12,20,23,33,35],"killed_by":"Reptomancer","ascension_level":18}}