{"host":"w7luwlzeuqu3cdo6","time":1614284149,"event":{"mods":["BaseMod","Downfall","Minty Spire (QoL Compilation)","StSLib"],"gold_per_floor":[99,117,134,284,304,319,345,373,373,392,392,410,410,441,453,553,553,553,570,80,80,65,65,65,165,198,198,210,14,14,29,29,29,29],"floor_reached":32,"language":"ENG","playtime":2139,"items_purged":["downfall:Icky"],"score":320,"play_id":"f146300e-4ca8-4ae2-8562-67d3fa251710","local_time":"20210225211549","is_ascension_mode":false,"campfire_choices":[{"data":"bronze:Goto","floor":1,"key":"SMITH"},{"data":"bronze:ChosenStrike","floor":11,"key":"SMITH"},{"data":"bronze:Verify","floor":18,"key":"SMITH"},{"data":"bronze:DelayedGuard","floor":23,"key":"SMITH"},{"floor":27,"key":"REST"}],"circlet_count":0,"master_deck":["bronze:Strike+1","bronze:Strike","bronze:Strike","bronze:Strike","bronze:Defend+1","bronze:Defend","bronze:Defend+1","bronze:Defend","bronze:Replicate","bronze:Goto+1","bronze:ChosenStrike+1","bronze:DelayedGuard+1","bronze:MaxOutput","bronze:Verify+1","bronze:Verify","bronze:Branch","bronze:Verify+1","downfall:Haunted","downfall:Aged","bronze:ShipIt","Regret","Decay","bronze:FineTuning","bronze:ItsAFeature","expansioncontent:StudyTheSpire","bronze:Shield"],"relics":["bronze:BronzeCore","bronze:SilverBullet","Juzu Bracelet","Omamori","Nunchaku","Philosopher\u0027s Stone","Ornamental Fan","TheAbacus","Gambling Chip","Darkstone Periapt","Gremlin Horn"],"acts_visited":["Exordium","TheCity"],"potions_floor_usage":[16,16,16,32],"damage_taken":[{"damage":1,"enemies":"Cultist","floor":2,"turns":3},{"damage":1,"enemies":"2 Louse","floor":3,"turns":3},{"damage":0,"enemies":"Small Slimes","floor":5,"turns":3},{"damage":6,"enemies":"3 Louse","floor":6,"turns":3},{"damage":11,"enemies":"3 Sentries","floor":8,"turns":6},{"damage":10,"enemies":"Exordium Thugs","floor":10,"turns":3},{"damage":13,"enemies":"Red Slaver","floor":12,"turns":2},{"damage":8,"enemies":"Lagavulin","floor":14,"turns":6},{"damage":0,"enemies":"Large Slime","floor":15,"turns":3},{"damage":15,"enemies":"IC_STATUS_ARCHETYPE","floor":16,"turns":8},{"damage":12,"enemies":"Chosen","floor":19,"turns":3},{"damage":10,"enemies":"downfall:FleeingMerchant","floor":20,"turns":4},{"damage":8,"enemies":"downfall:FleeingMerchant","floor":22,"turns":4},{"damage":40,"enemies":"Gremlin Leader","floor":26,"turns":7},{"damage":30,"enemies":"3 Byrds","floor":28,"turns":4},{"damage":15,"enemies":"downfall:FleeingMerchant","floor":29,"turns":4},{"damage":17,"enemies":"Centurion and Healer","floor":31,"turns":5},{"damage":8,"enemies":"Cultist and Chosen","floor":32,"turns":1}],"seed_played":"-145069668343974440","potions_obtained":[{"floor":5,"key":"SkillPotion"},{"floor":8,"key":"SpeedPotion"},{"floor":14,"key":"DuplicationPotion"},{"floor":15,"key":"SteroidPotion"},{"floor":26,"key":"bronze:FreeFunctionsPotion"},{"floor":31,"key":"Fire Potion"}],"is_trial":false,"path_per_floor":["R","M","M","?","M","M","T","E","?","M","R","M","?","E","M","B",null,"R","M","$","?","$","R","T","?","E","R","M","$","?","M","M"],"character_chosen":"THE_AUTOMATON","items_purchased":["Ornamental Fan","TheAbacus","expansioncontent:StudyTheSpire"],"campfire_rested":1,"item_purchase_floors":[20,20,29],"current_hp_per_floor":[77,76,75,75,75,69,69,58,51,41,41,28,28,20,20,5,77,77,65,55,55,47,47,47,76,36,67,37,22,22,5,0,0,0],"gold":29,"neow_bonus":"TEN_PERCENT_HP_BONUS","is_daily":false,"chose_seed":false,"campfire_upgraded":4,"win_rate":0.0,"timestamp":1614284149,"path_taken":["R","M","?","?","M","M","T","E","?","M","R","M","?","E","M","BOSS","R","M","$","?","?","R","T","?","E","R","M","$","?","M","M"],"items_purchased_type":["Relic","Relic","Card"],"build_version":"2020-12-22","purchased_purges":1,"victory":false,"max_hp_per_floor":[77,77,77,77,77,77,77,77,77,77,77,77,77,77,77,77,77,77,77,77,77,77,77,77,106,106,106,106,106,106,106,106,106,106],"card_choices":[{"not_picked":["bronze:Turbo","bronze:Philosophize"],"picked":"bronze:ChosenStrike","floor":2},{"not_picked":["bronze:Branch","bronze:Turbo"],"picked":"bronze:DelayedGuard","floor":3},{"not_picked":["bronze:Turbo","bronze:DigitalCarnage"],"picked":"bronze:MaxOutput","floor":5},{"not_picked":["bronze:Shield","bronze:Turbo","bronze:WhirlingStrike"],"picked":"SKIP","floor":6},{"not_picked":["bronze:GetLatest","bronze:DigitalCarnage","bronze:ChildClass"],"picked":"SKIP","floor":8},{"not_picked":["bronze:BuggyMess","bronze:DigitalCarnage","bronze:BitShift"],"picked":"SKIP","floor":10},{"not_picked":["bronze:WhirlingStrike","bronze:OilSpill","bronze:BitShift"],"picked":"SKIP","floor":12},{"not_picked":["bronze:Iterate","bronze:Backtrace"],"picked":"bronze:Verify","floor":14},{"not_picked":["bronze:Overheat","bronze:BronzeArmor","bronze:ChosenStrike"],"picked":"SKIP","floor":15},{"not_picked":["bronze:Break","bronze:Format"],"picked":"bronze:Verify","floor":16},{"not_picked":["bronze:DarkDash","bronze:Invalidate"],"picked":"bronze:Branch","floor":19},{"not_picked":["bronze:Return","bronze:ClassDefault","bronze:OilSpill"],"picked":"SKIP","floor":20},{"not_picked":["bronze:BugBarrage","bronze:Fortify","bronze:WildBeam"],"picked":"SKIP","floor":22},{"not_picked":["bronze:BronzeArmor","bronze:DelayedSlice"],"picked":"bronze:FineTuning","floor":26},{"not_picked":["bronze:DigitalCarnage","bronze:BugBarrage","bronze:ForLoop"],"picked":"SKIP","floor":28},{"not_picked":["bronze:DelayedSlice","bronze:ThunderWave"],"picked":"bronze:ItsAFeature","floor":29},{"not_picked":["bronze:Turbo","bronze:WhirlingStrike+1"],"picked":"bronze:Shield","floor":31}],"player_experience":250846,"relics_obtained":[{"floor":7,"key":"bronze:SilverBullet"},{"floor":8,"key":"Juzu Bracelet"},{"floor":14,"key":"Nunchaku"},{"floor":24,"key":"Gambling Chip"},{"floor":26,"key":"Gremlin Horn"}],"event_choices":[{"damage_healed":0,"gold_gain":0,"player_choice":"Success","damage_taken":7,"relics_obtained":["Omamori"],"max_hp_gain":0,"max_hp_loss":0,"event_name":"Scrap Ooze","floor":9,"gold_loss":0}],"is_beta":false,"boss_relics":[{"not_picked":["Velvet Choker","Pandora\u0027s Box"],"picked":"Philosopher\u0027s Stone"}],"items_purged_floors":[20],"is_endless":false,"potions_floor_spawned":[5,8,14,15,26,31],"killed_by":"Cultist and Chosen","ascension_level":0}}