{"host":"ue7jlgf7uv134an9","time":1614224756,"event":{"mods":["BaseMod","Better Third Choice","Colored Map","Defuse TimeMaze Blight","Minty Spire (QoL Compilation)","Quick Restart","Rare Cards Sparkle","Relic Stats","StSLib","UnlockEverythingMod"],"gold_per_floor":[109,120,132,142,29,29,60,79,79,92,92,92,121,121,121,219,219,230,329,111,127,127,127,127,81,106,137,137,155,155,172,172,276,276,294,305,305,318,332,359,359,379,379,391,391,406,456,485,485,485],"floor_reached":51,"language":"ENG","playtime":2672,"items_purged":["Strike_G"],"score":829,"play_id":"4105cba5-3410-4c0a-b328-e4199d251909","local_time":"20210224224556","is_ascension_mode":false,"campfire_choices":[{"data":"Accuracy","floor":6,"key":"SMITH"},{"floor":12,"key":"REST"},{"data":"Dash","floor":15,"key":"SMITH"},{"data":"Footwork","floor":23,"key":"SMITH"},{"data":"Phantasmal Killer","floor":28,"key":"SMITH"},{"data":"After Image","floor":32,"key":"SMITH"},{"data":"Deflect","floor":41,"key":"SMITH"},{"floor":49,"key":"REST"}],"circlet_count":0,"master_deck":["Strike_G","Strike_G+1","Defend_G","Defend_G","Defend_G","Defend_G","Defend_G","Survivor","Neutralize","Blade Dance","Dagger Spray+1","Blade Dance","Accuracy+1","Backstab","Backflip","PiercingWail","PiercingWail","Wireheading","Dash+1","Phantasmal Killer+1","Footwork+1","Doppelganger","A Thousand Cuts","Deflect+1","After Image+1","Corpse Explosion","Deflect+1","Backflip","Finisher+1"],"relics":["Ring of the Snake","Bag of Marbles","Ninja Scroll","StrikeDummy","Strawberry","Odd Mushroom","Gremlin Horn","WristBlade","Nunchaku","Whetstone","Bottled Tornado","FaceOfCleric","Cursed Key","Boot","Tingsha","Lantern"],"acts_visited":["Exordium","TheCity","TheBeyond"],"potions_floor_usage":[2,16,38,38,40,42,44,46],"damage_taken":[{"damage":0,"enemies":"Cultist","floor":1,"turns":5},{"damage":0,"enemies":"Small Slimes","floor":2,"turns":2},{"damage":0,"enemies":"2 Louse","floor":3,"turns":1},{"damage":5,"enemies":"Exordium Wildlife","floor":4,"turns":3},{"damage":4,"enemies":"3 Sentries","floor":7,"turns":4},{"damage":0,"enemies":"3 Louse","floor":8,"turns":1},{"damage":0,"enemies":"Blue Slaver","floor":10,"turns":1},{"damage":0,"enemies":"The Mushroom Lair","floor":13,"turns":1},{"damage":20,"enemies":"The Guardian","floor":16,"turns":11},{"damage":0,"enemies":"Spheric Guardian","floor":18,"turns":1},{"damage":0,"enemies":"2 Thieves","floor":21,"turns":1},{"damage":0,"enemies":"Gremlin Leader","floor":27,"turns":2},{"damage":0,"enemies":"Snecko","floor":29,"turns":2},{"damage":0,"enemies":"Centurion and Healer","floor":31,"turns":3},{"damage":26,"enemies":"Automaton","floor":33,"turns":8},{"damage":0,"enemies":"3 Darklings","floor":35,"turns":3},{"damage":0,"enemies":"3 Shapes","floor":36,"turns":1},{"damage":0,"enemies":"Writhing Mass","floor":38,"turns":8},{"damage":0,"enemies":"3 Darklings","floor":39,"turns":2},{"damage":0,"enemies":"Reptomancer","floor":40,"turns":3},{"damage":0,"enemies":"Transient","floor":42,"turns":5},{"damage":0,"enemies":"Maw","floor":44,"turns":4},{"damage":0,"enemies":"Writhing Mass","floor":46,"turns":5},{"damage":4,"enemies":"Mind Bloom Boss Battle","floor":47,"turns":6},{"damage":23,"enemies":"Nemesis","floor":48,"turns":3},{"damage":67,"enemies":"Time Eater","floor":50,"turns":18}],"seed_played":"7275329718743494211","potions_obtained":[{"floor":2,"key":"Fruit Juice"},{"floor":8,"key":"BlessingOfTheForge"},{"floor":10,"key":"Dexterity Potion"},{"floor":16,"key":"Poison Potion"},{"floor":21,"key":"Strength Potion"},{"floor":35,"key":"Swift Potion"},{"floor":40,"key":"Swift Potion"},{"floor":42,"key":"DuplicationPotion"},{"floor":44,"key":"LiquidMemories"}],"is_trial":false,"path_per_floor":["M","M","M","M","$","R","E","M","T","M","?","R","?","T","R","B",null,"M","?","$","M","?","R","?","$","T","E","R","M","?","M","R","B",null,"M","M","T","M","M","E","R","M","T","M","?","M","?","E","R","B",null],"character_chosen":"THE_SILENT","items_purchased":["Accuracy","Backstab","Nunchaku","Deflect"],"campfire_rested":2,"item_purchase_floors":[5,5,20,25],"current_hp_per_floor":[70,75,75,70,70,70,66,66,66,66,64,82,82,82,82,62,82,82,82,82,82,82,82,82,82,82,82,82,82,82,83,83,58,84,85,86,86,87,88,89,89,90,90,91,86,87,84,62,88,22],"gold":485,"neow_bonus":"RANDOM_COMMON_RELIC","is_daily":false,"chose_seed":false,"campfire_upgraded":6,"win_rate":0.0,"timestamp":1614224756,"path_taken":["M","?","?","?","$","R","E","M","T","M","?","R","?","?","R","BOSS","M","?","$","M","?","R","?","?","T","E","R","?","?","M","R","BOSS","M","M","?","M","M","E","R","M","T","M","?","M","?","E","R","BOSS"],"items_purchased_type":["Card","Card","Relic","Card"],"build_version":"2020-12-22","purchased_purges":1,"victory":true,"max_hp_per_floor":[70,75,75,75,75,75,75,75,75,75,82,82,82,82,82,82,82,82,82,82,82,82,82,82,82,82,82,82,82,82,83,83,84,84,85,86,86,87,88,89,89,90,90,91,86,87,88,89,89,90],"relic_stats":{"Nunchaku":[23],"Gremlin Horn":[12,12],"FaceOfCleric":13,"counters":[26,104],"Tingsha":[6],"Whetstone":["Dagger Spray","Strike_G"],"Cursed Key":0,"Boot":[5],"obtain_stats":[{"Lantern":48,"Gremlin Horn":14,"Tingsha":47,"Whetstone":26,"Odd Mushroom":13,"Bottled Tornado":27,"Cursed Key":34,"Boot":40,"Nunchaku":20,"WristBlade":17,"FaceOfCleric":30,"Ninja Scroll":7,"Strawberry":11,"Bag of Marbles":0,"StrikeDummy":9,"Ring of the Snake":0},{"Lantern":25,"Gremlin Horn":8,"Tingsha":24,"Whetstone":11,"Odd Mushroom":8,"Bottled Tornado":12,"Cursed Key":15,"Boot":20,"Nunchaku":10,"WristBlade":9,"FaceOfCleric":13,"Ninja Scroll":5,"Strawberry":7,"Bag of Marbles":0,"StrikeDummy":6,"Ring of the Snake":0},{"Lantern":86,"Gremlin Horn":18,"Tingsha":83,"Whetstone":31,"Odd Mushroom":18,"Bottled Tornado":33,"Cursed Key":46,"Boot":63,"Nunchaku":30,"WristBlade":29,"FaceOfCleric":35,"Ninja Scroll":15,"Strawberry":17,"Bag of Marbles":0,"StrikeDummy":16,"Ring of the Snake":0}],"Ring of the Snake":[52]},"card_choices":[{"not_picked":["Cloak And Dagger","Underhanded Strike"],"picked":"Blade Dance","floor":1},{"not_picked":["Tactician","Leg Sweep"],"picked":"Dagger Spray","floor":2},{"not_picked":["Acrobatics","Reflex","Underhanded Strike"],"picked":"SKIP","floor":3},{"not_picked":["Poisoned Stab","Dodge and Roll"],"picked":"Blade Dance","floor":4},{"not_picked":["Venomology","Dodge and Roll"],"picked":"Backflip","floor":7},{"not_picked":["Distraction","Dagger Throw"],"picked":"PiercingWail","floor":8},{"not_picked":["Poisoned Stab","Masterful Stab"],"picked":"PiercingWail","floor":10},{"not_picked":["Riddle With Holes","Deadly Poison"],"picked":"Dash","floor":13},{"not_picked":["Tools of the Trade","Storm of Steel"],"picked":"Phantasmal Killer","floor":16},{"not_picked":["Skewer","Concentrate+1"],"picked":"Footwork","floor":18},{"not_picked":["Prepared+1","Bane","Deadly Poison+1"],"picked":"SKIP","floor":21},{"not_picked":["Deadly Poison","Dagger Throw","Flying Knee"],"picked":"SKIP","floor":27},{"not_picked":["Prepared","Acrobatics","PiercingWail"],"picked":"SKIP","floor":29},{"not_picked":["Predator+1","Underhanded Strike"],"picked":"After Image","floor":31},{"not_picked":["Bullet Time","Glass Knife"],"picked":"Corpse Explosion","floor":33},{"not_picked":["Escape Plan","Outmaneuver+1","Reflex"],"picked":"SKIP","floor":35},{"not_picked":["Acrobatics+1","Flying Knee+1","PiercingWail+1"],"picked":"SKIP","floor":36},{"not_picked":["Distraction+1","Tactician+1"],"picked":"Deflect+1","floor":38},{"not_picked":["Tactician","Blade Dance","Deadly Poison+1"],"picked":"SKIP","floor":39},{"not_picked":["Blade Dance","Prepared"],"picked":"Backflip","floor":40},{"not_picked":["Dash","Deadly Poison","Bane+1"],"picked":"SKIP","floor":42},{"not_picked":["Flying Knee+1","Tactician+1","Deflect+1"],"picked":"SKIP","floor":44},{"not_picked":["Phantasmal Killer","Sucker Punch+1"],"picked":"Finisher+1","floor":46},{"not_picked":["Infinite Blades+1","Concentrate+1","Escape Plan+1"],"picked":"SKIP","floor":48}],"player_experience":110543,"relics_obtained":[{"floor":7,"key":"Ninja Scroll"},{"floor":9,"key":"StrikeDummy"},{"floor":13,"key":"Odd Mushroom"},{"floor":14,"key":"Gremlin Horn"},{"floor":26,"key":"Whetstone"},{"floor":27,"key":"Bottled Tornado"},{"floor":40,"key":"Boot"},{"floor":47,"key":"Tingsha"},{"floor":48,"key":"Lantern"}],"event_choices":[{"damage_healed":0,"gold_gain":0,"player_choice":"Fought Mushrooms","damage_taken":0,"max_hp_gain":0,"max_hp_loss":0,"event_name":"Mushrooms","floor":13,"gold_loss":0},{"damage_healed":0,"gold_gain":99,"player_choice":"Steal","damage_taken":0,"max_hp_gain":0,"max_hp_loss":0,"event_name":"betterThird:BetterNest","floor":19,"gold_loss":0},{"damage_healed":0,"gold_gain":0,"player_choice":"Ignored","damage_taken":0,"max_hp_gain":0,"max_hp_loss":0,"event_name":"Vampires","floor":22,"gold_loss":0},{"damage_healed":0,"gold_gain":0,"cards_transformed":["Strike_G","Strike_G"],"player_choice":"Became Test Subject","damage_taken":0,"max_hp_gain":0,"max_hp_loss":0,"event_name":"Drug Dealer","floor":24,"gold_loss":0,"cards_obtained":["Doppelganger","A Thousand Cuts"]},{"damage_healed":0,"gold_gain":0,"player_choice":"Trade","damage_taken":0,"relics_obtained":["FaceOfCleric"],"max_hp_gain":0,"max_hp_loss":0,"event_name":"FaceTrader","floor":30,"gold_loss":0},{"damage_healed":0,"gold_gain":0,"player_choice":"Max HP","damage_taken":0,"max_hp_gain":0,"max_hp_loss":5,"event_name":"Winding Halls","floor":45,"gold_loss":0},{"damage_healed":0,"gold_gain":0,"player_choice":"Fight","damage_taken":0,"max_hp_gain":0,"max_hp_loss":0,"event_name":"MindBloom","floor":47,"gold_loss":0}],"is_beta":false,"boss_relics":[{"not_picked":["Runic Pyramid","HoveringKite"],"picked":"WristBlade"},{"not_picked":["Ring of the Serpent","Empty Cage"],"picked":"Cursed Key"}],"items_purged_floors":[20],"is_endless":false,"potions_floor_spawned":[2,8,10,16,21,27,35,40,42,44],"ascension_level":0}}