{"host":"c5j8t0wyh2hvx9ju","time":1614211809,"event":{"mods":["Act Like it!","Astrologer","BaseMod","BetterRewards","Gensokyo","Lobotomy","LobotomyExtend","Minty Spire (QoL Compilation)","Prisma Mod","StSLib"],"gold_per_floor":[119,134,99,117,117,143,143,159,159,178,178,203,226,226,226,226,226],"floor_reached":16,"language":"JPN","playtime":524,"items_purged":[],"score":193,"play_id":"79667377-7ebe-47ed-abbe-b275b5541477","local_time":"20210225091009","is_ascension_mode":true,"campfire_choices":[{"data":"Eruption","floor":7,"key":"SMITH"},{"floor":15,"key":"RECALL"}],"circlet_count":0,"master_deck":[],"relics":["PureWater","White Beast Statue","Singing Bowl","Damaru","Bag of Preparation","LetterFromLob","Pear","Peace Pipe","Golden Idol"],"acts_visited":["Exordium"],"potions_floor_usage":[],"damage_taken":[{"damage":0,"enemies":"Cultist","floor":1,"turns":2},{"damage":0,"enemies":"2 Louse","floor":2,"turns":3},{"damage":0,"enemies":"Small Slimes","floor":4,"turns":1},{"damage":2,"enemies":"Gremlin Nob","floor":6,"turns":3},{"damage":17,"enemies":"3 Louse","floor":8,"turns":3},{"damage":1,"enemies":"2 Fungi Beasts","floor":10,"turns":2},{"damage":2,"enemies":"Exordium Wildlife","floor":12,"turns":2},{"damage":1,"enemies":"Looter","floor":13,"turns":3},{"damage":92,"enemies":"Hexaghost","floor":16,"turns":7}],"seed_played":"-8066034324515577820","potions_obtained":[{"floor":1,"key":"GamblersBrew"},{"floor":2,"key":"SmokeBomb"},{"floor":4,"key":"LiquidBronze"},{"floor":6,"key":"LiquidMemories"}],"is_trial":false,"path_per_floor":["M","M","?","M","?","E","R","M","T","M","?","M","M","?","R","B"],"character_chosen":"WATCHER","items_purchased":["White Beast Statue","Singing Bowl","Damaru","Bag of Preparation"],"campfire_rested":0,"item_purchase_floors":[0,0,0,0],"current_hp_per_floor":[46,46,64,64,64,72,72,55,55,54,33,31,32,86,86,0,0],"gold":226,"neow_bonus":"","is_daily":false,"chose_seed":false,"campfire_upgraded":1,"win_rate":0.0,"timestamp":1614211809,"path_taken":["M","?","?","M","?","E","R","?","T","M","?","M","M","?","R","BOSS"],"items_purchased_type":["Relic","Relic","Relic","Relic"],"build_version":"2020-12-22","purchased_purges":0,"victory":false,"max_hp_per_floor":[74,74,74,74,74,84,84,84,84,84,84,84,86,86,86,86,86],"card_choices":[{"not_picked":["FlyingSleeves","PathToVictory","Nirvana"],"picked":"Singing Bowl","floor":1},{"not_picked":["EmptyBody","CrushJoints"],"picked":"Conclude","floor":2},{"not_picked":["Perseverance","Vengeance"],"picked":"FlurryOfBlows","floor":4},{"not_picked":["Crescendo","WheelKick"],"picked":"MentalFortress","floor":6},{"not_picked":["Fasting2","CarveReality"],"picked":"FlurryOfBlows","floor":8},{"not_picked":["PathToVictory","FlurryOfBlows"],"picked":"SandsOfTime","floor":10},{"not_picked":["SashWhip","JustLucky"],"picked":"FlurryOfBlows","floor":12},{"not_picked":["BowlingBash","WheelKick","Prostrate"],"picked":"Singing Bowl","floor":13}],"player_experience":901417,"relics_obtained":[{"floor":1,"key":"LetterFromLob"},{"floor":6,"key":"Pear"},{"floor":9,"key":"Peace Pipe"}],"event_choices":[{"damage_healed":18,"gold_gain":0,"player_choice":"Healed","damage_taken":0,"max_hp_gain":0,"max_hp_loss":0,"event_name":"The Cleric","floor":3,"gold_loss":35},{"cards_removed":["Strike_P"],"damage_healed":0,"gold_gain":0,"player_choice":"Offered Basic","damage_taken":0,"max_hp_gain":0,"max_hp_loss":0,"event_name":"Bonfire Elementals","floor":5,"gold_loss":0},{"damage_healed":0,"gold_gain":0,"player_choice":"Take Damage","damage_taken":21,"relics_obtained":["Golden Idol"],"max_hp_gain":0,"max_hp_loss":0,"event_name":"Golden Idol","floor":11,"gold_loss":0}],"is_beta":false,"boss_relics":[],"items_purged_floors":[],"is_endless":false,"potions_floor_spawned":[1,2,4,6,8,10,12,13],"killed_by":"Hexaghost","ascension_level":5}}