{"host":"y9t3brv5y5t41vuj","time":1614260067,"event":{"mods":["AchievementEnabler","BaseMod","BetterRewards","Block Reminder","Colored Map","Colored Powertips","Conspire","Highlight Path","Hubris","Infinite Spire","Minty Spire (QoL Compilation)","Quick Restart","Replay The Spire","Shop Mod","StSLib","SuperFastMode","Unceasing Turn Reminder"],"gold_per_floor":[114,64,239,9,9,9,44,44,97,97,97,1,12,29,29,131,131,149,29,49,49,148,181,199,199,199,199,199,213,244,444,444,444,444],"floor_reached":33,"language":"ENG","playtime":773,"items_purged":["Doubt","Strike_G","Strike_G"],"score":350,"play_id":"36fef2cb-9bf6-464c-844e-4fccb288b49a","local_time":"20210225143427","is_ascension_mode":true,"campfire_choices":[{"data":"Poisoned Stab","floor":6.0,"key":"SMITH"},{"data":"Poisoned Stab","floor":8.0,"key":"SMITH"},{"floor":15.0,"key":"REST"},{"data":"ReplayTheSpireMod:Haul","floor":25,"key":"SMITH"},{"data":"Bane","floor":27,"key":"SMITH"},{"floor":32,"key":"REST"}],"circlet_count":0,"master_deck":["Defend_G","Defend_G","Defend_G","Defend_G","Defend_G","Survivor","Neutralize","Deadly Poison","Poisoned Stab+1","Poisoned Stab+1","Bane+1","Prepared","Footwork","Leg Sweep","ReplayTheSpireMod:Haul+1","Backstab+1","Noxious Fumes"],"relics":["Ring of the Snake","Smiling Mask","MerchantsRug","hubris:Spice","Replay:Mystery Machine","Empty Cage","hubris:Backtick","Snake Skull","Red Mask"],"acts_visited":["Exordium","TheCity"],"potions_floor_usage":[20,33,33],"damage_taken":[{"damage":0.0,"enemies":"Small Slimes","floor":1.0,"turns":4.0},{"damage":19.0,"enemies":"Gremlin Nob","floor":7.0,"turns":4.0},{"damage":0.0,"enemies":"2 Louse","floor":13.0,"turns":2.0},{"damage":0.0,"enemies":"conspire:RoseBush","floor":14.0,"turns":2.0},{"damage":20.0,"enemies":"The Guardian","floor":16.0,"turns":8.0},{"damage":0.0,"enemies":"Spheric Guardian","floor":18.0,"turns":3.0},{"damage":15,"enemies":"2 Thieves","floor":20,"turns":5},{"damage":11,"enemies":"Book of Stabbing","floor":23,"turns":7},{"damage":8,"enemies":"conspire:HollyBat","floor":24,"turns":4},{"damage":4,"enemies":"Snake Plant","floor":29,"turns":4},{"damage":10,"enemies":"Masked Bandits","floor":30,"turns":4},{"damage":45,"enemies":"Automaton","floor":33,"turns":6}],"seed_played":"3886125998242565919","potions_obtained":[{"floor":13.0,"key":"GamblersBrew"},{"floor":14.0,"key":"PowerPotion"},{"floor":20,"key":"CultistPotion"},{"floor":23,"key":"SteroidPotion"},{"floor":24,"key":"SneckoOil"}],"is_trial":false,"path_per_floor":["M","?","?","$","?","R","E","R","T","?","?","$","M","M","R","B",null,"M","$","M","AVR","?","E","M","R","T","R","?","M","?","?","R","B"],"character_chosen":"THE_SILENT","items_purchased":["MerchantsRug","Poisoned Stab","Bane","Footwork"],"campfire_rested":2,"item_purchase_floors":[4,4,12,19],"current_hp_per_floor":[63,63,63,63,59,59,48,48,48,48,48,48,48,48,73,53,72,70,70,55,55,55,44,36,36,36,36,36,32,22,22,38,0,0],"gold":444,"neow_bonus":"RANDOM_COMMON_RELIC","is_daily":false,"chose_seed":false,"campfire_upgraded":4,"win_rate":0.0,"timestamp":1614260067,"path_taken":["M","?","?","$","?","R","E","R","T","?","?","$","M","?","R","BOSS","M","$","M","AVR","?","E","M","R","T","R","?","M","?","?","R","BOSS"],"items_purchased_type":["Relic","Card","Card","Card"],"build_version":"2020-12-22","purchased_purges":3,"victory":false,"max_hp_per_floor":[70,70,70,70,78,78,86,86,86,86,86,86,86,86,86,78,78,70,70,70,70,70,62,62,62,54,54,54,54,54,54,54,54,54],"card_choices":[{"not_picked":["Dagger Throw","Deflect"],"picked":"Deadly Poison","floor":1.0},{"not_picked":["PiercingWail","Outmaneuver"],"picked":"Poisoned Stab","floor":7.0},{"not_picked":["conspire:DoublingDagger","Sucker Punch"],"picked":"Prepared","floor":13.0},{"not_picked":["Acrobatics","Heel Hook","Cloak And Dagger"],"picked":"SKIP","floor":14.0},{"not_picked":["Venomology","ReplayTheSpireMod:Necrosis"],"picked":"hubris:SpiceAddiction","floor":16.0},{"not_picked":["Flechettes+1","Underhanded Strike"],"picked":"hubris:SpiceAddiction","floor":18.0},{"not_picked":["Cloak And Dagger","Flying Knee"],"picked":"Leg Sweep","floor":20},{"not_picked":["hubris:SpiceAddiction","Deflect"],"picked":"Backstab+1","floor":23},{"not_picked":["Sucker Punch+1","hubris:Counter+1","Tactician"],"picked":"SKIP","floor":24},{"not_picked":["Dagger Spray","Slice","Reflex"],"picked":"SKIP","floor":29},{"not_picked":["Blade Dance","Quick Slash"],"picked":"Noxious Fumes","floor":30}],"player_experience":560159,"relics_obtained":[{"floor":7.0,"key":"hubris:Spice"},{"floor":9.0,"key":"Replay:Mystery Machine"},{"floor":23,"key":"hubris:Spice"},{"floor":26,"key":"hubris:Spice"},{"floor":30,"key":"Red Mask"}],"event_choices":[{"cards_removed":["Strike_G"],"damage_healed":0.0,"max_hp_gain":0.0,"max_hp_loss":0.0,"gold_gain":0.0,"event_name":"The Cleric","player_choice":"Card Removal","floor":2.0,"gold_loss":50.0,"damage_taken":0.0},{"damage_healed":0.0,"max_hp_gain":0.0,"max_hp_loss":0.0,"gold_gain":175.0,"event_name":"Liars Game","player_choice":"AGREE","floor":3.0,"gold_loss":0.0,"damage_taken":0.0,"cards_obtained":["Doubt"]},{"damage_healed":0.0,"max_hp_gain":0.0,"max_hp_loss":0.0,"gold_gain":0.0,"event_name":"Scrap Ooze","player_choice":"Success","floor":5.0,"gold_loss":0.0,"damage_taken":12.0,"relics_obtained":["hubris:Spice"]},{"damage_healed":0.0,"max_hp_gain":0.0,"max_hp_loss":0.0,"gold_gain":0.0,"event_name":"conspire:LoneGhost","player_choice":"Disagree","floor":11.0,"gold_loss":0.0,"damage_taken":0.0},{"damage_healed":0,"gold_gain":99,"player_choice":"Stole From Cult","damage_taken":0,"max_hp_gain":0,"max_hp_loss":0,"event_name":"Nest","floor":22,"gold_loss":0},{"damage_healed":0,"gold_gain":0,"player_choice":"Fought Bandits","damage_taken":0,"max_hp_gain":0,"max_hp_loss":0,"event_name":"Masked Bandits","floor":30,"gold_loss":0},{"damage_healed":0,"gold_gain":200,"player_choice":"Gold","damage_taken":0,"max_hp_gain":0,"max_hp_loss":0,"event_name":"Wheel of Change","floor":31,"gold_loss":0}],"is_beta":false,"boss_relics":[{"not_picked":["Coffee Dripper","Snecko Scales"],"picked":"Empty Cage"}],"items_purged_floors":[4,12,19],"is_endless":false,"potions_floor_spawned":[13,14,20,23,24,29],"killed_by":"Automaton","ascension_level":7}}