{"host":"d44gy1wvr06n5dy0","time":1614241838,"event":{"mods":["BaseMod","Better Altar","Better Match","Better Note","Better Sensory Stone","Better Skull","Better Third Choice","Downfall","GifTheSpireLib","Minty Spire (QoL Compilation)","Relic Stats","StSLib","The Animator","The Construct","The Disciple","The Servant 0.9.4"],"gold_per_floor":[199,211,211,44,61,72,99,117,146,146,161,161,173,111,128,229,229,129,147,147,162,147,147,147,147,167,199,219,239,36,53,53,53,53],"floor_reached":32,"language":"ENG","playtime":2976,"items_purged":[],"score":291,"play_id":"1327eb9e-44de-44a6-bfd2-81820fd48051","local_time":"20210225013038","is_ascension_mode":false,"campfire_choices":[{"data":"Slimebound:Split","floor":1,"key":"SMITH"},{"data":"Slimebound:SelfFormingGoo","floor":10,"key":"SMITH"},{"floor":12,"key":"RECALL"},{"data":"Slimebound:RollThrough","floor":18,"key":"SMITH"},{"data":"LockedBlood","floor":25,"key":"SMITH"}],"circlet_count":0,"master_deck":["Slimebound:Tackle","Slimebound:Defend_Slimebound","Slimebound:Defend_Slimebound","Slimebound:Defend_Slimebound","Slimebound:Defend_Slimebound","Slimebound:Split+1","Slimebound:CorrosiveSpit","Slimebound:SplitSpecialist","Slimebound:DivideAndConquer","Slimebound:GoopSpray","Slimebound:LivingWall","Slimebound:SplitLeeching","Slimebound:CheckThePlaybook","Slimebound:LeechingTouch","Slimebound:LeechEnergy","Slimebound:SelfFormingGoo+1","Slimebound:Grow","Slimebound:GrowthPunch","Slimebound:OozeBath","Slimebound:SlimeSpikes","Slimebound:RollThrough+1","Slimebound:SplitAcid","Slimebound:GoopSpray","Slimebound:FirmFortitude","Slimebound:SplitSpecialist","LockedBlood+1","Slimebound:SplitMire","Slimebound:SplitLeeching+1","Necronomicurse","Slimebound:SplitMire","Slimebound:Grow+1","Slimebound:SlimeBrawl","Slimebound:Gluttony+1","Slimebound:Darklings","expansioncontent:StudyTheSpire","Slimebound:SplitBruiser"],"relics":["Slimebound:AbsorbEndCombat","Orrery","Potion Belt","Blood Vial","Empty Cage","downfall:HeartBlessingRed","Necronomicon","Nunchaku","HornCleat"],"acts_visited":["Exordium","TheCity"],"potions_floor_usage":[9,9,21,21,28,29,31,32],"damage_taken":[{"damage":10,"enemies":"2 Louse","floor":2,"turns":3},{"damage":3,"enemies":"downfall:FleeingMerchant","floor":4,"turns":4},{"damage":0,"enemies":"Cultist","floor":5,"turns":4},{"damage":11,"enemies":"Small Slimes","floor":6,"turns":2},{"damage":10,"enemies":"Exordium Thugs","floor":8,"turns":4},{"damage":28,"enemies":"3 Sentries","floor":9,"turns":6},{"damage":1,"enemies":"downfall:LooterAlt","floor":11,"turns":4},{"damage":10,"enemies":"Blue Slaver","floor":13,"turns":5},{"damage":6,"enemies":"downfall:FleeingMerchant","floor":14,"turns":4},{"damage":0,"enemies":"3 Louse","floor":15,"turns":3},{"damage":5,"enemies":"SI_SHIV_ARCHETYPE","floor":16,"turns":8},{"damage":6,"enemies":"Chosen","floor":19,"turns":5},{"damage":7,"enemies":"Shell Parasite","floor":21,"turns":5},{"damage":2,"enemies":"downfall:FleeingMerchant","floor":22,"turns":4},{"damage":14,"enemies":"Snecko","floor":26,"turns":5},{"damage":41,"enemies":"Slavers","floor":27,"turns":9},{"damage":25,"enemies":"3 Cultists","floor":28,"turns":7},{"damage":4,"enemies":"Cultist and Chosen","floor":29,"turns":5},{"damage":0,"enemies":"downfall:FleeingMerchant","floor":30,"turns":4},{"damage":31,"enemies":"Shelled Parasite and Fungi","floor":31,"turns":6},{"damage":37,"enemies":"3 Cultists","floor":32,"turns":5}],"seed_played":"-2147685985496255759","potions_obtained":[{"floor":2,"key":"Slimebound:SlimedPotion"},{"floor":6,"key":"SkillPotion"},{"floor":8,"key":"PowerPotion"},{"floor":15,"key":"construct:ShiftPotion"},{"floor":16,"key":"bronze:BurnAndBuffPotion"},{"floor":21,"key":"Fruit Juice"},{"floor":26,"key":"Slimebound:SlimyTonguePotion"},{"floor":28,"key":"Strength Potion"},{"floor":29,"key":"Slimebound:ThreeZeroPotion"}],"is_trial":false,"path_per_floor":["R","M","?","$","M","M","T","M","E","R","M","R","M","$","M","B",null,"R","M","?","M","$","?","T","R","M","E","M","M","$","M","M"],"character_chosen":"SLIMEBOUND","items_purchased":["Orrery","Slimebound:SplitAcid","expansioncontent:StudyTheSpire"],"campfire_rested":0,"item_purchase_floors":[4,14,30],"current_hp_per_floor":[65,61,61,62,65,58,58,56,51,51,54,54,46,42,48,53,65,65,63,63,69,70,54,54,54,52,30,18,22,31,19,0,0,0],"gold":53,"neow_bonus":"HUNDRED_GOLD","is_daily":false,"chose_seed":false,"campfire_upgraded":4,"win_rate":0.0,"timestamp":1614241838,"path_taken":["R","M","?","$","?","M","T","M","E","R","?","R","M","$","M","BOSS","R","M","?","M","$","?","T","R","M","E","M","?","$","M","M"],"items_purchased_type":["Relic","Card","Card"],"build_version":"2020-12-22","purchased_purges":0,"victory":false,"max_hp_per_floor":[65,65,65,65,65,65,65,65,65,65,65,65,65,65,65,65,65,65,65,65,70,70,70,70,70,70,70,70,70,70,70,70,70,70],"relic_stats":{"Blood Vial":27,"Nunchaku":[3],"counters":[21,101],"Necronomicon":[1],"obtain_stats":[{"Potion Belt":7,"Blood Vial":9,"Nunchaku":24,"HornCleat":27,"downfall:HeartBlessingRed":18,"Orrery":4,"Slimebound:AbsorbEndCombat":0,"Necronomicon":23,"Empty Cage":17},{"Potion Belt":4,"Blood Vial":6,"Nunchaku":14,"HornCleat":16,"downfall:HeartBlessingRed":11,"Orrery":2,"Slimebound:AbsorbEndCombat":0,"Necronomicon":14,"Empty Cage":11},{"Potion Belt":13,"Blood Vial":23,"Nunchaku":61,"HornCleat":75,"downfall:HeartBlessingRed":47,"Orrery":7,"Slimebound:AbsorbEndCombat":0,"Necronomicon":61,"Empty Cage":47}]},"card_choices":[{"not_picked":["Slimebound:HauntingLick","Slimebound:FinishingTackle"],"picked":"Slimebound:SplitSpecialist","floor":2},{"not_picked":["Slimebound:Prepare","Slimebound:ComboTackle"],"picked":"Slimebound:GoopSpray","floor":4},{"not_picked":["Slimebound:SplitAcid","Slimebound:HauntingLick"],"picked":"Slimebound:LivingWall","floor":4},{"not_picked":["Slimebound:SplitMire","Slimebound:GoopSpray"],"picked":"Slimebound:SplitLeeching","floor":4},{"not_picked":["Slimebound:FinishingTackle","Slimebound:FlameTackle"],"picked":"Slimebound:CheckThePlaybook","floor":4},{"not_picked":["Slimebound:FinishingTackle","Slimebound:PressTheAttack"],"picked":"Slimebound:LeechingTouch","floor":4},{"not_picked":["Slimebound:Schlurp","Slimebound:SplitLeeching"],"picked":"Slimebound:LeechEnergy","floor":4},{"not_picked":["Slimebound:SamplingLick","Slimebound:SplitMire"],"picked":"Slimebound:SelfFormingGoo","floor":5},{"not_picked":["Slimebound:SplitBruiser","Slimebound:Prepare"],"picked":"Slimebound:Grow","floor":6},{"not_picked":["Slimebound:LivingWall","Slimebound:FinishingTackle"],"picked":"Slimebound:GrowthPunch","floor":8},{"not_picked":["Slimebound:SplitBruiser","Slimebound:SplitLeeching"],"picked":"Slimebound:OozeBath","floor":9},{"not_picked":["Slimebound:PressTheAttack","Slimebound:SplitBruiser"],"picked":"Slimebound:SlimeSpikes","floor":11},{"not_picked":["Slimebound:GrowthPunch","Slimebound:LivingWall"],"picked":"Slimebound:RollThrough","floor":13},{"not_picked":["Slimebound:SlimeBrawl","Slimebound:PressTheAttack","Slimebound:Equalize"],"picked":"SKIP","floor":14},{"not_picked":["Slimebound:ComboTackle","Slimebound:LeechLife"],"picked":"Slimebound:GoopSpray","floor":15},{"not_picked":["Slimebound:RallyTheTroops","Slimebound:CheckThePlaybook"],"picked":"Slimebound:FirmFortitude","floor":16},{"not_picked":["Slimebound:LeechEnergy+1","Slimebound:GoopSpray+1"],"picked":"Slimebound:SplitSpecialist","floor":19},{"not_picked":["Slimebound:Replication","Slimebound:LivingWall+1"],"picked":"Slimebound:SplitMire","floor":21},{"not_picked":["Slimebound:SplitAcid","Slimebound:PressTheAttack+1"],"picked":"Slimebound:SplitLeeching+1","floor":22},{"not_picked":["Slimebound:DisruptingSlam","Slimebound:TongueLash"],"picked":"Slimebound:SplitMire","floor":26},{"not_picked":["Slimebound:SlimeBrawl","Slimebound:LivingWall"],"picked":"Slimebound:Grow+1","floor":27},{"not_picked":["Slimebound:ItLooksTasty+1","Slimebound:ForwardTackle+1"],"picked":"Slimebound:SlimeBrawl","floor":28},{"not_picked":["Slimebound:GoopSpray","Slimebound:SplitBruiser"],"picked":"Slimebound:Gluttony+1","floor":29},{"not_picked":["Slimebound:HungryTackle","Slimebound:SlimeBarrage+1"],"picked":"Slimebound:Darklings","floor":30},{"not_picked":["Slimebound:ForwardTackle+1","Slimebound:LivingWall"],"picked":"Slimebound:SplitBruiser","floor":31}],"player_experience":418390,"relics_obtained":[{"floor":7,"key":"Potion Belt"},{"floor":9,"key":"Blood Vial"},{"floor":23,"key":"Necronomicon"},{"floor":24,"key":"Nunchaku"},{"floor":27,"key":"HornCleat"}],"event_choices":[{"cards_removed":["Slimebound:Grow"],"damage_healed":0,"gold_gain":0,"player_choice":"Take \u0026 Give","damage_taken":0,"max_hp_gain":0,"max_hp_loss":0,"event_name":"betterNote:BetterNote","floor":20,"gold_loss":0,"cards_obtained":["LockedBlood"]}],"is_beta":false,"boss_relics":[{"not_picked":["SacredBark","Velvet Choker"],"picked":"Empty Cage"}],"items_purged_floors":[],"is_endless":false,"potions_floor_spawned":[2,6,8,15,16,21,26,28,29],"killed_by":"3 Cultists","ascension_level":0}}