{"host":"mg3e76uznu9x14du","time":1614211284,"event":{"mods":["BaseMod","Colored Map","Downfall","Minty Spire (QoL Compilation)","Permanent Neow","Relic Stats","Spire Arcade","StSLib","Waifu the Spire","everything is the same but u backflip on backflip"],"gold_per_floor":[99,109,127,127,227,127,127,146,176,193,193,34,34,34,34],"floor_reached":13,"language":"ENG","playtime":606,"items_purged":[],"score":107,"play_id":"128510f4-587f-4bbe-97cf-09f9797ecee7","local_time":"20210224190124","is_ascension_mode":true,"campfire_choices":[{"floor":1,"key":"RECALL"},{"data":"sneckomod:SnekBite","floor":6,"key":"SMITH"}],"circlet_count":0,"master_deck":["sneckomod:Strike","sneckomod:Strike","sneckomod:Strike","sneckomod:Defend","sneckomod:Defend","sneckomod:Defend","sneckomod:TailWhip","sneckomod:SnekBite+1","sneckomod:Unknown","sneckomod:Unknown","sneckomod:UnknownRareSkill","sneckomod:SoulRoll","sneckomod:UnknownCommonSkill","sneckomod:UnknownCommonAttack","sneckomod:Nope","sneckomod:UnknownDraw","sneckomod:UnknownRareAttack","sneckomod:GlitteringGambit","sneckomod:UnknownStrength","sneckomod:QuickBite","sneckomod:UnknownRareSkill","sneckomod:ImprovisedGuard"],"relics":["sneckomod:SneckoSoul","downfall:BrokenWingStatue","downfall:HeartBlessingRed","Matryoshka","FossilizedHelix","Orrery"],"acts_visited":["Exordium"],"potions_floor_usage":[9,11],"damage_taken":[{"damage":11,"enemies":"Small Slimes","floor":2,"turns":4},{"damage":2,"enemies":"Jaw Worm","floor":3,"turns":2},{"damage":8,"enemies":"2 Louse","floor":8,"turns":2},{"damage":49,"enemies":"Gremlin Nob","floor":9,"turns":6},{"damage":6,"enemies":"Large Slime","floor":10,"turns":4},{"damage":0,"enemies":"Lagavulin","floor":11,"turns":3},{"damage":0,"enemies":"downfall:FleeingMerchant","floor":12,"turns":4},{"damage":17,"enemies":"Gremlin Nob","floor":13,"turns":3}],"seed_played":"-3899539907723717991","potions_obtained":[{"floor":3,"key":"SmokeBomb"},{"floor":8,"key":"Strength Potion"}],"is_trial":false,"path_per_floor":["R","M","M","?","?","R","T","M","E","M","E","$","E"],"character_chosen":"THE_SNECKO","items_purchased":["Orrery"],"campfire_rested":0,"item_purchase_floors":[12],"current_hp_per_floor":[90,79,77,77,77,77,77,69,20,14,14,14,0,0,0],"gold":34,"neow_bonus":"ONE_RANDOM_RARE_CARD","is_daily":false,"chose_seed":false,"campfire_upgraded":1,"win_rate":0.0,"timestamp":1614211284,"path_taken":["R","M","M","?","?","R","T","M","E","M","E","$","E"],"items_purchased_type":["Relic"],"build_version":"2020-12-22","purchased_purges":0,"victory":false,"max_hp_per_floor":[90,90,90,90,90,90,90,90,90,90,90,90,90,90,90],"relic_stats":{"counters":[8,28],"obtain_stats":[{"downfall:BrokenWingStatue":4,"Matryoshka":7,"downfall:HeartBlessingRed":6,"Orrery":12,"sneckomod:SneckoSoul":0,"FossilizedHelix":9},{"downfall:BrokenWingStatue":2,"Matryoshka":2,"downfall:HeartBlessingRed":2,"Orrery":7,"sneckomod:SneckoSoul":0,"FossilizedHelix":4},{"downfall:BrokenWingStatue":6,"Matryoshka":6,"downfall:HeartBlessingRed":6,"Orrery":25,"sneckomod:SneckoSoul":0,"FossilizedHelix":14}]},"card_choices":[{"not_picked":["sneckomod:DiceBlock","sneckomod:IronFang"],"picked":"sneckomod:SoulRoll","floor":2},{"not_picked":["sneckomod:SoulDraw","sneckomod:UnknownBlock"],"picked":"sneckomod:UnknownCommonSkill","floor":3},{"not_picked":["sneckomod:SoulRoll","sneckomod:WideSting"],"picked":"sneckomod:UnknownCommonAttack","floor":8},{"not_picked":["sneckomod:IronFang","sneckomod:SnekBeam"],"picked":"sneckomod:Nope","floor":9},{"not_picked":["sneckomod:IronFang","sneckomod:SoulCleanse"],"picked":"sneckomod:UnknownDraw","floor":10},{"not_picked":["sneckomod:Unknown2Cost","sneckomod:GlitteringGambit"],"picked":"sneckomod:UnknownRareAttack","floor":12},{"not_picked":["sneckomod:SoulExchange","sneckomod:PureSnecko"],"picked":"sneckomod:GlitteringGambit","floor":12},{"not_picked":["sneckomod:UnknownBlock","sneckomod:Nope"],"picked":"sneckomod:UnknownStrength","floor":12},{"not_picked":["sneckomod:UnknownBlock","sneckomod:WideSting"],"picked":"sneckomod:QuickBite","floor":12},{"not_picked":["sneckomod:UnknownDexterity","sneckomod:RainOfDice"],"picked":"sneckomod:UnknownRareSkill","floor":12},{"not_picked":["sneckomod:SoulCleanse","sneckomod:PureSnecko"],"picked":"sneckomod:ImprovisedGuard","floor":12}],"player_experience":527966,"relics_obtained":[{"floor":7,"key":"Matryoshka"},{"floor":9,"key":"FossilizedHelix"}],"event_choices":[],"is_beta":false,"boss_relics":[],"items_purged_floors":[],"is_endless":false,"potions_floor_spawned":[3,8],"killed_by":"Gremlin Nob","ascension_level":3}}