{"host":"mpmrkodj3c25wi13","time":1614267298,"event":{"mods":["Act Like it!","AlwaysNeverKeys","Aspiration","BaseMod","Beaked The Cultist","Better Altar","Better Match","Better Note","Better Sensory Stone","Better Skull","Better Third Choice","Clockwork Mod","Colored Map","Conspire","Custom Start","Downfall","Energized Spire","Friendly Minions","GifTheSpireLib","Googly Eyes","Halation","Hubris","Infinite Spire","Lobotomy","LobotomyExtend","Minty Spire (QoL Compilation)","Relic Sorter","Reliquary","Replay The Spire","Robot Space Explorer","StSLib","Stuff the Spire","The IronCluck","The Servant 0.9.4","slay the spire mod where everything is the same but ironclad has a cowboy hat"],"gold_per_floor":[112,112,124,15,15,47,47,58,58,58,73,88,117,137,137,236,236,251,266,266,266],"floor_reached":20,"language":"ENG","playtime":2349,"items_purged":["FairyFestival"],"score":186,"play_id":"9878a07e-a6ad-4667-a824-78dbdf574dc7","local_time":"20210225103458","is_ascension_mode":false,"campfire_choices":[{"data":"StuffTheSpire:BumpUp","floor":7,"key":"SMITH"},{"floor":10,"key":"REST"},{"floor":15,"key":"REST"}],"circlet_count":0,"master_deck":["Strike_G","Strike_G","Strike_G","Strike_G","Strike_G","Defend_G","Defend_G","Defend_G","Defend_G","Defend_G","Survivor","Neutralize","StuffTheSpire:BumpUp+1","Bloodbath","Riddle With Holes","VoidDream","DreamingCurrent","LongBird","BeautyBeast","Rudolta","Laetitia"],"relics":["Ring of the Snake","CogitoBucket","LetterFromLob","ReplayTheSpireMod:Shallot","reliquary:PrincelyHelmet","aspiration:TomeofQuesting","beaked:MawFillet","SkinProphecy"],"acts_visited":["Exordium","TheCity"],"potions_floor_usage":[6,6,6,11],"damage_taken":[{"damage":4,"enemies":"2 Louse","floor":1,"turns":3},{"damage":3,"enemies":"Cultist","floor":3,"turns":5},{"damage":60,"enemies":"Lagavulin","floor":6,"turns":10},{"damage":0,"enemies":"Small Slimes","floor":8,"turns":4},{"damage":34,"enemies":"Gremlin Gang","floor":11,"turns":6},{"damage":45,"enemies":"Looter","floor":12,"turns":14},{"damage":117,"enemies":"Gremlin Nob","floor":13,"turns":6},{"damage":2,"enemies":"2 Fungi Beasts","floor":14,"turns":6},{"damage":60,"enemies":"Slime Boss","floor":16,"turns":12},{"damage":19,"enemies":"Shell Parasite","floor":18,"turns":9},{"damage":35,"enemies":"2 Thieves","floor":19,"turns":12},{"damage":24,"enemies":"Centurion and Healer","floor":20,"turns":6}],"seed_played":"-3074965265985052372","potions_obtained":[{"floor":2,"key":"Ancient Potion"},{"floor":2,"key":"Languid Potion"},{"floor":2,"key":"Guardian:BlockOnCardUsePotion"},{"floor":3,"key":"LiquidMemories"},{"floor":6,"key":"EntropicBrew"},{"floor":11,"key":"sneckomod:MuddlingPotion"}],"is_trial":false,"path_per_floor":["M","?","M","$","?","E","R","M","T","R","M","M","E","M","R","B",null,"M","M","M"],"character_chosen":"THE_SILENT","items_purchased":["Riddle With Holes"],"campfire_rested":2,"item_purchase_floors":[4],"current_hp_per_floor":[66,66,68,68,73,17,17,18,18,40,31,75,6,40,62,11,75,68,48,34,34],"gold":266,"neow_bonus":"","is_daily":false,"chose_seed":false,"campfire_upgraded":1,"win_rate":0.0,"timestamp":1614267298,"path_taken":["M","?","M","$","?","E","R","M","T","R","M","M","E","M","R","BOSS","M","M","M"],"items_purchased_type":["Card"],"build_version":"2020-12-13","purchased_purges":1,"victory":false,"max_hp_per_floor":[70,70,70,70,75,75,75,75,75,75,75,75,75,75,75,75,75,75,75,77,77],"card_choices":[{"not_picked":["Laetitia","ShyLook"],"picked":"FairyFestival","floor":1},{"not_picked":["hubris:SlightOfHand","Footwork"],"picked":"StuffTheSpire:BumpUp","floor":1},{"not_picked":["Scorched","OSAHOGD"],"picked":"Bloodbath","floor":3},{"not_picked":["StuffTheSpire:ClusterCrunch","Masterful Stab","Hidden Blade"],"picked":"SKIP","floor":3},{"not_picked":["StuffTheSpire:ClusterCrunch","Masterful Stab","Hidden Blade"],"picked":"SKIP","floor":3},{"not_picked":["CrumblingArmor","ShyLook"],"picked":"VoidDream","floor":6},{"not_picked":["Outmaneuver","StuffTheSpire:Fury","StuffTheSpire:Incursion"],"picked":"SKIP","floor":6},{"not_picked":["MHz","OSAHOGD"],"picked":"DreamingCurrent","floor":8},{"not_picked":["Slice","Distraction","PiercingWail"],"picked":"SKIP","floor":8},{"not_picked":["Quick Slash","StuffTheSpire:Incantation","StuffTheSpire:Python"],"picked":"SKIP","floor":11},{"not_picked":["Quick Slash","StuffTheSpire:Incantation","StuffTheSpire:Python"],"picked":"SKIP","floor":11},{"not_picked":["WhitesApple","LittleHelper"],"picked":"LongBird","floor":12},{"not_picked":["StuffTheSpire:Injection","Quick Slash","Reflex"],"picked":"SKIP","floor":12},{"not_picked":["WhitesApple","FairyFestival"],"picked":"BeautyBeast","floor":13},{"not_picked":["Replay:Poison Smokescreen","Expertise","Distraction"],"picked":"SKIP","floor":13},{"not_picked":["Replay:Poison Smokescreen","Expertise","Distraction"],"picked":"SKIP","floor":13},{"not_picked":["Night Terror","StuffTheSpire:Injection","hubris:TrickCloak"],"picked":"SKIP","floor":14},{"not_picked":["Night Terror","StuffTheSpire:Injection","hubris:TrickCloak"],"picked":"SKIP","floor":14},{"not_picked":["Murderer","Yin"],"picked":"Rudolta","floor":18},{"not_picked":["Slice+1","Catalyst","ReplayTheSpireMod:Scrap Shanks"],"picked":"SKIP","floor":18},{"not_picked":["Slice+1","Catalyst","ReplayTheSpireMod:Scrap Shanks"],"picked":"SKIP","floor":18},{"not_picked":["OldLady","ShyLook"],"picked":"Laetitia","floor":19},{"not_picked":["StuffTheSpire:Injection","PiercingWail","StuffTheSpire:Incantation"],"picked":"SKIP","floor":19},{"not_picked":["StuffTheSpire:Injection","PiercingWail","StuffTheSpire:Incantation"],"picked":"SKIP","floor":19}],"player_experience":45263,"relics_obtained":[{"floor":1,"key":"LetterFromLob"},{"floor":6,"key":"ReplayTheSpireMod:Shallot"},{"floor":9,"key":"reliquary:PrincelyHelmet"},{"floor":13,"key":"aspiration:TomeofQuesting"}],"event_choices":[{"damage_healed":0,"gold_gain":0,"player_choice":"Got Potions","damage_taken":0,"max_hp_gain":0,"max_hp_loss":0,"event_name":"Lab","floor":2,"gold_loss":0},{"damage_healed":0,"gold_gain":0,"player_choice":"Donut","damage_taken":0,"max_hp_gain":5,"max_hp_loss":0,"event_name":"Big Fish","floor":5,"gold_loss":0}],"is_beta":false,"boss_relics":[{"not_picked":["Snecko Eye","energizedSpire:SpiderWeb"],"picked":"beaked:MawFillet"}],"items_purged_floors":[4],"is_endless":false,"potions_floor_spawned":[3,6,11,13,18],"killed_by":"Centurion and Healer","ascension_level":0}}