{"host":"ELF","time":1614255422,"event":{"mods":["BaseMod","Bestiary","Minty Spire (QoL Compilation)","Relic Stats","Slay the Relics Exporter"],"gold_per_floor":[14,30,41,55,55,80,80,80,154,174,174,186,212,226,226,304,304,224,238,112,131,91,91,91,125,125,125,40,60,60,60,60],"floor_reached":31,"language":"ENG","playtime":2081,"items_purged":[],"score":530,"play_id":"4b3d5c0b-70c5-4a48-ba03-785a4f320aa7","local_time":"20210225061702","is_ascension_mode":true,"campfire_choices":[{"data":"Biased Cognition","floor":7,"key":"SMITH"},{"data":"Coolheaded","floor":8,"key":"SMITH"},{"data":"Genetic Algorithm","floor":11,"key":"SMITH"},{"floor":15,"key":"REST"},{"floor":23,"key":"REST"},{"data":"Chill","floor":27,"key":"SMITH"},{"data":"Genetic Algorithm","floor":30,"key":"SMITH"}],"circlet_count":0,"master_deck":["AscendersBane","Strike_B","Defend_B","Defend_B","Defend_B","Defend_B","Zap","Dualcast","Biased Cognition+1","Coolheaded+1","Coolheaded","Cold Snap","Ball Lightning","Loop","Genetic Algorithm+1","Self Repair","Reinforced Body","Genetic Algorithm+1","Echo Form","Capacitor","Cold Snap+1","Chill+1","Capacitor","Blizzard","Sunder","Barrage","Self Repair"],"relics":["Cracked Core","WingedGreaves","Orichalcum","Sozu","Singing Bowl","Pear","Omamori"],"acts_visited":["Exordium","TheCity"],"potions_floor_usage":[6,16,16],"damage_taken":[{"damage":2,"enemies":"Jaw Worm","floor":1,"turns":3},{"damage":2,"enemies":"Cultist","floor":2,"turns":4},{"damage":0,"enemies":"2 Louse","floor":3,"turns":3},{"damage":14,"enemies":"Large Slime","floor":4,"turns":5},{"damage":6,"enemies":"Gremlin Nob","floor":6,"turns":4},{"damage":3,"enemies":"Exordium Wildlife","floor":10,"turns":3},{"damage":6,"enemies":"Looter","floor":12,"turns":4},{"damage":17,"enemies":"3 Sentries","floor":13,"turns":9},{"damage":1,"enemies":"2 Fungi Beasts","floor":14,"turns":4},{"damage":14,"enemies":"The Guardian","floor":16,"turns":14},{"damage":16,"enemies":"2 Thieves","floor":18,"turns":4},{"damage":33,"enemies":"3 Byrds","floor":19,"turns":5},{"damage":12,"enemies":"Snecko","floor":21,"turns":8},{"damage":28,"enemies":"Book of Stabbing","floor":25,"turns":6},{"damage":3,"enemies":"Centurion and Healer","floor":29,"turns":9},{"damage":63,"enemies":"Gremlin Leader","floor":31,"turns":4}],"seed_played":"3404146785230255589","potions_obtained":[{"floor":3,"key":"Swift Potion"},{"floor":4,"key":"EssenceOfSteel"},{"floor":12,"key":"Weak Potion"},{"floor":14,"key":"FocusPotion"}],"is_trial":false,"path_per_floor":["M","M","M","M","?","E","R","R","T","M","R","M","E","M","R","B",null,"M","M","$","M","$","R","?","E","T","R","?","M","R","E"],"character_chosen":"DEFECT","items_purchased":["Chill","Capacitor","Blizzard"],"campfire_rested":2,"item_purchase_floors":[20,20,22],"current_hp_per_floor":[62,60,60,46,46,40,40,40,40,37,37,31,21,27,48,41,64,55,36,36,31,31,52,52,40,50,50,50,61,61,0,0],"gold":60,"neow_bonus":"THREE_RARE_CARDS","is_daily":false,"chose_seed":false,"campfire_upgraded":5,"win_rate":0.0,"timestamp":1614255422,"path_taken":["M","M","M","M","?","E","R","R","T","M","R","M","E","?","R","BOSS","M","M","$","M","$","R","?","E","T","R","?","M","R","E"],"items_purchased_type":["Card","Card","Card"],"build_version":"2020-12-18","purchased_purges":0,"victory":false,"max_hp_per_floor":[71,71,71,71,71,71,71,71,71,71,71,71,71,71,71,71,71,71,71,71,71,71,71,71,73,83,83,83,83,83,83,83],"relic_stats":{"Sozu":3,"Singing Bowl":2,"counters":[16,89],"Orichalcum":[6],"obtain_stats":[{"Sozu":17,"Pear":26,"Singing Bowl":25,"WingedGreaves":6,"Omamori":28,"Orichalcum":13,"Cracked Core":0},{"Sozu":10,"Pear":14,"Singing Bowl":14,"WingedGreaves":5,"Omamori":14,"Orichalcum":8,"Cracked Core":0},{"Sozu":53,"Pear":76,"Singing Bowl":76,"WingedGreaves":19,"Omamori":76,"Orichalcum":35,"Cracked Core":0}]},"card_choices":[{"not_picked":["Rainbow","Core Surge"],"picked":"Biased Cognition","floor":0},{"not_picked":["FTL","Double Energy"],"picked":"Coolheaded","floor":1},{"not_picked":["Steam","Hologram"],"picked":"Coolheaded","floor":2},{"not_picked":["Chill","Darkness"],"picked":"Cold Snap","floor":3},{"not_picked":["Melter","Hologram"],"picked":"Ball Lightning","floor":4},{"not_picked":["Static Discharge","Sweeping Beam"],"picked":"Loop","floor":6},{"not_picked":["Fusion","Steam Power"],"picked":"Genetic Algorithm","floor":10},{"not_picked":["Stack","Heatsinks"],"picked":"Self Repair","floor":12},{"not_picked":["Fission","Hologram"],"picked":"Reinforced Body","floor":13},{"not_picked":["Turbo","Steam"],"picked":"Genetic Algorithm","floor":14},{"not_picked":["Rainbow","Buffer"],"picked":"Echo Form","floor":16},{"not_picked":["Loop","Auto Shields"],"picked":"Capacitor","floor":18},{"not_picked":["Leap","Ball Lightning+1"],"picked":"Cold Snap+1","floor":19},{"not_picked":["Ball Lightning","Redo","Melter"],"picked":"SKIP","floor":21},{"not_picked":["Tempest","Capacitor","Reinforced Body"],"picked":"Singing Bowl","floor":25},{"not_picked":["Conserve Battery","Amplify"],"picked":"Self Repair","floor":29}],"player_experience":3580323,"relics_obtained":[{"floor":6,"key":"WingedGreaves"},{"floor":13,"key":"Orichalcum"},{"floor":25,"key":"Singing Bowl"},{"floor":26,"key":"Pear"}],"event_choices":[{"cards_removed":["Strike_B"],"damage_healed":0,"gold_gain":0,"player_choice":"Card Removal","damage_taken":0,"max_hp_gain":0,"max_hp_loss":0,"event_name":"Wheel of Change","floor":5,"gold_loss":0},{"damage_healed":0,"gold_gain":0,"cards_transformed":["Strike_B","Strike_B"],"player_choice":"Became Test Subject","damage_taken":0,"max_hp_gain":0,"max_hp_loss":0,"event_name":"Drug Dealer","floor":24,"gold_loss":0,"cards_obtained":["Sunder","Barrage"]},{"damage_healed":0,"gold_gain":0,"player_choice":"Obtained Relic","damage_taken":0,"relics_obtained":["Omamori"],"max_hp_gain":0,"max_hp_loss":0,"event_name":"Addict","floor":28,"gold_loss":85}],"is_beta":true,"boss_relics":[{"not_picked":["Fusion Hammer","Tiny House"],"picked":"Sozu"}],"items_purged_floors":[],"is_endless":false,"potions_floor_spawned":[3,4,12,13,14,19,25,29],"killed_by":"Gremlin Leader","ascension_level":20}}