{"host":"6q9h3h73mwjrc2ra","time":1614255912,"event":{"mods":["AchievementEnabler","Act Like it!","BaseMod","BetterRewards","Colored Map","Colored Powertips","DeckTracker","Keyboard Shortcuts","Library of Ruina","Library of Ruina Extra","Minty Spire (QoL Compilation)","Permanent Neow","Replay The Spire","Shop Mod","StSLib","SuperFastMode"],"gold_per_floor":[119,131,149,168,178,178,209,209,209,209,235,252,252,265,265,366,366,386,404,439,439,453,453,464,464,464,477,488,502,514,55,55,155,155,171,21,33,53,70,70,105,123,123,23,23,37,259,270,270,270,270,270,270,23,54,54],"floor_reached":57,"language":"KOR","playtime":6617,"items_purged":["LightDefense","GrazeTheGrass+1","LightDefense"],"score":1319,"play_id":"8601d5af-8c19-4431-8c13-2504772315a0","local_time":"20210225212512","is_ascension_mode":false,"campfire_choices":[{"data":"PreemptiveStrike","floor":6,"key":"SMITH"},{"data":"FrontalAssault","floor":8,"key":"SMITH"},{"data":"GrazeTheGrass","floor":10,"key":"SMITH"},{"floor":15,"key":"REST"},{"data":"Reload","floor":23,"key":"SMITH"},{"data":"Unlock1","floor":25,"key":"SMITH"},{"data":"ToWhereThePrescriptPoints","floor":32,"key":"SMITH"},{"floor":40,"key":"RECALL"},{"data":"SenseQuarry","floor":45,"key":"SMITH"},{"data":"FervidEmotions","floor":49,"key":"SMITH"},{"data":"Preparation","floor":53,"key":"SMITH"}],"circlet_count":0,"master_deck":["Dodge","LightDefense","LightAttack","LightAttack","LightAttack","LightDefense","ChargeAndCover","FocusedStrikes","HighKick","PreemptiveStrike+1","GreatSerpentsImpact","Preparation+1","FrontalAssault+1","GrazeTheGrass+1","QuickSuppression","FervidEmotions+1","Reload+1","MindCrush","Unlock1+1","AsThePrescriptOrders+1","WillOfThePrescript+1","EnergyShield+1","SenseQuarry+1","SomberProcuration","ToWhereThePrescriptPoints+1","Disposal","MindWhip+1","EmotionalTurbulence","DesperateStruggle+1","FierceOnslaught+1"],"relics":["PageOfLibrarian","Happy Flower","Potion Belt","PageOfBigBird","Odd Mushroom","Runic Pyramid","Red Mask","Nilry\u0027s Codex","PageOfWayBackHome","Frozen Eye","Oddly Smooth Stone","Black Star","PageOfSnowWhitesApple","Anchor","PageOfBigBadWolf","Frozen Egg 2","ReplayFunnel","Strawberry"],"acts_visited":["Exordium","TheCity","TheBeyond","TheEnding"],"potions_floor_usage":[22,24,29,50,50,56,56,56,56,56,56,56],"damage_taken":[{"damage":0,"enemies":"2 Louse","floor":1,"turns":3},{"damage":0,"enemies":"Jaw Worm","floor":2,"turns":4},{"damage":2,"enemies":"Small Slimes","floor":3,"turns":3},{"damage":7,"enemies":"Blue Slaver","floor":4,"turns":5},{"damage":1,"enemies":"Exordium Wildlife","floor":5,"turns":2},{"damage":23,"enemies":"Lagavulin","floor":7,"turns":4},{"damage":6,"enemies":"The Mushroom Lair","floor":11,"turns":3},{"damage":0,"enemies":"Exordium Thugs","floor":12,"turns":2},{"damage":0,"enemies":"Looter","floor":14,"turns":2},{"damage":26,"enemies":"The Guardian","floor":16,"turns":10},{"damage":5,"enemies":"Shell Parasite","floor":18,"turns":3},{"damage":0,"enemies":"Spheric Guardian","floor":19,"turns":3},{"damage":7,"enemies":"Masked Bandits","floor":20,"turns":4},{"damage":6,"enemies":"Centurion and Healer","floor":22,"turns":4},{"damage":0,"enemies":"Snecko","floor":24,"turns":3},{"damage":0,"enemies":"Snake Plant","floor":27,"turns":3},{"damage":2,"enemies":"Sentry and Sphere","floor":28,"turns":5},{"damage":0,"enemies":"Shelled Parasite and Fungi","floor":29,"turns":3},{"damage":5,"enemies":"Snecko","floor":30,"turns":4},{"damage":5,"enemies":"Automaton","floor":33,"turns":6},{"damage":0,"enemies":"Orb Walker","floor":35,"turns":3},{"damage":0,"enemies":"3 Darklings","floor":37,"turns":4},{"damage":0,"enemies":"Transient","floor":38,"turns":5},{"damage":2,"enemies":"Sphere and 2 Shapes","floor":39,"turns":2},{"damage":8,"enemies":"Giant Head","floor":41,"turns":6},{"damage":0,"enemies":"3 Darklings","floor":42,"turns":4},{"damage":16,"enemies":"Maw","floor":46,"turns":4},{"damage":0,"enemies":"4 Shapes","floor":48,"turns":3},{"damage":4,"enemies":"Donu and Deca","floor":50,"turns":5},{"damage":0,"enemies":"Shield and Spear","floor":55,"turns":3},{"damage":31,"enemies":"The Heart","floor":56,"turns":7}],"seed_played":"-3724206633049061910","potions_obtained":[{"floor":2,"key":"ColorlessPotion"},{"floor":4,"key":"Energy Potion"},{"floor":7,"key":"Cursed Concoction"},{"floor":16,"key":"SneckoOil"},{"floor":20,"key":"Elixir"},{"floor":22,"key":"LifebloodPotion"},{"floor":33,"key":"BlessingOfTheForge"},{"floor":39,"key":"AttackPotion"},{"floor":48,"key":"EntropicBrew"}],"is_trial":false,"path_per_floor":["M","M","M","M","M","R","E","R","T","R","?","M","T","M","R","B",null,"M","M","?","?","M","R","M","R","T","M","M","M","M","$","R","B",null,"M","$","M","M","M","R","E","M","T","$","R","M","?","M","R","B",null,null,"R","$","E","B",null],"character_chosen":"Librarian","items_purchased":["ToWhereThePrescriptPoints","Frozen Eye","Oddly Smooth Stone","PageOfSnowWhitesApple","DistilledChaos","SkillPotion"],"campfire_rested":1,"item_purchase_floors":[31,31,31,36,54,54],"current_hp_per_floor":[60,60,58,51,50,50,27,27,27,27,21,21,21,21,43,26,79,71,71,64,48,42,42,47,47,47,47,45,45,40,40,40,35,77,77,77,77,77,75,75,67,67,67,67,67,51,51,51,51,47,39,77,63,63,61,30],"gold":54,"neow_bonus":"RANDOM_COMMON_RELIC","is_daily":false,"chose_seed":false,"campfire_upgraded":9,"win_rate":0.0,"timestamp":1614255912,"path_taken":["M","M","M","M","M","R","E","R","T","R","?","M","?","M","R","BOSS","M","M","?","?","M","R","M","R","T","M","M","M","M","$","R","BOSS","M","$","M","M","M","R","E","M","T","$","R","M","?","M","R","BOSS","R","$","E","BOSS"],"items_purchased_type":["Card","Relic","Relic","Relic","Potion","Potion"],"build_version":"2020-12-22","purchased_purges":3,"victory":true,"max_hp_per_floor":[62,70,68,70,70,70,70,70,70,70,65,63,63,74,74,79,79,71,71,78,78,77,77,77,77,77,77,77,77,77,77,77,77,77,77,77,77,77,77,77,77,77,77,77,77,77,77,77,77,77,77,77,219,219,98,98],"card_choices":[{"not_picked":["RulesOfTheBackstreets","HiddenBlade","HandlingWork","GuidanceOfTheGears","Parry","BackAttack","Wallop_lor","SnakesPrey"],"picked":"HighKick","floor":1},{"not_picked":["HardRehearsal","Execute_lor","DestructiveImpact","ViolentFlame","DevastatingThrash","ExtractFuel","FlashingStrike","WillOfThePrescript"],"picked":"PreemptiveStrike","floor":2},{"not_picked":["StructuralAnalysis","ICanCookAnything","SharpSwipe","SweepTheBackstreets","CoordinatedAssault","Thrust","StrongStrike","Quickness"],"picked":"GreatSerpentsImpact","floor":3},{"not_picked":["MirageStorm","FrontalAssault","Leap_lor","Feast","SmokingPipe","LossOfSenses","StrikeDown","SkyClearingCut"],"picked":"Preparation","floor":4},{"not_picked":["DarkCloud","Laceration","PinpointShot","MultiBlock","GreatSerpentsImpact","Rewind","QuickAttack","Parry"],"picked":"FrontalAssault","floor":5},{"not_picked":["HiddenBlade","BlazingStrike","Wallop_lor","GroundSmash","MultiHit","Quickness","AsThePrescriptOrders","ExtremeEdge"],"picked":"GrazeTheGrass","floor":7},{"not_picked":["GrazeTheGrass","Unlock1","EnergyCycle","GuardingStance","BiAn","Outburst","Eliminate","NightInTheBackstreets"],"picked":"QuickSuppression","floor":11},{"not_picked":["GutHarvesting","SomberProcuration","ClassAndRespect","EnergyShield","Outburst","WillOfThePrescript","NonstopAssault","Reload"],"picked":"FervidEmotions","floor":12},{"not_picked":["UnavoidableGaze","HardRehearsal","YoureAHindrance","StrikeDown","Rewind","FleshFillet","BiAn","ICanCookAnything"],"picked":"Reload","floor":14},{"not_picked":["TieShanKao","CleanUp"],"picked":"MindCrush","floor":16},{"not_picked":["CumulusWall","GuardingStance+1","MindCrush","NonstopAssault","Thrust","HiddenBlade","Standoff","Zzzzzap","FieryDragonSlash"],"picked":"SKIP","floor":18},{"not_picked":["ClassAndRespect","QuickSuppression","CutIn","Pound","InnerArdor","EnergyShield","SharpSwipe","SuppressingShot+1"],"picked":"Unlock1","floor":19},{"not_picked":["Unlock1","CrackOfDawn","FleetEdge","FrontalAssault","StrongStrike","MindPrepared","BiXi","InkOver"],"picked":"AsThePrescriptOrders+1","floor":20},{"not_picked":["UpbeatPerformance","LossOfSenses","SpearedSweep+1","Transpierce","SerpentSwordTechnique","Faith","StrongStrike","UnavoidableGaze","OpportunitySpotted"],"picked":"SKIP","floor":22},{"not_picked":["StayCalm","GuardingStance+1","SpearedSweep+1","MultiBlock","TendonChords","BackAttack","LoosenUp","RulesOfTheBackstreets+1"],"picked":"WillOfThePrescript+1","floor":24},{"not_picked":["SpearedSweep+1","QuickSuppression","PinpointShot","Outburst","WillOfThePrescript","EnergyCycle","FocusFire+1","AlloutWar+1"],"picked":"EnergyShield+1","floor":27},{"not_picked":["Multislash+1","FrontalAssault+1","SunsetBlade+1","SparkingSpear+1","WaitUp","FendThisOffIfYouCan","BackAttack","Thrust","ButterflySlash"],"picked":"SKIP","floor":28},{"not_picked":["Quickness","DarkCloud","GuardingStance","Thrust","Rewind","SpearedSweep+1","MultiBlock+1","CumulusWall"],"picked":"SenseQuarry","floor":29},{"not_picked":["AsThePrescriptOrders","Parry","GreatSerpentsImpact","Thrust","Multislash","GroundSmash","TendonChords+1","FleetEdge"],"picked":"SomberProcuration","floor":30},{"not_picked":["Cruelty","Deflect_lor"],"picked":"Disposal","floor":33},{"not_picked":["StrikeDown","DriedUp+1","FlashingStrike","Quickness","GuidanceOfTheGears+1","SuppressingShot","TendonChords","Outburst+1","EnergyCycle"],"picked":"SKIP","floor":35},{"not_picked":["Standoff","Slice_lor","BayonetCombat","SomberProcuration+1","TendonChords","LawAndOrder","UnavoidableGaze+1","Thrust","LossOfSenses+1"],"picked":"SKIP","floor":37},{"not_picked":["FrontalAssault+1","BiAn+1","GoinFirst","SmokingPipe+1","TendonChords","Struggle","UnavoidableGaze","FeatherShield"],"picked":"MindWhip+1","floor":38},{"not_picked":["ViolentFlame+1","EnergyStrike","ExtractFuel","ChopItOff+1","UnforgettableMelody","Endure","HandlingWork+1","SnakeSlit+1"],"picked":"GrazeTheGrass+1","floor":39},{"not_picked":["HighSpeedStabbing","AutomatedMovement","Transpierce","Quickness+1","Slice_lor","UnavoidableGaze+1","Parry","PinpointShot+1"],"picked":"EmotionalTurbulence","floor":41},{"not_picked":["Pound+1","Diversion+1","ScatteringSlash+1","QuickAttack","SturdyDefense","FierceCharge+1","EnergyShield","ExtremeEdge"],"picked":"DesperateStruggle+1","floor":42},{"not_picked":["SnakesPrey+1","BackAttack","Duel_lor+1","Thirst+1","AutomatedMovement","SunsetBlade+1","BiAn+1","Eject+1","QuickAttack"],"picked":"SKIP","floor":46},{"not_picked":["HandleRequest","RushDown","DarkCloud+1","Bvapour","Cruelty","ClassAndRespect+1","FierceCharge+1","ToOvercomeCrisis"],"picked":"FierceOnslaught+1","floor":48},{"not_picked":["CutIn+1","SuanNi","SinglePointStab+1","Reload","Laceration","MirageStorm","BiAn+1","Unlock1","StructuralAnalysis"],"picked":"SKIP","floor":55}],"player_experience":102164,"relics_obtained":[{"floor":7,"key":"Potion Belt"},{"floor":9,"key":"PageOfBigBird"},{"floor":11,"key":"Odd Mushroom"},{"floor":20,"key":"Red Mask"},{"floor":21,"key":"Nilry\u0027s Codex"},{"floor":26,"key":"PageOfWayBackHome"},{"floor":41,"key":"Anchor"},{"floor":41,"key":"PageOfBigBadWolf"},{"floor":43,"key":"Frozen Egg 2"},{"floor":55,"key":"ReplayFunnel"},{"floor":55,"key":"Strawberry"}],"event_choices":[{"damage_healed":0,"gold_gain":0,"player_choice":"Fought Mushrooms","damage_taken":0,"max_hp_gain":0,"max_hp_loss":0,"event_name":"Mushrooms","floor":11,"gold_loss":0},{"damage_healed":0,"gold_gain":0,"player_choice":"Fought Bandits","damage_taken":0,"max_hp_gain":0,"max_hp_loss":0,"event_name":"Masked Bandits","floor":20,"gold_loss":0},{"damage_healed":0,"gold_gain":0,"player_choice":"Obtained Book","damage_taken":16,"max_hp_gain":0,"max_hp_loss":0,"event_name":"Cursed Tome","floor":21,"gold_loss":0},{"damage_healed":0,"gold_gain":222,"player_choice":"Wore Mask","damage_taken":0,"max_hp_gain":0,"max_hp_loss":0,"event_name":"Tomb of Lord Red Mask","floor":47,"gold_loss":0}],"is_beta":false,"boss_relics":[{"not_picked":["Coffee Dripper","Replay:Drink Me"],"picked":"Runic Pyramid"},{"not_picked":["SacredBark","ReplayTheSpireMod:DimensionalGlitch"],"picked":"Black Star"}],"items_purged_floors":[31,44,54],"is_endless":false,"potions_floor_spawned":[2,4,7,16,20,22,33,39,41,42,48,55],"ascension_level":0}}