{"host":"dhk5e65fhht6ttq3","time":1614246117,"event":{"mods":["BaseMod","Lobotomy","LobotomyExtend","Minty Spire (QoL Compilation)","Replay The Spire","StSLib","[IsaacMod]ÒÔÈö¼âËþ"],"gold_per_floor":[119,119,142,142,142,208,228,279,279,279,279,317,349,349,391,391],"floor_reached":15,"language":"ZHS","playtime":816,"items_purged":[],"score":97,"play_id":"458dad55-709e-4038-986c-09f7a29b15d1","local_time":"20210225174157","is_ascension_mode":false,"campfire_choices":[{"data":"True Grit","floor":14,"key":"SMITH"}],"circlet_count":0,"master_deck":["Strike_R","Strike_R","Strike_R","Strike_R","Defend_R","Defend_R","Defend_R","Defend_R","SingingMachine","Shrug It Off","Looming Evil","Ghostly Armor","DreamingCurrent","Survivor","Neutralize","MeatLantern","True Grit+1","MHz","FairyFestival","UniverseFragment","LaLuna"],"relics":["Burning Blood","HushsDoor","CogitoBucket","SalivaCoin","LetterFromLob","ReplayTheSpireMod:Ring of Addiction","SacredBark","Chameleon Ring","Ring of Hypnosis","Du-Vu Doll","Replay:Towering Pillar of Hats","BackwardClock"],"acts_visited":["Exordium"],"potions_floor_usage":[6,12,15,15],"damage_taken":[{"damage":5,"enemies":"Small Slimes","floor":1,"turns":3},{"damage":4,"enemies":"2 Louse","floor":3,"turns":2},{"damage":51,"enemies":"Gremlin Nob","floor":6,"turns":5},{"damage":0,"enemies":"Cultist","floor":7,"turns":1},{"damage":7,"enemies":"Large Slime","floor":8,"turns":4},{"damage":24,"enemies":"3 Louse","floor":12,"turns":3},{"damage":14,"enemies":"Looter","floor":13,"turns":3},{"damage":82,"enemies":"Lagavulin","floor":15,"turns":5}],"seed_played":"5296232422241326914","potions_obtained":[{"floor":2,"key":"Swift Potion"},{"floor":2,"key":"Death Potion"},{"floor":2,"key":"DistilledChaos"},{"floor":6,"key":"Energy Potion"},{"floor":12,"key":"Energy Potion"}],"is_trial":false,"path_per_floor":["M","?","M","?","?","E","M","M","PTL","PTL","T","M","M","R","E"],"character_chosen":"IRONCLAD","items_purchased":[],"campfire_rested":0,"item_purchase_floors":[],"current_hp_per_floor":[80,80,80,80,80,48,54,77,77,76,76,64,68,68,0,0],"gold":391,"neow_bonus":"","is_daily":false,"chose_seed":false,"campfire_upgraded":1,"win_rate":0.0,"timestamp":1614246117,"path_taken":["M","?","M","?","?","E","M","M","PTL","PTL","T","M","M","R","E"],"items_purchased_type":[],"build_version":"2020-12-22","purchased_purges":0,"victory":false,"max_hp_per_floor":[80,80,80,80,80,78,78,78,78,76,76,76,76,76,76,76],"card_choices":[{"not_picked":["CherryBlossoms","MHz"],"picked":"SingingMachine","floor":1},{"not_picked":["Heavy Blade","Iron Wave"],"picked":"Shrug It Off","floor":1},{"not_picked":["Iron Wave","Flex"],"picked":"Ghostly Armor","floor":3},{"not_picked":["Laetitia","Variant","BeautyBeast"],"picked":"Singing Bowl","floor":3},{"not_picked":["SnowQueen","BigBird"],"picked":"DreamingCurrent","floor":3},{"not_picked":["FairyFestival","Yin","BigBadWolf"],"picked":"Singing Bowl","floor":6},{"not_picked":["VoidDream","Murderer"],"picked":"MeatLantern","floor":6},{"not_picked":["Reckless Charge","Run Through"],"picked":"True Grit","floor":6},{"not_picked":["Mercenary","BeautyBeast","OSAHOGD"],"picked":"Singing Bowl","floor":7},{"not_picked":["GreedKing","OldLady"],"picked":"MHz","floor":7},{"not_picked":["Headbutt","Clash","Iron Wave"],"picked":"SKIP","floor":7},{"not_picked":["Headbutt","Clash","Iron Wave"],"picked":"SKIP","floor":7},{"not_picked":["Bloodbath","SnowQueen","QueenBee"],"picked":"Singing Bowl","floor":8},{"not_picked":["VoidDream","NakedNest"],"picked":"FairyFestival","floor":8},{"not_picked":["Rampage","ReplayTheSpireMod:Corrosion Curse","Dropkick"],"picked":"SKIP","floor":8},{"not_picked":["Rampage","ReplayTheSpireMod:Corrosion Curse","Dropkick"],"picked":"SKIP","floor":8},{"not_picked":["BeautyBeast","PunishingBird"],"picked":"UniverseFragment","floor":12},{"not_picked":["Heavy Blade","Headbutt","Cleave"],"picked":"SKIP","floor":12},{"not_picked":["PunishingBird","CherryBlossoms"],"picked":"LaLuna","floor":13},{"not_picked":["Sword Boomerang","Bludgeon","Infernal Blade"],"picked":"SKIP","floor":13},{"not_picked":["Sword Boomerang","Bludgeon","Infernal Blade"],"picked":"SKIP","floor":13}],"player_experience":996378,"relics_obtained":[{"floor":1,"key":"LetterFromLob"},{"floor":2,"key":"ReplayTheSpireMod:Ring of Addiction"},{"floor":2,"key":"SacredBark"},{"floor":2,"key":"Chameleon Ring"},{"floor":2,"key":"Ring of Hypnosis"},{"floor":6,"key":"Du-Vu Doll"},{"floor":11,"key":"Replay:Towering Pillar of Hats"}],"event_choices":[{"damage_healed":0,"gold_gain":0,"player_choice":"0 cards matched","damage_taken":0,"max_hp_gain":0,"max_hp_loss":0,"event_name":"Match and Keep!","floor":5,"gold_loss":0,"cards_obtained":[]}],"is_beta":false,"boss_relics":[],"items_purged_floors":[],"is_endless":false,"potions_floor_spawned":[6,12,13],"killed_by":"Lagavulin","ascension_level":0}}