{"host":"m0bekkrd201b63ug","time":1614267986,"event":{"mods":["AchievementEnabler","BaseMod","Colored Powertips","Highlight Path","Minty Spire (QoL Compilation)","Rare Cards Sparkle","StSLib","SuperFastMode","everything is the same but u backflip on backflip","slay the spire mod where everything is the same but ironclad has a cowboy hat"],"gold_per_floor":[111,130,205,205,54,87,87,100,100,111,127,159,159,159,159,259,259,259,271,305,317,65,85,85,85],"floor_reached":24,"language":"ENG","playtime":732,"items_purged":[],"score":361,"play_id":"be568958-7541-4ca0-a179-65ee1a6d5738","local_time":"20210225124626","is_ascension_mode":true,"campfire_choices":[{"data":"Cold Snap","floor":7.0,"key":"SMITH"},{"data":"White Noise","floor":13.0,"key":"SMITH"},{"floor":15.0,"key":"REST"}],"circlet_count":0,"master_deck":["AscendersBane","Strike_B","Strike_B","Strike_B","Strike_B","Defend_B+1","Defend_B","Defend_B","Defend_B","Zap+1","Dualcast","Cold Snap+1","Blizzard","Conserve Battery","White Noise+1","Melter","Stack","Reboot","Hologram+1"],"relics":["Cracked Core","NeowsBlessing","Sling","HornCleat","Matryoshka","Ice Cream","Philosopher\u0027s Stone","Red Mask","Meat on the Bone"],"acts_visited":["Exordium","TheCity"],"potions_floor_usage":[18,23,23],"damage_taken":[{"damage":0.0,"enemies":"2 Louse","floor":1.0,"turns":1.0},{"damage":0.0,"enemies":"Small Slimes","floor":2.0,"turns":1.0},{"damage":0.0,"enemies":"Lagavulin","floor":6.0,"turns":1.0},{"damage":5.0,"enemies":"Jaw Worm","floor":8.0,"turns":2.0},{"damage":1.0,"enemies":"Exordium Thugs","floor":10.0,"turns":4.0},{"damage":0.0,"enemies":"3 Louse","floor":11.0,"turns":5.0},{"damage":12.0,"enemies":"3 Sentries","floor":12.0,"turns":7.0},{"damage":23.0,"enemies":"Slime Boss","floor":16.0,"turns":11.0},{"damage":0,"enemies":"3 Byrds","floor":18,"turns":1},{"damage":0,"enemies":"Chosen","floor":19,"turns":4},{"damage":54,"enemies":"Masked Bandits","floor":20,"turns":7},{"damage":10,"enemies":"Snake Plant","floor":21,"turns":7},{"damage":0,"enemies":"Chosen and Byrds","floor":23,"turns":4},{"damage":17,"enemies":"Book of Stabbing","floor":24,"turns":2}],"seed_played":"-3606554280351703367","potions_obtained":[{"floor":1.0,"key":"SmokeBomb"},{"floor":8.0,"key":"SpeedPotion"},{"floor":11.0,"key":"Block Potion"},{"floor":20,"key":"AttackPotion"}],"is_trial":false,"path_per_floor":["M","M","?","?","$","E","R","M","T","M","M","E","R","?","R","B",null,"M","M","?","M","$","M","E"],"character_chosen":"DEFECT","items_purchased":["Sling","Meat on the Bone"],"campfire_rested":1,"item_purchase_floors":[5,22],"current_hp_per_floor":[68,68,57,42,42,42,42,37,37,36,36,24,24,29,53,30,68,68,68,14,4,4,16,0,0],"gold":85,"neow_bonus":"THREE_ENEMY_KILL","is_daily":false,"chose_seed":false,"campfire_upgraded":2,"win_rate":0.0,"timestamp":1614267986,"path_taken":["M","M","?","?","?","E","R","M","T","?","M","E","R","?","R","BOSS","M","M","?","M","$","M","E"],"items_purchased_type":["Relic","Relic"],"build_version":"2020-12-22","purchased_purges":0,"victory":false,"max_hp_per_floor":[75,75,75,75,75,75,75,75,75,75,75,75,75,80,80,80,80,80,80,80,80,80,80,80,80],"card_choices":[{"not_picked":["Beam Cell","Undo"],"picked":"Cold Snap","floor":1.0},{"not_picked":["Tempest","Go for the Eyes"],"picked":"Blizzard","floor":2.0},{"not_picked":["Electrodynamics","Ball Lightning","Streamline"],"picked":"SKIP","floor":6.0},{"not_picked":["Heatsinks","Redo"],"picked":"Conserve Battery","floor":8.0},{"not_picked":["Chaos","Double Energy"],"picked":"White Noise","floor":10.0},{"not_picked":["Conserve Battery","Loop"],"picked":"Melter","floor":11.0},{"not_picked":["Streamline","Heatsinks"],"picked":"Stack","floor":12.0},{"not_picked":["Seek","Rainbow"],"picked":"Reboot","floor":16.0},{"not_picked":["Redo+1","Blizzard+1","Conserve Battery+1"],"picked":"SKIP","floor":19},{"not_picked":["Heatsinks","Leap"],"picked":"Hologram+1","floor":20},{"not_picked":["Self Repair","Leap","Streamline"],"picked":"SKIP","floor":21},{"not_picked":["Go for the Eyes","Hologram","Steam"],"picked":"SKIP","floor":23}],"player_experience":304416,"relics_obtained":[{"floor":6.0,"key":"HornCleat"},{"floor":9.0,"key":"Matryoshka"},{"floor":12.0,"key":"Ice Cream"},{"floor":20,"key":"Red Mask"}],"event_choices":[{"damage_healed":0.0,"max_hp_gain":0.0,"max_hp_loss":0.0,"gold_gain":75.0,"event_name":"World of Goop","player_choice":"Gather Gold","floor":3.0,"gold_loss":0.0,"damage_taken":11.0},{"damage_healed":0.0,"max_hp_gain":0.0,"max_hp_loss":0.0,"gold_gain":0.0,"event_name":"Shining Light","player_choice":"Entered Light","floor":4.0,"gold_loss":0.0,"damage_taken":15.0,"cards_upgraded":["Defend_B","Zap"]},{"damage_healed":0.0,"max_hp_gain":5.0,"max_hp_loss":0.0,"gold_gain":0.0,"event_name":"Big Fish","player_choice":"Donut","floor":14.0,"gold_loss":0.0,"damage_taken":0.0},{"damage_healed":0,"gold_gain":0,"player_choice":"Fought Bandits","damage_taken":0,"max_hp_gain":0,"max_hp_loss":0,"event_name":"Masked Bandits","floor":20,"gold_loss":0}],"is_beta":false,"boss_relics":[{"not_picked":["Calling Bell","Runic Dome"],"picked":"Philosopher\u0027s Stone"}],"items_purged_floors":[],"is_endless":false,"potions_floor_spawned":[1,8,11,20,21],"killed_by":"Book of Stabbing","ascension_level":11}}