{"host":"birdoosa9v9yfc1w","time":1614240192,"event":{"mods":["2.2 Compatiblity","Act Like it!","Arknights","BaseMod","Colored Map","Colored Powertips","Dark Map","Highlight Path","Minty Spire (QoL Compilation)","Rare Cards Sparkle","Relic Filter","Reorder Act Four","StSLib","The Jungle"],"gold_per_floor":[113,113,128,303,303,303,10,27,104,104,132,153,153,164,164,262,262,272,282,282,294,42,42,42,42,65,80,114,62,62,80,80,184,184,194,213,228,240,33,63,63,113,113,132,132,148,180,190,190,190,190,31,31,59,59],"floor_reached":56,"language":"ENG","playtime":8620,"items_purged":["Doubt","ats:Strike V"],"score":1202,"play_id":"c96b7852-cbd7-41e0-8c53-876c9ef87e64","local_time":"20210225030312","is_ascension_mode":false,"campfire_choices":[{"floor":6.0,"key":"REST"},{"floor":10.0,"key":"REST"},{"data":"ats:Armor Crushing Shot","floor":13.0,"key":"SMITH"},{"floor":15.0,"key":"REST"},{"data":"ats:Ambush","floor":23.0,"key":"SMITH"},{"data":"ats:Emotion Absorption","floor":30.0,"key":"SMITH"},{"floor":32.0,"key":"REST"},{"floor":41,"key":"RECALL"},{"floor":45,"key":"REST"},{"floor":49,"key":"REST"},{"floor":53,"key":"REST"}],"circlet_count":0,"master_deck":["ats:Strike S","ats:Armor Crushing Shot+1","ats:Defend","ats:Defend","ats:Defend","ats:Emotion Absorption+1","ats:Curse Doll+1","ats:Defend Order+1","ats:Overload","ats:Neurotoxin","ats:Poison Spread","ats:Powerful Strike","ats:Shell Defense","ats:Ambush+1","ats:Leaping Hammer+1","ats:Flexible Camouflage+1","ats:Sashimi Platter+1","ats:Hammer On","ats:Neurotoxin","ats:Steam Pump","ats:Healing Drone+1","ats:Absolute Focus","ats:Ambush","ats:Wolf Pack","ats:Guard Mode","ats:Song Of Battle+1","ats:Chain Hook+1","ats:Nebulous Foxfire","ats:Rapid Magazine","ats:Nebulous Foxfire","ats:Support Order","ats:Demon Strength","ats:Shell Defense+1"],"relics":["Blood Vial","Meat on the Bone","ats:Originium","MealTicket","Odd Mushroom","Astrolabe","Nloth\u0027s Gift","Sling","Strawberry","ats:Hidden Killer","Fusion Hammer","Smiling Mask","Bird Faced Urn","Mango","Eternal Feather"],"acts_visited":["Exordium","TheCity","TheBeyond","TheEnding"],"potions_floor_usage":[36,40,44,50,50,55,55,55],"damage_taken":[{"damage":5.0,"enemies":"2 Louse","floor":1.0,"turns":3.0},{"damage":10.0,"enemies":"Cultist","floor":3.0,"turns":5.0},{"damage":9.0,"enemies":"ats:Genji","floor":8.0,"turns":3.0},{"damage":34.0,"enemies":"Lagavulin","floor":11.0,"turns":8.0},{"damage":7.0,"enemies":"The Mushroom Lair","floor":12.0,"turns":3.0},{"damage":10.0,"enemies":"Looter","floor":14.0,"turns":3.0},{"damage":45.0,"enemies":"Hexaghost","floor":16.0,"turns":9.0},{"damage":0.0,"enemies":"Shell Parasite","floor":18.0,"turns":3.0},{"damage":13.0,"enemies":"3 Byrds","floor":19.0,"turns":6.0},{"damage":32.0,"enemies":"Snake Plant","floor":21.0,"turns":4.0},{"damage":60.0,"enemies":"Sentry and Sphere","floor":27.0,"turns":8.0},{"damage":37.0,"enemies":"Book of Stabbing","floor":28.0,"turns":4.0},{"damage":23.0,"enemies":"Shelled Parasite and Fungi","floor":31.0,"turns":5.0},{"damage":22,"enemies":"Collector","floor":33,"turns":9},{"damage":24,"enemies":"Orb Walker","floor":35,"turns":4},{"damage":17,"enemies":"3 Darklings","floor":36,"turns":6},{"damage":19,"enemies":"Maw","floor":37,"turns":8},{"damage":33,"enemies":"Jaw Worm Horde","floor":38,"turns":5},{"damage":15,"enemies":"Giant Head","floor":40,"turns":9},{"damage":17,"enemies":"Mind Bloom Boss Battle","floor":42,"turns":8},{"damage":77,"enemies":"3 Darklings","floor":44,"turns":7},{"damage":39,"enemies":"4 Shapes","floor":46,"turns":10},{"damage":80,"enemies":"Reptomancer","floor":47,"turns":8},{"damage":48,"enemies":"Writhing Mass","floor":48,"turns":8},{"damage":155,"enemies":"Donu and Deca","floor":50,"turns":12},{"damage":101,"enemies":"Shield and Spear","floor":54,"turns":9},{"damage":139,"enemies":"The Heart","floor":55,"turns":13}],"seed_played":"-3959785768545000427","potions_obtained":[{"floor":1.0,"key":"Energy Potion"},{"floor":8.0,"key":"GamblersBrew"},{"floor":16.0,"key":"Ancient Potion"},{"floor":21.0,"key":"FairyPotion"},{"floor":31.0,"key":"LiquidBronze"},{"floor":33,"key":"SteroidPotion"},{"floor":35,"key":"Regen Potion"},{"floor":42,"key":"Regen Potion"},{"floor":44,"key":"Fire Potion"},{"floor":46,"key":"FearPotion"},{"floor":48,"key":"Swift Potion"}],"is_trial":false,"path_per_floor":["M","?","M","?","?","R","$","M","T","R","E","?","R","M","R","B",null,"M","M","?","M","$","R","?","?","T","M","E","$","R","M","R","B",null,"M","M","M","M","$","E","R","?","T","M","R","M","E","M","R","B",null,"$","R","E","B",null],"character_chosen":"DOCTOR_CLASS","items_purchased":["Blood Vial","ats:Overload","Sling","ats:Absolute Focus","ats:Nebulous Foxfire","ats:Rapid Magazine","ats:Demon Strength","DuplicationPotion","Dexterity Potion"],"campfire_rested":7,"item_purchase_floors":[7,7,22,29,39,39,52,52,52],"current_hp_per_floor":[74,74,64,64,48,71,71,64,64,79,45,40,40,44,67,36,79,79,69,69,47,62,62,62,62,69,44,30,45,45,48,73,86,86,70,86,86,67,82,86,86,86,86,52,77,86,72,69,99,40,100,100,100,66,59],"gold":59,"neow_bonus":"TEN_PERCENT_HP_BONUS","is_daily":false,"chose_seed":false,"campfire_upgraded":3,"win_rate":0.0,"timestamp":1614240192,"path_taken":["M","?","?","?","?","R","$","M","T","R","E","?","R","M","R","BOSS","M","M","?","?","?","R","?","?","T","?","E","?","R","M","R","BOSS","M","?","M","M","?","E","R","?","T","M","R","M","E","M","R","BOSS","$","R","E","BOSS"],"items_purchased_type":["Relic","Card","Relic","Card","Card","Card","Card","Potion","Potion"],"build_version":"2020-12-22","purchased_purges":2,"victory":true,"max_hp_per_floor":[79,79,79,79,79,79,79,79,79,79,79,79,79,79,79,79,79,79,79,79,79,79,79,79,79,86,86,86,86,86,86,86,86,86,86,86,86,86,86,86,86,86,86,86,86,86,100,100,100,100,100,100,100,100,100],"card_choices":[{"not_picked":["ats:Flexible Camouflage","ats:Ignite"],"picked":"ats:Curse Doll","floor":1.0},{"not_picked":["ats:Serious Mode","ats:Cat Scratch"],"picked":"ats:Defend Order","floor":3.0},{"not_picked":["ats:Flexible Camouflage","ats:Counter Healing Mode"],"picked":"ats:Neurotoxin","floor":8.0},{"not_picked":["ats:Guard Mode","ats:Sword Rain"],"picked":"ats:Poison Spread","floor":11.0},{"not_picked":["ats:Counter Healing Mode","ats:Explosion Area Strengthen"],"picked":"ats:Powerful Strike","floor":12.0},{"not_picked":["ats:Revitalization","ats:Very Hot Blade"],"picked":"ats:Shell Defense","floor":14.0},{"not_picked":["ats:Roar Of Ursus","ats:Volcano"],"picked":"ats:Ambush","floor":16.0},{"not_picked":["ats:Flame Of Heaven","ats:Consecutive Shot Auto+1","ats:Poison Spread"],"picked":"SKIP","floor":18.0},{"not_picked":["ats:Shadow Raid","ats:Very Hot Blade"],"picked":"ats:Hammer On","floor":19.0},{"not_picked":["ats:Cat Scratch","ats:Assault Order","ats:Powerful Strike"],"picked":"SKIP","floor":21.0},{"not_picked":["ats:Assault Order","ats:Leaping Hammer"],"picked":"ats:Steam Pump","floor":27.0},{"not_picked":["ats:Dogmatic Field","ats:True Silver Slash"],"picked":"ats:Healing Drone+1","floor":28.0},{"not_picked":["ats:Powerful Strike","ats:Revitalization"],"picked":"ats:Ambush","floor":31.0},{"not_picked":["ats:Ambush","ats:Shadow Assault"],"picked":"ats:Wolf Pack","floor":33},{"not_picked":["ats:Poison Spread","ats:Revitalization+1"],"picked":"ats:Guard Mode","floor":35},{"not_picked":["ats:Encircling Forest","ats:Powerful Strike"],"picked":"ats:Song Of Battle+1","floor":36},{"not_picked":["ats:Hammer On+1","ats:Song Of Battle+1"],"picked":"ats:Chain Hook+1","floor":37},{"not_picked":["ats:Powerful Strike+1","ats:Charging Defense+1","ats:Shell Defense"],"picked":"SKIP","floor":38},{"not_picked":["ats:Poison Spread+1","ats:Mental Burst"],"picked":"ats:Nebulous Foxfire","floor":40},{"not_picked":["ats:Thermite Blade+1","ats:Burning Ground"],"picked":"ats:Support Order","floor":44},{"not_picked":["ats:Poison Spread+1","ats:Song Of Battle+1","ats:LN2 Cannon"],"picked":"SKIP","floor":46},{"not_picked":["ats:Steam Pump","ats:Closed Bolt Burst Fire","ats:Ignite+1"],"picked":"SKIP","floor":47},{"not_picked":["ats:Absolute Focus","ats:Song Of Battle+1","ats:Ambush"],"picked":"SKIP","floor":48},{"not_picked":["ats:Sunburst","ats:Soul Rend"],"picked":"ats:Shell Defense+1","floor":54}],"player_experience":621290,"relics_obtained":[{"floor":9.0,"key":"Meat on the Bone"},{"floor":11.0,"key":"ats:Originium"},{"floor":11.0,"key":"MealTicket"},{"floor":12.0,"key":"Odd Mushroom"},{"floor":26.0,"key":"Strawberry"},{"floor":28.0,"key":"ats:Originium"},{"floor":28.0,"key":"ats:Hidden Killer"},{"floor":40,"key":"ats:Originium"},{"floor":40,"key":"Smiling Mask"},{"floor":42,"key":"Bird Faced Urn"},{"floor":47,"key":"ats:Originium"},{"floor":47,"key":"Mango"},{"floor":54,"key":"Eternal Feather"}],"event_choices":[{"damage_healed":0.0,"max_hp_gain":0.0,"max_hp_loss":0.0,"gold_gain":0.0,"event_name":"NoteForYourself","player_choice":"Ignored","floor":2.0,"gold_loss":0.0,"damage_taken":0.0},{"damage_healed":0.0,"max_hp_gain":0.0,"max_hp_loss":0.0,"gold_gain":175.0,"event_name":"Liars Game","player_choice":"AGREE","floor":4.0,"gold_loss":0.0,"damage_taken":0.0,"cards_obtained":["Doubt"]},{"damage_healed":0.0,"max_hp_gain":0.0,"max_hp_loss":0.0,"gold_gain":0.0,"event_name":"Shining Light","player_choice":"Entered Light","floor":5.0,"gold_loss":0.0,"damage_taken":16.0,"cards_upgraded":["ats:Defend Order","ats:Curse Doll"]},{"damage_healed":0.0,"max_hp_gain":0.0,"max_hp_loss":0.0,"gold_gain":0.0,"event_name":"Mushrooms","player_choice":"Fought Mushrooms","floor":12.0,"gold_loss":0.0,"damage_taken":0.0},{"damage_healed":0.0,"max_hp_gain":0.0,"max_hp_loss":0.0,"gold_gain":0.0,"event_name":"N\u0027loth","player_choice":"Traded Relic","floor":20.0,"relics_lost":["ats:Sanity"],"gold_loss":0.0,"damage_taken":0.0,"relics_obtained":["Nloth\u0027s Gift"]},{"damage_healed":0.0,"max_hp_gain":0.0,"max_hp_loss":0.0,"gold_gain":0.0,"event_name":"Cursed Tome","player_choice":"Ignored","floor":24.0,"gold_loss":0.0,"damage_taken":0.0},{"damage_healed":0.0,"max_hp_gain":0.0,"max_hp_loss":0.0,"gold_gain":0.0,"event_name":"Duplicator","player_choice":"Copied","floor":25.0,"gold_loss":0.0,"damage_taken":0.0,"cards_obtained":["ats:Neurotoxin"]},{"damage_healed":0,"gold_gain":0,"player_choice":"Fight","damage_taken":0,"max_hp_gain":0,"max_hp_loss":0,"event_name":"MindBloom","floor":42,"gold_loss":0}],"is_beta":false,"boss_relics":[{"not_picked":["Ice Cream","Pandora\u0027s Box"],"picked":"Astrolabe"},{"not_picked":["Empty Cage","Black Star"],"picked":"Fusion Hammer"}],"items_purged_floors":[7,22],"is_endless":false,"potions_floor_spawned":[1,8,16,21,27,31,33,35,42,44,46,48],"ascension_level":0}}