{"host":"rsbhidffjle4v6w5","time":1614283684,"event":{"mods":["Act Like it!","Ascension Reborn","BaseMod","Better Note","Better Third Choice","BetterRewards","Block Reminder","Colored Map","Minty Spire (QoL Compilation)","Quick Restart","Replay The Spire","Ruina","StSLib"],"gold_per_floor":[33,33,33,33,47,84,84,101,101,101,101,101,115,132,132,256,256,280,280,280,61,98,98,98,128,183,229,249,249,293,310,310,430,430,468,486,140,140,158,224,288,288,354,401,401,637,546,564,564,564,578,578,578,39,93,93],"floor_reached":57,"language":"ENG","playtime":2490,"items_purged":["Decay"],"score":1625,"play_id":"ad1d299d-95ff-4cfa-aada-42cd56437eed","local_time":"20210225230804","is_ascension_mode":true,"campfire_choices":[{"data":"1","floor":7.0,"key":"LIFT"},{"data":"2","floor":10.0,"key":"LIFT"},{"floor":12.0,"key":"REST"},{"data":"3","floor":15.0,"key":"LIFT"},{"floor":23.0,"key":"RECALL"},{"floor":29.0,"key":"REST"},{"floor":32.0,"key":"REST"},{"floor":42,"key":"REST"},{"floor":53,"key":"REST"}],"circlet_count":0,"master_deck":["Strike_B","Strike_B","Strike_B+1","Strike_B+1","Defend_B","Defend_B","Defend_B","Defend_B","Zap","Dualcast","Tempest+1","BootSequence","Loop+1","Thunder Strike","ReplayRNGCard","Fission","Coolheaded+1","Limit Break","Rebound+1","Rip and Tear+1","Leap+1","Electrodynamics","Stack","Sweeping Beam","Meteor Strike","FIFO Queue","ReplayTheSpireMod:Private Reserves","ReplayUltimateDefense","Barrage+1","Stack+1","Conserve Battery","Darkness+1","Doom and Gloom+1","Heatsinks","Consume+1","Biased Cognition","Coolheaded+1","Reinforced Body+1"],"relics":["Cracked Core","Thread and Needle","Matryoshka","Girya","Sling","Pen Nib","Art of War","Replay:Rubber Ducky","Replay:Bottled Flurry","Fusion Hammer","Enchiridion","ClockworkSouvenir","Replay:Bandana","Replay:Baseball","Eternal Feather","Red Mask","Snecko Eye","Replay:Ringing Soul","Carrot","Turnip","Bronze Scales","DataDisk","ReplayTheSpireMod:CursedCoin","Whetstone","OrangePellets","StoneCalendar"],"acts_visited":["Exordium","TheCity","TheBeyond","TheEnding"],"potions_floor_usage":[41,50,51,54,55,56,56,56],"damage_taken":[{"damage":3.0,"enemies":"2 Louse","floor":1.0,"turns":2.0},{"damage":0.0,"enemies":"Small Slimes","floor":5.0,"turns":2.0},{"damage":23.0,"enemies":"3 Sentries","floor":6.0,"turns":6.0},{"damage":0.0,"enemies":"Jaw Worm","floor":8.0,"turns":2.0},{"damage":0.0,"enemies":"Exordium Wildlife","floor":13.0,"turns":3.0},{"damage":7.0,"enemies":"Gremlin Gang","floor":14.0,"turns":3.0},{"damage":17.0,"enemies":"Slime Boss","floor":16.0,"turns":6.0},{"damage":0.0,"enemies":"3 Byrds","floor":18.0,"turns":2.0},{"damage":3.0,"enemies":"2 Thieves","floor":22.0,"turns":3.0},{"damage":3.0,"enemies":"Chosen and Byrds","floor":25.0,"turns":3.0},{"damage":35.0,"enemies":"Book of Stabbing","floor":27.0,"turns":4.0},{"damage":2.0,"enemies":"Snake Plant","floor":28.0,"turns":2.0},{"damage":0.0,"enemies":"Masked Bandits","floor":30.0,"turns":3.0},{"damage":5.0,"enemies":"Cultist and Chosen","floor":31.0,"turns":4.0},{"damage":63.0,"enemies":"Collector","floor":33.0,"turns":7.0},{"damage":9.0,"enemies":"3 Darklings","floor":35.0,"turns":3.0},{"damage":0.0,"enemies":"Orb Walker","floor":36.0,"turns":3.0},{"damage":0.0,"enemies":"4 Shapes","floor":39.0,"turns":5.0},{"damage":0.0,"enemies":"R_Hoarder","floor":40.0,"turns":3.0},{"damage":15,"enemies":"2 Orb Walkers","floor":41,"turns":5},{"damage":7,"enemies":"Transient","floor":44,"turns":6},{"damage":0,"enemies":"Maw","floor":48,"turns":4},{"damage":10,"enemies":"Donu and Deca","floor":50,"turns":4},{"damage":3,"enemies":"Time Eater","floor":51,"turns":6},{"damage":10,"enemies":"Shield and Spear","floor":55,"turns":3},{"damage":95,"enemies":"The Heart","floor":56,"turns":8}],"seed_played":"5774904898605680142","potions_obtained":[{"floor":1.0,"key":"Venom Potion"},{"floor":13.0,"key":"Weak Potion"},{"floor":16.0,"key":"LiquidBronze"},{"floor":27.0,"key":"Energy Potion"},{"floor":30.0,"key":"ColorlessPotion"},{"floor":31.0,"key":"BlessingOfTheForge"},{"floor":33.0,"key":"Dexterity Potion"},{"floor":35.0,"key":"Energy Potion"},{"floor":36.0,"key":"SpeedPotion"},{"floor":41,"key":"EssenceOfSteel"},{"floor":55,"key":"Swift Potion"}],"is_trial":false,"path_per_floor":["M","?","?","T","M","E","R","M","T","R","?","R","M","M","R","B",null,"M","?","?","$","M","R","?","M","T","E","M","R","?","M","R_BF","B",null,"M","M","$","?","M","E","?","R","T","M","?","?","$","M","R_BF","B","B",null,"R","$","E","B",null],"character_chosen":"DEFECT","items_purchased":["Tempest+1","Matryoshka","Sling","ClockworkSouvenir","Replay:Bandana","Replay:Ringing Soul","Meteor Strike","FIFO Queue","DataDisk","ReplayTheSpireMod:CursedCoin","Heatsinks","SpeedPotion","Biased Cognition","Coolheaded+1","Whetstone","PowerPotion","Fruit Juice","DuplicationPotion","OrangePellets"],"campfire_rested":5,"item_purchase_floors":[0,0,0,21,21,37,37,37,47,47,47,47,54,54,54,54,54,54,54],"current_hp_per_floor":[37,37,37,37,37,14,14,14,14,14,14,36,36,29,29,12,75,75,75,59,59,56,56,56,53,53,18,16,50,50,45,75,12,75,66,66,69,62,65,68,56,90,90,86,86,66,69,72,102,92,89,102,102,110,103,8],"gold":93,"neow_bonus":"","is_daily":false,"chose_seed":false,"campfire_upgraded":0,"win_rate":0.0,"timestamp":1614283684,"path_taken":["M","?","?","?","?","E","R","?","T","R","?","R","M","?","R","BOSS","M","?","?","?","?","R","?","M","T","E","M","R","?","M","R_BF","BOSS","M","M","$","?","?","E","?","R","T","M","?","?","?","?","R_BF","BOSS","BOSS","R","$","E","BOSS"],"items_purchased_type":["Card","Relic","Relic","Relic","Relic","Relic","Card","Card","Relic","Relic","Card","Potion","Card","Card","Relic","Potion","Potion","Potion","Relic"],"build_version":"2020-12-22","purchased_purges":1,"victory":true,"max_hp_per_floor":[75,75,75,75,75,75,75,75,75,75,75,75,75,75,75,75,75,75,75,75,75,75,75,75,75,75,75,75,75,75,75,75,75,75,75,75,78,81,84,87,90,90,90,93,93,96,99,102,102,102,102,102,102,110,113,113],"card_choices":[{"not_picked":["Go for the Eyes","Redo"],"picked":"BootSequence","floor":1.0},{"not_picked":["Panic Button","Streamline"],"picked":"Loop","floor":5.0},{"not_picked":["Panic Button","Meteor Strike","Turbo"],"picked":"SKIP","floor":6.0},{"not_picked":["Darkness","Fusion","Stack"],"picked":"SKIP","floor":8.0},{"not_picked":["Gash","Panic Button"],"picked":"ReplayRNGCard","floor":13.0},{"not_picked":["Darkness","BasicCrystalCard","Panic Button"],"picked":"SKIP","floor":14.0},{"not_picked":["Meteor Strike","Machine Learning"],"picked":"Fission","floor":16.0},{"not_picked":["Compile Driver","Sweeping Beam+1"],"picked":"Coolheaded+1","floor":18.0},{"not_picked":["Turbo","Time Bomb"],"picked":"Rebound+1","floor":22.0},{"not_picked":["Aggregate+1","Loop"],"picked":"Rip and Tear","floor":25.0},{"not_picked":["Gash+1","Recycle","Static Discharge"],"picked":"SKIP","floor":27.0},{"not_picked":["Go for the Eyes","Coolheaded","Crystallizer+1"],"picked":"SKIP","floor":28.0},{"not_picked":["Gash","Streamline"],"picked":"Leap+1","floor":30.0},{"not_picked":["BootSequence","Barrage","Turbo"],"picked":"SKIP","floor":31.0},{"not_picked":["Seek","Thunder Strike"],"picked":"Electrodynamics","floor":33.0},{"not_picked":["Ball Lightning+1","Go for the Eyes+1"],"picked":"Stack","floor":35.0},{"not_picked":["BasicCrystalCard+1","Streamline"],"picked":"Sweeping Beam","floor":36.0},{"not_picked":["Survey Options","PanicButton"],"picked":"ReplayTheSpireMod:Private Reserves","floor":38.0},{"not_picked":["Thinking Ahead","Replay:Parry"],"picked":"ReplayUltimateDefense","floor":38.0},{"not_picked":["Rebound+1","Gash"],"picked":"Barrage+1","floor":39.0},{"not_picked":["Barrage+1","Steam+1"],"picked":"Stack+1","floor":40.0},{"not_picked":["Rebound","Sweeping Beam"],"picked":"Conserve Battery","floor":41},{"not_picked":["Darkness+1","Go for the Eyes","Steam"],"picked":"SKIP","floor":44},{"not_picked":["Go for the Eyes","Steam"],"picked":"Darkness+1","floor":44},{"not_picked":["BasicCrystalCard","Beam Cell"],"picked":"Doom and Gloom+1","floor":46},{"not_picked":["Self Repair+1","Steam+1"],"picked":"Consume+1","floor":48},{"not_picked":["Redo","Multi-Cast"],"picked":"Reinforced Body+1","floor":55}],"player_experience":1140220,"relics_obtained":[{"floor":4.0,"key":"Pen Nib"},{"floor":6.0,"key":"Art of War"},{"floor":9.0,"key":"Replay:Rubber Ducky"},{"floor":9.0,"key":"Replay:Bottled Flurry"},{"floor":20.0,"key":"Enchiridion"},{"floor":26.0,"key":"Replay:Baseball"},{"floor":27.0,"key":"Eternal Feather"},{"floor":30.0,"key":"Red Mask"},{"floor":40.0,"key":"Carrot"},{"floor":41,"key":"Turnip"},{"floor":43,"key":"Bronze Scales"},{"floor":55,"key":"StoneCalendar"}],"event_choices":[{"damage_healed":0.0,"max_hp_gain":0.0,"max_hp_loss":0.0,"gold_gain":0.0,"event_name":"Golden Wing","player_choice":"Ignored","floor":3.0,"gold_loss":0.0,"damage_taken":0.0},{"damage_healed":0.0,"max_hp_gain":0.0,"max_hp_loss":0.0,"gold_gain":0.0,"event_name":"Match and Keep!","player_choice":"1 cards matched","floor":11.0,"gold_loss":0.0,"damage_taken":0.0,"cards_obtained":["Thunder Strike"]},{"cards_removed":["Coolheaded"],"damage_healed":0.0,"max_hp_gain":0.0,"max_hp_loss":0.0,"gold_gain":0.0,"event_name":"betterNote:BetterNote","player_choice":"Take \u0026 Give","floor":19.0,"gold_loss":0.0,"damage_taken":0.0,"cards_obtained":["Limit Break"]},{"damage_healed":0.0,"max_hp_gain":0.0,"max_hp_loss":0.0,"gold_gain":0.0,"event_name":"Cursed Tome","player_choice":"Obtained Book","floor":20.0,"gold_loss":0.0,"damage_taken":16.0},{"damage_healed":0.0,"max_hp_gain":0.0,"max_hp_loss":0.0,"gold_gain":0.0,"event_name":"Masked Bandits","player_choice":"Fought Bandits","floor":30.0,"gold_loss":0.0,"damage_taken":0.0},{"damage_healed":0.0,"max_hp_gain":0.0,"max_hp_loss":0.0,"gold_gain":0.0,"event_name":"betterThird:BetterPortal","player_choice":"Random: Blue","floor":38.0,"gold_loss":0.0,"damage_taken":0.0},{"damage_healed":0.0,"max_hp_gain":0.0,"max_hp_loss":0.0,"gold_gain":0.0,"event_name":"SensoryStone","player_choice":"Memory 3","floor":38.0,"gold_loss":0.0,"damage_taken":10.0},{"damage_healed":0,"gold_gain":0,"player_choice":"Fight","damage_taken":0,"max_hp_gain":0,"max_hp_loss":0,"event_name":"Mysterious Sphere","floor":41,"gold_loss":0}],"is_beta":false,"boss_relics":[{"not_picked":["Calling Bell","Replay:Ancient Bell"],"picked":"Fusion Hammer"},{"not_picked":["SlaversCollar","Snecko Heart"],"picked":"Snecko Eye"}],"items_purged_floors":[47],"is_endless":false,"potions_floor_spawned":[1,13,16,27,30,31,33,35,36,41,55],"ascension_level":0}}