{"host":"z37g2hkgkh2zjyzk","time":1614295209,"event":{"mods":["2.2 Compatiblity","AchievementEnabler","BaseMod","Bestiary","Colored Map","Colored Powertips","Curses Come First","Highlight Path","Keyboard Shortcuts","Minty Spire (QoL Compilation)","Relic Stats","StSLib","SuperFastMode"],"gold_per_floor":[118,118,118,138,138,472,490,490,490,507,0,18,18,18,18],"floor_reached":14,"language":"ENG","playtime":805,"items_purged":[],"score":131,"play_id":"7fc89600-b49c-4e1a-8286-f4846addae28","local_time":"20210226002009","is_ascension_mode":true,"campfire_choices":[{"floor":8,"key":"REST"},{"data":"Neutralize","floor":13,"key":"SMITH"}],"circlet_count":0,"master_deck":["Strike_G","Strike_G","Strike_G","Strike_G","Strike_G","Defend_G","Defend_G","Defend_G","Defend_G","Defend_G","Survivor","Neutralize+1","Slice","Slice","Backflip","Dagger Throw","Dagger Throw","Poisoned Stab"],"relics":["Ring of the Snake","Turnip","CultistMask","Old Coin","Torii","Bag of Marbles","The Specimen"],"acts_visited":["Exordium"],"potions_floor_usage":[],"damage_taken":[{"damage":4,"enemies":"Jaw Worm","floor":1,"turns":8},{"damage":0,"enemies":"2 Louse","floor":4,"turns":3},{"damage":44,"enemies":"3 Sentries","floor":6,"turns":15},{"damage":1,"enemies":"Cultist","floor":7,"turns":4},{"damage":2,"enemies":"Looter","floor":10,"turns":3},{"damage":1,"enemies":"Blue Slaver","floor":12,"turns":3},{"damage":44,"enemies":"Lagavulin","floor":14,"turns":6}],"seed_played":"8396372727648597300","potions_obtained":[{"floor":4,"key":"Strength Potion"},{"floor":12,"key":"Ancient Potion"}],"is_trial":false,"path_per_floor":["M","?","?","M","?","E","M","R","T","M","$","M","R","E"],"character_chosen":"THE_SILENT","items_purchased":["Bag of Marbles","The Specimen","Dagger Throw"],"campfire_rested":1,"item_purchase_floors":[11,11,11],"current_hp_per_floor":[59,59,64,64,64,20,19,39,39,37,37,36,36,0,0],"gold":18,"neow_bonus":"ONE_RARE_RELIC","is_daily":false,"chose_seed":false,"campfire_upgraded":1,"win_rate":0.0,"timestamp":1614295209,"path_taken":["M","?","?","M","?","E","?","R","T","M","$","M","R","E"],"items_purchased_type":["Relic","Relic","Card"],"build_version":"2020-12-22","purchased_purges":0,"victory":false,"max_hp_per_floor":[63,63,68,68,68,68,68,68,68,68,68,68,68,68,68],"relic_stats":{"Torii":4,"counters":[7,42],"Turnip":[0],"obtain_stats":[{"Torii":9,"The Specimen":11,"Turnip":0,"CultistMask":5,"Bag of Marbles":11,"Ring of the Snake":0,"Old Coin":6},{"Torii":4,"The Specimen":5,"Turnip":0,"CultistMask":2,"Bag of Marbles":5,"Ring of the Snake":0,"Old Coin":3},{"Torii":30,"The Specimen":33,"Turnip":0,"CultistMask":11,"Bag of Marbles":33,"Ring of the Snake":0,"Old Coin":26}],"Ring of the Snake":[14]},"card_choices":[{"not_picked":["Acrobatics","Setup"],"picked":"Slice","floor":1},{"not_picked":["Dodge and Roll","Catalyst","Choke"],"picked":"SKIP","floor":4},{"not_picked":["Cloak And Dagger","Prepared"],"picked":"Slice","floor":6},{"not_picked":["Blur","Eviscerate"],"picked":"Backflip","floor":7},{"not_picked":["Phantasmal Killer","Masterful Stab"],"picked":"Dagger Throw","floor":10},{"not_picked":["Sucker Punch","Cloak And Dagger"],"picked":"Poisoned Stab","floor":12}],"player_experience":291231,"relics_obtained":[{"floor":6,"key":"Old Coin"},{"floor":9,"key":"Torii"}],"event_choices":[{"damage_healed":0,"gold_gain":0,"player_choice":"Ignored","damage_taken":0,"max_hp_gain":0,"max_hp_loss":0,"event_name":"Liars Game","floor":2,"gold_loss":0},{"damage_healed":0,"gold_gain":0,"player_choice":"Donut","damage_taken":0,"max_hp_gain":5,"max_hp_loss":0,"event_name":"Big Fish","floor":3,"gold_loss":0},{"damage_healed":0,"gold_gain":0,"player_choice":"Trade","damage_taken":0,"relics_obtained":["CultistMask"],"max_hp_gain":0,"max_hp_loss":0,"event_name":"FaceTrader","floor":5,"gold_loss":0}],"is_beta":false,"boss_relics":[],"items_purged_floors":[],"is_endless":false,"potions_floor_spawned":[4,12],"killed_by":"Lagavulin","ascension_level":9}}