{"host":"jfbo3eu2ui08ej1u","time":1614228724,"event":{"mods":["2.2 Compatiblity","AchievementEnabler","Act Like it!","Aspiration","BaseMod","Better Altar","Better Match","Better Note","Better Sensory Stone","Better Skull","Better Third Choice","Block Reminder","Colored Map","Colored Powertips","Conspire","DeckTracker","Displayed Cursed Tome","Energized Spire","Fox Events","GifTheSpireLib","Hermit","Hubris","Infinite Spire","Marked Mod","Minty Spire (QoL Compilation)","Monster B Gone","Pale of the Ancients","Poor People Problems","Quick Restart","Relic Filter","Reliquary","Reorder Act Four","Replay The Spire","Shop Mod","Spicy Shops","Spire Arcade","StSLib","Stuff the Spire","The Blue Laboratory","The Disciple","The Forsaken","The Hierophant","The Marked","Uncapped","Unceasing Turn Reminder","Wandering Minibosses"],"gold_per_floor":[110,110,29,44,60,60,9,9,9,20,37,55,55,55,55,133,133,143,143,143,27,27,27,56,56,80,80,13,39,51,51,51],"floor_reached":31,"language":"ENG","playtime":1084,"items_purged":["Clumsy","StuffTheSpire:CuriosityCurse"],"score":522,"play_id":"d2a7577c-6e49-4271-9772-62578ab6f4cf","local_time":"20210224235204","is_ascension_mode":true,"campfire_choices":[{"data":"ReplayTheSpireMod:Shiv Toss","floor":6.0,"key":"SMITH"},{"data":"Cloak And Dagger","floor":8.0,"key":"SMITH"},{"floor":15.0,"key":"REST"},{"data":"Footwork","floor":23,"key":"SMITH"},{"floor":25,"key":"REST"},{"data":"OldTimer","floor":27,"key":"SMITH"}],"circlet_count":0,"master_deck":["AscendersBane","Strike_G","Strike_G","Strike_G","Strike_G","Strike_G","Defend_G","Defend_G","Defend_G","Defend_G","Defend_G","Survivor","Neutralize","ReplayTheSpireMod:Shiv Toss+1","Accuracy","StuffTheSpire:Repulse","Backflip","Cloak And Dagger+1","Slice+1","hubris:Sniper","After Image","hubris:SlightOfHand+1","Footwork+1","OldTimer+1","hubris:Gluttony","Fluid Movement","Die Die Die"],"relics":["Ring of the Snake","StuffTheSpire:CocoNut","hubris:Towel","energizedSpire:HighHeels","PrismaticShard","aspiration:StickyExplosives_weak","Torii","Replay:Wax Seal","ReplayTheSpireMod:CursedCoin","Omamori","Nunchaku"],"acts_visited":["Exordium","TheCity"],"potions_floor_usage":[],"damage_taken":[{"damage":0.0,"enemies":"Jaw Worm","floor":1.0,"turns":5.0},{"damage":17.0,"enemies":"Cultist","floor":4.0,"turns":6.0},{"damage":1.0,"enemies":"Small Slimes","floor":5.0,"turns":4.0},{"damage":10.0,"enemies":"Exordium Thugs","floor":10.0,"turns":6.0},{"damage":24.0,"enemies":"Gremlin Gang","floor":11.0,"turns":7.0},{"damage":17.0,"enemies":"Large Slime","floor":12.0,"turns":7.0},{"damage":15.0,"enemies":"The Guardian","floor":16.0,"turns":15.0},{"damage":12.0,"enemies":"conspire:FuzzyDice","floor":18.0,"turns":7.0},{"damage":11,"enemies":"conspire:SneckoGhost","floor":24,"turns":7},{"damage":23,"enemies":"Replay:Snechameleon","floor":29,"turns":10},{"damage":0,"enemies":"Spheric Guardian","floor":30,"turns":3},{"damage":56,"enemies":"Snecko","floor":31,"turns":4}],"seed_played":"2945343095901720625","potions_obtained":[{"floor":2.0,"key":"blueLaboratory:EnvenomedCoating"},{"floor":2.0,"key":"Strength Potion"},{"floor":5.0,"key":"Fire Potion"},{"floor":10.0,"key":"blueLaboratory:HorrorPotion"},{"floor":11.0,"key":"blueLaboratory:ArtificerPotion"},{"floor":18.0,"key":"blueLaboratory:BottleOfRum"}],"is_trial":false,"path_per_floor":["M","?","$","M","M","R","$","R","T","M","M","M","?","?","R","B",null,"M","AVR","?","$","?","R","E","R","T","R","$","E","M","M"],"character_chosen":"THE_SILENT","items_purchased":["Accuracy","Cloak And Dagger","Footwork","ReplayTheSpireMod:CursedCoin","Omamori","Fluid Movement"],"campfire_rested":2,"item_purchase_floors":[3,7,21,28,28,28],"current_hp_per_floor":[65,65,65,48,47,47,47,47,54,44,20,3,3,3,26,11,62,50,50,46,46,46,46,35,58,58,58,58,35,35,0,0],"gold":51,"neow_bonus":"TEN_PERCENT_HP_BONUS","is_daily":false,"chose_seed":false,"campfire_upgraded":4,"win_rate":0.0,"timestamp":1614228724,"path_taken":["M","?","?","M","M","R","$","R","T","?","M","?","?","?","R","BOSS","M","AVR","?","$","?","R","E","R","T","R","?","E","?","M"],"items_purchased_type":["Card","Card","Card","Relic","Relic","Card"],"build_version":"2020-12-22","purchased_purges":2,"victory":false,"max_hp_per_floor":[72,72,72,72,72,72,72,72,79,79,79,79,79,79,79,79,79,79,79,79,79,79,79,79,79,79,79,79,79,79,79,79],"card_choices":[{"not_picked":["Catalyst","Outmaneuver"],"picked":"ReplayTheSpireMod:Shiv Toss","floor":1.0},{"not_picked":["Deflect","ReplayTheSpireMod:Exploit Weakness"],"picked":"StuffTheSpire:Repulse","floor":4.0},{"not_picked":["Endless Agony","Slice"],"picked":"Backflip","floor":5.0},{"not_picked":["hubris:SlightOfHand","ReplayTheSpireMod:Shiv Toss"],"picked":"Slice","floor":10.0},{"not_picked":["StuffTheSpire:ClusterCrunch","Flying Knee","Deadly Poison"],"picked":"SKIP","floor":11.0},{"not_picked":["hubris:SlightOfHand","conspire:PoisonWeapons"],"picked":"hubris:Sniper","floor":12.0},{"not_picked":["Poison Darts","Doppelganger"],"picked":"After Image","floor":16.0},{"not_picked":["Dodge and Roll","StuffTheSpire:Python"],"picked":"hubris:SlightOfHand+1","floor":18.0},{"not_picked":["hermit:DeadMansHand","Good Instincts"],"picked":"OldTimer","floor":24},{"not_picked":["Barrage","Quick Slash"],"picked":"Die Die Die","floor":29},{"not_picked":["theMarked:WastefulAttack+1","Panic Button","Flying Knee"],"picked":"SKIP","floor":30}],"player_experience":1377973,"relics_obtained":[{"floor":9.0,"key":"StuffTheSpire:CocoNut"},{"floor":24,"key":"Torii"},{"floor":26,"key":"Replay:Wax Seal"},{"floor":29,"key":"Nunchaku"}],"event_choices":[{"damage_healed":0.0,"max_hp_gain":0.0,"max_hp_loss":0.0,"gold_gain":0.0,"event_name":"Lab","player_choice":"Got Potions","floor":2.0,"gold_loss":0.0,"damage_taken":0.0},{"damage_healed":0.0,"max_hp_gain":0.0,"max_hp_loss":0.0,"gold_gain":0.0,"event_name":"conspire:Investor","player_choice":"Leave","floor":20.0,"gold_loss":0.0,"damage_taken":0.0}],"is_beta":false,"boss_relics":[{"not_picked":["Honey Jar","Busted Crown"],"picked":"energizedSpire:HighHeels"}],"items_purged_floors":[19,28],"is_endless":false,"potions_floor_spawned":[5,10,11,18],"killed_by":"Snecko","ascension_level":20}}