{"host":"dn6kke80v5f7isus","time":1614265910,"event":{"mods":["AchievementEnabler","Act Like it!","Bard","BaseMod","Colored Powertips","Custom Start","Defuse TimeMaze Blight","Energized Spire","Gremlin Skip","Highlight Path","Hubris","Infinite Spire","Marisa????????","Marked Mod","Minty Spire (QoL Compilation)","Quick Restart","Rare Cards Sparkle","Reliquary","Replay The Spire","StSLib","The Administrix","The Servant 0.9.4","Uncapped","Unceasing Turn Reminder"],"gold_per_floor":[110,110,110,110,4084,4084,4084,4116,4185,4197,4197,3334,3334,3334,3334,3465,3565,3578,3578,3568,3568,2822,2853,2877,2893,2893,2916,2916,2929,2929,2296,2296,2419,2419,2440,2420,2420,1710,1362,1362,1376,1376,1376,1417,1417,835,835,904,904,1033,1033,1039,1139,513,5527,5602,5608,5608,5622,5676,5676,5684,5378,5378,5378,5378,5486,5486,5486,5486],"floor_reached":69,"language":"ENG","playtime":3297,"items_purged":["bard:Strike","bard:Strike","bard:Defend","bard:Defend"],"score":1532,"play_id":"eac23ad7-7282-44e9-89d1-712e26fd4f34","local_time":"20210225101150","is_ascension_mode":true,"campfire_choices":[{"data":"bard:MantleOfInspiration","floor":6.0,"key":"SMITH"},{"data":"bard:HideousLaughter","floor":15.0,"key":"SMITH"},{"data":"Ghostly","floor":32,"key":"SMITH"},{"data":"Ghostly","floor":32,"key":"SMITH"},{"data":"bard:MagnumOpus","floor":40,"key":"SMITH"},{"data":"ReplayTheSpireMod:Haul","floor":40,"key":"SMITH"},{"data":"Ghostly","floor":42,"key":"SMITH"},{"data":"Ghostly","floor":42,"key":"SMITH"},{"data":"Ghostly","floor":49,"key":"SMITH"},{"data":"bard:Encore","floor":49,"key":"SMITH"},{"data":"bard:Focused","floor":64,"key":"SMITH"},{"data":"infinitespire:Execution","floor":64,"key":"SMITH"},{"data":"bard:StudiedStrike","floor":66,"key":"SMITH"},{"data":"bard:Inspire","floor":66,"key":"SMITH"}],"circlet_count":0,"master_deck":["bard:Strike+1","bard:Defend","bard:Riposte+1","bard:Inspire+1","bard:Heroism","bard:Heroism+1","bard:MantleOfInspiration+1","bard:FaerieFire","bard:HideousLaughter+1","bard:MantleOfInspiration","bard:Demoralize","bard:GreaterMagicWeapon","ReplayTheSpireMod:Haul+1","bard:Sift+1","bard:HarmoniousVoice+1","Ghostly+1","Ghostly+1","Ghostly+1","Ghostly+1","Ghostly+1","bard:MagnumOpus+1","bard:HarmoniousVoice+1","bard:Encore+1","bard:SixFourTime+1","bard:StudiedStrike+1","bard:Sonata","bard:MagnumOpus+1","Secret Weapon+1","bard:StudiedStrike+1","infinitespire:Execution+1","bard:Focused+1"],"relics":["bard:PitchPipe","bard:BagPipes","NeowsBlessing","StrikeDummy","Lee\u0027s Waffle","Blue Candle","FaceOfCleric","Juzu Bracelet","bard:StrangeHarp","Golden Idol","Pear","OrangePellets","hubris:DeckOfHolding","Replay:Wanted Poster","hubris:Towel","Replay:Baseball","Replay:Arrowhead","Durian","Mirror","Honey Jar","Incense Burner","reliquary:RosewoodLute","Snack Pack","reliquary:Ember","Frozen Eye","Replay:Ringing Soul","Blue Doll","Whetstone","reliquary:Spinner","hubris:SphereOfDissonance","MealTicket","reliquary:Firecrackers","reliquary:Stiletto","Replay:Lucky Slots","CatCart","SacredBark","Vajra","Blood Vial","DollysMirror","reliquary:Buckler","reliquary:FingerTrap","hubris:OldNail","reliquary:SharkskinSheath","infinitespire:Lucky Rock","energizedSpire:NeverEndingSparkler"],"acts_visited":["Exordium","TheCity","TheBeyond","Exordium","TheCity"],"potions_floor_usage":[27,33,33,33,41,48,59,67],"damage_taken":[{"damage":0.0,"enemies":"2 Louse","floor":1.0,"turns":1.0},{"damage":0.0,"enemies":"Lagavulin","floor":8.0,"turns":2.0},{"damage":0.0,"enemies":"Small Slimes","floor":10.0,"turns":1.0},{"damage":14.0,"enemies":"Hexaghost","floor":16.0,"turns":7.0},{"damage":0.0,"enemies":"Shell Parasite","floor":18.0,"turns":8.0},{"damage":0.0,"enemies":"2 Thieves","floor":20.0,"turns":4.0},{"damage":0,"enemies":"Nightmare","floor":23,"turns":22},{"damage":0,"enemies":"Snake Plant","floor":24,"turns":4},{"damage":10,"enemies":"Centurion and Healer","floor":25,"turns":10},{"damage":0,"enemies":"Shelled Parasite and Fungi","floor":27,"turns":6},{"damage":0,"enemies":"Sentry and Sphere","floor":29,"turns":5},{"damage":0,"enemies":"Automaton","floor":33,"turns":10},{"damage":1,"enemies":"Orb Walker","floor":35,"turns":4},{"damage":0,"enemies":"3 Darklings","floor":41,"turns":5},{"damage":0,"enemies":"R_Hoarder","floor":44,"turns":5},{"damage":0,"enemies":"Orin","floor":48,"turns":5},{"damage":0,"enemies":"Donu and Deca","floor":50,"turns":7},{"damage":0,"enemies":"Jaw Worm","floor":52,"turns":4},{"damage":0,"enemies":"Cultist","floor":55,"turns":2},{"damage":1,"enemies":"3 Sentries","floor":57,"turns":5},{"damage":0,"enemies":"2 Louse","floor":59,"turns":1},{"damage":0,"enemies":"Looter","floor":62,"turns":1},{"damage":0,"enemies":"Red Slaver","floor":65,"turns":2},{"damage":0,"enemies":"Hexaghost","floor":67,"turns":4},{"damage":0,"enemies":"Shell Parasite","floor":69,"turns":1}],"seed_played":"-3485849096577230347","potions_obtained":[{"floor":24,"key":"Strength Potion"},{"floor":25,"key":"PowerPotion"},{"floor":27,"key":"Dexterity Potion"},{"floor":29,"key":"EssenceOfSteel"},{"floor":33,"key":"Block Potion"},{"floor":35,"key":"Dexterity Potion"},{"floor":36,"key":"Toxic Potion"},{"floor":45,"key":"Doom Potion"},{"floor":45,"key":"SmokeBomb"},{"floor":45,"key":"infinitespire:BlackPotion"},{"floor":57,"key":"Milkshake"},{"floor":61,"key":"Death Potion"},{"floor":61,"key":"LifebloodPotion"},{"floor":67,"key":"Languid Potion"}],"is_trial":false,"path_per_floor":["M","?","?","?","$","R","?","E","T","M","?","$","?","T","R","B",null,"M","?","M","?","$","NM","M","M","T","M","AVR","M","?","$","R","B",null,"M","?","?","$","$","R","M","R","T","E","?","$","?","?","R","B",null,"M","?","$","M","?","E","AVR","M","T","?","M","$","R","M","R","B",null,"M"],"character_chosen":"BARD","items_purchased":["StrikeDummy","Lee\u0027s Waffle","Blue Candle","bard:Heroism","bard:MantleOfInspiration","AttackPotion","Fire Potion","ColorlessPotion","Pear","OrangePellets","hubris:DeckOfHolding","bard:HideousLaughter","bard:MantleOfInspiration","Replay:Baseball","bard:Demoralize","Replay:Arrowhead","bard:GreaterMagicWeapon","reliquary:RosewoodLute","Snack Pack","bard:MantleOfInspiration","Frozen Eye","Replay:Ringing Soul","Blue Doll","bard:Encore","Whetstone","reliquary:Spinner","bard:SixFourTime+1","reliquary:Firecrackers","reliquary:Stiletto","Replay:Lucky Slots","Vajra","Blood Vial","DollysMirror","Secret Weapon","reliquary:SharkskinSheath","infinitespire:Lucky Rock"],"campfire_rested":0,"item_purchase_floors":[5,5,5,5,5,5,5,5,12,12,12,12,12,22,22,22,22,31,31,31,38,38,38,38,39,39,39,46,46,46,54,54,54,54,63,63],"current_hp_per_floor":[70,70,70,70,77,77,77,78,78,79,60,70,70,70,70,57,90,91,91,92,92,92,98,99,90,90,91,91,92,51,51,51,52,52,52,52,53,56,59,59,260,260,260,264,264,264,264,265,265,269,269,270,270,273,274,263,268,271,274,274,277,283,286,286,287,287,288,288,288,288],"gold":5486,"neow_bonus":"THREE_ENEMY_KILL","is_daily":false,"chose_seed":false,"campfire_upgraded":14,"win_rate":0.0,"timestamp":1614265910,"path_taken":["M","?","?","?","$","R","?","E","T","M","?","$","?","?","R","BOSS","M","?","M","?","$","NM","M","M","T","M","AVR","M","?","$","R","BOSS","M","?","?","?","$","R","M","R","T","E","?","$","?","?","R","BOSS","M","?","$","M","?","E","AVR","M","T","?","M","?","R","M","R","BOSS","M"],"items_purchased_type":["Relic","Relic","Relic","Card","Card","Potion","Potion","Potion","Relic","Relic","Relic","Card","Card","Relic","Card","Relic","Card","Relic","Relic","Card","Relic","Relic","Relic","Card","Relic","Relic","Card","Relic","Relic","Relic","Relic","Relic","Relic","Card","Relic","Relic"],"build_version":"2020-12-22","purchased_purges":4,"victory":false,"max_hp_per_floor":[70,70,70,70,77,77,77,78,78,79,79,89,89,89,89,90,90,91,91,92,92,92,98,99,100,100,101,101,102,51,51,51,52,52,53,53,53,56,59,59,260,260,260,264,264,264,264,265,265,269,269,270,270,273,274,274,278,281,282,282,282,286,286,286,287,287,288,288,288,288],"card_choices":[{"not_picked":["bard:InspiringSong","bard:StudiedStrike","bard:BucklerBash"],"picked":"SKIP","floor":1.0},{"not_picked":["bard:CuttingWords","bard:HideousLaughter","bard:PowerWordStun"],"picked":"SKIP","floor":8.0},{"not_picked":["bard:Heroism","bard:Sift"],"picked":"bard:FaerieFire","floor":10.0},{"not_picked":["bard:EchoEcho","bard:StudiedStrike","bard:LingeringEcho"],"picked":"SKIP","floor":18.0},{"not_picked":["bard:Parry","bard:QuickSong","bard:LingeringPerformance"],"picked":"SKIP","floor":20.0},{"not_picked":["infinitespire:FinalStrike","infinitespire:UltimateForm"],"picked":"ReplayTheSpireMod:Haul","floor":23},{"not_picked":["bard:Solo+1","bard:FalseLife","bard:LingeringEcho"],"picked":"SKIP","floor":23},{"not_picked":["bard:InspiringSong","bard:Greatness+1"],"picked":"bard:Sift+1","floor":24},{"not_picked":["bard:StudiedStrike","bard:Parry","bard:LingeringPerformance"],"picked":"SKIP","floor":25},{"not_picked":["bard:LingeringEcho","bard:Rest","bard:PhantasmalForce"],"picked":"SKIP","floor":27},{"not_picked":["bard:PhantasmalForce+1","bard:Thunderwave","bard:ThickOfTheFight"],"picked":"bard:HarmoniousVoice+1","floor":29},{"not_picked":["bard:Invisibility","bard:Encore","bard:FingerOfDeath"],"picked":"bard:MagnumOpus","floor":33},{"not_picked":["bard:Thunderwave+1","bard:Aphasia","bard:Fermata"],"picked":"bard:HarmoniousVoice","floor":35},{"not_picked":["bard:Sift+1","bard:Thunderwave","bard:StudiedStrike","bard:Demoralize+1"],"picked":"SKIP","floor":41},{"not_picked":["bard:Blink+1","bard:PhantasmalForce+1","bard:Aphasia"],"picked":"bard:StudiedStrike+1","floor":44},{"not_picked":["bard:DeathMetal","bard:Haste","bard:Focused"],"picked":"bard:Sonata","floor":50},{"not_picked":["bard:DiscordantVoice","bard:HarmoniousVoice","bard:HideousLaughter","bard:LingeringPerformance"],"picked":"SKIP","floor":52},{"not_picked":["bard:HarmoniousVoice","bard:ViciousMockery","bard:EnGarde","bard:EchoEcho"],"picked":"SKIP","floor":55},{"not_picked":["bard:QuickSong","bard:FaerieFire","bard:Flourish"],"picked":"bard:StudiedStrike","floor":57},{"not_picked":["bard:PhantasmalForce","bard:FirstStrike","bard:MantleOfInspiration","bard:LingeringEcho"],"picked":"SKIP","floor":59},{"not_picked":["bard:EnGarde","bard:ViciousMockery","bard:CuttingWords"],"picked":"bard:Focused","floor":62},{"not_picked":["bard:StudiedStrike","bard:Sonata","bard:FeastOnFear","bard:LifeDrain"],"picked":"SKIP","floor":65}],"player_experience":516425,"relics_obtained":[{"floor":8.0,"key":"Juzu Bracelet"},{"floor":9.0,"key":"bard:StrangeHarp"},{"floor":23,"key":"Durian"},{"floor":26,"key":"Mirror"},{"floor":43,"key":"hubris:SphereOfDissonance"},{"floor":44,"key":"MealTicket"},{"floor":48,"key":"CatCart"},{"floor":57,"key":"reliquary:Buckler"},{"floor":60,"key":"hubris:OldNail"}],"event_choices":[{"damage_healed":0.0,"max_hp_gain":0.0,"max_hp_loss":0.0,"gold_gain":0.0,"event_name":"FaceTrader","player_choice":"Trade","floor":7.0,"gold_loss":0.0,"damage_taken":0.0,"relics_obtained":["FaceOfCleric"]},{"damage_healed":0.0,"max_hp_gain":0.0,"max_hp_loss":0.0,"gold_gain":0.0,"event_name":"Golden Idol","player_choice":"Take Damage","floor":11.0,"gold_loss":0.0,"damage_taken":19.0,"relics_obtained":["Golden Idol"]},{"damage_healed":0.0,"max_hp_gain":0.0,"max_hp_loss":0.0,"gold_gain":0.0,"event_name":"Liars Game","player_choice":"Ignored","floor":13.0,"gold_loss":0.0,"damage_taken":0.0},{"damage_healed":0.0,"max_hp_gain":0.0,"max_hp_loss":0.0,"gold_gain":0.0,"event_name":"Vampires","player_choice":"Ignored","floor":19.0,"gold_loss":0.0,"damage_taken":0.0},{"damage_healed":0,"gold_gain":0,"player_choice":"Became a Ghost","damage_taken":0,"max_hp_gain":0,"max_hp_loss":51,"event_name":"Ghosts","floor":30,"gold_loss":0,"cards_obtained":["Ghostly","Ghostly","Ghostly","Ghostly","Ghostly"]},{"damage_healed":0,"gold_gain":0,"player_choice":"Bought 1 Potion","damage_taken":0,"max_hp_gain":0,"max_hp_loss":0,"event_name":"The Woman in Blue","floor":36,"gold_loss":0},{"cards_removed":["bard:MantleOfInspiration"],"damage_healed":1,"gold_gain":0,"player_choice":"Offered Uncommon","damage_taken":0,"max_hp_gain":0,"max_hp_loss":0,"event_name":"Bonfire Elementals","floor":37,"gold_loss":0},{"damage_healed":0,"gold_gain":0,"player_choice":"Got Potions","damage_taken":0,"max_hp_gain":0,"max_hp_loss":0,"event_name":"Lab","floor":45,"gold_loss":0},{"damage_healed":0,"gold_gain":0,"player_choice":"Fight","damage_taken":0,"max_hp_gain":0,"max_hp_loss":0,"event_name":"OrinTheCat","floor":48,"gold_loss":0},{"damage_healed":0,"gold_gain":100,"player_choice":"Pray","damage_taken":0,"max_hp_gain":0,"max_hp_loss":0,"event_name":"Golden Shrine","floor":53,"gold_loss":0},{"damage_healed":0,"gold_gain":75,"player_choice":"Gather Gold","damage_taken":11,"max_hp_gain":0,"max_hp_loss":0,"event_name":"World of Goop","floor":56,"gold_loss":0},{"damage_healed":0,"gold_gain":0,"player_choice":"Got Potions","damage_taken":0,"max_hp_gain":0,"max_hp_loss":0,"event_name":"Lab","floor":61,"gold_loss":0}],"is_beta":false,"boss_relics":[{"not_picked":["Ring of Chaos","energizedSpire:StickyHand"],"picked":"Replay:Wanted Poster"},{"not_picked":["ChewingGum","energizedSpire:EnergizedDie"],"picked":"reliquary:Ember"},{"not_picked":["Busted Crown","Sozu"],"picked":"SacredBark"},{"not_picked":["Kintsugi","Runic Dome"],"picked":"energizedSpire:NeverEndingSparkler"}],"items_purged_floors":[5,12,22,31],"is_endless":true,"potions_floor_spawned":[8,24,25,27,29,33,35,57,62,65,67],"killed_by":"Shell Parasite","ascension_level":1}}