{"host":"z8uivwf40jrpk7h3","time":1614273473,"event":{"mods":["BaseMod","Lobotomy","Minty Spire (QoL Compilation)","Replay The Spire","StSLib"],"gold_per_floor":[113,127,127,52,71,71,84,84,111,153,233,259,302,322,322,436,436,469,226,240,240],"floor_reached":20,"language":"ZHS","playtime":779,"items_purged":["Strike_P","Defend_P"],"score":219,"play_id":"6dd98d8e-80d5-4991-aa20-90a9ec229a9b","local_time":"20210226011753","is_ascension_mode":true,"campfire_choices":[{"data":"Eruption","floor":6.0,"key":"SMITH"},{"floor":15.0,"key":"DIG"}],"circlet_count":0,"master_deck":["Strike_P+1","Strike_P","Strike_P","Defend_P","Defend_P","Defend_P","Eruption+1","Vigilance","Scorched","Consecrate","Wellcheers","Evaluate","UniverseFragment","QueenBee","Scrawl"],"relics":["PureWater","CogitoBucket","ReplayTheSpireMod:Ring of Exchange","Ring of Searing","Replay:Bandana","Bronze Scales","Simple Rune","AspirationHeart","Dream Catcher","Singing Bowl","SacredBark","PrismaticShard"],"acts_visited":["Exordium","TheCity"],"potions_floor_usage":[20,20],"damage_taken":[{"damage":0.0,"enemies":"Jaw Worm","floor":1.0,"turns":4.0},{"damage":0.0,"enemies":"Small Slimes","floor":2.0,"turns":4.0},{"damage":0.0,"enemies":"2 Louse","floor":5.0,"turns":1.0},{"damage":5.0,"enemies":"Gremlin Gang","floor":7.0,"turns":2.0},{"damage":22.0,"enemies":"Lagavulin","floor":10.0,"turns":4.0},{"damage":0.0,"enemies":"3 Sentries","floor":11.0,"turns":3.0},{"damage":33.0,"enemies":"2 Fungi Beasts","floor":12.0,"turns":7.0},{"damage":0.0,"enemies":"3 Sentries","floor":13.0,"turns":2.0},{"damage":4.0,"enemies":"3 Louse","floor":14.0,"turns":2.0},{"damage":12.0,"enemies":"Hexaghost","floor":16.0,"turns":6.0},{"damage":10.0,"enemies":"Spheric Guardian","floor":18.0,"turns":3.0},{"damage":64,"enemies":"Shell Parasite","floor":20,"turns":4}],"seed_played":"7970013352337969535","potions_obtained":[{"floor":7.0,"key":"Toxic Potion"},{"floor":11.0,"key":"Flashbang"},{"floor":12.0,"key":"SteroidPotion"},{"floor":16.0,"key":"Milkshake"}],"is_trial":false,"path_per_floor":["M","M","?","$","M","R","M","$","T","E","?","M","E","M","R","B",null,"M","$","M"],"character_chosen":"WATCHER","items_purchased":["PrismaticShard"],"campfire_rested":0,"item_purchase_floors":[19],"current_hp_per_floor":[72,72,72,72,72,72,67,67,67,45,48,31,31,27,27,15,82,80,80,16,16],"gold":240,"neow_bonus":"","is_daily":false,"chose_seed":false,"campfire_upgraded":1,"win_rate":0.0,"timestamp":1614273473,"path_taken":["M","M","?","$","M","R","M","$","T","E","?","M","E","M","R","BOSS","M","$","M"],"items_purchased_type":["Relic"],"build_version":"2020-12-22","purchased_purges":2,"victory":false,"max_hp_per_floor":[72,72,72,72,72,72,72,72,72,72,72,82,82,82,82,82,82,84,84,84,84],"card_choices":[{"not_picked":["ThirdEye","CutThroughFate","Sanctity"],"picked":"SKIP","floor":1.0},{"not_picked":["UniverseFragment","CherryBlossoms"],"picked":"Scorched","floor":2.0},{"not_picked":["EmptyFist","EmptyBody"],"picked":"Consecrate","floor":2.0},{"not_picked":["Replay:ManipulateFuture","LikeWater","EmptyMind"],"picked":"SKIP","floor":5.0},{"not_picked":["FairyFestival","Bloodbath"],"picked":"Wellcheers","floor":7.0},{"not_picked":["EmptyFist","JustLucky"],"picked":"Evaluate","floor":7.0},{"not_picked":["SignatureMove","Sanctity","Crescendo"],"picked":"SKIP","floor":10.0},{"not_picked":["LaLuna","CrumblingArmor"],"picked":"UniverseFragment","floor":12.0},{"not_picked":["BowlingBash","TalkToTheHand","BattleHymn"],"picked":"SKIP","floor":12.0},{"not_picked":["Collect","Evaluate","Study"],"picked":"SKIP","floor":13.0},{"not_picked":["FlyingSleeves","ThirdEye","Protect"],"picked":"SKIP","floor":14.0},{"not_picked":["Variant","DespairKnight"],"picked":"QueenBee","floor":16.0},{"not_picked":["Devotion","Establishment"],"picked":"Scrawl","floor":16.0},{"not_picked":["Halt","PathToVictory+1","FearNoEvil"],"picked":"Singing Bowl","floor":18.0}],"player_experience":108613,"relics_obtained":[{"floor":3.0,"key":"ReplayTheSpireMod:Ring of Exchange"},{"floor":3.0,"key":"Ring of Searing"},{"floor":9.0,"key":"Replay:Bandana"},{"floor":10.0,"key":"Bronze Scales"},{"floor":13.0,"key":"Dream Catcher"},{"floor":15.0,"key":"Singing Bowl"}],"event_choices":[{"damage_healed":0.0,"max_hp_gain":0.0,"max_hp_loss":0.0,"gold_gain":0.0,"event_name":"Dead Adventurer","player_choice":"Searched \u00273\u0027 times","floor":11.0,"gold_loss":0.0,"damage_taken":0.0,"relics_obtained":["Simple Rune"]}],"is_beta":false,"boss_relics":[{"not_picked":["Runic Dome","Melange"],"picked":"SacredBark"}],"items_purged_floors":[4,19],"is_endless":false,"potions_floor_spawned":[7,11,12,16],"killed_by":"Shell Parasite","ascension_level":1}}