{"host":"pgavbdzzfv24grxe","time":1614278565,"event":{"mods":["Act Like it!","Aspiration","BaseMod","Better Note","Better Vampires","BlackRuseMod","DeckTracker","Defuse TimeMaze Blight","Dio Mod","Dota2Spire","GifTheSpireLib","Hallownest","Highlight Path","HollowMod","KonpakuYoumu","Kratos Character Expansion","LagranYue","Marisa（F雨　魔理沙）","Minty Spire (QoL Compilation)","RemiliaScarlet","SOS（斯巴达之子）","Shop Mod","StSLib","The Cursed","The Hierophant","Waifu the Spire","【功能Mod】聪明的最终Boss","篝火指南"],"gold_per_floor":[119,119,119,44,44,74,89,121,121,133,133,144,163,198,198,302,302,318,318,331,331,341,351,351,378,378,389,401,401,401],"floor_reached":29,"language":"ZHS","playtime":2718,"items_purged":[],"score":292,"play_id":"9c37a72c-9e72-449b-afcd-ad13c744809a","local_time":"20210225134245","is_ascension_mode":false,"campfire_choices":[{"data":"Seeing Red","floor":15.0,"key":"SMITH"}],"circlet_count":0,"master_deck":["Strike_R","Strike_R","Defend_R","Defend_R","Defend_R","Defend_R+1","Bash","Combust","Rupture","Spot Weakness","Dropkick","Second Wind+1","Seeing Red+1","Masterful Stab","Dagger Spray","Bane","Warcry","Evolve","Feel No Pain","Brutality","Clash","Heavy Blade","Flex","Metallicize","Seeing Red","Offering"],"relics":["Burning Blood","Hallownest:DreamNailRelic","Anchor","aspiration:HiddenCompartment","Self Forming Clay","War Paint","Fusion Hammer","Letter Opener","Blue Candle","Mummified Hand"],"acts_visited":["Hallownest:Greenpath","Hallownest:CityofTears"],"potions_floor_usage":[22,25,27],"damage_taken":[{"damage":10.0,"enemies":"Hallownest:monsterHuskGuard","floor":1.0,"turns":5.0},{"damage":15.0,"enemies":"Hallownest:eliteVengeflyKing","floor":6.0,"turns":7.0},{"damage":10.0,"enemies":"Hallownest:2_Tiktiks_and_1_Crawlid","floor":7.0,"turns":3.0},{"damage":11.0,"enemies":"Hallownest:eliteCrystalGuardian","floor":8.0,"turns":5.0},{"damage":3.0,"enemies":"Hallownest:monsterHuskWarrior","floor":10.0,"turns":3.0},{"damage":8.0,"enemies":"Hallownest:1_Baldur_1_Crawlid_1_Warrior","floor":12.0,"turns":3.0},{"damage":7.0,"enemies":"Hallownest:1_Ooma_and_2_Uuma","floor":13.0,"turns":4.0},{"damage":13.0,"enemies":"Hallownest:eliteVengeflyKing","floor":14.0,"turns":5.0},{"damage":41.0,"enemies":"Hallownest:BossHornet","floor":16.0,"turns":9.0},{"damage":12.0,"enemies":"Hallownest:2_Mistakes","floor":18.0,"turns":6.0},{"damage":22,"enemies":"Hallownest:3_Youths","floor":20,"turns":4},{"damage":40,"enemies":"Hallownest:2_Flukemon","floor":22,"turns":6},{"damage":5,"enemies":"Hallownest:monsterShrumalOgre","floor":23,"turns":4},{"damage":32,"enemies":"Hallownest:eliteWatcherKnight","floor":25,"turns":10},{"damage":8,"enemies":"Hallownest:Master_and_Novice","floor":27,"turns":4},{"damage":6,"enemies":"Hallownest:Warrior_and_Youth","floor":28,"turns":4},{"damage":18,"enemies":"Hallownest:monsterMisterMushroom","floor":29,"turns":6}],"seed_played":"2407685970750240384","potions_obtained":[{"floor":1.0,"key":"Dota2Spire:HealingSalve"},{"floor":7.0,"key":"Dota2Spire:Clarity"},{"floor":12.0,"key":"Dexterity Potion"},{"floor":14.0,"key":"EssenceOfSteel"},{"floor":20,"key":"SkillPotion"},{"floor":25,"key":"Swift Potion"}],"is_trial":false,"path_per_floor":["M","?","?","$","?","E","M","E","T","M","?","M","M","E","R","B",null,"M","?","M","T","M","M","?","E","T","M","M","M"],"character_chosen":"IRONCLAD","items_purchased":["Rupture"],"campfire_rested":0,"item_purchase_floors":[4],"current_hp_per_floor":[84,95,95,95,95,86,82,83,83,86,86,84,83,76,76,41,99,93,93,77,77,43,44,44,18,18,16,16,0,0],"gold":401,"neow_bonus":"TEN_PERCENT_HP_BONUS","is_daily":false,"chose_seed":false,"campfire_upgraded":1,"win_rate":0.0,"timestamp":1614278565,"path_taken":["M","?","?","$","?","E","M","E","T","?","?","M","?","E","R","BOSS","M","?","M","?","?","M","?","E","T","M","M","M"],"items_purchased_type":["Card"],"build_version":"2020-12-22","purchased_purges":0,"victory":false,"max_hp_per_floor":[88,99,99,99,99,99,99,99,99,99,99,99,99,99,99,99,99,99,99,99,99,99,99,99,99,99,99,99,99,99],"card_choices":[{"not_picked":["Perfected Strike","Pommel Strike"],"picked":"Combust","floor":1.0},{"not_picked":["Headbutt","Clothesline"],"picked":"Spot Weakness","floor":6.0},{"not_picked":["Body Slam","Clash"],"picked":"Dropkick","floor":7.0},{"not_picked":["Rampage","Headbutt"],"picked":"Second Wind","floor":8.0},{"not_picked":["Headbutt","Wild Strike"],"picked":"Seeing Red","floor":10.0},{"not_picked":["Rampage","Intimidate"],"picked":"Warcry","floor":12.0},{"not_picked":["Uppercut","Combust"],"picked":"Evolve","floor":13.0},{"not_picked":["Barricade","Wild Strike"],"picked":"Feel No Pain","floor":14.0},{"not_picked":["Juggernaut","Barricade"],"picked":"Brutality","floor":16.0},{"not_picked":["Wild Strike","Headbutt"],"picked":"Clash","floor":18.0},{"not_picked":["Pommel Strike","Body Slam"],"picked":"Heavy Blade","floor":20},{"not_picked":["Cleave","Rampage"],"picked":"Flex","floor":22},{"not_picked":["Heavy Blade","Warcry"],"picked":"Metallicize","floor":23},{"not_picked":["Wild Strike+1","Infernal Blade"],"picked":"Seeing Red","floor":24},{"not_picked":["Thunderclap","Armaments"],"picked":"Offering","floor":25},{"not_picked":["Anger","Entrench","Power Through"],"picked":"SKIP","floor":27},{"not_picked":["Pommel Strike","Carnage","Anger"],"picked":"SKIP","floor":28}],"player_experience":184098,"relics_obtained":[{"floor":6.0,"key":"Anchor"},{"floor":8.0,"key":"aspiration:HiddenCompartment"},{"floor":9.0,"key":"Self Forming Clay"},{"floor":14.0,"key":"War Paint"},{"floor":21,"key":"Letter Opener"},{"floor":25,"key":"Blue Candle"},{"floor":26,"key":"Mummified Hand"}],"event_choices":[],"is_beta":false,"boss_relics":[{"not_picked":["SacredBark","Ectoplasm"],"picked":"Fusion Hammer"}],"items_purged_floors":[],"is_endless":false,"potions_floor_spawned":[1,7,12,14,20,25],"killed_by":"Hallownest:monsterMisterMushroom","ascension_level":0}}