{"host":"iv24d026eac8pm4e","time":1614272261,"event":{"mods":["BaseMod","Minty Spire (QoL Compilation)"],"gold_per_floor":[109,79,92,102,27,27,27,27,27,44,56,56,56,56,56,131,131,143,143,143],"floor_reached":19,"language":"ENG","playtime":403,"items_purged":[],"score":290,"play_id":"252e9cef-f513-4afe-bc17-f0a89d7ce76c","local_time":"20210225085741","is_ascension_mode":true,"campfire_choices":[{"data":"Doom and Gloom","floor":6,"key":"SMITH"},{"data":"Loop","floor":8,"key":"SMITH"},{"data":"Consume","floor":12,"key":"SMITH"},{"data":"Zap","floor":15,"key":"SMITH"}],"circlet_count":0,"master_deck":["AscendersBane","Strike_B","Strike_B","Defend_B","Defend_B","Defend_B","Defend_B","Zap+1","Dualcast","Loop+1","Doom and Gloom+1","Barrage","Rebound","Consume+1","Creative AI+1","Capacitor+1"],"relics":["Cracked Core","NeowsBlessing","Frozen Egg 2","White Beast Statue","Snecko Eye"],"acts_visited":["Exordium","TheCity"],"potions_floor_usage":[16,18,18],"damage_taken":[{"damage":0,"enemies":"Jaw Worm","floor":1,"turns":1},{"damage":0,"enemies":"Cultist","floor":3,"turns":1},{"damage":0,"enemies":"2 Louse","floor":4,"turns":1},{"damage":9,"enemies":"Red Slaver","floor":10,"turns":3},{"damage":7,"enemies":"Large Slime","floor":11,"turns":5},{"damage":22,"enemies":"Slime Boss","floor":16,"turns":7},{"damage":4,"enemies":"Chosen","floor":18,"turns":4},{"damage":57,"enemies":"3 Byrds","floor":19,"turns":3}],"seed_played":"-366150473034094498","potions_obtained":[{"floor":2,"key":"Block Potion"},{"floor":2,"key":"FearPotion"},{"floor":3,"key":"DistilledChaos"},{"floor":16,"key":"Block Potion"},{"floor":18,"key":"Strength Potion"}],"is_trial":false,"path_per_floor":["M","?","M","M","?","R","?","R","T","M","M","R","?","$","R","B",null,"M","M"],"character_chosen":"DEFECT","items_purchased":[],"campfire_rested":0,"item_purchase_floors":[],"current_hp_per_floor":[64,64,64,64,64,64,64,64,64,55,48,48,48,48,48,26,60,56,0,0],"gold":143,"neow_bonus":"THREE_ENEMY_KILL","is_daily":false,"chose_seed":false,"campfire_upgraded":4,"win_rate":0.0,"timestamp":1614272261,"path_taken":["M","?","M","?","?","R","?","R","T","?","M","R","?","?","R","BOSS","M","M"],"items_purchased_type":[],"build_version":"2020-12-22","purchased_purges":0,"victory":false,"max_hp_per_floor":[71,71,71,71,71,71,71,71,71,71,71,71,71,71,71,71,71,71,71,71],"card_choices":[{"not_picked":["Conserve Battery","Rebound"],"picked":"Loop","floor":1},{"not_picked":["Conserve Battery","Leap"],"picked":"Doom and Gloom","floor":3},{"not_picked":["Tempest","Leap"],"picked":"Barrage","floor":4},{"not_picked":["Reprogram","Go for the Eyes"],"picked":"Rebound","floor":10},{"not_picked":["Auto Shields","Rebound"],"picked":"Consume","floor":11},{"not_picked":["Machine Learning+1","Thunder Strike"],"picked":"Creative AI+1","floor":16},{"not_picked":["Stack","Beam Cell"],"picked":"Capacitor+1","floor":18}],"player_experience":2628920,"relics_obtained":[{"floor":9,"key":"Frozen Egg 2"}],"event_choices":[{"damage_healed":0,"gold_gain":0,"player_choice":"Bought 2 Potions","damage_taken":0,"max_hp_gain":0,"max_hp_loss":0,"event_name":"The Woman in Blue","floor":2,"gold_loss":0},{"cards_removed":["Strike_B"],"damage_healed":0,"gold_gain":0,"player_choice":"Card Removal","damage_taken":0,"max_hp_gain":0,"max_hp_loss":0,"event_name":"The Cleric","floor":5,"gold_loss":75},{"cards_removed":["Strike_B"],"damage_healed":0,"gold_gain":0,"player_choice":"Offered Basic","damage_taken":0,"max_hp_gain":0,"max_hp_loss":0,"event_name":"Bonfire Elementals","floor":7,"gold_loss":0},{"damage_healed":0,"gold_gain":0,"player_choice":"Searched \u00271\u0027 times","damage_taken":0,"relics_obtained":["White Beast Statue"],"max_hp_gain":0,"max_hp_loss":0,"event_name":"Dead Adventurer","floor":13,"gold_loss":0}],"is_beta":false,"boss_relics":[{"not_picked":["SlaversCollar","Empty Cage"],"picked":"Snecko Eye"}],"items_purged_floors":[],"is_endless":false,"potions_floor_spawned":[3,4,10,16,18],"killed_by":"3 Byrds","ascension_level":17}}