{"host":"kvrrge95grenviwt","time":1614247918,"event":{"mods":["AchievementEnabler","BaseMod","Better Vampires","Colored Map","Colored Powertips","Highlight Path","Minty Spire (QoL Compilation)","noobMod"],"gold_per_floor":[118,133,24,35,55,55,82,82,82,99,99,116,191,225,225,323,323,338,357,371,384,399,424,424,452,452,478,84,98,130,142,142,240,240,253,253,608,608,626,657,142,173,173,173,193,193,211,245,245,245,245,245,20,52,52],"floor_reached":56,"language":"ZHS","playtime":4086,"items_purged":["Strike_R","Strike_R","Sever Soul+1"],"score":1839,"play_id":"882fceff-aef3-444c-9154-5fb492c0518f","local_time":"20210225181158","is_ascension_mode":true,"campfire_choices":[{"data":"Body Slam","floor":6.0,"key":"SMITH"},{"data":"Second Wind","floor":8.0,"key":"SMITH"},{"floor":11.0,"key":"REST"},{"data":"Pommel Strike","floor":15.0,"key":"SMITH"},{"floor":32.0,"key":"RECALL"},{"data":"Offering","floor":46,"key":"SMITH"},{"data":"Barricade","floor":49,"key":"SMITH"},{"data":"Burning Pact","floor":52,"key":"SMITH"}],"circlet_count":0,"master_deck":["Strike_R","Defend_R","Defend_R","Defend_R","Defend_R","Bash","Body Slam+1","Power Through","Second Wind+1","Havoc","Sentinel","Pommel Strike+1","Feel No Pain","Shrug It Off","Impervious","Burning Pact+1","Seeing Red","Dark Embrace+1","Dark Embrace","Seeing Red+1","Barricade+1","Offering+1","Burning Pact+1","Apotheosis","Dark Embrace+1","Bloodletting+1","Feel No Pain+1","Feel No Pain+1","Exhume"],"relics":["Burning Blood","ice","NeowsBlessing","Bronze Scales","InkBottle","Prayer Wheel","Black Star","Ancient Tea Set","Eternal Feather","Potion Belt","Whetstone","Blue Candle","Anchor","Singing Bowl","Oddly Smooth Stone","Darkstone Periapt","Cursed Key","Old Coin","Champion Belt","Bag of Marbles","Bottled Tornado","Cauldron","Sundial","PreservedInsect","Incense Burner","Vajra","Membership Card","Bag of Preparation","Toy Ornithopter"],"acts_visited":["Exordium","TheCity","TheBeyond","TheEnding"],"potions_floor_usage":[45,55,55,55,55,55,55,55],"damage_taken":[{"damage":0.0,"enemies":"Small Slimes","floor":1.0,"turns":1.0},{"damage":0.0,"enemies":"Cultist","floor":2.0,"turns":1.0},{"damage":0.0,"enemies":"2 Louse","floor":4.0,"turns":1.0},{"damage":40.0,"enemies":"Exordium Thugs","floor":5.0,"turns":8.0},{"damage":36.0,"enemies":"Lagavulin","floor":7.0,"turns":9.0},{"damage":9.0,"enemies":"Exordium Wildlife","floor":10.0,"turns":4.0},{"damage":0.0,"enemies":"2 Fungi Beasts","floor":12.0,"turns":3.0},{"damage":11.0,"enemies":"Gremlin Nob","floor":14.0,"turns":5.0},{"damage":11.0,"enemies":"Hexaghost","floor":16.0,"turns":13.0},{"damage":0.0,"enemies":"3 Byrds","floor":18.0,"turns":3.0},{"damage":19.0,"enemies":"2 Thieves","floor":19.0,"turns":5.0},{"damage":41.0,"enemies":"Shelled Parasite and Fungi","floor":20.0,"turns":9.0},{"damage":26.0,"enemies":"Snecko","floor":21.0,"turns":6.0},{"damage":20.0,"enemies":"3 Cultists","floor":22.0,"turns":8.0},{"damage":23.0,"enemies":"Book of Stabbing","floor":23.0,"turns":6.0},{"damage":7.0,"enemies":"Slavers","floor":25.0,"turns":6.0},{"damage":1.0,"enemies":"Book of Stabbing","floor":27.0,"turns":7.0},{"damage":4.0,"enemies":"Shelled Parasite and Fungi","floor":29.0,"turns":3.0},{"damage":21.0,"enemies":"Slavers","floor":30.0,"turns":5.0},{"damage":2.0,"enemies":"Snake Plant","floor":31.0,"turns":4.0},{"damage":0.0,"enemies":"Automaton","floor":33.0,"turns":6.0},{"damage":6.0,"enemies":"3 Darklings","floor":35.0,"turns":4.0},{"damage":6.0,"enemies":"2 Orb Walkers","floor":37.0,"turns":2.0},{"damage":16.0,"enemies":"3 Shapes","floor":39.0,"turns":3.0},{"damage":6.0,"enemies":"Reptomancer","floor":40.0,"turns":4.0},{"damage":6.0,"enemies":"Nemesis","floor":42.0,"turns":3.0},{"damage":12,"enemies":"Jaw Worm Horde","floor":45,"turns":1},{"damage":0,"enemies":"Sphere and 2 Shapes","floor":47,"turns":3},{"damage":9,"enemies":"Giant Head","floor":48,"turns":1},{"damage":6,"enemies":"Time Eater","floor":50,"turns":4},{"damage":6,"enemies":"Shield and Spear","floor":54,"turns":2},{"damage":9,"enemies":"The Heart","floor":55,"turns":3}],"seed_played":"3831711745400459324","potions_obtained":[{"floor":1.0,"key":"AttackPotion"},{"floor":2.0,"key":"SkillPotion"},{"floor":7.0,"key":"LiquidMemories"},{"floor":20.0,"key":"Dexterity Potion"},{"floor":21.0,"key":"Regen Potion"},{"floor":22.0,"key":"BloodPotion"},{"floor":23.0,"key":"AttackPotion"},{"floor":29.0,"key":"BloodPotion"},{"floor":30.0,"key":"BloodPotion"},{"floor":37.0,"key":"GamblersBrew"},{"floor":40.0,"key":"AttackPotion"},{"floor":41.0,"key":"GamblersBrew"},{"floor":41.0,"key":"DistilledChaos"},{"floor":48,"key":"AttackPotion"}],"is_trial":false,"path_per_floor":["M","M","$","M","M","R","E","R","T","M","R","M","?","E","R","B",null,"M","M","M","M","M","E","?","E","T","E","$","M","E","M","R","B",null,"M","?","?","?","M","E","$","E","T","?","M","R","M","E","R","B",null,"R","$","E","B",null],"character_chosen":"IRONCLAD","items_purchased":["Second Wind","Singing Bowl","PowerPotion","Bottled Tornado","Cauldron","Membership Card","EntropicBrew","Swift Potion"],"campfire_rested":1,"item_purchase_floors":[3,28,28,41,41,53,53,53],"current_hp_per_floor":[80,80,80,80,46,46,16,16,16,13,37,43,35,30,30,25,80,80,67,32,12,29,12,12,11,11,16,16,38,39,47,59,65,88,90,84,86,86,78,78,78,78,78,78,74,89,97,96,99,99,99,99,99,101,101],"gold":52,"neow_bonus":"THREE_ENEMY_KILL","is_daily":false,"chose_seed":false,"campfire_upgraded":6,"win_rate":0.0,"timestamp":1614247918,"path_taken":["M","M","$","M","M","R","E","R","T","M","R","M","?","E","R","BOSS","M","M","M","?","?","E","?","E","T","E","?","?","E","M","R","BOSS","M","?","?","?","M","E","$","E","T","?","M","R","M","E","R","BOSS","R","$","E","BOSS"],"items_purchased_type":["Card","Relic","Potion","Relic","Relic","Relic","Potion","Potion"],"build_version":"2020-12-22","purchased_purges":3,"victory":true,"max_hp_per_floor":[80,80,80,80,80,80,80,80,80,80,80,80,80,80,80,80,80,80,80,80,80,80,80,80,80,80,80,80,84,84,88,88,88,88,90,94,96,91,93,93,93,93,93,93,95,95,97,99,99,99,99,99,99,101,101],"card_choices":[{"not_picked":["Entrench","True Grit"],"picked":"Body Slam","floor":1.0},{"not_picked":["Dual Wield","Cleave"],"picked":"Power Through","floor":2.0},{"not_picked":["Heavy Blade","Sword Boomerang"],"picked":"Havoc","floor":4.0},{"not_picked":["Wild Strike","Dropkick"],"picked":"Sever Soul","floor":5.0},{"not_picked":["Anger","Seeing Red"],"picked":"Sentinel","floor":7.0},{"not_picked":["Perfected Strike","Reckless Charge"],"picked":"Pommel Strike","floor":10.0},{"not_picked":["Iron Wave","Feed"],"picked":"Feel No Pain","floor":12.0},{"not_picked":["Heavy Blade","Reckless Charge"],"picked":"Shrug It Off","floor":14.0},{"not_picked":["Bludgeon","Berserk"],"picked":"Impervious","floor":16.0},{"not_picked":["Sword Boomerang","Battle Trance"],"picked":"Burning Pact","floor":18.0},{"not_picked":["Ghostly Armor","Pommel Strike"],"picked":"Seeing Red","floor":18.0},{"not_picked":["Clothesline","Armaments+1"],"picked":"Dark Embrace+1","floor":19.0},{"not_picked":["Wild Strike","Armaments","Pommel Strike+1"],"picked":"SKIP","floor":19.0},{"not_picked":["Pommel Strike","Sentinel","Fiend Fire"],"picked":"SKIP","floor":20.0},{"not_picked":["Heavy Blade+1","Anger","Body Slam+1"],"picked":"SKIP","floor":20.0},{"not_picked":["Clothesline","Feel No Pain"],"picked":"Dark Embrace","floor":21.0},{"not_picked":["Havoc","Clash+1","Reckless Charge"],"picked":"SKIP","floor":21.0},{"not_picked":["Clothesline","Twin Strike"],"picked":"Seeing Red+1","floor":22.0},{"not_picked":["Wild Strike","Headbutt","Flex"],"picked":"SKIP","floor":22.0},{"not_picked":["Rampage","Warcry","Dropkick+1"],"picked":"SKIP","floor":23.0},{"not_picked":["Evolve","Spot Weakness+1","Perfected Strike+1"],"picked":"SKIP","floor":25.0},{"not_picked":["Wild Strike","True Grit","Body Slam+1"],"picked":"SKIP","floor":27.0},{"not_picked":["Shrug It Off","Anger+1","Flex"],"picked":"Singing Bowl","floor":29.0},{"not_picked":["Warcry","Sever Soul","Armaments"],"picked":"Singing Bowl","floor":29.0},{"not_picked":["Spot Weakness","Headbutt"],"picked":"Barricade","floor":30.0},{"not_picked":["Twin Strike","Sword Boomerang","Infernal Blade+1"],"picked":"Singing Bowl","floor":31.0},{"not_picked":["Perfected Strike+1","Iron Wave+1","Anger"],"picked":"Singing Bowl","floor":31.0},{"not_picked":["Exhume","Double Tap"],"picked":"Offering","floor":33.0},{"not_picked":["Cleave","True Grit"],"picked":"Burning Pact+1","floor":35.0},{"not_picked":["Power Through+1","True Grit+1","Burning Pact+1"],"picked":"Singing Bowl","floor":35.0},{"not_picked":["Sadistic Nature","The Bomb","Magnetism"],"picked":"Singing Bowl","floor":36.0},{"not_picked":["Swift Strike","Dark Shackles"],"picked":"Apotheosis","floor":36.0},{"not_picked":["Discovery","Deep Breath","Good Instincts"],"picked":"Singing Bowl","floor":36.0},{"not_picked":["Iron Wave","Thunderclap","Anger"],"picked":"Singing Bowl","floor":37.0},{"not_picked":["Infernal Blade","Bloodletting+1"],"picked":"Dark Embrace+1","floor":39.0},{"not_picked":["Armaments+1","Battle Trance+1","Wild Strike"],"picked":"Singing Bowl","floor":39.0},{"not_picked":["Blood for Blood","Clothesline+1"],"picked":"Bloodletting+1","floor":40.0},{"not_picked":["Uppercut","Brutality"],"picked":"Feel No Pain+1","floor":42.0},{"not_picked":["Body Slam+1","Wild Strike"],"picked":"Feel No Pain+1","floor":45},{"not_picked":["Wild Strike","Dual Wield+1","Whirlwind"],"picked":"Singing Bowl","floor":45},{"not_picked":["Body Slam","Anger+1"],"picked":"Exhume","floor":47},{"not_picked":["Evolve+1","Thunderclap+1","Intimidate"],"picked":"Singing Bowl","floor":47},{"not_picked":["Juggernaut","Inflame","Sword Boomerang"],"picked":"Singing Bowl","floor":48},{"not_picked":["Uppercut","Sword Boomerang+1","Rupture"],"picked":"Singing Bowl","floor":54}],"player_experience":293787,"relics_obtained":[{"floor":7.0,"key":"Bronze Scales"},{"floor":9.0,"key":"InkBottle"},{"floor":14.0,"key":"Prayer Wheel"},{"floor":23.0,"key":"Ancient Tea Set"},{"floor":23.0,"key":"Eternal Feather"},{"floor":25.0,"key":"Potion Belt"},{"floor":25.0,"key":"Whetstone"},{"floor":27.0,"key":"Blue Candle"},{"floor":27.0,"key":"Anchor"},{"floor":30.0,"key":"Oddly Smooth Stone"},{"floor":30.0,"key":"Darkstone Periapt"},{"floor":37.0,"key":"Old Coin"},{"floor":40.0,"key":"Champion Belt"},{"floor":40.0,"key":"Bag of Marbles"},{"floor":42.0,"key":"Sundial"},{"floor":42.0,"key":"PreservedInsect"},{"floor":48,"key":"Incense Burner"},{"floor":48,"key":"Vajra"},{"floor":54,"key":"Bag of Preparation"},{"floor":54,"key":"Toy Ornithopter"}],"event_choices":[{"damage_healed":0.0,"max_hp_gain":0.0,"max_hp_loss":0.0,"gold_gain":75.0,"event_name":"FaceTrader","player_choice":"Touch","floor":13.0,"gold_loss":0.0,"damage_taken":8.0},{"cards_removed":["Strike_R"],"damage_healed":0.0,"max_hp_gain":0.0,"max_hp_loss":0.0,"gold_gain":0.0,"event_name":"Back to Basics","player_choice":"Elegance","floor":24.0,"gold_loss":0.0,"damage_taken":0.0},{"damage_healed":0.0,"max_hp_gain":0.0,"max_hp_loss":0.0,"gold_gain":0.0,"event_name":"SensoryStone","player_choice":"Memory 3","floor":36.0,"gold_loss":0.0,"damage_taken":10.0},{"damage_healed":0.0,"max_hp_gain":0.0,"max_hp_loss":0.0,"gold_gain":0.0,"event_name":"Mysterious Sphere","player_choice":"Fight","floor":37.0,"gold_loss":0.0,"damage_taken":0.0},{"damage_healed":0.0,"max_hp_gain":0.0,"max_hp_loss":5.0,"gold_gain":0.0,"event_name":"Winding Halls","player_choice":"Max HP","floor":38.0,"gold_loss":0.0,"damage_taken":0.0},{"cards_removed":["Strike_R"],"damage_healed":0,"gold_gain":0,"player_choice":"Removed Attack","damage_taken":0,"max_hp_gain":0,"max_hp_loss":0,"event_name":"Falling","floor":44,"gold_loss":0}],"is_beta":false,"boss_relics":[{"not_picked":["Tiny House","SacredBark"],"picked":"Black Star"},{"not_picked":["Pandora\u0027s Box","Snecko Eye"],"picked":"Cursed Key"}],"items_purged_floors":[3,28,41],"is_endless":false,"potions_floor_spawned":[1,2,7,10,14,20,21,22,23,29,30,37,40,42,48],"ascension_level":2}}