{"host":"2lpgcsidu5xufd3q","time":1614234495,"event":{"mods":["BaseMod","Colored Map","Hubris","Minty Spire (QoL Compilation)","Quick Restart","Replay The Spire","StSLib"],"gold_per_floor":[117,129,144,144,162,188,199,199,199],"floor_reached":8,"language":"ENG","playtime":365,"items_purged":[],"score":63,"play_id":"a48134a4-e179-49a3-9614-4bfac4f0d299","local_time":"20210225012815","is_ascension_mode":true,"campfire_choices":[],"circlet_count":0,"master_deck":["Strike_P","Strike_P","Strike_P","Strike_P","Defend_P","Defend_P","Defend_P","Defend_P","Eruption","Vigilance","FlyingSleeves","FlyingSleeves","SandsOfTime","Crescendo","WindmillStrike","EmptyBody"],"relics":["PureWater","NeowsBlessing","Replay:Kaleidoscope"],"acts_visited":["Exordium"],"potions_floor_usage":[8],"damage_taken":[{"damage":0.0,"enemies":"Cultist","floor":1.0,"turns":1.0},{"damage":0.0,"enemies":"Small Slimes","floor":2.0,"turns":1.0},{"damage":0.0,"enemies":"2 Louse","floor":3.0,"turns":1.0},{"damage":2.0,"enemies":"Blue Slaver","floor":5.0,"turns":6.0},{"damage":50.0,"enemies":"3 Sentries","floor":6.0,"turns":6.0},{"damage":7.0,"enemies":"Exordium Thugs","floor":7.0,"turns":3.0},{"damage":35,"enemies":"Gremlin Nob","floor":8,"turns":3}],"seed_played":"-5670765596795636861","potions_obtained":[{"floor":2.0,"key":"Languid Potion"},{"floor":6.0,"key":"DuplicationPotion"},{"floor":7.0,"key":"SkillPotion"}],"is_trial":false,"path_per_floor":["M","M","M","$","M","E","M","E"],"character_chosen":"WATCHER","items_purchased":[],"campfire_rested":0,"item_purchase_floors":[],"current_hp_per_floor":[72,72,72,72,70,20,13,0,0],"gold":199,"neow_bonus":"THREE_ENEMY_KILL","is_daily":false,"chose_seed":false,"campfire_upgraded":0,"win_rate":0.0,"timestamp":1614234495,"path_taken":["M","M","M","$","M","E","M","E"],"items_purchased_type":[],"build_version":"2020-12-22","purchased_purges":0,"victory":false,"max_hp_per_floor":[72,72,72,72,72,72,72,72,72],"card_choices":[{"not_picked":["ThirdEye","Replay:BluntJabs"],"picked":"FlyingSleeves","floor":1.0},{"not_picked":["Weave","Halt"],"picked":"FlyingSleeves","floor":2.0},{"not_picked":["ForeignInfluence","Vault"],"picked":"SandsOfTime","floor":3.0},{"not_picked":["EmptyBody","Fasting2"],"picked":"Crescendo","floor":5.0},{"not_picked":["Indignation","SignatureMove"],"picked":"WindmillStrike","floor":6.0},{"not_picked":["ClearTheMind","Replay:Battleflow"],"picked":"EmptyBody","floor":7.0}],"player_experience":928817,"relics_obtained":[{"floor":6.0,"key":"Replay:Kaleidoscope"}],"event_choices":[],"is_beta":false,"boss_relics":[],"items_purged_floors":[],"is_endless":false,"potions_floor_spawned":[2,6,7],"killed_by":"Gremlin Nob","ascension_level":1}}