{"host":"jt67skv49snb75sm","time":1614286734,"event":{"mods":["BaseMod","Bestiary","Minty Spire (QoL Compilation)","Relic Stats"],"gold_per_floor":[115,115,190,25,41,41,74,74,99,123,134,148,157,178,187,187,187],"floor_reached":16,"language":"ENG","playtime":436,"items_purged":[],"score":204,"play_id":"d0e685cc-8cf1-4363-bdb5-2855b5c41fcc","local_time":"20210225215854","is_ascension_mode":true,"campfire_choices":[{"data":"Doom and Gloom","floor":6,"key":"SMITH"},{"floor":13,"key":"REST"},{"floor":15,"key":"REST"}],"circlet_count":0,"master_deck":["AscendersBane","Strike_B","Strike_B","Strike_B","Strike_B+1","Defend_B","Defend_B+1","Defend_B","Defend_B","Zap","Dualcast","Compile Driver","Coolheaded","Doom and Gloom+1","Cold Snap","Conserve Battery","Cold Snap","Hyperbeam","Ball Lightning","Auto Shields","Stack","Melter"],"relics":["Cracked Core","Orrery","Dream Catcher","CeramicFish"],"acts_visited":[],"potions_floor_usage":[7,14],"damage_taken":[{"damage":9,"enemies":"Small Slimes","floor":1,"turns":3},{"damage":0,"enemies":"2 Louse","floor":5,"turns":2},{"damage":25,"enemies":"3 Sentries","floor":7,"turns":7},{"damage":5,"enemies":"Jaw Worm","floor":10,"turns":2},{"damage":0,"enemies":"Looter","floor":11,"turns":2},{"damage":2,"enemies":"Blue Slaver","floor":12,"turns":4},{"damage":2,"enemies":"Exordium Thugs","floor":14,"turns":3},{"damage":61,"enemies":"Slime Boss","floor":16,"turns":5}],"seed_played":"8276132741649108553","potions_obtained":[{"floor":5,"key":"Regen Potion"},{"floor":7,"key":"SteroidPotion"}],"is_trial":false,"path_per_floor":["M","?","?","$","M","R","E","?","T","M","M","M","R","M","R","B"],"character_chosen":"DEFECT","items_purchased":["Orrery"],"campfire_rested":2,"item_purchase_floors":[4],"current_hp_per_floor":[62,67,56,56,56,56,46,21,21,16,16,14,38,36,60,0,0],"gold":187,"neow_bonus":"TEN_PERCENT_HP_BONUS","is_daily":false,"chose_seed":false,"campfire_upgraded":1,"win_rate":0.0,"timestamp":1614286734,"path_taken":["M","?","?","$","M","R","E","?","T","M","M","M","R","M","R","BOSS"],"items_purchased_type":["Relic"],"build_version":"2020-12-22","purchased_purges":0,"victory":false,"max_hp_per_floor":[78,83,83,83,83,83,83,83,83,83,83,83,83,83,83,83,83],"relic_stats":{"Dream Catcher":2,"counters":[8,28],"CeramicFish":36,"obtain_stats":[{"Dream Catcher":7,"CeramicFish":9,"Orrery":4,"Cracked Core":0},{"Dream Catcher":3,"CeramicFish":3,"Orrery":1,"Cracked Core":0},{"Dream Catcher":12,"CeramicFish":12,"Orrery":3,"Cracked Core":0}]},"card_choices":[{"not_picked":["Redo","Consume"],"picked":"Compile Driver","floor":1},{"not_picked":["Redo","Scrape"],"picked":"Coolheaded","floor":4},{"not_picked":["Cold Snap","Conserve Battery"],"picked":"Doom and Gloom","floor":4},{"not_picked":["Rebound","Steam"],"picked":"Cold Snap","floor":4},{"not_picked":["Static Discharge","Streamline"],"picked":"Conserve Battery","floor":4},{"not_picked":["Barrage","Force Field"],"picked":"Cold Snap","floor":5},{"not_picked":["Barrage","Conserve Battery"],"picked":"Hyperbeam","floor":7},{"not_picked":["Conserve Battery","Streamline"],"picked":"Ball Lightning","floor":10},{"not_picked":["Hologram","Compile Driver","Redo"],"picked":"SKIP","floor":11},{"not_picked":["Storm","Beam Cell","Steam"],"picked":"SKIP","floor":12},{"not_picked":["Beam Cell","Gash"],"picked":"Auto Shields","floor":13},{"not_picked":["Chill","Hello World"],"picked":"Stack","floor":14},{"not_picked":["Hologram","Tempest"],"picked":"Melter","floor":15}],"player_experience":908087,"relics_obtained":[{"floor":7,"key":"Dream Catcher"},{"floor":9,"key":"CeramicFish"}],"event_choices":[{"damage_healed":0,"gold_gain":0,"player_choice":"Donut","damage_taken":0,"max_hp_gain":5,"max_hp_loss":0,"event_name":"Big Fish","floor":2,"gold_loss":0},{"damage_healed":0,"gold_gain":75,"player_choice":"Gather Gold","damage_taken":11,"max_hp_gain":0,"max_hp_loss":0,"event_name":"World of Goop","floor":3,"gold_loss":0},{"damage_healed":0,"gold_gain":0,"player_choice":"Entered Light","damage_taken":25,"max_hp_gain":0,"max_hp_loss":0,"event_name":"Shining Light","floor":8,"gold_loss":0,"cards_upgraded":["Defend_B","Strike_B"]}],"is_beta":false,"boss_relics":[],"items_purged_floors":[],"is_endless":false,"potions_floor_spawned":[5,7],"killed_by":"Slime Boss","ascension_level":20}}