{"host":"lr7e131drr5jge75","time":1614244107,"event":{"mods":["BaseMod","BetterRewards","Minty Spire (QoL Compilation)","Permanent Neow","Quick Restart","StSLib"],"gold_per_floor":[117,117,117,135,146,181,181,207,207,207,225,225,256,266,266,367,367,307,232,232,93,93,93,93,93,93,93,93,93,93,93,93,93,93,93,0,0,0,0,0,0,0,0,0,0,0,0,0,0,0],"floor_reached":51,"language":"ENG","playtime":2547,"items_purged":["Vigilance","Eruption+1"],"score":892,"play_id":"10e67add-428c-4a0b-8c16-e377f2b75a7c","local_time":"20210225010827","is_ascension_mode":false,"campfire_choices":[{"data":"CarveReality","floor":7.0,"key":"SMITH"},{"floor":12.0,"key":"REST"},{"data":"Pray","floor":15.0,"key":"SMITH"},{"data":"BattleHymn","floor":23,"key":"SMITH"},{"floor":25,"key":"REST"},{"data":"Establishment","floor":29,"key":"SMITH"},{"data":"SandsOfTime","floor":32,"key":"SMITH"},{"floor":40,"key":"DIG"},{"floor":42,"key":"DIG"},{"floor":44,"key":"DIG"},{"floor":49,"key":"DIG"}],"circlet_count":0,"master_deck":["Strike_P+1","Strike_P","Strike_P","Strike_P","Defend_P+1","Defend_P","Defend_P+1","CarveReality+1","WindmillStrike+1","Evaluate","Pray+1","BattleHymn+1","Prostrate+1","Establishment+1","SandsOfTime+1","MasterReality+1","CurseOfTheBell"],"relics":["PureWater","Whetstone","Matryoshka","Anchor","Vajra","InkBottle","Nunchaku","Damaru","Ectoplasm","Toxic Egg 2","Frozen Egg 2","Calling Bell","Happy Flower","Blue Candle","Shovel","Red Mask","MealTicket","Meat on the Bone","Bag of Preparation","Ornamental Fan","Ginger","Mango"],"acts_visited":["Exordium","TheCity","TheBeyond"],"potions_floor_usage":[16,31,33,33,33,45,48,50,50],"damage_taken":[{"damage":0.0,"enemies":"2 Louse","floor":1.0,"turns":2.0},{"damage":0.0,"enemies":"Cultist","floor":4.0,"turns":1.0},{"damage":0.0,"enemies":"Jaw Worm","floor":5.0,"turns":2.0},{"damage":1.0,"enemies":"3 Sentries","floor":6.0,"turns":6.0},{"damage":28.0,"enemies":"Lagavulin","floor":8.0,"turns":4.0},{"damage":0.0,"enemies":"Red Slaver","floor":11.0,"turns":2.0},{"damage":0.0,"enemies":"3 Sentries","floor":13.0,"turns":3.0},{"damage":2.0,"enemies":"Exordium Thugs","floor":14.0,"turns":2.0},{"damage":7,"enemies":"The Guardian","floor":16,"turns":4},{"damage":8,"enemies":"2 Thieves","floor":18,"turns":3},{"damage":0,"enemies":"3 Byrds","floor":20,"turns":3},{"damage":12,"enemies":"Centurion and Healer","floor":24,"turns":3},{"damage":0,"enemies":"Sentry and Sphere","floor":28,"turns":3},{"damage":0,"enemies":"Cultist and Chosen","floor":30,"turns":3},{"damage":11,"enemies":"Slavers","floor":31,"turns":3},{"damage":4,"enemies":"Automaton","floor":33,"turns":5},{"damage":8,"enemies":"Orb Walker","floor":35,"turns":3},{"damage":15,"enemies":"3 Darklings","floor":37,"turns":3},{"damage":3,"enemies":"4 Shapes","floor":38,"turns":3},{"damage":1,"enemies":"Nemesis","floor":41,"turns":3},{"damage":0,"enemies":"Spire Growth","floor":45,"turns":3},{"damage":2,"enemies":"Writhing Mass","floor":46,"turns":3},{"damage":1,"enemies":"Jaw Worm Horde","floor":48,"turns":3},{"damage":21,"enemies":"Donu and Deca","floor":50,"turns":5}],"seed_played":"-1095881924397459636","potions_obtained":[{"floor":1.0,"key":"EssenceOfSteel"},{"floor":6.0,"key":"Regen Potion"},{"floor":11.0,"key":"DuplicationPotion"},{"floor":13.0,"key":"Swift Potion"},{"floor":20,"key":"Fire Potion"},{"floor":28,"key":"AttackPotion"},{"floor":31,"key":"Ancient Potion"},{"floor":35,"key":"SneckoOil"},{"floor":37,"key":"BlessingOfTheForge"},{"floor":38,"key":"SkillPotion"},{"floor":46,"key":"Ancient Potion"}],"is_trial":false,"path_per_floor":["M","?","?","M","M","E","R","E","T","T","M","R","E","M","R","B",null,"M","$","M","$","$","R","M","R","T","?","M","R","M","E","R","B",null,"M","?","M","M","?","R","E","R","T","R","M","M","?","M","R","B",null],"character_chosen":"WATCHER","items_purchased":["BattleHymn"],"campfire_rested":2,"item_purchase_floors":[21],"current_hp_per_floor":[72,58,58,58,58,57,57,41,41,41,41,62,62,60,60,53,72,64,64,64,64,64,64,52,72,72,72,72,72,72,61,61,57,72,64,64,49,46,72,72,71,71,71,71,71,69,82,81,95,74],"gold":0,"neow_bonus":"UPGRADE_CARD","is_daily":false,"chose_seed":false,"campfire_upgraded":5,"win_rate":0.0,"timestamp":1614244107,"path_taken":["M","?","?","M","?","E","R","E","T","?","M","R","E","M","R","BOSS","M","?","M","?","$","R","M","R","T","?","M","R","M","E","R","BOSS","M","?","M","M","?","R","E","R","T","R","?","M","?","M","R","BOSS"],"items_purchased_type":["Card"],"build_version":"2020-12-22","purchased_purges":2,"victory":true,"max_hp_per_floor":[72,72,72,72,72,72,72,72,72,72,72,72,72,72,72,72,72,72,72,72,72,72,72,72,72,72,72,72,72,72,72,72,72,72,72,72,72,72,72,72,72,72,72,72,72,72,82,82,96,96],"card_choices":[{"not_picked":["ClearTheMind","Halt"],"picked":"CarveReality","floor":1.0},{"not_picked":["FearNoEvil","Perseverance"],"picked":"WindmillStrike","floor":4.0},{"not_picked":["CutThroughFate","ForeignInfluence","FlyingSleeves"],"picked":"SKIP","floor":5.0},{"not_picked":["FlurryOfBlows","InnerPeace","SpiritShield"],"picked":"SKIP","floor":6.0},{"not_picked":["Perseverance","Brilliance"],"picked":"Evaluate","floor":8.0},{"not_picked":["Protect","Nirvana"],"picked":"Pray","floor":11.0},{"not_picked":["Wallop","Perseverance","FearNoEvil"],"picked":"SKIP","floor":13.0},{"not_picked":["BowlingBash","ThirdEye","SashWhip"],"picked":"SKIP","floor":14.0},{"not_picked":["ThirdEye+1","ForeignInfluence+1","PathToVictory+1"],"picked":"SKIP","floor":18},{"not_picked":["Evaluate","JustLucky","FlurryOfBlows+1"],"picked":"SKIP","floor":20},{"not_picked":["Conclude","SashWhip"],"picked":"Prostrate+1","floor":24},{"not_picked":["Conclude","BowlingBash","Protect+1"],"picked":"SKIP","floor":28},{"not_picked":["Perseverance+1","DeusExMachina+1","ThirdEye+1"],"picked":"SKIP","floor":30},{"not_picked":["ThirdEye+1","ForeignInfluence+1"],"picked":"SandsOfTime","floor":31},{"not_picked":["Alpha+1","LessonLearned"],"picked":"MasterReality+1","floor":33},{"not_picked":["JustLucky","Conclude+1","Swivel+1"],"picked":"SKIP","floor":35},{"not_picked":["Halt+1","Indignation+1","CrushJoints"],"picked":"SKIP","floor":37},{"not_picked":["PathToVictory+1","Sanctity+1","Protect+1"],"picked":"SKIP","floor":38},{"not_picked":["PathToVictory+1","Brilliance"],"picked":"Scrawl+1","floor":41},{"not_picked":["Evaluate+1","SashWhip","FlurryOfBlows+1"],"picked":"SKIP","floor":45},{"not_picked":["FlyingSleeves+1","ThirdEye+1","JustLucky+1"],"picked":"SKIP","floor":46},{"not_picked":["Consecrate+1","Protect+1","SashWhip+1"],"picked":"SKIP","floor":48}],"player_experience":38077,"relics_obtained":[{"floor":6.0,"key":"Whetstone"},{"floor":8.0,"key":"Matryoshka"},{"floor":9.0,"key":"Anchor"},{"floor":9.0,"key":"Vajra"},{"floor":10.0,"key":"InkBottle"},{"floor":10.0,"key":"Nunchaku"},{"floor":13.0,"key":"Damaru"},{"floor":26,"key":"Toxic Egg 2"},{"floor":31,"key":"Frozen Egg 2"},{"floor":34,"key":"Happy Flower"},{"floor":34,"key":"Blue Candle"},{"floor":34,"key":"Shovel"},{"floor":40,"key":"MealTicket"},{"floor":41,"key":"Meat on the Bone"},{"floor":42,"key":"Bag of Preparation"},{"floor":43,"key":"Ornamental Fan"},{"floor":44,"key":"Ginger"},{"floor":49,"key":"Mango"}],"event_choices":[{"damage_healed":0.0,"max_hp_gain":0.0,"max_hp_loss":0.0,"gold_gain":0.0,"event_name":"Shining Light","player_choice":"Entered Light","floor":2.0,"gold_loss":0.0,"damage_taken":14.0,"cards_upgraded":["Defend_P","Defend_P"]},{"cards_removed":["Defend_P"],"damage_healed":0.0,"max_hp_gain":0.0,"max_hp_loss":0.0,"gold_gain":0.0,"event_name":"Purifier","player_choice":"Purged","floor":3.0,"gold_loss":0.0,"damage_taken":0.0},{"damage_healed":0,"gold_gain":0,"player_choice":"Read","damage_taken":0,"max_hp_gain":0,"max_hp_loss":0,"event_name":"The Library","floor":27,"gold_loss":0,"cards_obtained":["Establishment"]},{"damage_healed":0,"gold_gain":0,"player_choice":"Paid","damage_taken":0,"relics_obtained":["Red Mask"],"max_hp_gain":0,"max_hp_loss":0,"event_name":"Tomb of Lord Red Mask","floor":36,"gold_loss":93},{"damage_healed":26,"gold_gain":0,"player_choice":"Full Heal","damage_taken":0,"max_hp_gain":0,"max_hp_loss":0,"event_name":"Wheel of Change","floor":39,"gold_loss":0},{"cards_removed":["Scrawl"],"damage_healed":3,"gold_gain":0,"player_choice":"Offered Rare","damage_taken":0,"max_hp_gain":10,"max_hp_loss":0,"event_name":"Bonfire Elementals","floor":47,"gold_loss":0}],"is_beta":false,"boss_relics":[{"not_picked":["Fusion Hammer","Astrolabe"],"picked":"Ectoplasm"},{"not_picked":["Busted Crown","Snecko Eye"],"picked":"Calling Bell"}],"items_purged_floors":[19,21],"is_endless":false,"potions_floor_spawned":[1,6,11,13,20,28,31,35,37,38,46],"ascension_level":0}}