{"host":"ggy1mjjy92c62u6a","time":1614253189,"event":{"mods":["10 clothes from DAL","ATMod(阿瑾Mod)","Act Like it!","BaseMod","Colored Powertips","GifTheSpireLib","Infinite Spire","Library of Ruina","Library of Ruina Extra","Lobotomy","LobotomyExtend","Marisa（F雨　魔理沙）","Minty Spire (QoL Compilation)","Quick Restart","Relic Filter Mod","Relic Stats","Reliquary","Remilia（蕾米莉亚）","Replay The Spire","RumiaBox-露米娅的神秘盒子","Shop Mod","Spicy Shops","StSLib","SuperFastMode","Youmu（魂魄妖梦）","[功能]功能增强和修复MOD","【功能Mod】混沌之环修复补丁","【遗物Mod】死灵法师NEW","【遗物卡牌】REMEMod"],"gold_per_floor":[111,111,130,150,150,150,150,161,161,161,177,241,254,265,265,362,362,372,389,36,62,80,80,92,92,92,144,144,159,159,179,179,253,253,285,285,298,10,45,45,89,89,115,0,100,192,192,192,192,387,437,437,437],"floor_reached":54,"language":"ZHS","playtime":2663,"items_purged":["Parasite","Greed_TH"],"score":1003,"play_id":"f5f141e8-7c67-4d8c-9e50-40760513f4d3","local_time":"20210225193949","is_ascension_mode":false,"campfire_choices":[{"data":"ScarletGensokyo","floor":6.0,"key":"SMITH"},{"data":"ForbiddenFruit","floor":10.0,"key":"SMITH"},{"floor":15.0,"key":"DIG"},{"data":"TricksterDevil","floor":23.0,"key":"SMITH"},{"data":"ChaoticDestiny","floor":25.0,"key":"SMITH"},{"floor":28.0,"key":"REST"},{"data":"ScarletSymphony","floor":30.0,"key":"SMITH"},{"data":"FavorOfDestiny","floor":32.0,"key":"SMITH"},{"floor":40.0,"key":"REST"},{"data":"ChainGang","floor":42.0,"key":"SMITH"},{"floor":49,"key":"REST"}],"circlet_count":0,"master_deck":["Strike_RM","Strike_RM","Strike_RM","Defend_RM","Defend_RM","Defend_RM","Defend_RM","RedMoon","ScarletShoot","Tools of the Trade","UnstableMagic","AfternoonTea","ScarletGensokyo+1","ForbiddenFruit+1","ScarletImprint","ChainGang+1","ScarletSymphony+1","TricksterDevil+1","EndlessAdversity+1","ChaoticDestiny+1","UnstableMagic+1","FavorOfDestiny+1","NightDance+1","ScarletDevilSign","ReincarnationDial+1","BadLadyScramble+1","ScarletShoot","MiserableFate","DemonKingCradle","AbeCurse","BloodyHallows","ScarletDevilSign","DevaForm"],"relics":["ScarletHat","REME_ComplimentaryCards","AT_ATBox","CogitoBucket","LetterFromLob","SumDragon","PageOfNothingThere","reliquary:Spinner","GodSword5","DALC_SEVEN","RingOfChaos2","Baka2","Ice Cream","Matryoshka","Red Mask","PageOfBigBadWolf","infinitespire:CheckeredPen","Abe\u0027s Treasure","AtMidnight","ReplayTheSpireMod:CursedCoin","Happy Flower","AT_MibuBalloonWealth","reliquary:QuartzCube","ScarletDevilRocket","StoneCalendar","REME_ComplimentaryCards"],"acts_visited":["Exordium","TheCity","TheBeyond"],"potions_floor_usage":[48,50,50,51],"damage_taken":[{"damage":0.0,"enemies":"Small Slimes","floor":1.0,"turns":4.0},{"damage":4.0,"enemies":"Cultist","floor":3.0,"turns":8.0},{"damage":0.0,"enemies":"Jaw Worm","floor":4.0,"turns":4.0},{"damage":0.0,"enemies":"Looter","floor":8.0,"turns":2.0},{"damage":2.0,"enemies":"3 Louse","floor":11.0,"turns":4.0},{"damage":2.0,"enemies":"Lagavulin Event","floor":12.0,"turns":6.0},{"damage":0.0,"enemies":"Red Slaver","floor":13.0,"turns":3.0},{"damage":0.0,"enemies":"Gremlin Gang","floor":14.0,"turns":1.0},{"damage":9.0,"enemies":"The Guardian","floor":16.0,"turns":7.0},{"damage":0.0,"enemies":"Spheric Guardian","floor":18.0,"turns":4.0},{"damage":32.0,"enemies":"3 Byrds","floor":19.0,"turns":5.0},{"damage":0.0,"enemies":"Masked Bandits","floor":21.0,"turns":2.0},{"damage":0.0,"enemies":"Shelled Parasite and Fungi","floor":22.0,"turns":2.0},{"damage":20.0,"enemies":"Snake Plant","floor":24.0,"turns":4.0},{"damage":30.0,"enemies":"REME_1_Revenger","floor":27.0,"turns":4.0},{"damage":0.0,"enemies":"Snecko","floor":29.0,"turns":3.0},{"damage":0.0,"enemies":"Centurion and Healer","floor":31.0,"turns":5.0},{"damage":42.0,"enemies":"Champ","floor":33.0,"turns":12.0},{"damage":0.0,"enemies":"Orb Walker","floor":35.0,"turns":7.0},{"damage":2.0,"enemies":"3 Shapes","floor":37.0,"turns":2.0},{"damage":39.0,"enemies":"Maw","floor":39.0,"turns":8.0},{"damage":0.0,"enemies":"Writhing Mass","floor":41.0,"turns":3.0},{"damage":34.0,"enemies":"2 Orb Walkers","floor":45.0,"turns":3.0},{"damage":21.0,"enemies":"Sphere and 2 Shapes","floor":46.0,"turns":4.0},{"damage":0,"enemies":"Transient","floor":48,"turns":1},{"damage":54,"enemies":"Awakened One","floor":50,"turns":9},{"damage":49,"enemies":"Donu and Deca","floor":51,"turns":7}],"seed_played":"-6972482518975616710","potions_obtained":[{"floor":8.0,"key":"SmokeBomb"},{"floor":11.0,"key":"Energy Potion"},{"floor":11.0,"key":"Dexterity Potion"},{"floor":29.0,"key":"REME_GoldPotion"},{"floor":31.0,"key":"Elixir"},{"floor":33.0,"key":"Weak Potion"},{"floor":33.0,"key":"Fire Potion"}],"is_trial":false,"path_per_floor":["M","?","M","M","T","R","?","M","T","R","M","?","M","M","R","B",null,"M","M","$","?","M","R","M","R","T","E","R","M","R","M","R","B",null,"M","?","M","$","M","R","M","R","T","$","?","M","?","M","R","B","B",null,null,null],"character_chosen":"REMILIA","items_purchased":["Ice Cream","Matryoshka","FavorOfDestiny","ReplayTheSpireMod:CursedCoin","Happy Flower","AT_MibuBalloonWealth","BloodyHallows"],"campfire_rested":3,"item_purchase_floors":[20,20,20,38,38,38,38],"current_hp_per_floor":[75,75,71,71,71,71,71,71,71,71,69,69,70,70,70,66,75,75,61,61,50,61,61,47,47,47,17,47,56,56,71,71,41,86,81,81,79,79,52,83,85,85,85,85,51,32,32,32,63,86,64,64,64],"gold":437,"neow_bonus":"","is_daily":false,"chose_seed":false,"campfire_upgraded":7,"win_rate":0.0,"timestamp":1614253189,"path_taken":["M","?","M","?","?","R","?","M","T","R","?","?","M","M","R","BOSS","M","M","$","?","M","R","?","R","T","E","R","M","R","?","R","BOSS","M","?","M","$","M","R","M","R","T","$","?","?","?","M","R","BOSS","BOSS"],"items_purchased_type":["Relic","Relic","Card","Relic","Relic","Relic","Card"],"build_version":"2020-12-22","purchased_purges":2,"victory":true,"max_hp_per_floor":[75,75,75,75,75,75,75,75,75,75,75,75,75,75,75,75,75,75,75,75,83,83,83,83,83,83,83,83,83,83,89,89,89,89,89,89,89,86,86,86,86,86,86,86,86,86,86,86,86,86,86,86,86],"relic_stats":{"Happy Flower":[12],"counters":[31,126],"StoneCalendar":[465],"obtain_stats":[{"SumDragon":3,"Ice Cream":20,"AT_ATBox":0,"ScarletDevilRocket":43,"AT_MibuBalloonWealth":38,"PageOfNothingThere":5,"StoneCalendar":45,"reliquary:QuartzCube":43,"ScarletHat":0,"CogitoBucket":0,"Baka2":18,"Matryoshka":20,"RingOfChaos2":17,"Red Mask":21,"PageOfBigBadWolf":26,"Happy Flower":38,"ReplayTheSpireMod:CursedCoin":38,"DALC_SEVEN":15,"Baka":1,"reliquary:Spinner":9,"infinitespire:CheckeredPen":26,"AtMidnight":35,"LetterFromLob":1,"GodSword5":12,"Abe\u0027s Treasure":34,"REME_ComplimentaryCards":0},{"SumDragon":2,"Ice Cream":12,"AT_ATBox":0,"ScarletDevilRocket":25,"AT_MibuBalloonWealth":23,"PageOfNothingThere":3,"StoneCalendar":26,"reliquary:QuartzCube":25,"ScarletHat":0,"CogitoBucket":0,"Baka2":11,"Matryoshka":12,"RingOfChaos2":10,"Red Mask":13,"PageOfBigBadWolf":16,"Happy Flower":23,"ReplayTheSpireMod:CursedCoin":23,"DALC_SEVEN":9,"Baka":1,"reliquary:Spinner":4,"infinitespire:CheckeredPen":16,"AtMidnight":22,"LetterFromLob":1,"GodSword5":6,"Abe\u0027s Treasure":20,"REME_ComplimentaryCards":0},{"SumDragon":12,"Ice Cream":48,"AT_ATBox":0,"ScarletDevilRocket":102,"AT_MibuBalloonWealth":91,"PageOfNothingThere":15,"StoneCalendar":105,"reliquary:QuartzCube":102,"ScarletHat":0,"CogitoBucket":0,"Baka2":43,"Matryoshka":48,"RingOfChaos2":39,"Red Mask":50,"PageOfBigBadWolf":57,"Happy Flower":91,"ReplayTheSpireMod:CursedCoin":91,"DALC_SEVEN":32,"Baka":4,"reliquary:Spinner":17,"infinitespire:CheckeredPen":57,"AtMidnight":89,"LetterFromLob":4,"GodSword5":27,"Abe\u0027s Treasure":81,"REME_ComplimentaryCards":0}]},"card_choices":[{"not_picked":["DiffusionOfMisfortune","ScarletDevil"],"picked":"UnstableMagic","floor":1.0},{"not_picked":["DevilSight","BloodAndWine"],"picked":"AfternoonTea","floor":3.0},{"not_picked":["VampireSweep","AfternoonTea"],"picked":"ScarletGensokyo","floor":4.0},{"not_picked":["LeisurelyOfLord","StarOfDavid"],"picked":"ForbiddenFruit","floor":8.0},{"not_picked":["HunterOfTheNight","UnstableMagic"],"picked":"ChainGang","floor":11.0},{"not_picked":["RedRainbow","RedNightlessCastle"],"picked":"ScarletSymphony","floor":12.0},{"not_picked":["UnstableMagic","BombardNight","BloodHunter"],"picked":"SKIP","floor":13.0},{"not_picked":["SuperhumanBloodyKnife","UnderTheZenith","CharismaGuard"],"picked":"SKIP","floor":14.0},{"not_picked":["CurseOfVladTepes","BloodySeventeenLaser"],"picked":"TricksterDevil","floor":16.0},{"not_picked":["BloodHunter","VampireKiss"],"picked":"EndlessAdversity+1","floor":18.0},{"not_picked":["BatForm","Stigmanizer"],"picked":"UnstableMagic+1","floor":19.0},{"not_picked":["EndlessAdversity","UnstableMagic+1"],"picked":"NightDance+1","floor":21.0},{"not_picked":["LeisurelyOfLord+1","BloodHunter"],"picked":"ReincarnationDial+1","floor":22.0},{"not_picked":["ScarletImprint","UnstableMagic"],"picked":"BadLadyScramble+1","floor":24.0},{"not_picked":["ForbiddenFruit","UnstableMagic","BloodAndWine"],"picked":"SKIP","floor":27.0},{"not_picked":["RedRainbow","FavorOfDestiny","ScarletImprint"],"picked":"SKIP","floor":29.0},{"not_picked":["RedRainbow","CurseOfVladTepes"],"picked":"MiserableFate","floor":31.0},{"not_picked":["QueenOfMidnight","TransientEternity"],"picked":"DemonKingCradle","floor":33.0},{"not_picked":["LeisurelyOfLord","ScarletImprint","CharismaGuard"],"picked":"SKIP","floor":35.0},{"not_picked":["VampireSweep+1","BloodHunter","MastersStateliness"],"picked":"SKIP","floor":37.0},{"not_picked":["VampireSweep+1","BloodHunter","MastersStateliness"],"picked":"SKIP","floor":37.0},{"not_picked":["ScarletDream+1","BombardNight","BlasphemousPunishment"],"picked":"SKIP","floor":39.0},{"not_picked":["ForbiddenFruit","VampireSweep","BlasphemousPunishment"],"picked":"SKIP","floor":41.0},{"not_picked":["UnstableMagic","ScarletImprint"],"picked":"ScarletDevilSign","floor":45.0},{"not_picked":["ReincarnationDial","HeartBreak","BlasphemousPunishment"],"picked":"SKIP","floor":46.0}],"player_experience":150272,"relics_obtained":[{"floor":1.0,"key":"Baka"},{"floor":1.0,"key":"LetterFromLob"},{"floor":3.0,"key":"SumDragon"},{"floor":5.0,"key":"PageOfNothingThere"},{"floor":9.0,"key":"reliquary:Spinner"},{"floor":12.0,"key":"GodSword5"},{"floor":15.0,"key":"DALC_SEVEN"},{"floor":18.0,"key":"Baka2"},{"floor":21.0,"key":"Red Mask"},{"floor":26.0,"key":"PageOfBigBadWolf"},{"floor":26.0,"key":"infinitespire:CheckeredPen"},{"floor":35.0,"key":"AtMidnight"},{"floor":43.0,"key":"reliquary:QuartzCube"},{"floor":43.0,"key":"ScarletDevilRocket"},{"floor":45.0,"key":"StoneCalendar"},{"floor":46.0,"key":"REME_ComplimentaryCards"}],"event_choices":[{"damage_healed":0.0,"max_hp_gain":0.0,"max_hp_loss":0.0,"gold_gain":0.0,"event_name":"The Woman in Blue","player_choice":"Bought 0 Potions","floor":2.0,"gold_loss":0.0,"damage_taken":0.0},{"damage_healed":0.0,"max_hp_gain":0.0,"max_hp_loss":0.0,"gold_gain":0.0,"cards_transformed":["Strike_RM"],"event_name":"Transmorgrifier","player_choice":"Transformed","floor":7.0,"gold_loss":0.0,"damage_taken":0.0,"cards_obtained":["ScarletImprint"]},{"damage_healed":0.0,"max_hp_gain":0.0,"max_hp_loss":0.0,"gold_gain":0.0,"event_name":"Dead Adventurer","player_choice":"Searched \u00271\u0027 times","floor":12.0,"gold_loss":0.0,"damage_taken":0.0},{"damage_healed":0.0,"max_hp_gain":0.0,"max_hp_loss":0.0,"gold_gain":0.0,"event_name":"Masked Bandits","player_choice":"Fought Bandits","floor":21.0,"gold_loss":0.0,"damage_taken":0.0},{"cards_removed":["ScarletImprint"],"damage_healed":0.0,"max_hp_gain":0.0,"max_hp_loss":0.0,"gold_gain":0.0,"event_name":"Falling","player_choice":"Removed Attack","floor":36.0,"gold_loss":0.0,"damage_taken":0.0},{"damage_healed":0.0,"max_hp_gain":0.0,"max_hp_loss":0.0,"gold_gain":0.0,"event_name":"Mysterious Sphere","player_choice":"Fight","floor":45.0,"gold_loss":0.0,"damage_taken":0.0},{"damage_healed":0.0,"max_hp_gain":0.0,"max_hp_loss":0.0,"gold_gain":0.0,"event_name":"Lab","player_choice":"Got Potions","floor":47.0,"gold_loss":0.0,"damage_taken":0.0}],"is_beta":false,"boss_relics":[{"not_picked":["EctoplasmExtend","ChewingGum"],"picked":"RingOfChaos2"},{"not_picked":["Black Star","Painkiller Herb"],"picked":"Abe\u0027s Treasure"}],"items_purged_floors":[38,44],"is_endless":false,"potions_floor_spawned":[8,11,11,12,13,14,19,21,31,31,33,33,37,41,45],"ascension_level":723677239}}