{"host":"c9ttvwlbe8exn2np","time":1614253475,"event":{"mods":["BaseMod","Library of Ruina","Library of Ruina Extra","Minty Spire (QoL Compilation)","Quick Restart","StSLib","SuperFastMode"],"gold_per_floor":[118,132,207,157,157,157,186,186,186,186,250,250,305,376,376,516,516,575,575,575,629,640,640,707,765,765,794,845,310,407,407,407,548,548,558,558,111,131,221,291,291,363,363,363,419,494,494,494,494,564,564,564,564,41,151,151],"floor_reached":57,"language":"KOR","playtime":1811,"items_purged":["LightDefense","LightDefense+1"],"score":1707,"play_id":"6469f9c8-1bd0-4059-a1e1-eb32bfee312a","local_time":"20210225204435","is_ascension_mode":true,"campfire_choices":[{"data":"SuppressingShot","floor":6,"key":"SMITH"},{"data":"GutHarvesting","floor":12,"key":"SMITH"},{"data":"TendonChords","floor":15,"key":"SMITH"},{"data":"ChargeUp","floor":23,"key":"SMITH"},{"data":"Unlock1","floor":32,"key":"SMITH"},{"floor":41,"key":"RECALL"},{"data":"CleanUp","floor":47,"key":"SMITH"},{"data":"GrazeTheGrass","floor":49,"key":"SMITH"},{"data":"WillOfThePrescript","floor":53,"key":"SMITH"}],"circlet_count":0,"master_deck":["Dodge","LightAttack","LightAttack","LightAttack","ChargeAndCover","FocusedStrikes","CurseOfTheBell","AsThePrescriptOrders","SuppressingShot+1","GutHarvesting+1","Parasite","TendonChords+1","Decay","FlashOfSunup+1","Faith+1","ClassAndRespect+1","Unlock1+1","CleanUp+1","GrazeTheGrass+1","Sadistic Nature","QuickSuppression+1","SerpentSwordTechnique+1","WillOfThePrescript+1","SinglePointStab+1","Decay","Parry2","Rewind+1"],"relics":["Calling Bell","Boot","Mummified Hand","Du-Vu Doll","PageOfMountain","Peace Pipe","PageOfBigBird","PageOfAspirationHeart","Calipers","PageOfThreeBirds","Black Star","Centennial Puzzle","Blood Vial","PageOfDeadButterflies","PageOfNosferatu","PageOfSpiderBud","TungstenRod","Bag of Preparation","Philosopher\u0027s Stone","War Paint","PageOfLaetitia","Dream Catcher","Toy Ornithopter","PageOfBigBadWolf","The Courier","PageOfScorchedGirl","MealTicket","PageOfGreed","PageOfSingingMachine","Toolbox","PageOfPorccubus","Bronze Scales","PageOfTheQueenOfHatred","Lantern"],"acts_visited":["Exordium","TheCity","TheBeyond","TheEnding"],"potions_floor_usage":[13,50],"damage_taken":[{"damage":0,"enemies":"2 Louse","floor":1,"turns":3},{"damage":2,"enemies":"Jaw Worm","floor":2,"turns":2},{"damage":21,"enemies":"3 Sentries","floor":7,"turns":8},{"damage":0,"enemies":"Gremlin Nob","floor":11,"turns":3},{"damage":0,"enemies":"Small Slimes","floor":13,"turns":2},{"damage":0,"enemies":"3 Sentries","floor":14,"turns":3},{"damage":0,"enemies":"The Guardian","floor":16,"turns":4},{"damage":0,"enemies":"Chosen","floor":18,"turns":3},{"damage":0,"enemies":"Spheric Guardian","floor":21,"turns":3},{"damage":2,"enemies":"Chosen and Byrds","floor":22,"turns":3},{"damage":0,"enemies":"Gremlin Leader","floor":24,"turns":3},{"damage":0,"enemies":"Shelled Parasite and Fungi","floor":25,"turns":3},{"damage":0,"enemies":"Book of Stabbing","floor":27,"turns":3},{"damage":0,"enemies":"Snake Plant","floor":28,"turns":2},{"damage":8,"enemies":"Centurion and Healer","floor":30,"turns":3},{"damage":0,"enemies":"Champ","floor":33,"turns":4},{"damage":0,"enemies":"3 Darklings","floor":35,"turns":3},{"damage":0,"enemies":"Orb Walker","floor":38,"turns":1},{"damage":0,"enemies":"2 Orb Walkers","floor":39,"turns":1},{"damage":0,"enemies":"Nemesis","floor":40,"turns":2},{"damage":0,"enemies":"Giant Head","floor":42,"turns":3},{"damage":0,"enemies":"4 Shapes","floor":45,"turns":2},{"damage":0,"enemies":"Reptomancer","floor":46,"turns":2},{"damage":14,"enemies":"Awakened One","floor":50,"turns":3},{"damage":0,"enemies":"Shield and Spear","floor":55,"turns":2},{"damage":34,"enemies":"The Heart","floor":56,"turns":3}],"seed_played":"5128484431094539833","potions_obtained":[{"floor":13,"key":"Fruit Juice"},{"floor":21,"key":"LiquidMemories"},{"floor":24,"key":"Energy Potion"},{"floor":27,"key":"Swift Potion"}],"is_trial":false,"path_per_floor":["M","M","?","?","?","R","E","?","T","T","E","R","M","E","R","B",null,"M","?","?","M","M","R","E","M","T","E","M","$","M","?","R","B",null,"M","?","$","M","?","E","R","E","T","?","M","E","R","?","R","B",null,null,"R","$","E","B",null],"character_chosen":"Librarian","items_purchased":["PageOfSpiderBud","TungstenRod","War Paint","Sadistic Nature","PageOfSingingMachine","Parry2","Toolbox","PageOfPorccubus","Bronze Scales"],"campfire_rested":0,"item_purchase_floors":[29,29,37,37,54,54,54,54,54],"current_hp_per_floor":[60,58,47,47,22,22,1,16,16,16,16,16,21,21,21,30,65,65,65,65,65,65,65,65,65,65,65,65,65,63,63,63,65,65,65,65,65,65,65,65,65,65,65,65,65,65,65,65,65,65,59,65,65,65,65,38],"gold":151,"neow_bonus":"BOSS_RELIC","is_daily":false,"chose_seed":false,"campfire_upgraded":8,"win_rate":0.0,"timestamp":1614253475,"path_taken":["M","M","?","?","?","R","E","?","T","?","E","R","M","E","R","BOSS","M","?","?","M","M","R","E","?","T","E","M","$","M","?","R","BOSS","M","?","$","?","?","E","R","E","T","?","M","E","R","?","R","BOSS","R","$","E","BOSS"],"items_purchased_type":["Relic","Relic","Relic","Card","Relic","Card","Relic","Relic","Relic"],"build_version":"2020-12-22","purchased_purges":2,"victory":true,"max_hp_per_floor":[60,60,60,60,60,60,60,60,60,60,60,60,65,65,65,65,65,65,65,65,65,65,65,65,65,65,65,65,65,65,65,65,65,65,65,65,65,65,65,65,65,65,65,65,65,65,65,65,65,65,65,65,65,65,65,65],"card_choices":[{"not_picked":["Parry2","DirtyBlow"],"picked":"AsThePrescriptOrders","floor":1},{"not_picked":["Feast","FleetFootsteps"],"picked":"SuppressingShot","floor":2},{"not_picked":["Multislash","Overpower"],"picked":"GutHarvesting","floor":7},{"not_picked":["UnforgettableMelody","FieryDragonSlash","Fence"],"picked":"SKIP","floor":11},{"not_picked":["UpbeatPerformance","Rewind","Thrust"],"picked":"SKIP","floor":13},{"not_picked":["SpearedSweep","DarkCloud"],"picked":"TendonChords","floor":14},{"not_picked":["WillProduceFineSilk","FleshFillet"],"picked":"ChargeUp","floor":16},{"not_picked":["Mutilate","DesperateStruggle","Standoff+1"],"picked":"SKIP","floor":18},{"not_picked":["BackAttack","SpearedSweep","CombatPreparation"],"picked":"SKIP","floor":21},{"not_picked":["EnergyStrike","DesperateStruggle"],"picked":"FlashOfSunup+1","floor":22},{"not_picked":["MultiHit","Bvapour"],"picked":"Faith","floor":24},{"not_picked":["TendonChords","Crush"],"picked":"ClassAndRespect+1","floor":25},{"not_picked":["GutHarvesting","SpearedSweep","Ripple+1"],"picked":"SKIP","floor":27},{"not_picked":["DefenseOrder","FierceCharge"],"picked":"Unlock1","floor":28},{"not_picked":["Standoff","SetFire","Quickness+1"],"picked":"SKIP","floor":30},{"not_picked":["WillProduceFineSilk","Disposal"],"picked":"CleanUp","floor":33},{"not_picked":["ViolentFlame+1","ClassAndRespect"],"picked":"GrazeTheGrass","floor":35},{"not_picked":["Multislash+1","UpbeatPerformance+1"],"picked":"QuickSuppression+1","floor":38},{"not_picked":["BiAn","SmokingPipe"],"picked":"SerpentSwordTechnique+1","floor":40},{"not_picked":["Slice_lor+1","Rampage_lor"],"picked":"WillOfThePrescript","floor":42},{"not_picked":["IdentifyWeakpoint+1","UncannyStrike","TimeForALittleTest+1"],"picked":"SKIP","floor":45},{"not_picked":["FormingStorm","SkitterAway"],"picked":"SinglePointStab+1","floor":46},{"not_picked":["ClassAndRespect+1","QuickAttack+1"],"picked":"Rewind+1","floor":55}],"player_experience":556263,"relics_obtained":[{"floor":0,"key":"Boot"},{"floor":0,"key":"Mummified Hand"},{"floor":0,"key":"Du-Vu Doll"},{"floor":7,"key":"Peace Pipe"},{"floor":9,"key":"PageOfBigBird"},{"floor":10,"key":"PageOfAspirationHeart"},{"floor":11,"key":"Calipers"},{"floor":14,"key":"PageOfThreeBirds"},{"floor":24,"key":"Centennial Puzzle"},{"floor":24,"key":"Blood Vial"},{"floor":27,"key":"PageOfDeadButterflies"},{"floor":27,"key":"PageOfNosferatu"},{"floor":39,"key":"PageOfLaetitia"},{"floor":40,"key":"Dream Catcher"},{"floor":40,"key":"Toy Ornithopter"},{"floor":42,"key":"PageOfBigBadWolf"},{"floor":42,"key":"The Courier"},{"floor":43,"key":"PageOfScorchedGirl"},{"floor":46,"key":"MealTicket"},{"floor":46,"key":"PageOfGreed"},{"floor":55,"key":"PageOfTheQueenOfHatred"},{"floor":55,"key":"Lantern"}],"event_choices":[{"damage_healed":0,"gold_gain":75,"player_choice":"Gather Gold","damage_taken":11,"max_hp_gain":0,"max_hp_loss":0,"event_name":"World of Goop","floor":3,"gold_loss":0},{"cards_removed":["LightDefense"],"damage_healed":0,"gold_gain":0,"player_choice":"Card Removal","damage_taken":0,"max_hp_gain":0,"max_hp_loss":0,"event_name":"The Cleric","floor":4,"gold_loss":50},{"damage_healed":0,"gold_gain":0,"player_choice":"Success","damage_taken":25,"relics_obtained":["PageOfMountain"],"max_hp_gain":0,"max_hp_loss":0,"event_name":"Scrap Ooze","floor":5,"gold_loss":0},{"damage_healed":15,"gold_gain":0,"player_choice":"Healed and dodged fight","damage_taken":0,"max_hp_gain":0,"max_hp_loss":0,"event_name":"Mushrooms","floor":8,"gold_loss":0,"cards_obtained":["Parasite"]},{"damage_healed":0,"gold_gain":0,"player_choice":"Smashed Altar","damage_taken":0,"max_hp_gain":0,"max_hp_loss":0,"event_name":"Forgotten Altar","floor":19,"gold_loss":0,"cards_obtained":["Decay"]},{"damage_healed":0,"gold_gain":0,"player_choice":"Ignored","damage_taken":0,"max_hp_gain":0,"max_hp_loss":0,"event_name":"Ghosts","floor":20,"gold_loss":0},{"damage_healed":0,"gold_gain":0,"player_choice":"Opened","damage_taken":0,"relics_obtained":["Bag of Preparation"],"max_hp_gain":0,"max_hp_loss":0,"event_name":"The Mausoleum","floor":31,"gold_loss":0},{"cards_removed":["LightDefense"],"damage_healed":0,"gold_gain":0,"player_choice":"Purged","damage_taken":0,"max_hp_gain":0,"max_hp_loss":0,"event_name":"Purifier","floor":36,"gold_loss":0},{"damage_healed":0,"gold_gain":0,"player_choice":"Fight","damage_taken":0,"max_hp_gain":0,"max_hp_loss":0,"event_name":"Mysterious Sphere","floor":39,"gold_loss":0},{"cards_removed":["ChargeUp"],"damage_healed":0,"gold_gain":0,"player_choice":"Removed Power","damage_taken":0,"max_hp_gain":0,"max_hp_loss":0,"event_name":"Falling","floor":44,"gold_loss":0},{"damage_healed":0,"gold_gain":0,"player_choice":"Cursed","damage_taken":0,"max_hp_gain":0,"max_hp_loss":0,"event_name":"Wheel of Change","floor":48,"gold_loss":0,"cards_obtained":["Decay"]}],"is_beta":false,"boss_relics":[{"not_picked":["Coffee Dripper","PageOfBlackSwan"],"picked":"Black Star"},{"not_picked":["SlaversCollar","Empty Cage"],"picked":"Philosopher\u0027s Stone"}],"items_purged_floors":[29,37],"is_endless":false,"potions_floor_spawned":[13,21,24,27,28,30,42],"ascension_level":1}}