{"host":"6hzrz31j95f2y1pa","time":1614215870,"event":{"mods":["BaseMod","Colored Map","Downfall","Minty Spire (QoL Compilation)","StSLib"],"gold_per_floor":[99,115,128,139,152,62,85,97,124,9,109,126,126,126,126],"floor_reached":13,"language":"ENG","playtime":506,"items_purged":["hexamod:Strike","hexamod:Strike"],"score":165,"play_id":"8f8d4c04-d1de-42d4-b587-b6681ce5cad4","local_time":"20210224201750","is_ascension_mode":true,"campfire_choices":[{"data":"hexamod:SpectersWail","floor":1,"key":"SMITH"}],"circlet_count":0,"master_deck":["AscendersBane","hexamod:Strike","hexamod:Strike","hexamod:Defend","hexamod:Defend","hexamod:Defend","hexamod:Sear","hexamod:Float","hexamod:SpectersWail+1","hexamod:EmpoweredFlame","hexamod:ShieldOfDarkness","hexamod:GhostLash","hexamod:SuperheatedStrike","hexamod:FirstSeal","hexamod:RadiantFlame","hexamod:GhostShield"],"relics":["hexamod:SpiritBrand","hexamod:BolsterEngine"],"acts_visited":["Exordium"],"potions_floor_usage":[9],"damage_taken":[{"damage":0,"enemies":"Cultist","floor":2,"turns":3},{"damage":4,"enemies":"2 Louse","floor":3,"turns":2},{"damage":2,"enemies":"Jaw Worm","floor":4,"turns":3},{"damage":18,"enemies":"Exordium Wildlife","floor":5,"turns":6},{"damage":0,"enemies":"downfall:FleeingMerchant","floor":6,"turns":4},{"damage":7,"enemies":"2 Fungi Beasts","floor":8,"turns":3},{"damage":13,"enemies":"Lagavulin","floor":9,"turns":6},{"damage":5,"enemies":"downfall:FleeingMerchant","floor":10,"turns":4},{"damage":1,"enemies":"Lots of Slimes","floor":12,"turns":3},{"damage":30,"enemies":"Gremlin Nob","floor":13,"turns":3}],"seed_played":"192136862007747731","potions_obtained":[{"floor":8,"key":"hexamod:SoulburnPotion"},{"floor":12,"key":"Energy Potion"}],"is_trial":false,"path_per_floor":["R","M","M","M","M","$","T","M","E","$","?","M","E"],"character_chosen":"THE_SPIRIT","items_purchased":[],"campfire_rested":0,"item_purchase_floors":[],"current_hp_per_floor":[57,57,53,51,33,33,33,26,20,22,22,28,0,0,0],"gold":126,"neow_bonus":"TRANSFORM_CARD","is_daily":false,"chose_seed":false,"campfire_upgraded":1,"win_rate":0.0,"timestamp":1614215870,"path_taken":["R","M","M","M","M","?","T","M","E","$","?","M","E"],"items_purchased_type":[],"build_version":"2020-12-22","purchased_purges":2,"victory":false,"max_hp_per_floor":[63,63,63,63,63,63,63,63,63,63,63,63,63,63,63],"card_choices":[{"not_picked":["hexamod:ShieldOfDarkness","hexamod:SwordOfDarkness"],"picked":"hexamod:EmpoweredFlame","floor":2},{"not_picked":["hexamod:HeatMetal","hexamod:ChargedBarrage","hexamod:NecessarySacrifice"],"picked":"SKIP","floor":3},{"not_picked":["hexamod:NightmareGuise","hexamod:AdvancingGuard"],"picked":"hexamod:ShieldOfDarkness","floor":4},{"not_picked":["hexamod:BurningTouch","hexamod:InspiringFlames"],"picked":"hexamod:GhostLash","floor":5},{"not_picked":["hexamod:NecessarySacrifice","hexamod:AdvancingGuard"],"picked":"hexamod:SuperheatedStrike","floor":6},{"not_picked":["hexamod:ShieldOfDarkness","hexamod:Again"],"picked":"hexamod:FirstSeal","floor":8},{"not_picked":["hexamod:GiftsFromTheDead","hexamod:GhostOfSpireFuture","hexamod:RecurringNightmare"],"picked":"SKIP","floor":9},{"not_picked":["hexamod:Firestarter","hexamod:FastForward"],"picked":"hexamod:RadiantFlame","floor":10},{"not_picked":["hexamod:GhostOfSpirePast","hexamod:ShieldOfDarkness"],"picked":"hexamod:GhostShield","floor":12}],"player_experience":1482896,"relics_obtained":[{"floor":9,"key":"hexamod:BolsterEngine"}],"event_choices":[],"is_beta":false,"boss_relics":[],"items_purged_floors":[6,10],"is_endless":false,"potions_floor_spawned":[8,12],"killed_by":"Gremlin Nob","ascension_level":18}}