{"host":"1poy056mauca3bbh","time":1614215539,"event":{"mods":["Ascension Unlocker","BaseMod","Bestiary","Block Reminder","Colored Map","Colored Powertips","Curses Come First","Highlight Path","Minty Spire (QoL Compilation)","Permanent Neow","Quick Restart","Rare Cards Sparkle","Relic Stats","Smile Girya","StSLib","UnlockEverythingMod"],"gold_per_floor":[110,121,86,86,9,9,34,34,84,97,114,124,124,4,4,4,4],"floor_reached":16,"language":"ENG","playtime":556,"items_purged":["Strike_G"],"score":200,"play_id":"09d0173f-a394-49c8-9f26-09d7a5467224","local_time":"20210224201219","is_ascension_mode":true,"campfire_choices":[{"data":"Noxious Fumes","floor":6.0,"key":"SMITH"},{"floor":8.0,"key":"REST"},{"floor":13,"key":"REST"},{"floor":15,"key":"REST"}],"circlet_count":0,"master_deck":["AscendersBane","Strike_G","Strike_G","Strike_G","Defend_G","Defend_G","Defend_G","Defend_G","Survivor","Neutralize","Outmaneuver","Cloak And Dagger","Noxious Fumes+1","Catalyst","Accuracy","Slice","Doppelganger","Dash"],"relics":["Empty Cage","Mercury Hourglass","Letter Opener","PreservedInsect"],"acts_visited":["Exordium"],"potions_floor_usage":[12,12,16],"damage_taken":[{"damage":8.0,"enemies":"2 Louse","floor":1.0,"turns":3.0},{"damage":11.0,"enemies":"Jaw Worm","floor":2.0,"turns":7.0},{"damage":34.0,"enemies":"3 Sentries","floor":7.0,"turns":7.0},{"damage":1,"enemies":"Cultist","floor":10,"turns":4},{"damage":16,"enemies":"Exordium Wildlife","floor":11,"turns":5},{"damage":9,"enemies":"Exordium Thugs","floor":12,"turns":5},{"damage":62,"enemies":"Slime Boss","floor":16,"turns":8}],"seed_played":"248632615634539505","potions_obtained":[{"floor":7.0,"key":"Ancient Potion"},{"floor":10,"key":"LiquidBronze"},{"floor":12,"key":"Weak Potion"}],"is_trial":false,"path_per_floor":["M","M","?","T","$","R","E","R","T","M","M","M","R","$","R","B"],"character_chosen":"THE_SILENT","items_purchased":["Noxious Fumes","Dash"],"campfire_rested":3,"item_purchase_floors":[5,14],"current_hp_per_floor":[51,40,56,56,56,56,22,41,41,40,24,15,34,34,53,0,0],"gold":4,"neow_bonus":"BOSS_RELIC","is_daily":false,"chose_seed":false,"campfire_upgraded":1,"win_rate":0.0,"timestamp":1614215539,"path_taken":["M","M","?","?","$","R","E","R","T","M","M","?","R","$","R","BOSS"],"items_purchased_type":["Card","Card"],"build_version":"2020-12-22","purchased_purges":1,"victory":false,"max_hp_per_floor":[66,66,66,66,66,66,66,66,66,66,66,66,66,66,66,66,66],"relic_stats":{"counters":[7,37],"PreservedInsect":0,"Letter Opener":[25],"obtain_stats":[{"PreservedInsect":9,"Letter Opener":7,"Empty Cage":0,"Ring of the Snake":0,"Mercury Hourglass":4},{"PreservedInsect":3,"Letter Opener":3,"Empty Cage":0,"Ring of the Snake":0,"Mercury Hourglass":2},{"PreservedInsect":16,"Letter Opener":16,"Empty Cage":0,"Ring of the Snake":0,"Mercury Hourglass":10}],"Mercury Hourglass":[146]},"card_choices":[{"not_picked":["Dagger Throw","Well Laid Plans"],"picked":"Outmaneuver","floor":1.0},{"not_picked":["Skewer","Quick Slash"],"picked":"Cloak And Dagger","floor":2.0},{"not_picked":["Deadly Poison","Infinite Blades"],"picked":"Catalyst","floor":7.0},{"not_picked":["Prepared","Blur"],"picked":"Accuracy","floor":10},{"not_picked":["Outmaneuver","Flying Knee"],"picked":"Slice","floor":11},{"not_picked":["Reflex","Dodge and Roll"],"picked":"Doppelganger","floor":12}],"player_experience":179790,"relics_obtained":[{"floor":4.0,"key":"Mercury Hourglass"},{"floor":7.0,"key":"Letter Opener"},{"floor":9.0,"key":"PreservedInsect"}],"event_choices":[{"damage_healed":16.0,"max_hp_gain":0.0,"max_hp_loss":0.0,"gold_gain":0.0,"event_name":"The Cleric","player_choice":"Healed","floor":3.0,"gold_loss":35.0,"damage_taken":0.0}],"is_beta":false,"boss_relics":[],"items_purged_floors":[14],"is_endless":false,"potions_floor_spawned":[7,10,12],"killed_by":"Slime Boss","ascension_level":20}}