{"host":"z4nt7tdd4gjrinn7","time":1614274564,"event":{"mods":["100% Spire Juice","BaseMod","Minty Spire (QoL Compilation)","StSLib"],"gold_per_floor":[116,116,291,309,309,338,358,373,397,347,422,441,459,478,478,583,583,598,140,151,163,163,163,163,163],"floor_reached":24,"language":"ENG","playtime":1245,"items_purged":[],"score":225,"play_id":"35ee4a1f-2627-4a06-a788-b75a25d1d74a","local_time":"20210225123604","is_ascension_mode":false,"campfire_choices":[{"floor":15,"key":"REST"},{"floor":23,"key":"REST"}],"circlet_count":0,"master_deck":["Strike_B","Strike_B","Strike_B+1","Strike_B","Defend_B","Defend_B","Defend_B","Defend_B","Zap","Dualcast","Doom and Gloom","Cold Snap+1","Blizzard","Thunder Strike","Storm","White Noise","Leap","Leap","Amplify","Barrage+1","Defragment","Ball Lightning+1","Gash","Self Repair","Gash"],"relics":["Cracked Core","NeowsBlessing","Bag of Marbles","Orichalcum","Cursed Key","Dream Catcher","Darkstone Periapt"],"acts_visited":["Exordium","TheCity"],"potions_floor_usage":[16,18,24,24],"damage_taken":[{"damage":0,"enemies":"Cultist","floor":1,"turns":1},{"damage":0,"enemies":"2 Louse","floor":4,"turns":1},{"damage":0,"enemies":"Lagavulin","floor":6,"turns":1},{"damage":8,"enemies":"Small Slimes","floor":7,"turns":2},{"damage":0,"enemies":"Exordium Thugs","floor":8,"turns":3},{"damage":0,"enemies":"3 Louse","floor":12,"turns":2},{"damage":0,"enemies":"Exordium Wildlife","floor":13,"turns":2},{"damage":5,"enemies":"Blue Slaver","floor":14,"turns":3},{"damage":5,"enemies":"Hexaghost","floor":16,"turns":9},{"damage":25,"enemies":"Shell Parasite","floor":18,"turns":6},{"damage":18,"enemies":"3 Byrds","floor":20,"turns":4},{"damage":11,"enemies":"Cultist and Chosen","floor":21,"turns":7},{"damage":43,"enemies":"Shelled Parasite and Fungi","floor":24,"turns":4}],"seed_played":"-6871048972570995703","potions_obtained":[{"floor":12,"key":"Weak Potion"},{"floor":13,"key":"Ancient Potion"},{"floor":16,"key":"DistilledChaos"},{"floor":18,"key":"FocusPotion"},{"floor":21,"key":"ColorlessPotion"}],"is_trial":false,"path_per_floor":["M","$","?","M","?","E","M","M","T","?","?","M","M","M","R","B",null,"M","$","M","M","?","R","M"],"character_chosen":"DEFECT","items_purchased":["Dream Catcher","Darkstone Periapt","Defragment"],"campfire_rested":2,"item_purchase_floors":[19,19,19],"current_hp_per_floor":[75,75,75,75,60,60,52,52,52,52,41,41,41,36,58,53,75,50,50,32,21,21,43,0,0],"gold":163,"neow_bonus":"THREE_ENEMY_KILL","is_daily":false,"chose_seed":false,"campfire_upgraded":0,"win_rate":0.0,"timestamp":1614274564,"path_taken":["M","$","?","M","?","E","M","M","T","?","?","M","M","M","R","BOSS","M","$","M","M","?","R","M"],"items_purchased_type":["Relic","Relic","Card"],"build_version":"2020-12-22","purchased_purges":0,"victory":false,"max_hp_per_floor":[75,75,75,75,75,75,75,75,75,75,75,75,75,75,75,75,75,75,75,75,75,75,75,75,75],"card_choices":[{"not_picked":["Compile Driver","Barrage"],"picked":"Doom and Gloom","floor":1},{"not_picked":["Go for the Eyes","Barrage"],"picked":"Cold Snap","floor":4},{"not_picked":["Skim","Doom and Gloom"],"picked":"Blizzard","floor":6},{"not_picked":["Reprogram","Leap"],"picked":"Thunder Strike","floor":7},{"not_picked":["Compile Driver","Conserve Battery"],"picked":"Storm","floor":8},{"not_picked":["Sweeping Beam","Ball Lightning"],"picked":"White Noise","floor":12},{"not_picked":["Compile Driver","Aggregate"],"picked":"Leap","floor":13},{"not_picked":["Force Field","Scrape"],"picked":"Leap","floor":14},{"not_picked":["Meteor Strike","Thunder Strike"],"picked":"Amplify","floor":16},{"not_picked":["Force Field","Turbo+1"],"picked":"Barrage+1","floor":18},{"not_picked":["Barrage","Undo"],"picked":"Ball Lightning+1","floor":20},{"not_picked":["Sweeping Beam","Hologram"],"picked":"Gash","floor":21},{"not_picked":["Streamline","Glacier"],"picked":"Gash","floor":23}],"player_experience":253198,"relics_obtained":[{"floor":6,"key":"Bag of Marbles"},{"floor":9,"key":"Orichalcum"}],"event_choices":[{"damage_healed":0,"gold_gain":175,"player_choice":"AGREE","damage_taken":0,"max_hp_gain":0,"max_hp_loss":0,"event_name":"Liars Game","floor":3,"gold_loss":0,"cards_obtained":["Doubt"]},{"damage_healed":0,"gold_gain":0,"player_choice":"Entered Light","damage_taken":15,"max_hp_gain":0,"max_hp_loss":0,"event_name":"Shining Light","floor":5,"gold_loss":0,"cards_upgraded":["Strike_B","Cold Snap"]},{"cards_removed":["Doubt"],"damage_healed":0,"gold_gain":0,"player_choice":"Card Removal","damage_taken":0,"max_hp_gain":0,"max_hp_loss":0,"event_name":"The Cleric","floor":10,"gold_loss":50},{"damage_healed":0,"gold_gain":75,"player_choice":"Gather Gold","damage_taken":11,"max_hp_gain":0,"max_hp_loss":0,"event_name":"World of Goop","floor":11,"gold_loss":0},{"damage_healed":0,"gold_gain":0,"player_choice":"Read","damage_taken":0,"max_hp_gain":0,"max_hp_loss":0,"event_name":"The Library","floor":22,"gold_loss":0,"cards_obtained":["Self Repair"]}],"is_beta":false,"boss_relics":[{"not_picked":["Velvet Choker","Sozu"],"picked":"Cursed Key"}],"items_purged_floors":[],"is_endless":false,"potions_floor_spawned":[12,13,16,18,21],"killed_by":"Shelled Parasite and Fungi","ascension_level":0}}