{"host":"188xoqjicp18t4sg","time":1614228582,"event":{"mods":["BaseMod","Downfall","Good Game Mod","Highlight Path","Minty Spire (QoL Compilation)","Quick Restart","Relic Filter Mod","StSLib"],"gold_per_floor":[99,109,109,121,138,199,223,223,240,68,143,173,187,22,38,138,138,138,154,164,164,184,169,169,179,190,220,220,231,231,231,245,341,341,341,354,370,370,346,372,372,389,86,86,86,136,147,147,159,159],"floor_reached":51,"language":"ZHS","playtime":5326,"items_purged":[],"score":676,"play_id":"8aefb921-4ca4-4bcc-8fd9-053c826edf9c","local_time":"20210225124942","is_ascension_mode":false,"campfire_choices":[{"data":"Slimebound:Split","floor":1.0,"key":"SMITH"},{"data":"Creative AI","floor":8.0,"key":"SMITH"},{"data":"Slimebound:CorrosiveSpit","floor":18.0,"key":"SMITH"},{"data":"Slimebound:Teamwork","floor":30.0,"key":"SMITH"},{"data":"Slimebound:GoopSpray","floor":35.0,"key":"SMITH"},{"floor":45.0,"key":"REST"}],"circlet_count":0,"master_deck":["Slimebound:Strike_Slimebound","Slimebound:Strike_Slimebound","Slimebound:Strike_Slimebound+1","Slimebound:Tackle","Slimebound:Defend_Slimebound","Slimebound:Defend_Slimebound","Slimebound:Defend_Slimebound+1","Slimebound:Split+1","Slimebound:CorrosiveSpit+1","Creative AI+1","Slimebound:RejuvenatingLick","Slimebound:FinishingTackle","Slimebound:LeechEnergy","Slimebound:SplitSpecialist","Slimebound:HauntingLick","Slimebound:Teamwork+1","CurseOfTheBell","Slimebound:Schlurp+1","Slimebound:GoopSpray+1","Slimebound:SplitSpecialist+1","Slimebound:Nibble","Slimebound:MinionMaster","Slimebound:SpikyOuterGoop+1","Slimebound:TongueLash+1","Slimebound:HauntingLick+1","expansioncontent:QuickStudy","Slimebound:RejuvenatingLick+1","expansioncontent:QuickStudy","expansioncontent:PolyBeam+1","expansioncontent:HyperBeam+1","Slimebound:Nibble+1","Slimebound:SplitBruiser+1","Slimebound:SpikyOuterGoop+1"],"relics":["Slimebound:AbsorbEndCombat","REME:ComplimentaryCards","Centennial Puzzle","Vajra","Guardian:BottledAnomaly","Bottled Tornado","champ:Barbells","Calling Bell","Orichalcum","Slimebound:PreparedRelic","Ginger","Sundial","Meat on the Bone","PreservedInsect","sneckomod:SneckoTalon","Membership Card","hexamod:CandleOfCauterizing","champ:DeflectingBracers","Bottled Lightning","Nunchaku","Molten Egg 2","Calipers"],"acts_visited":["Exordium","TheCity","TheBeyond"],"potions_floor_usage":[50,50],"damage_taken":[{"damage":1.0,"enemies":"Small Slimes","floor":2.0,"turns":3.0},{"damage":7.0,"enemies":"2 Louse","floor":4.0,"turns":3.0},{"damage":14.0,"enemies":"Jaw Worm","floor":5.0,"turns":2.0},{"damage":14.0,"enemies":"Gremlin Nob","floor":6.0,"turns":3.0},{"damage":8.0,"enemies":"downfall:LooterAlt","floor":9.0,"turns":2.0},{"damage":13.0,"enemies":"downfall:FleeingMerchant","floor":10.0,"turns":4.0},{"damage":14.0,"enemies":"Gremlin Nob","floor":12.0,"turns":3.0},{"damage":9.0,"enemies":"Blue Slaver","floor":13.0,"turns":3.0},{"damage":10.0,"enemies":"downfall:FleeingMerchant","floor":14.0,"turns":4.0},{"damage":18.0,"enemies":"Exordium Thugs","floor":15.0,"turns":3.0},{"damage":11.0,"enemies":"WA_ARCHETYPE_RETAIN","floor":16.0,"turns":6.0},{"damage":6.0,"enemies":"downfall:LooterAlt2","floor":19.0,"turns":3.0},{"damage":3.0,"enemies":"Spheric Guardian","floor":20.0,"turns":3.0},{"damage":25.0,"enemies":"Centurion and Healer","floor":22.0,"turns":6.0},{"damage":15.0,"enemies":"downfall:FleeingMerchant","floor":23.0,"turns":4.0},{"damage":12.0,"enemies":"Snake Plant","floor":25.0,"turns":3.0},{"damage":15.0,"enemies":"Snecko","floor":26.0,"turns":4.0},{"damage":21.0,"enemies":"Gremlin Leader","floor":27.0,"turns":8.0},{"damage":22.0,"enemies":"Chosen and Byrds","floor":29.0,"turns":8.0},{"damage":0.0,"enemies":"Centurion and Healer","floor":32.0,"turns":4.0},{"damage":39.0,"enemies":"DF_ARCHETYPE_CLAW","floor":33.0,"turns":9.0},{"damage":0.0,"enemies":"Orb Walker","floor":36.0,"turns":3.0},{"damage":27.0,"enemies":"3 Darklings","floor":37.0,"turns":5.0},{"damage":12.0,"enemies":"downfall:FleeingMerchant","floor":39.0,"turns":4.0},{"damage":22.0,"enemies":"Reptomancer","floor":40.0,"turns":5.0},{"damage":12.0,"enemies":"Sphere and 2 Shapes","floor":42.0,"turns":4.0},{"damage":0.0,"enemies":"Sphere and 2 Shapes","floor":46.0,"turns":3.0},{"damage":11.0,"enemies":"Writhing Mass","floor":47.0,"turns":3.0},{"damage":12.0,"enemies":"Spire Growth","floor":49.0,"turns":3.0},{"damage":18,"enemies":"IC_BLOCK_ARCHETYPE","floor":50,"turns":8}],"seed_played":"-7319362820885680749","potions_obtained":[{"floor":6.0,"key":"Fire Potion"},{"floor":9.0,"key":"Fruit Juice"},{"floor":12.0,"key":"BlessingOfTheForge"},{"floor":15.0,"key":"Block Potion"},{"floor":16.0,"key":"Fire Potion"},{"floor":25.0,"key":"SneckoOil"},{"floor":27.0,"key":"AttackPotion"},{"floor":29.0,"key":"ColorlessPotion"},{"floor":32.0,"key":"Fire Potion"},{"floor":33.0,"key":"Dexterity Potion"},{"floor":37.0,"key":"GamblersBrew"}],"is_trial":false,"path_per_floor":["R","M","?","M","M","?","T","R","M","$","?","E","M","$","M","B",null,"R","M","M","?","M","$","T","M","M","E","?","M","R","?","M","B",null,"R","M","M","?","$","E","T","M","$","?","R","?","M","?","M","B",null],"character_chosen":"SLIMEBOUND","items_purchased":["Guardian:BottledAnomaly","champ:Barbells","Membership Card","hexamod:CandleOfCauterizing","expansioncontent:QuickStudy","expansioncontent:QuickStudy","Nunchaku","Molten Egg 2"],"campfire_rested":1,"item_purchase_floors":[10,14,39,39,39,43,43,43],"current_hp_per_floor":[71,71,71,66,56,50,50,50,46,41,41,40,35,31,19,16,76,76,75,76,76,55,48,48,42,47,46,46,44,44,44,52,33,76,76,76,55,55,51,49,49,45,45,35,57,61,58,58,50,40],"gold":159,"neow_bonus":"TEN_PERCENT_HP_BONUS","is_daily":false,"chose_seed":false,"campfire_upgraded":5,"win_rate":0.0,"timestamp":1614228582,"path_taken":["R","M","?","M","M","?","T","R","M","?","?","E","?","$","M","BOSS","R","M","M","?","?","$","T","M","M","E","?","M","R","?","M","BOSS","R","M","M","?","?","E","T","M","$","?","R","?","M","?","M","BOSS"],"items_purchased_type":["Relic","Relic","Relic","Relic","Card","Card","Relic","Relic"],"build_version":"2020-12-22","purchased_purges":0,"victory":true,"max_hp_per_floor":[71,71,71,71,71,71,71,71,71,71,71,76,76,76,76,76,76,76,76,76,76,76,76,76,76,76,76,76,76,76,76,76,76,76,76,76,76,76,76,76,76,76,76,76,76,76,76,76,76,76],"card_choices":[{"not_picked":["Slimebound:SlimeTap","Slimebound:LeechingTouch"],"picked":"Slimebound:RejuvenatingLick","floor":2.0},{"not_picked":["Slimebound:Schlurp","Slimebound:SlimeTap"],"picked":"Slimebound:FinishingTackle","floor":4.0},{"not_picked":["Slimebound:ComboTackle","Slimebound:SplitMire"],"picked":"Slimebound:LeechEnergy","floor":5.0},{"not_picked":["Slimebound:ForwardTackle","Slimebound:SplitAcid"],"picked":"Slimebound:SplitSpecialist","floor":6.0},{"not_picked":["Slimebound:BestDefense","Slimebound:PressTheAttack"],"picked":"Slimebound:HauntingLick","floor":9.0},{"not_picked":["Slimebound:LeechingTouch","Slimebound:SlimeSpikes","Slimebound:GoopTackle"],"picked":"SKIP","floor":10.0},{"not_picked":["Slimebound:Prepare","Slimebound:GoopTackle","Slimebound:LivingWall"],"picked":"SKIP","floor":12.0},{"not_picked":["Slimebound:FinishingTackle","Slimebound:SplitBruiser","Slimebound:SlimeBarrage"],"picked":"SKIP","floor":13.0},{"not_picked":["Slimebound:Overexert","Slimebound:LeechingTouch","Slimebound:ComboTackle"],"picked":"SKIP","floor":14.0},{"not_picked":["Slimebound:LeechingTouch","Slimebound:SplitMire","Slimebound:PressTheAttack"],"picked":"SKIP","floor":15.0},{"not_picked":["Slimebound:DuplicatedForm","Slimebound:CheckThePlaybook"],"picked":"Slimebound:Teamwork","floor":16.0},{"not_picked":["Slimebound:LeechingTouch","Slimebound:PressTheAttack"],"picked":"Slimebound:Schlurp+1","floor":19.0},{"not_picked":["Slimebound:ComboTackle","Slimebound:AcidTongue"],"picked":"Slimebound:GoopSpray","floor":20.0},{"not_picked":["Slimebound:SelfFormingGoo","Slimebound:SplitAcid","Slimebound:RollThrough"],"picked":"SKIP","floor":22.0},{"not_picked":["Slimebound:Recollect","Slimebound:SplitLeeching+1","Slimebound:HauntingLick"],"picked":"SKIP","floor":23.0},{"not_picked":["Slimebound:PressTheAttack","Slimebound:SlimeSpikes","Slimebound:LevelUp+1"],"picked":"SKIP","floor":25.0},{"not_picked":["Slimebound:TongueLash","Slimebound:ServeAndProtect+1","Slimebound:SplitLeeching"],"picked":"SKIP","floor":26.0},{"not_picked":["Slimebound:LivingWall","Slimebound:FormOfPuddle"],"picked":"Slimebound:SplitSpecialist","floor":27.0},{"not_picked":["Slimebound:ComboTackle","Slimebound:SplitAcid","Slimebound:FinishingTackle+1"],"picked":"SKIP","floor":29.0},{"not_picked":["Slimebound:DisruptingSlam","Slimebound:SamplingLick"],"picked":"Slimebound:Nibble","floor":32.0},{"not_picked":["Slimebound:FirmFortitude","Slimebound:Overexert"],"picked":"Slimebound:MinionMaster","floor":33.0},{"not_picked":["Slimebound:SplitAcid+1","Slimebound:FinishingTackle+1"],"picked":"Slimebound:SpikyOuterGoop+1","floor":36.0},{"not_picked":["Slimebound:RejuvenatingLick+1","Slimebound:SamplingLick+1"],"picked":"Slimebound:TongueLash+1","floor":37.0},{"not_picked":["Slimebound:LeechEnergy","Slimebound:TongueLash"],"picked":"Slimebound:HauntingLick","floor":39.0},{"not_picked":["Slimebound:SlimeSpikes","Slimebound:SplitMire","Slimebound:ServeAndProtect+1"],"picked":"SKIP","floor":40.0},{"not_picked":["Slimebound:Gluttony","Slimebound:ForwardTackle"],"picked":"Slimebound:RejuvenatingLick+1","floor":42.0},{"not_picked":["expansioncontent:AwakenDeath","expansioncontent:PolyBeam"],"picked":"expansioncontent:Chronoboost","floor":44.0},{"not_picked":["expansioncontent:InvincibleStrength","expansioncontent:LastStand"],"picked":"expansioncontent:PolyBeam","floor":44.0},{"not_picked":["expansioncontent:Chronoboost","expansioncontent:YouAreMine"],"picked":"expansioncontent:HyperBeam","floor":44.0},{"not_picked":["Slimebound:SlimeBarrage+1","Slimebound:HungryTackle+1"],"picked":"Slimebound:Nibble+1","floor":46.0},{"not_picked":["Slimebound:GoopTackle+1","Slimebound:HauntingLick"],"picked":"Slimebound:SplitBruiser+1","floor":47.0},{"not_picked":["Slimebound:LeechingTouch+1","Slimebound:FinishingTackle+1"],"picked":"Slimebound:SpikyOuterGoop+1","floor":49.0}],"player_experience":229691,"relics_obtained":[{"floor":6.0,"key":"Centennial Puzzle"},{"floor":7.0,"key":"Vajra"},{"floor":12.0,"key":"Bottled Tornado"},{"floor":17.0,"key":"Orichalcum"},{"floor":17.0,"key":"Slimebound:PreparedRelic"},{"floor":17.0,"key":"Ginger"},{"floor":21.0,"key":"Sundial"},{"floor":24.0,"key":"Meat on the Bone"},{"floor":27.0,"key":"PreservedInsect"},{"floor":40.0,"key":"champ:DeflectingBracers"},{"floor":41.0,"key":"Bottled Lightning"},{"floor":46.0,"key":"Calipers"}],"event_choices":[{"cards_removed":["Slimebound:Defend_Slimebound"],"damage_healed":0.0,"max_hp_gain":0.0,"max_hp_loss":0.0,"gold_gain":0.0,"event_name":"The Cleric","player_choice":"Card Removal","floor":3.0,"gold_loss":0.0,"damage_taken":0.0},{"damage_healed":0.0,"max_hp_gain":0.0,"max_hp_loss":0.0,"gold_gain":0.0,"event_name":"Wheel of Change","player_choice":"Relic","floor":21.0,"gold_loss":0.0,"damage_taken":0.0},{"cards_removed":["expansioncontent:Chronoboost"],"damage_healed":0.0,"max_hp_gain":0.0,"max_hp_loss":0.0,"gold_gain":0.0,"event_name":"Falling","player_choice":"Removed Power","floor":48.0,"gold_loss":0.0,"damage_taken":0.0}],"is_beta":false,"boss_relics":[{"not_picked":["Pandora\u0027s Box","Slimebound:AbsorbEndCombatUpgraded"],"picked":"Calling Bell"},{"not_picked":["Runic Pyramid","Busted Crown"],"picked":"sneckomod:SneckoTalon"}],"items_purged_floors":[],"is_endless":false,"potions_floor_spawned":[6,9,12,15,16,25,27,29,32,33,37,42,49],"ascension_level":0}}