{"host":"kh6fvhxn285ncg0o","time":1614246403,"event":{"mods":["Act Like it!","BaseMod","Colored Map","Friendly Minions","Keyboard Shortcuts","Minty Spire (QoL Compilation)","Quick Restart","Relic Stats","StSLib","SuperFastMode","UnlockEverythingMod"],"gold_per_floor":[113,113,113,39,39,74,74,87,87,120,195,222,14,49,49,126,126,142,142,156,156,173,173,207,207,207,177,77,108,108,135,135,212,212,231,245,80,97,97,127,127,153,207,243,118,136,136,151,151,151,151,151,151,52,84,84],"floor_reached":57,"language":"KOR","playtime":1977,"items_purged":["Strike_R","Strike_R","Strike_R"],"score":3636,"play_id":"8c758399-db9b-4ea2-9660-65233ab09c0e","local_time":"20210225184643","is_ascension_mode":true,"campfire_choices":[{"data":"Bash","floor":7.0,"key":"SMITH"},{"data":"Bludgeon","floor":15.0,"key":"SMITH"},{"data":"Offering","floor":23.0,"key":"SMITH"},{"floor":25.0,"key":"REST"},{"floor":30.0,"key":"REST"},{"floor":32.0,"key":"REST"},{"floor":41.0,"key":"RECALL"},{"data":"Seeing Red","floor":47.0,"key":"SMITH"},{"data":"Battle Trance","floor":49.0,"key":"SMITH"},{"data":"Evolve","floor":53.0,"key":"SMITH"}],"circlet_count":0,"master_deck":["AscendersBane","Strike_R","Strike_R","Defend_R","Defend_R","Defend_R","Defend_R","Bash+1","Evolve+1","Pommel Strike","Seeing Red+1","Sever Soul","Second Wind","Bludgeon+1","Impervious","Battle Trance+1","Armaments+1","Offering+1","Shrug It Off+1","Barricade+1","Entrench","True Grit+1","Finesse+1","Thinking Ahead+1","Discovery+1"],"relics":["Burning Blood","NeowsBlessing","Bronze Scales","Ice Cream","Juzu Bracelet","Happy Flower","Pen Nib","Anchor","Frozen Egg 2","Mark of Pain","Gremlin Horn","Kunai","Centennial Puzzle","Magic Flower","SlaversCollar","Lantern","Bottled Lightning","Toxic Egg 2","CeramicFish","Pear","Bottled Tornado"],"acts_visited":["Exordium","TheCity","TheBeyond","TheEnding"],"potions_floor_usage":[55,56],"damage_taken":[{"damage":0.0,"enemies":"Jaw Worm","floor":1.0,"turns":1.0},{"damage":0.0,"enemies":"Gremlin Nob","floor":6.0,"turns":1.0},{"damage":0.0,"enemies":"Cultist","floor":8.0,"turns":1.0},{"damage":20.0,"enemies":"3 Sentries","floor":10.0,"turns":8.0},{"damage":8.0,"enemies":"Gremlin Nob","floor":12.0,"turns":3.0},{"damage":10.0,"enemies":"Lagavulin","floor":14.0,"turns":5.0},{"damage":22.0,"enemies":"Slime Boss","floor":16.0,"turns":7.0},{"damage":11.0,"enemies":"Shell Parasite","floor":18.0,"turns":3.0},{"damage":2.0,"enemies":"3 Byrds","floor":20.0,"turns":4.0},{"damage":18.0,"enemies":"3 Cultists","floor":22.0,"turns":5.0},{"damage":44.0,"enemies":"Gremlin Leader","floor":24.0,"turns":4.0},{"damage":61.0,"enemies":"Slavers","floor":29.0,"turns":8.0},{"damage":6.0,"enemies":"Book of Stabbing","floor":31.0,"turns":3.0},{"damage":14.0,"enemies":"Champ","floor":33.0,"turns":9.0},{"damage":0.0,"enemies":"3 Shapes","floor":35.0,"turns":4.0},{"damage":5.0,"enemies":"Orb Walker","floor":36.0,"turns":3.0},{"damage":22.0,"enemies":"Sphere and 2 Shapes","floor":38.0,"turns":5.0},{"damage":6.0,"enemies":"Giant Head","floor":40.0,"turns":9.0},{"damage":6.0,"enemies":"Reptomancer","floor":42.0,"turns":6.0},{"damage":6.0,"enemies":"Giant Head","floor":44.0,"turns":8.0},{"damage":6.0,"enemies":"4 Shapes","floor":48.0,"turns":7.0},{"damage":6.0,"enemies":"Awakened One","floor":50.0,"turns":12.0},{"damage":6.0,"enemies":"Time Eater","floor":51.0,"turns":12.0},{"damage":12,"enemies":"Shield and Spear","floor":55,"turns":8},{"damage":6,"enemies":"The Heart","floor":56,"turns":11}],"seed_played":"6300014891542853694","potions_obtained":[{"floor":8.0,"key":"ColorlessPotion"},{"floor":10.0,"key":"AttackPotion"},{"floor":12.0,"key":"BlessingOfTheForge"},{"floor":18.0,"key":"HeartOfIron"},{"floor":27.0,"key":"FairyPotion"},{"floor":31.0,"key":"GamblersBrew"},{"floor":35.0,"key":"Energy Potion"},{"floor":36.0,"key":"EssenceOfSteel"},{"floor":44.0,"key":"Block Potion"}],"is_trial":false,"path_per_floor":["M","?","$","$","?","E","R","M","T","E","?","E","$","E","R","B",null,"M","?","M","?","M","R","E","R","T","?","$","E","R","E","R","B",null,"M","M","$","M","T","E","R","E","T","E","$","?","R","M","R","B","B",null,"R","$","E","B",null],"character_chosen":"IRONCLAD","items_purchased":["Evolve","Second Wind","Strength Potion","Lantern","Discovery+1"],"campfire_rested":3,"item_purchase_floors":[4,13,13,37,54],"current_hp_per_floor":[74,74,74,74,48,54,54,60,60,46,35,33,33,29,29,13,60,55,55,59,59,47,47,9,31,31,31,31,7,29,29,51,46,68,75,75,75,62,62,65,65,68,68,81,81,71,71,74,74,77,80,84,84,84,81,84],"gold":84,"neow_bonus":"THREE_ENEMY_KILL","is_daily":false,"chose_seed":false,"campfire_upgraded":6,"win_rate":0.0,"timestamp":1614246403,"path_taken":["M","?","?","$","?","E","R","M","T","E","?","E","$","E","R","BOSS","M","?","M","?","M","R","E","R","T","?","$","E","R","E","R","BOSS","M","M","?","M","?","E","R","E","T","E","$","?","R","M","R","BOSS","BOSS","R","$","E","BOSS"],"items_purchased_type":["Card","Card","Potion","Relic","Card"],"build_version":"2020-12-22","purchased_purges":3,"victory":true,"max_hp_per_floor":[75,75,75,75,75,75,75,75,75,75,75,75,75,75,75,75,75,75,75,75,75,75,75,75,75,75,75,75,75,75,75,75,75,75,75,75,75,75,75,75,75,75,75,85,85,85,85,85,85,85,85,85,85,85,85,85],"relic_stats":{"Centennial Puzzle":[36],"Happy Flower":[48],"Gremlin Horn":[17,19],"counters":[25,147],"Bronze Scales":[598],"CeramicFish":36,"Magic Flower":[31],"Pen Nib":[26],"Juzu Bracelet":1,"Kunai":[32],"obtain_stats":[{"Ice Cream":5,"Lantern":37,"Pear":44,"NeowsBlessing":0,"Happy Flower":9,"Gremlin Horn":24,"CeramicFish":43,"Magic Flower":31,"Pen Nib":10,"Juzu Bracelet":6,"Frozen Egg 2":14,"Bottled Tornado":55,"Burning Blood":0,"SlaversCollar":34,"Anchor":12,"Centennial Puzzle":29,"Bronze Scales":2,"Mark of Pain":17,"Kunai":26,"Bottled Lightning":40,"Toxic Egg 2":42},{"Ice Cream":1,"Lantern":16,"Pear":20,"NeowsBlessing":0,"Happy Flower":3,"Gremlin Horn":11,"CeramicFish":19,"Magic Flower":13,"Pen Nib":4,"Juzu Bracelet":2,"Frozen Egg 2":6,"Bottled Tornado":24,"Burning Blood":0,"SlaversCollar":14,"Anchor":5,"Centennial Puzzle":12,"Bronze Scales":1,"Mark of Pain":7,"Kunai":11,"Bottled Lightning":18,"Toxic Egg 2":19},{"Ice Cream":1,"Lantern":69,"Pear":97,"NeowsBlessing":0,"Happy Flower":3,"Gremlin Horn":42,"CeramicFish":89,"Magic Flower":53,"Pen Nib":11,"Juzu Bracelet":2,"Frozen Egg 2":19,"Bottled Tornado":136,"Burning Blood":0,"SlaversCollar":62,"Anchor":14,"Centennial Puzzle":50,"Bronze Scales":1,"Mark of Pain":26,"Kunai":42,"Bottled Lightning":83,"Toxic Egg 2":89}],"Burning Blood":180},"card_choices":[{"not_picked":["Clash","Headbutt"],"picked":"Entrench","floor":1.0},{"not_picked":["Rupture","Twin Strike"],"picked":"Pommel Strike","floor":6.0},{"not_picked":["Bloodletting","Clash"],"picked":"Seeing Red","floor":8.0},{"not_picked":["Headbutt","Rampage"],"picked":"Sever Soul","floor":10.0},{"not_picked":["Entrench","Shrug It Off"],"picked":"Bludgeon","floor":14.0},{"not_picked":["Bludgeon","Brutality+1"],"picked":"Impervious","floor":16.0},{"not_picked":["Hemokinesis","Heavy Blade","Clash"],"picked":"SKIP","floor":18.0},{"not_picked":["True Grit","Twin Strike"],"picked":"Armaments+1","floor":20.0},{"not_picked":["Clothesline","Warcry"],"picked":"Offering","floor":22.0},{"not_picked":["Carnage","Hemokinesis+1"],"picked":"Shrug It Off+1","floor":24.0},{"not_picked":["Bloodletting","Rupture+1","Clash"],"picked":"SKIP","floor":29.0},{"not_picked":["Twin Strike","Sword Boomerang","Perfected Strike"],"picked":"SKIP","floor":31.0},{"not_picked":["Limit Break","Corruption+1"],"picked":"Barricade+1","floor":33.0},{"not_picked":["Sword Boomerang","Clothesline+1","Iron Wave"],"picked":"SKIP","floor":35.0},{"not_picked":["Shrug It Off","Pommel Strike","Headbutt"],"picked":"SKIP","floor":36.0},{"not_picked":["Pommel Strike","Warcry"],"picked":"Entrench","floor":38.0},{"not_picked":["Pummel","Inflame+1","True Grit"],"picked":"SKIP","floor":40.0},{"not_picked":["Pummel","Inflame+1","True Grit"],"picked":"SKIP","floor":40.0},{"not_picked":["Seeing Red+1","Fiend Fire","Pummel"],"picked":"SKIP","floor":42.0},{"not_picked":["Inflame+1","Hemokinesis+1"],"picked":"True Grit+1","floor":44.0},{"not_picked":["Panacea+1","Secret Weapon+1"],"picked":"Finesse+1","floor":46.0},{"not_picked":["Forethought+1","Bandage Up+1"],"picked":"Thinking Ahead+1","floor":46.0},{"not_picked":["Uppercut","Thunderclap","Wild Strike"],"picked":"SKIP","floor":48.0},{"not_picked":["Headbutt","Cleave","Dropkick"],"picked":"SKIP","floor":55}],"player_experience":1530208,"relics_obtained":[{"floor":6.0,"key":"Juzu Bracelet"},{"floor":9.0,"key":"Happy Flower"},{"floor":10.0,"key":"Pen Nib"},{"floor":12.0,"key":"Anchor"},{"floor":14.0,"key":"Frozen Egg 2"},{"floor":24.0,"key":"Gremlin Horn"},{"floor":26.0,"key":"Kunai"},{"floor":29.0,"key":"Centennial Puzzle"},{"floor":31.0,"key":"Magic Flower"},{"floor":40.0,"key":"Bottled Lightning"},{"floor":42.0,"key":"Toxic Egg 2"},{"floor":43.0,"key":"CeramicFish"},{"floor":44.0,"key":"Pear"},{"floor":55,"key":"Bottled Tornado"}],"event_choices":[{"cards_removed":["Entrench"],"damage_healed":0.0,"max_hp_gain":0.0,"max_hp_loss":0.0,"gold_gain":0.0,"event_name":"WeMeetAgain","player_choice":"Gave Card","floor":2.0,"gold_loss":0.0,"damage_taken":0.0,"relics_obtained":["Bronze Scales"]},{"damage_healed":0.0,"max_hp_gain":0.0,"max_hp_loss":0.0,"gold_gain":0.0,"event_name":"Scrap Ooze","player_choice":"Success","floor":5.0,"gold_loss":0.0,"damage_taken":26.0,"relics_obtained":["Ice Cream"]},{"damage_healed":0.0,"max_hp_gain":0.0,"max_hp_loss":0.0,"gold_gain":75.0,"event_name":"World of Goop","player_choice":"Gather Gold","floor":11.0,"gold_loss":0.0,"damage_taken":11.0},{"damage_healed":0.0,"max_hp_gain":0.0,"max_hp_loss":0.0,"gold_gain":0.0,"event_name":"The Library","player_choice":"Read","floor":19.0,"gold_loss":0.0,"damage_taken":0.0,"cards_obtained":["Battle Trance"]},{"damage_healed":0.0,"max_hp_gain":0.0,"max_hp_loss":0.0,"gold_gain":0.0,"event_name":"Vampires","player_choice":"Ignored","floor":21.0,"gold_loss":0.0,"damage_taken":0.0},{"damage_healed":0.0,"max_hp_gain":0.0,"max_hp_loss":0.0,"gold_gain":0.0,"event_name":"The Woman in Blue","player_choice":"Bought 2 Potions","floor":27.0,"gold_loss":0.0,"damage_taken":0.0},{"damage_healed":0.0,"max_hp_gain":0.0,"max_hp_loss":0.0,"gold_gain":0.0,"event_name":"SensoryStone","player_choice":"Memory 3","floor":46.0,"gold_loss":0.0,"damage_taken":10.0}],"is_beta":false,"boss_relics":[{"not_picked":["Cursed Key","Calling Bell"],"picked":"Mark of Pain"},{"not_picked":["Runic Pyramid","Black Star"],"picked":"SlaversCollar"}],"items_purged_floors":[13,28,45],"is_endless":false,"potions_floor_spawned":[8,10,12,14,18,22,31,35,36,44],"ascension_level":20}}