{"host":"lly094a91h6n5nv5","time":1614236153,"event":{"mods":["AchievementEnabler","BaseMod","Block Reminder","Colored Map","Minty Spire (QoL Compilation)","Permanent Neow"],"gold_per_floor":[18,29,52,65,65,65,99,99,99,110,128,156,55,55,55,132,132,146,158,211,81,96,96,123,144,144,144,153,168,168,186,186,271,271,283,301,311,311,145,145,164,164,189,189,213,240,240,29,29,29],"floor_reached":51,"language":"ENG","playtime":3513,"items_purged":["Strike_G"],"score":1208,"play_id":"c7f22251-eaed-4cab-b609-4aeac24fd654","local_time":"20210225005553","is_ascension_mode":true,"campfire_choices":[{"data":"After Image","floor":6,"key":"SMITH"},{"data":"Unload","floor":8,"key":"SMITH"},{"data":"Adrenaline","floor":15,"key":"SMITH"},{"data":"A Thousand Cuts","floor":23,"key":"SMITH"},{"data":"Terror","floor":27,"key":"SMITH"},{"data":"A Thousand Cuts","floor":30,"key":"SMITH"},{"data":"Finisher","floor":32,"key":"SMITH"},{"data":"Phantasmal Killer","floor":40,"key":"SMITH"},{"data":"Footwork","floor":42,"key":"SMITH"},{"data":"Neutralize","floor":47,"key":"SMITH"},{"data":"Blade Dance","floor":49,"key":"SMITH"}],"circlet_count":0,"master_deck":["AscendersBane","Strike_G","Strike_G","Strike_G","Strike_G","Defend_G","Defend_G","Defend_G","Defend_G","Survivor","Neutralize+1","After Image+1","Endless Agony","Infinite Blades","Backflip","Unload+1","Finisher+1","Endless Agony","Acrobatics","Adrenaline+1","A Thousand Cuts+1","Footwork+1","Blade Dance+1","Footwork+1","Terror+1","Blade Dance+1","A Thousand Cuts+1","Phantasmal Killer+1","Cloak And Dagger+1","Cloak And Dagger+1","After Image+1"],"relics":["Ring of the Snake","Orichalcum","Juzu Bracelet","Pantograph","Bronze Scales","Philosopher\u0027s Stone","MealTicket","CeramicFish","Bird Faced Urn","WristBlade","ClockworkSouvenir","Smiling Mask","Gambling Chip","DollysMirror"],"acts_visited":["Exordium","TheCity","TheBeyond"],"potions_floor_usage":[7,11,22,33,35,50,50],"damage_taken":[{"damage":0.0,"enemies":"Cultist","floor":1.0,"turns":5.0},{"damage":7.0,"enemies":"Jaw Worm","floor":2.0,"turns":8.0},{"damage":0,"enemies":"2 Louse","floor":4,"turns":4},{"damage":3,"enemies":"Lagavulin","floor":7,"turns":11},{"damage":0,"enemies":"Red Slaver","floor":10,"turns":5},{"damage":2,"enemies":"Large Slime","floor":11,"turns":4},{"damage":8,"enemies":"3 Sentries","floor":12,"turns":8},{"damage":38,"enemies":"Slime Boss","floor":16,"turns":11},{"damage":1,"enemies":"Chosen","floor":18,"turns":4},{"damage":0,"enemies":"Spheric Guardian","floor":19,"turns":3},{"damage":6,"enemies":"Snake Plant","floor":22,"turns":4},{"damage":15,"enemies":"Slavers","floor":24,"turns":5},{"damage":8,"enemies":"Snecko","floor":25,"turns":6},{"damage":0,"enemies":"Sentry and Sphere","floor":29,"turns":3},{"damage":6,"enemies":"Snake Plant","floor":31,"turns":2},{"damage":53,"enemies":"Collector","floor":33,"turns":8},{"damage":0,"enemies":"3 Darklings","floor":35,"turns":3},{"damage":0,"enemies":"3 Shapes","floor":36,"turns":2},{"damage":0,"enemies":"Maw","floor":37,"turns":6},{"damage":17,"enemies":"3 Darklings","floor":41,"turns":4},{"damage":13,"enemies":"Spire Growth","floor":45,"turns":4},{"damage":31,"enemies":"Nemesis","floor":46,"turns":5},{"damage":62,"enemies":"Time Eater","floor":50,"turns":9}],"seed_played":"-3977187660495846332","potions_obtained":[{"floor":4,"key":"FearPotion"},{"floor":7,"key":"Explosive Potion"},{"floor":11,"key":"PowerPotion"},{"floor":18,"key":"GamblersBrew"},{"floor":24,"key":"BlessingOfTheForge"},{"floor":29,"key":"SkillPotion"},{"floor":33,"key":"DistilledChaos"},{"floor":35,"key":"BlessingOfTheForge"}],"is_trial":false,"path_per_floor":["M","M","T","M","?","R","E","R","T","M","M","E","$","?","R","B",null,"M","M","T","$","M","R","E","M","T","R","?","M","R","M","R","B",null,"M","M","M","?","$","R","M","R","T","?","M","E","R","$","R","B",null],"character_chosen":"THE_SILENT","items_purchased":["Acrobatics","Blade Dance","Footwork","ClockworkSouvenir","Strength Potion","DollysMirror"],"campfire_rested":0,"item_purchase_floors":[13,21,21,39,48,48],"current_hp_per_floor":[59,52,52,52,52,52,49,49,49,49,47,39,39,39,39,26,56,55,55,55,66,60,60,45,37,37,37,37,45,45,41,41,17,54,64,66,66,62,66,66,55,55,55,66,57,34,34,49,49,14],"gold":29,"neow_bonus":"THREE_RARE_CARDS","is_daily":false,"chose_seed":false,"campfire_upgraded":11,"win_rate":0.0,"timestamp":1614236153,"path_taken":["M","M","?","M","?","R","E","R","T","M","M","E","?","?","R","BOSS","M","M","?","$","M","R","E","M","T","R","?","M","R","M","R","BOSS","M","M","M","?","$","R","M","R","T","?","M","E","R","$","R","BOSS"],"items_purchased_type":["Card","Card","Card","Relic","Potion","Relic"],"build_version":"2020-12-22","purchased_purges":1,"victory":true,"max_hp_per_floor":[66,66,66,66,66,66,66,66,66,66,66,66,66,66,66,66,66,66,66,66,66,66,66,66,66,66,66,66,66,66,66,66,66,66,66,66,66,66,66,66,66,66,66,66,66,66,66,66,66,66],"card_choices":[{"not_picked":["Grand Finale","Storm of Steel"],"picked":"After Image","floor":0.0},{"not_picked":["Poisoned Stab","Prepared"],"picked":"Endless Agony","floor":1.0},{"not_picked":["Prepared","Distraction"],"picked":"Infinite Blades","floor":2.0},{"not_picked":["Catalyst","Outmaneuver"],"picked":"Backflip","floor":4},{"not_picked":["Acrobatics","Dagger Throw"],"picked":"Unload","floor":7},{"not_picked":["Noxious Fumes","Outmaneuver"],"picked":"Finisher","floor":10},{"not_picked":["Noxious Fumes","Deflect","Dash"],"picked":"SKIP","floor":11},{"not_picked":["Flying Knee","Poisoned Stab"],"picked":"Endless Agony","floor":12},{"not_picked":["Adrenaline","Night Terror"],"picked":"A Thousand Cuts","floor":16},{"not_picked":["Bouncing Flask","Bane","Deadly Poison"],"picked":"SKIP","floor":18},{"not_picked":["Deadly Poison+1","Slice"],"picked":"Footwork+1","floor":19},{"not_picked":["Sucker Punch","PiercingWail"],"picked":"Terror","floor":22},{"not_picked":["Dagger Throw","Tactician","Bane"],"picked":"SKIP","floor":24},{"not_picked":["Finisher","Cloak And Dagger+1"],"picked":"Blade Dance+1","floor":25},{"not_picked":["Caltrops","Quick Slash","Slice"],"picked":"SKIP","floor":29},{"not_picked":["Bane","Outmaneuver","Setup"],"picked":"SKIP","floor":31},{"not_picked":["Corpse Explosion","Bullet Time"],"picked":"Phantasmal Killer","floor":33},{"not_picked":["Outmaneuver","Flying Knee","Catalyst"],"picked":"SKIP","floor":35},{"not_picked":["Masterful Stab","Backflip","Predator"],"picked":"SKIP","floor":36},{"not_picked":["Escape Plan+1","All Out Attack","Reflex"],"picked":"SKIP","floor":37},{"not_picked":["Crippling Poison+1","Blade Dance"],"picked":"Cloak And Dagger+1","floor":41},{"not_picked":["Caltrops","Prepared+1"],"picked":"Cloak And Dagger+1","floor":45},{"not_picked":["Bane","Underhanded Strike","Backflip"],"picked":"SKIP","floor":46}],"player_experience":300218,"relics_obtained":[{"floor":3.0,"key":"Orichalcum"},{"floor":7,"key":"Juzu Bracelet"},{"floor":9,"key":"Pantograph"},{"floor":12,"key":"Bronze Scales"},{"floor":20,"key":"MealTicket"},{"floor":24,"key":"CeramicFish"},{"floor":26,"key":"Bird Faced Urn"},{"floor":43,"key":"Smiling Mask"},{"floor":46,"key":"Gambling Chip"}],"event_choices":[{"cards_removed":["Defend_G"],"damage_healed":0,"gold_gain":0,"player_choice":"Forget","damage_taken":0,"max_hp_gain":0,"max_hp_loss":0,"event_name":"Living Wall","floor":5,"gold_loss":0},{"damage_healed":0,"gold_gain":0,"player_choice":"1 cards matched","damage_taken":0,"max_hp_gain":0,"max_hp_loss":0,"event_name":"Match and Keep!","floor":14,"gold_loss":0,"cards_obtained":["Adrenaline"]},{"damage_healed":0,"gold_gain":0,"player_choice":"Read","damage_taken":0,"max_hp_gain":0,"max_hp_loss":0,"event_name":"The Library","floor":28,"gold_loss":0,"cards_obtained":["A Thousand Cuts"]},{"damage_healed":0,"gold_gain":0,"player_choice":"Bought 0 Potions","damage_taken":0,"max_hp_gain":0,"max_hp_loss":0,"event_name":"The Woman in Blue","floor":38,"gold_loss":0},{"damage_healed":11,"gold_gain":0,"player_choice":"Full Heal","damage_taken":0,"max_hp_gain":0,"max_hp_loss":0,"event_name":"Wheel of Change","floor":44,"gold_loss":0}],"is_beta":false,"boss_relics":[{"not_picked":["SacredBark","Busted Crown"],"picked":"Philosopher\u0027s Stone"},{"not_picked":["Coffee Dripper","Pandora\u0027s Box"],"picked":"WristBlade"}],"items_purged_floors":[13],"is_endless":false,"potions_floor_spawned":[4,7,11,18,19,24,29,33,35,37,46],"ascension_level":16}}