{"host":"2l3i55whvwk76mom","time":1614233722,"event":{"mods":["BaseMod","Googly Eyes","Hubris","Minty Spire (QoL Compilation)","Replay The Spire","StSLib"],"gold_per_floor":[116,131,131,149,166,166,197,213,258,291,216,231,241,257,257,359,359,372,29,49,49,68,68,87,87,114,134,152,152,100,300,300,402,402,413,432,432,138,138,138],"floor_reached":39,"language":"ENG","playtime":1568,"items_purged":["Strike_R","Strike_R"],"score":596,"play_id":"9c825c3a-b5da-4d97-9c6f-0090cc5573d3","local_time":"20210224221522","is_ascension_mode":true,"campfire_choices":[{"data":"Whirlwind","floor":6,"key":"SMITH"},{"floor":15,"key":"REST"},{"floor":23,"key":"REST"},{"floor":25,"key":"REST"},{"floor":32,"key":"REST"}],"circlet_count":0,"master_deck":["AscendersBane","Strike_R+1","Strike_R+1","Defend_R","Defend_R","Defend_R","Defend_R","Bash","ReplayTheSpireMod:Muscle Training","Whirlwind+1","Iron Wave","Sword Boomerang","Combust","Offering","Shrug It Off","Rampage","Flame Barrier","Iron Wave","Limit Break+1","Disarm","Battle Trance","Uppercut","Spot Weakness","Pummel","Limit Break"],"relics":["Burning Blood","HornCleat","Bag of Marbles","Bag of Preparation","Dream Catcher","Runic Cube","Self Forming Clay","Whetstone","SlaversCollar","Ginger"],"acts_visited":["Exordium","TheCity","TheBeyond"],"potions_floor_usage":[5,8,10,10,13,16,33],"damage_taken":[{"damage":1,"enemies":"Cultist","floor":1,"turns":3},{"damage":5,"enemies":"Jaw Worm","floor":2,"turns":4},{"damage":10,"enemies":"2 Louse","floor":4,"turns":3},{"damage":13,"enemies":"Lots of Slimes","floor":5,"turns":3},{"damage":37,"enemies":"Lagavulin","floor":7,"turns":8},{"damage":1,"enemies":"Gremlin Gang","floor":8,"turns":2},{"damage":10,"enemies":"3 Sentries","floor":10,"turns":4},{"damage":1,"enemies":"2 Fungi Beasts","floor":12,"turns":2},{"damage":7,"enemies":"Red Slaver","floor":13,"turns":1},{"damage":15,"enemies":"Blue Slaver","floor":14,"turns":2},{"damage":47,"enemies":"The Guardian","floor":16,"turns":12},{"damage":19,"enemies":"2 Thieves","floor":18,"turns":2},{"damage":18,"enemies":"Chosen","floor":20,"turns":4},{"damage":17,"enemies":"3 Cultists","floor":22,"turns":4},{"damage":19,"enemies":"Sentry and Sphere","floor":24,"turns":4},{"damage":20,"enemies":"Centurion and Healer","floor":27,"turns":3},{"damage":13,"enemies":"Cultist and Chosen","floor":28,"turns":8},{"damage":63,"enemies":"hubris:MusketHawk","floor":33,"turns":8},{"damage":28,"enemies":"3 Darklings","floor":35,"turns":5},{"damage":0,"enemies":"3 Shapes","floor":36,"turns":2},{"damage":81,"enemies":"Transient","floor":39,"turns":5}],"seed_played":"-8162106061013241878","potions_obtained":[{"floor":0,"key":"EssenceOfSteel"},{"floor":0,"key":"CultistPotion"},{"floor":0,"key":"EssenceOfSteel"},{"floor":7,"key":"Toxic Potion"},{"floor":12,"key":"Energy Potion"},{"floor":13,"key":"ElixirPotion"},{"floor":14,"key":"BlessingOfTheForge"},{"floor":16,"key":"Milkshake"},{"floor":22,"key":"ColorlessPotion"},{"floor":24,"key":"Strength Potion"},{"floor":27,"key":"LiquidMemories"},{"floor":28,"key":"LiquidBronze"}],"is_trial":false,"path_per_floor":["M","M","T","M","M","R","E","M","T","E","$","M","M","M","R","B",null,"M","$","M","?","M","R","M","R","T","M","M","?","$","?","R","B",null,"M","M","$","$","M"],"character_chosen":"IRONCLAD","items_purchased":["Self Forming Clay","Fire Potion","Ginger"],"campfire_rested":4,"item_purchase_floors":[19,30,38],"current_hp_per_floor":[77,78,78,74,67,67,36,41,41,37,37,42,41,32,56,15,64,51,51,39,39,28,52,39,63,63,49,42,42,42,42,66,9,62,40,46,46,46,0,0],"gold":138,"neow_bonus":"THREE_SMALL_POTIONS","is_daily":false,"chose_seed":false,"campfire_upgraded":1,"win_rate":0.0,"timestamp":1614233722,"path_taken":["M","?","?","?","M","R","E","M","T","E","?","M","M","M","R","BOSS","M","$","M","?","M","R","?","R","T","M","M","?","$","?","R","BOSS","M","M","?","$","M"],"items_purchased_type":["Relic","Potion","Relic"],"build_version":"2020-12-22","purchased_purges":2,"victory":false,"max_hp_per_floor":[80,80,80,80,80,80,80,80,80,80,80,80,80,80,80,80,80,80,80,80,80,80,80,80,80,80,80,80,80,80,80,80,80,80,80,80,80,80,80,80],"card_choices":[{"not_picked":["Abandon","Havoc"],"picked":"ReplayTheSpireMod:Muscle Training","floor":1},{"not_picked":["Inflame","hubris:SharpeningStone"],"picked":"Whirlwind","floor":2},{"not_picked":["Cleave","hubris:StunningStrike","Seeing Red"],"picked":"SKIP","floor":4},{"not_picked":["Cleave","hubris:StunningStrike","Seeing Red"],"picked":"SKIP","floor":4},{"not_picked":["Ghostly Armor","Dual Wield"],"picked":"Iron Wave","floor":5},{"not_picked":["Cleave","True Grit"],"picked":"Sword Boomerang","floor":7},{"not_picked":["Armaments","Body Slam"],"picked":"Combust","floor":8},{"not_picked":["Anger","Pommel Strike"],"picked":"Offering","floor":10},{"not_picked":["Sword Boomerang","Massacre"],"picked":"Shrug It Off","floor":12},{"not_picked":["Seeing Red","Anger"],"picked":"Rampage","floor":13},{"not_picked":["Second Wind","Wild Strike"],"picked":"Flame Barrier","floor":14},{"not_picked":["ReplayTheSpireMod:Strike From Hell","Twin Strike"],"picked":"Iron Wave","floor":15},{"not_picked":["Demon Form","Corruption"],"picked":"Limit Break","floor":16},{"not_picked":["Thunderclap","Havoc"],"picked":"Disarm","floor":18},{"not_picked":["ReplayTheSpireMod:Limb From Limb","Body Slam+1","Life Link"],"picked":"SKIP","floor":20},{"not_picked":["Clash","Iron Wave"],"picked":"Battle Trance","floor":22},{"not_picked":["ReplayTheSpireMod:Strike From Hell+1","Clothesline","Anger"],"picked":"SKIP","floor":24},{"not_picked":["Thunderclap+1","Shrug It Off+1"],"picked":"Uppercut","floor":25},{"not_picked":["Life Link","Anger","Sword Boomerang"],"picked":"SKIP","floor":27},{"not_picked":["Clash","Armaments"],"picked":"Spot Weakness","floor":28},{"not_picked":["Wild Strike","Perfected Strike+1"],"picked":"Pummel","floor":32},{"not_picked":["Corruption","Double Tap"],"picked":"Limit Break","floor":33},{"not_picked":["Intimidate+1","Clothesline","Flex+1"],"picked":"SKIP","floor":35},{"not_picked":["Anger","Warcry","Flex+1"],"picked":"SKIP","floor":36}],"player_experience":393649,"relics_obtained":[{"floor":3,"key":"HornCleat"},{"floor":7,"key":"Bag of Marbles"},{"floor":9,"key":"Bag of Preparation"},{"floor":10,"key":"Dream Catcher"},{"floor":26,"key":"Whetstone"}],"event_choices":[{"damage_healed":0,"gold_gain":0,"player_choice":"Upgraded","damage_taken":0,"max_hp_gain":0,"max_hp_loss":0,"event_name":"Upgrade Shrine","floor":21,"gold_loss":0,"cards_upgraded":["Limit Break"]},{"cards_removed":["Strike_R"],"damage_healed":0,"gold_gain":0,"player_choice":"Elegance","damage_taken":0,"max_hp_gain":0,"max_hp_loss":0,"event_name":"Back to Basics","floor":29,"gold_loss":0},{"damage_healed":0,"gold_gain":250,"player_choice":"Bet on Owner","damage_taken":0,"max_hp_gain":0,"max_hp_loss":0,"event_name":"The Joust","floor":31,"gold_loss":50}],"is_beta":false,"boss_relics":[{"not_picked":["Calling Bell","Velvet Choker"],"picked":"Runic Cube"},{"not_picked":["Sozu","Replay:Drink Me"],"picked":"SlaversCollar"}],"items_purged_floors":[11,19],"is_endless":false,"potions_floor_spawned":[2,7,12,13,14,16,22,24,27,28],"killed_by":"Transient","ascension_level":10}}