{"host":"dbkc9h3etq50r1dq","time":1614283072,"event":{"mods":["AchievementEnabler","BaseMod","Block Reminder","Colored Powertips","Curses Come First","Dark Map","Minty Spire (QoL Compilation)","Permanent Neow","Potion Indicator Mod","Random Character Button","Rare Cards Sparkle","StSLib","Weighted Paths"],"gold_per_floor":[119,119,133,133,149,2,31,31,56,18,18,35,35,35,35],"floor_reached":14,"language":"ZHS","playtime":453,"items_purged":["Strike_R"],"score":119,"play_id":"832901b9-14a7-4d2f-9991-64d01ef9d864","local_time":"20210226035752","is_ascension_mode":true,"campfire_choices":[{"floor":8,"key":"REST"},{"floor":11,"key":"REST"},{"floor":13,"key":"REST"}],"circlet_count":0,"master_deck":["Strike_R","Strike_R","Strike_R","Defend_R","Defend_R","Defend_R","Defend_R","Bash","Sword Boomerang","Dropkick","Berserk"],"relics":["Burning Blood","Kunai","Membership Card","Gremlin Horn","Dream Catcher"],"acts_visited":["Exordium"],"potions_floor_usage":[14],"damage_taken":[{"damage":6,"enemies":"Cultist","floor":1,"turns":4},{"damage":13,"enemies":"Small Slimes","floor":3,"turns":4},{"damage":7,"enemies":"Jaw Worm","floor":5,"turns":4},{"damage":61,"enemies":"Lagavulin","floor":7,"turns":8},{"damage":14,"enemies":"Lots of Slimes","floor":12,"turns":5},{"damage":8,"enemies":"3 Sentries","floor":14,"turns":4}],"seed_played":"-6222873592283920576","potions_obtained":[{"floor":7,"key":"EssenceOfSteel"},{"floor":12,"key":"Swift Potion"}],"is_trial":false,"path_per_floor":["M","T","M","?","M","$","E","R","T","$","R","M","R","E"],"character_chosen":"IRONCLAD","items_purchased":["Membership Card"],"campfire_rested":3,"item_purchase_floors":[6],"current_hp_per_floor":[80,80,73,66,65,65,10,36,36,36,62,54,80,72,72],"gold":35,"neow_bonus":"TEN_PERCENT_HP_BONUS","is_daily":false,"chose_seed":false,"campfire_upgraded":0,"win_rate":0.0,"timestamp":1614283072,"path_taken":["M","?","M","?","M","?","E","R","T","$","R","M","R","E"],"items_purchased_type":["Relic"],"build_version":"2020-12-22","purchased_purges":1,"victory":false,"max_hp_per_floor":[88,88,88,88,88,88,88,88,88,88,88,88,88,88,88],"card_choices":[{"not_picked":["Shrug It Off","Twin Strike"],"picked":"Sword Boomerang","floor":1},{"not_picked":["Feel No Pain","Body Slam","Carnage"],"picked":"SKIP","floor":3},{"not_picked":["Iron Wave","Perfected Strike","Second Wind"],"picked":"SKIP","floor":5},{"not_picked":["Searing Blow","Hemokinesis"],"picked":"Dropkick","floor":7},{"not_picked":["Perfected Strike","Second Wind"],"picked":"Berserk","floor":11},{"not_picked":["Twin Strike","Dual Wield","Blood for Blood"],"picked":"SKIP","floor":12}],"player_experience":166126,"relics_obtained":[{"floor":2,"key":"Kunai"},{"floor":7,"key":"Gremlin Horn"},{"floor":9,"key":"Dream Catcher"}],"event_choices":[{"cards_removed":["Strike_R"],"damage_healed":0,"gold_gain":0,"player_choice":"Card Removal","damage_taken":7,"max_hp_gain":0,"max_hp_loss":0,"event_name":"Golden Wing","floor":4,"gold_loss":0}],"is_beta":false,"boss_relics":[],"items_purged_floors":[10],"is_endless":false,"potions_floor_spawned":[7,12],"killed_by":"3 Sentries","ascension_level":7}}