{"host":"xw7092rw7wabncmm","time":1614222419,"event":{"mods":["AchievementEnabler","BaseMod","Bestiary","Block Reminder","Minty Spire (QoL Compilation)","Quick Restart","Relic Stats","Slay-I","Weighted Paths"],"gold_per_floor":[19,19,19,33,45,45,73,73,73,104,104,138,138,157,157,260,260,280,296,309,309,321,352,367,367,394,408,442,442,442],"floor_reached":29,"language":"ENG","playtime":1935,"items_purged":[],"score":496,"play_id":"56c23060-ffa3-441f-9bd1-119de5ae9d51","local_time":"20210224220659","is_ascension_mode":true,"campfire_choices":[{"data":"Streamline","floor":6,"key":"SMITH"},{"data":"Sweeping Beam","floor":8,"key":"SMITH"},{"floor":11,"key":"REST"},{"data":"Zap","floor":13,"key":"SMITH"},{"floor":15,"key":"REST"},{"data":"Self Repair","floor":25,"key":"SMITH"}],"circlet_count":0,"master_deck":["AscendersBane","Strike_B","Strike_B","Strike_B","Strike_B","Defend_B","Defend_B","Defend_B","Defend_B","Zap+1","Streamline+1","Machine Learning","FTL","Sweeping Beam+1","FTL","Cold Snap","All For One","Gash","Cold Snap","Reinforced Body","Self Repair+1","Hologram"],"relics":["Cracked Core","Thread and Needle","Mercury Hourglass","InkBottle","Shuriken","Pantograph","Runic Pyramid","StoneCalendar","Pen Nib","CaptainsWheel"],"acts_visited":["Exordium","TheCity"],"potions_floor_usage":[16,18,18,27],"damage_taken":[{"damage":0,"enemies":"Small Slimes","floor":1,"turns":3},{"damage":0,"enemies":"Cultist","floor":4,"turns":4},{"damage":0,"enemies":"2 Louse","floor":5,"turns":3},{"damage":23,"enemies":"3 Sentries","floor":7,"turns":8},{"damage":12,"enemies":"Gremlin Nob","floor":10,"turns":3},{"damage":12,"enemies":"3 Sentries","floor":12,"turns":4},{"damage":15,"enemies":"Exordium Thugs","floor":14,"turns":3},{"damage":41,"enemies":"Hexaghost","floor":16,"turns":7},{"damage":0,"enemies":"Chosen","floor":18,"turns":4},{"damage":15,"enemies":"3 Byrds","floor":19,"turns":3},{"damage":6,"enemies":"Centurion and Healer","floor":20,"turns":5},{"damage":31,"enemies":"Snake Plant","floor":22,"turns":4},{"damage":0,"enemies":"Gremlin Leader","floor":23,"turns":6},{"damage":2,"enemies":"Cultist and Chosen","floor":24,"turns":5},{"damage":0,"enemies":"Chosen and Byrds","floor":27,"turns":5},{"damage":37,"enemies":"Slavers","floor":28,"turns":5},{"damage":22,"enemies":"Snake Plant","floor":29,"turns":2}],"seed_played":"5914155598438963919","potions_obtained":[{"floor":7,"key":"GamblersBrew"},{"floor":10,"key":"FearPotion"},{"floor":16,"key":"BlessingOfTheForge"},{"floor":24,"key":"Swift Potion"},{"floor":28,"key":"SteroidPotion"}],"is_trial":false,"path_per_floor":["M","?","$","M","M","R","E","R","T","E","R","E","R","M","R","B",null,"M","M","M","?","M","E","M","R","T","M","E","M"],"character_chosen":"DEFECT","items_purchased":[],"campfire_rested":2,"item_purchase_floors":[],"current_hp_per_floor":[68,68,68,68,68,68,45,45,45,33,55,43,43,28,50,34,65,65,50,44,75,44,44,49,49,49,49,22,0,0],"gold":442,"neow_bonus":"ONE_RARE_RELIC","is_daily":false,"chose_seed":false,"campfire_upgraded":4,"win_rate":0.0,"timestamp":1614222419,"path_taken":["M","?","?","M","M","R","E","R","T","E","R","E","R","?","R","BOSS","M","M","M","?","M","E","M","R","T","M","E","M"],"items_purchased_type":[],"build_version":"2020-12-22","purchased_purges":0,"victory":false,"max_hp_per_floor":[75,75,75,75,75,75,75,75,75,75,75,75,75,75,75,75,75,75,75,75,75,75,75,75,75,75,75,75,75,75],"relic_stats":{"counters":[17,74],"Shuriken":[22],"Pantograph":25,"StoneCalendar":[0],"Pen Nib":[2],"obtain_stats":[{"CaptainsWheel":28,"Shuriken":10,"Pantograph":12,"Thread and Needle":0,"StoneCalendar":23,"Pen Nib":26,"Cracked Core":0,"InkBottle":9,"Mercury Hourglass":7,"Runic Pyramid":17},{"CaptainsWheel":16,"Shuriken":5,"Pantograph":6,"Thread and Needle":0,"StoneCalendar":13,"Pen Nib":14,"Cracked Core":0,"InkBottle":4,"Mercury Hourglass":4,"Runic Pyramid":8},{"CaptainsWheel":72,"Shuriken":21,"Pantograph":25,"Thread and Needle":0,"StoneCalendar":57,"Pen Nib":62,"Cracked Core":0,"InkBottle":18,"Mercury Hourglass":18,"Runic Pyramid":35}],"InkBottle":[18],"Mercury Hourglass":[264]},"card_choices":[{"not_picked":["Leap","Turbo"],"picked":"Streamline","floor":1},{"not_picked":["Skim","Lockon"],"picked":"FTL","floor":4},{"not_picked":["Tempest","Skim"],"picked":"Sweeping Beam","floor":5},{"not_picked":["Beam Cell","Rip and Tear"],"picked":"FTL","floor":7},{"not_picked":["Beam Cell","Rainbow"],"picked":"Static Discharge","floor":10},{"not_picked":["Stack","Redo"],"picked":"Cold Snap","floor":12},{"not_picked":["Heatsinks","Scrape","Sweeping Beam"],"picked":"SKIP","floor":14},{"not_picked":["Echo Form","Seek"],"picked":"All For One","floor":16},{"not_picked":["Double Energy","Streamline","Redo"],"picked":"SKIP","floor":18},{"not_picked":["Turbo","Leap"],"picked":"Gash","floor":19},{"not_picked":["Genetic Algorithm","White Noise"],"picked":"Cold Snap","floor":20},{"not_picked":["Loop","Rebound"],"picked":"Reinforced Body","floor":22},{"not_picked":["Chaos+1","Static Discharge"],"picked":"Self Repair","floor":23},{"not_picked":["Compile Driver+1","White Noise"],"picked":"Hologram","floor":24},{"not_picked":["Reinforced Body","Rebound","Barrage"],"picked":"SKIP","floor":27},{"not_picked":["Cold Snap","Turbo+1","Beam Cell"],"picked":"SKIP","floor":28}],"player_experience":1675501,"relics_obtained":[{"floor":7,"key":"Mercury Hourglass"},{"floor":9,"key":"InkBottle"},{"floor":10,"key":"Shuriken"},{"floor":12,"key":"Pantograph"},{"floor":23,"key":"StoneCalendar"},{"floor":26,"key":"Pen Nib"},{"floor":28,"key":"CaptainsWheel"}],"event_choices":[{"damage_healed":0,"gold_gain":0,"cards_transformed":["Dualcast"],"player_choice":"Transformed","damage_taken":0,"max_hp_gain":0,"max_hp_loss":0,"event_name":"Transmorgrifier","floor":2,"gold_loss":0,"cards_obtained":["Machine Learning"]},{"cards_removed":["Static Discharge"],"damage_healed":31,"gold_gain":0,"player_choice":"Offered Uncommon","damage_taken":0,"max_hp_gain":0,"max_hp_loss":0,"event_name":"Bonfire Elementals","floor":21,"gold_loss":0}],"is_beta":false,"boss_relics":[{"not_picked":["Inserter","Philosopher\u0027s Stone"],"picked":"Runic Pyramid"}],"items_purged_floors":[],"is_endless":false,"potions_floor_spawned":[7,10,14,16,24,28],"killed_by":"Snake Plant","ascension_level":12}}