{"host":"7sni158j623xchr2","time":1614231861,"event":{"mods":["BaseMod","Colored Map","Highlight Path","Minty Spire (QoL Compilation)","Permanent Neow","Potion Indicator Mod","Rare Cards Sparkle","Relic Sorter","Relic Stats","StSLib","everything is the same but u backflip on backflip"],"gold_per_floor":[119,132,132,132,132,170,170,25,51,65,101,101,117,158,158,282,282,295,295,318,243,243,283,17,17,40,40,64,64,64,85,85,216,216,239,8,8,8,22,22,61,61,61,81,81,0,14,29,29,29,29],"floor_reached":50,"language":"ENG","playtime":1173,"items_purged":["Strike_B"],"score":639,"play_id":"03585021-ef36-4e89-9858-6ec1f14b4688","local_time":"20210224234421","is_ascension_mode":true,"campfire_choices":[{"data":"Loop","floor":7,"key":"SMITH"},{"data":"Defragment","floor":12,"key":"SMITH"},{"data":"Electrodynamics","floor":15,"key":"SMITH"},{"data":"Sunder","floor":25,"key":"SMITH"},{"data":"Buffer","floor":27,"key":"SMITH"},{"data":"Capacitor","floor":32,"key":"SMITH"},{"floor":40,"key":"RECALL"},{"data":"Coolheaded","floor":42,"key":"SMITH"},{"floor":49,"key":"REST"}],"circlet_count":0,"master_deck":["Strike_B","Strike_B","Strike_B","Defend_B+1","Defend_B+1","Defend_B","Zap+1","Dualcast","Ball Lightning","Loop+1","Reinforced Body","Defragment+1","Sunder+1","Coolheaded+1","Electrodynamics+1","Fission+1","Buffer+1","Sunder+1","Capacitor+1","Coolheaded","Creative AI","Undo+1","Heatsinks","Go for the Eyes+1","Thunder Strike+1","Ball Lightning+1","Hologram+1"],"relics":["Cracked Core","NeowsBlessing","Golden Idol","Nunchaku","War Paint","Lantern","Bottled Tornado","Snecko Eye","Molten Egg 2","Potion Belt","OrangePellets","Regal Pillow","Nuclear Battery","Orrery","StrikeDummy","CeramicFish","Red Mask"],"acts_visited":["Exordium","TheCity","TheBeyond"],"potions_floor_usage":[11,31,44,44,50,50],"damage_taken":[{"damage":0,"enemies":"2 Louse","floor":1,"turns":1},{"damage":0,"enemies":"Small Slimes","floor":2,"turns":1},{"damage":0,"enemies":"Gremlin Nob","floor":6,"turns":1},{"damage":6,"enemies":"Cultist","floor":10,"turns":3},{"damage":11,"enemies":"3 Sentries","floor":11,"turns":5},{"damage":0,"enemies":"Looter","floor":13,"turns":3},{"damage":6,"enemies":"Lagavulin","floor":14,"turns":5},{"damage":8,"enemies":"The Guardian","floor":16,"turns":10},{"damage":4,"enemies":"Spheric Guardian","floor":18,"turns":3},{"damage":0,"enemies":"3 Byrds","floor":20,"turns":2},{"damage":12,"enemies":"Gremlin Leader","floor":23,"turns":5},{"damage":1,"enemies":"Cultist and Chosen","floor":28,"turns":3},{"damage":0,"enemies":"Snake Plant","floor":31,"turns":2},{"damage":0,"enemies":"Automaton","floor":33,"turns":8},{"damage":4,"enemies":"3 Shapes","floor":35,"turns":3},{"damage":0,"enemies":"Orb Walker","floor":39,"turns":3},{"damage":14,"enemies":"Reptomancer","floor":41,"turns":6},{"damage":37,"enemies":"Transient","floor":44,"turns":5},{"damage":8,"enemies":"Spire Growth","floor":47,"turns":4},{"damage":0,"enemies":"Sphere and 2 Shapes","floor":48,"turns":2},{"damage":41,"enemies":"Awakened One","floor":50,"turns":6}],"seed_played":"5923416863013975569","potions_obtained":[{"floor":1,"key":"Dexterity Potion"},{"floor":2,"key":"ColorlessPotion"},{"floor":11,"key":"Strength Potion"},{"floor":16,"key":"Explosive Potion"},{"floor":20,"key":"Block Potion"},{"floor":33,"key":"AttackPotion"},{"floor":41,"key":"SpeedPotion"},{"floor":44,"key":"Fire Potion"},{"floor":48,"key":"Energy Potion"}],"is_trial":false,"path_per_floor":["M","M","?","?","?","E","R","$","T","M","E","R","M","E","R","B",null,"M","?","M","$","?","E","$","R","T","R","M","T","?","M","R","B",null,"M","$","?","$","M","R","E","R","T","M","?","?","M","M","R","B"],"character_chosen":"DEFECT","items_purchased":["Defragment","Sunder","Sunder+1","OrangePellets","Capacitor","Heatsinks","Orrery"],"campfire_rested":1,"item_purchase_floors":[8,8,24,24,24,36,36],"current_hp_per_floor":[75,75,68,68,68,68,68,68,68,62,51,51,51,45,45,37,69,65,65,65,65,65,53,53,53,53,53,52,52,52,52,52,52,69,65,65,65,65,65,65,51,51,51,14,14,14,6,6,41,0,0],"gold":29,"neow_bonus":"THREE_ENEMY_KILL","is_daily":false,"chose_seed":false,"campfire_upgraded":7,"win_rate":0.0,"timestamp":1614231861,"path_taken":["M","M","?","?","?","E","R","?","T","?","E","R","M","E","R","BOSS","M","?","M","$","?","E","$","R","T","R","?","?","?","M","R","BOSS","M","$","?","$","M","R","E","R","T","M","?","?","M","M","R","BOSS"],"items_purchased_type":["Card","Card","Card","Relic","Card","Card","Relic"],"build_version":"2020-12-22","purchased_purges":1,"victory":false,"max_hp_per_floor":[75,75,75,75,69,69,69,69,69,69,69,69,69,69,69,69,69,69,69,69,69,69,69,69,69,69,69,69,69,69,69,69,69,69,69,69,69,69,69,69,69,69,69,69,69,69,69,69,69,69,69],"relic_stats":{"OrangePellets":[9],"Nunchaku":[9],"Regal Pillow":15,"counters":[21,80],"Golden Idol":131,"CeramicFish":0,"Snecko Eye":[42,57,44,48],"War Paint":["Defend_B","Defend_B"],"obtain_stats":[{"Potion Belt":23,"Lantern":11,"Regal Pillow":29,"NeowsBlessing":0,"Golden Idol":5,"CeramicFish":43,"War Paint":9,"Bottled Tornado":14,"Nuclear Battery":34,"OrangePellets":24,"Nunchaku":6,"Snecko Eye":17,"Orrery":36,"Molten Egg 2":22,"Red Mask":46,"Cracked Core":0,"StrikeDummy":41},{"Potion Belt":11,"Lantern":5,"Regal Pillow":12,"NeowsBlessing":0,"Golden Idol":2,"CeramicFish":17,"War Paint":3,"Bottled Tornado":7,"Nuclear Battery":14,"OrangePellets":11,"Nunchaku":3,"Snecko Eye":8,"Orrery":15,"Molten Egg 2":10,"Red Mask":18,"Cracked Core":0,"StrikeDummy":17},{"Potion Belt":38,"Lantern":11,"Regal Pillow":41,"NeowsBlessing":0,"Golden Idol":2,"CeramicFish":63,"War Paint":3,"Bottled Tornado":19,"Nuclear Battery":51,"OrangePellets":38,"Nunchaku":3,"Snecko Eye":28,"Orrery":54,"Molten Egg 2":33,"Red Mask":68,"Cracked Core":0,"StrikeDummy":63}]},"card_choices":[{"not_picked":["Double Energy","Melter"],"picked":"Ball Lightning","floor":1},{"not_picked":["Self Repair","Force Field"],"picked":"Loop","floor":2},{"not_picked":["Go for the Eyes","Streamline"],"picked":"Reinforced Body","floor":6},{"not_picked":["Streamline","Leap"],"picked":"Coolheaded","floor":10},{"not_picked":["Rebound","Thunder Strike","Sunder"],"picked":"SKIP","floor":11},{"not_picked":["Beam Cell","Sunder","Aggregate"],"picked":"SKIP","floor":13},{"not_picked":["Scrape","Capacitor"],"picked":"Electrodynamics","floor":14},{"not_picked":["Machine Learning","Electrodynamics"],"picked":"Fission","floor":16},{"not_picked":["Compile Driver+1","Lockon","Rebound"],"picked":"SKIP","floor":18},{"not_picked":["Leap","Hello World"],"picked":"Buffer","floor":20},{"not_picked":["Gash+1","Steam","Barrage+1"],"picked":"SKIP","floor":23},{"not_picked":["Streamline+1","Stack"],"picked":"Coolheaded","floor":28},{"not_picked":["Redo","Recycle"],"picked":"Hologram+1","floor":31},{"not_picked":["Hyperbeam+1","Fission"],"picked":"Creative AI","floor":33},{"not_picked":["Coolheaded","Sweeping Beam+1"],"picked":"Undo+1","floor":35},{"not_picked":["BootSequence","Sweeping Beam+1"],"picked":"Go for the Eyes+1","floor":36},{"not_picked":["Double Energy","Force Field"],"picked":"Thunder Strike+1","floor":36},{"not_picked":["BootSequence+1","Leap"],"picked":"Ball Lightning+1","floor":36},{"not_picked":["Turbo","Go for the Eyes+1","Sweeping Beam+1"],"picked":"SKIP","floor":39},{"not_picked":["Ball Lightning+1","Streamline+1"],"picked":"Hologram+1","floor":41},{"not_picked":["Genetic Algorithm+1","Conserve Battery","Barrage+1"],"picked":"SKIP","floor":44},{"not_picked":["Skim","Barrage+1","Redo"],"picked":"SKIP","floor":47},{"not_picked":["Streamline+1","Blizzard+1","Steam+1"],"picked":"SKIP","floor":48}],"player_experience":1848947,"relics_obtained":[{"floor":6,"key":"Nunchaku"},{"floor":9,"key":"War Paint"},{"floor":11,"key":"Lantern"},{"floor":14,"key":"Bottled Tornado"},{"floor":23,"key":"Potion Belt"},{"floor":29,"key":"Regal Pillow"},{"floor":41,"key":"StrikeDummy"},{"floor":43,"key":"CeramicFish"}],"event_choices":[{"cards_removed":["Defend_B"],"damage_healed":0,"gold_gain":0,"player_choice":"Card Removal","damage_taken":7,"max_hp_gain":0,"max_hp_loss":0,"event_name":"Golden Wing","floor":3,"gold_loss":0},{"damage_healed":0,"gold_gain":0,"player_choice":"Grow","damage_taken":0,"max_hp_gain":0,"max_hp_loss":0,"event_name":"Living Wall","floor":4,"gold_loss":0,"cards_upgraded":["Zap"]},{"damage_healed":0,"gold_gain":0,"player_choice":"Lose Max HP","damage_taken":0,"relics_obtained":["Golden Idol"],"max_hp_gain":0,"max_hp_loss":6,"event_name":"Golden Idol","floor":5,"gold_loss":0},{"damage_healed":0,"gold_gain":0,"player_choice":"Ignored","damage_taken":0,"max_hp_gain":0,"max_hp_loss":0,"event_name":"Ghosts","floor":19,"gold_loss":0},{"damage_healed":0,"gold_gain":0,"player_choice":"Gave Potion","damage_taken":0,"relics_obtained":["Molten Egg 2"],"max_hp_gain":0,"max_hp_loss":0,"event_name":"WeMeetAgain","floor":22,"gold_loss":0},{"damage_healed":0,"gold_gain":0,"player_choice":"Forge","damage_taken":0,"max_hp_gain":0,"max_hp_loss":0,"event_name":"Accursed Blacksmith","floor":30,"gold_loss":0,"cards_upgraded":["Fission"]},{"cards_removed":["Hologram"],"damage_healed":0,"gold_gain":0,"player_choice":"Removed Skill","damage_taken":0,"max_hp_gain":0,"max_hp_loss":0,"event_name":"Falling","floor":37,"gold_loss":0},{"damage_healed":0,"gold_gain":0,"player_choice":"Memory 1","damage_taken":0,"max_hp_gain":0,"max_hp_loss":0,"event_name":"SensoryStone","floor":45,"gold_loss":0},{"damage_healed":0,"gold_gain":0,"player_choice":"Paid","damage_taken":0,"relics_obtained":["Red Mask"],"max_hp_gain":0,"max_hp_loss":0,"event_name":"Tomb of Lord Red Mask","floor":46,"gold_loss":81}],"is_beta":false,"boss_relics":[{"not_picked":["SlaversCollar","Empty Cage"],"picked":"Snecko Eye"},{"not_picked":["Runic Dome","SacredBark"],"picked":"Nuclear Battery"}],"items_purged_floors":[21],"is_endless":false,"potions_floor_spawned":[1,2,11,16,20,33,41,44,48],"killed_by":"Awakened One","ascension_level":2}}