{"host":"uceopoba4zvqsgiy","time":1614221198,"event":{"mods":["2.2 Compatiblity","Act Like it!","BaseMod","Better Skull","Better Third Choice","Elementarium","Evolution","GifTheSpireLib","Hermit","Humility","Infinite Spire","Jorbs\u0027s Wanderer Trilogy","Marked Mod","Minty Spire (QoL Compilation)","Potionbrewer","Reliquary","Replay The Spire","Robot Space Explorer","Shade Mod","Spicy Shops","StS++","StSLib","Stuff the Spire","The Blue Laboratory","The Caster","The Cursed","The Dragon Tamer","The Dragonkin","The Hierophant","The Judge","The Jungle","TheSurvivalist","Wandering Minibosses"],"gold_per_floor":[111,126,81,81,81,106,106,217,243,0,50,71,65,65],"floor_reached":13,"language":"ENG","playtime":396,"items_purged":[],"score":170,"play_id":"6f332ee9-b4c8-4f0b-ae18-cf79a5774ac6","local_time":"20210225131638","is_ascension_mode":true,"campfire_choices":[{"data":"WordoMod:Cataclysm","floor":7,"key":"SMITH"}],"circlet_count":0,"master_deck":["WordoMod:Unchained","WordoMod:Unchained","WordoMod:Unchained","WordoMod:Unchained","WordoMod:Sacrilege","WordoMod:DefendCard","WordoMod:DefendCard","WordoMod:DefendCard","WordoMod:Accursed","WordoMod:IllWill","WordoMod:LanternFlame","WordoMod:BloodThinning","StuffTheSpire:CuriosityCurse","Looming Evil","WordoMod:Cataclysm+1","ReplayTheSpireMod:Splinters","WordoMod:BeneathTheMask","Enlightenment","WordoMod:Cleanse","WordoMod:Sacrilege"],"relics":["WordoMod:Obsidian","WordoMod:Effigy","EVO:Axolotl","NeowsBlessing","betterThird:SlimedRelic","infinitespire:Midas Blood","StuffTheSpire:SapphireSignet","Juzu Bracelet","reliquary:HotPoker"],"acts_visited":["Exordium"],"potions_floor_usage":[],"damage_taken":[{"damage":0,"enemies":"Jaw Worm","floor":1,"turns":1},{"damage":0,"enemies":"Small Slimes","floor":2,"turns":1},{"damage":0,"enemies":"Lagavulin","floor":6,"turns":1},{"damage":45,"enemies":"3 Sentries","floor":11,"turns":5},{"damage":1,"enemies":"Cultist","floor":12,"turns":3},{"damage":29,"enemies":"Gremlin Nob","floor":13,"turns":2}],"seed_played":"1480307861562430986","potions_obtained":[{"floor":2,"key":"blueLaboratory:PhilterOfMotion"}],"is_trial":false,"path_per_floor":["M","M","?","$","?","E","R","?","T","?","E","M","E"],"character_chosen":"JUDGE_CLASS","items_purchased":[],"campfire_rested":0,"item_purchase_floors":[],"current_hp_per_floor":[75,75,64,64,64,64,64,64,64,70,25,24,0,0],"gold":65,"neow_bonus":"THREE_ENEMY_KILL","is_daily":false,"chose_seed":false,"campfire_upgraded":1,"win_rate":0.0,"timestamp":1614221198,"path_taken":["M","M","?","$","?","E","R","?","T","?","E","M","E"],"items_purchased_type":[],"build_version":"2020-12-22","purchased_purges":0,"victory":false,"max_hp_per_floor":[75,75,75,75,75,75,75,75,75,81,81,81,81,81],"card_choices":[{"not_picked":["WordoMod:BadMemories","WordoMod:Malice"],"picked":"WordoMod:LanternFlame","floor":1},{"not_picked":["WordoMod:BreakChains","WordoMod:Retaliate"],"picked":"WordoMod:BloodThinning","floor":2},{"not_picked":["infinitespire:Pacifist","Elementarium:StickyTar"],"picked":"Looming Evil","floor":6},{"not_picked":["WordoMod:Taunt","WordoMod:Resurrection"],"picked":"WordoMod:Cataclysm","floor":6},{"not_picked":["WordoMod:SoulSpear","WordoMod:Hysteria"],"picked":"WordoMod:BeneathTheMask","floor":8},{"not_picked":["WordoMod:MonkeysPaw","WordoMod:Exorcism"],"picked":"WordoMod:Cleanse","floor":11},{"not_picked":["WordoMod:BadMemories","WordoMod:SoulSpear"],"picked":"WordoMod:Sacrilege","floor":12}],"player_experience":1889286,"relics_obtained":[{"floor":6,"key":"StuffTheSpire:SapphireSignet"},{"floor":9,"key":"Juzu Bracelet"},{"floor":11,"key":"reliquary:HotPoker"}],"event_choices":[{"damage_healed":0,"gold_gain":0,"player_choice":"Slimed","damage_taken":11,"max_hp_gain":0,"max_hp_loss":0,"event_name":"betterThird:BetterGoop","floor":3,"gold_loss":45},{"damage_healed":0,"gold_gain":0,"player_choice":"RENOUNCE","damage_taken":243,"max_hp_gain":0,"max_hp_loss":0,"event_name":"betterThird:BetterSerpent","floor":10,"gold_loss":243,"cards_obtained":["Enlightenment"]}],"is_beta":false,"boss_relics":[],"items_purged_floors":[],"is_endless":false,"potions_floor_spawned":[2],"killed_by":"Gremlin Nob","ascension_level":5,"is_humility":true}}