{"host":"ymmeoa1x24ihslbm","time":1614280838,"event":{"mods":["AchievementEnabler","BaseMod","Colored Map","Colored Powertips","Defuse TimeMaze Blight","Hermit","Highlight Path","Minty Spire (QoL Compilation)","Permanent Neow","Quick Restart","StSLib","Unceasing Turn Reminder"],"gold_per_floor":[112,126,137,155,155,155,180,180,180,194,205,231,231,300,300,399,399,412,412,429,443,443,443,472,472,472,486,486,486],"floor_reached":28,"language":"ENG","playtime":4145,"items_purged":[],"score":275,"play_id":"44d304d1-f58c-418e-82be-b850a24fbc44","local_time":"20210225202038","is_ascension_mode":true,"campfire_choices":[{"data":"hermit:HighNoon","floor":6,"key":"SMITH"},{"data":"hermit:Dive","floor":8,"key":"SMITH"},{"data":"hermit:HighCaliber","floor":13,"key":"SMITH"},{"data":"hermit:Snapshot","floor":15,"key":"SMITH"},{"data":"hermit:FullyLoaded","floor":23,"key":"SMITH"},{"data":"hermit:FromBeyond","floor":25,"key":"SMITH"}],"circlet_count":0,"master_deck":["hermit:Strike_Hermit","hermit:Strike_Hermit","hermit:Strike_Hermit","hermit:Strike_Hermit","hermit:Defend_Hermit","hermit:Defend_Hermit","hermit:Defend_Hermit","hermit:Defend_Hermit","hermit:Snapshot+1","hermit:Covet","hermit:HighNoon+1","hermit:HighCaliber+1","hermit:Reprieve","hermit:Dive+1","Regret","hermit:Shortfuse","hermit:Gambit","hermit:FatalDesire","hermit:FromBeyond+1","hermit:FullyLoaded+1","J.A.X."],"relics":["hermit:Momento","Oddly Smooth Stone","CaptainsWheel","Question Card","Toy Ornithopter","Pantograph","Busted Crown","Happy Flower","TungstenRod"],"acts_visited":["Exordium","TheCity"],"potions_floor_usage":[11,12,24,28,28],"damage_taken":[{"damage":6,"enemies":"Cultist","floor":1,"turns":4},{"damage":4,"enemies":"Jaw Worm","floor":2,"turns":3},{"damage":0,"enemies":"2 Louse","floor":3,"turns":3},{"damage":19,"enemies":"Large Slime","floor":4,"turns":10},{"damage":1,"enemies":"3 Sentries","floor":7,"turns":11},{"damage":0,"enemies":"Exordium Wildlife","floor":10,"turns":5},{"damage":0,"enemies":"3 Louse","floor":11,"turns":1},{"damage":4,"enemies":"Gremlin Nob","floor":12,"turns":3},{"damage":46,"enemies":"Hexaghost","floor":16,"turns":12},{"damage":6,"enemies":"Chosen","floor":18,"turns":3},{"damage":22,"enemies":"2 Thieves","floor":20,"turns":5},{"damage":10,"enemies":"Snecko","floor":21,"turns":3},{"damage":29,"enemies":"Gremlin Leader","floor":24,"turns":6},{"damage":24,"enemies":"3 Cultists","floor":27,"turns":6},{"damage":21,"enemies":"Snake Plant","floor":28,"turns":2}],"seed_played":"-1846633911519447399","potions_obtained":[{"floor":2,"key":"hermit:BlackBile"},{"floor":4,"key":"SneckoOil"},{"floor":12,"key":"BlessingOfTheForge"},{"floor":20,"key":"Ancient Potion"},{"floor":27,"key":"LiquidBronze"}],"is_trial":false,"path_per_floor":["M","M","M","M","?","R","E","R","T","M","M","E","R","T","R","B",null,"M","?","M","M","?","R","E","R","T","M","M"],"character_chosen":"HERMIT","items_purchased":[],"campfire_rested":0,"item_purchase_floors":[],"current_hp_per_floor":[48,44,48,33,33,33,40,40,40,40,44,40,40,40,40,27,75,73,73,53,47,47,47,31,31,31,7,0,0],"gold":486,"neow_bonus":"THREE_RARE_CARDS","is_daily":false,"chose_seed":false,"campfire_upgraded":6,"win_rate":0.0,"timestamp":1614280838,"path_taken":["M","M","?","M","?","R","E","R","T","M","M","E","R","?","R","BOSS","M","?","M","M","?","R","E","R","T","M","M"],"items_purchased_type":[],"build_version":"2020-12-22","purchased_purges":0,"victory":false,"max_hp_per_floor":[75,75,75,75,75,75,75,75,75,75,75,75,75,75,75,75,75,75,75,75,75,75,75,75,75,75,75,75,75],"card_choices":[{"not_picked":["hermit:BlackWind","hermit:EternalForm"],"picked":"hermit:HighNoon","floor":0},{"not_picked":["hermit:Misfire","hermit:SprayPray"],"picked":"hermit:HighCaliber","floor":1},{"not_picked":["hermit:Headshot","hermit:EyeOfTheStorm"],"picked":"hermit:Reprieve","floor":2},{"not_picked":["hermit:Manifest","hermit:Cheat"],"picked":"hermit:Dive","floor":3},{"not_picked":["hermit:Misfire","hermit:CursedWeapon","hermit:Ricochet"],"picked":"SKIP","floor":4},{"not_picked":["hermit:EyeOfTheStorm","hermit:LowProfile"],"picked":"hermit:Shortfuse","floor":7},{"not_picked":["hermit:Roulette","hermit:TakeAim","hermit:Horror","hermit:Vantage"],"picked":"SKIP","floor":10},{"not_picked":["hermit:NoHoldsBarred","hermit:ItchyTrigger","hermit:HoleUp"],"picked":"hermit:Gambit","floor":11},{"not_picked":["hermit:Headshot","hermit:Malice","hermit:EyeOfTheStorm"],"picked":"hermit:FatalDesire","floor":12},{"not_picked":["hermit:Purgatory","hermit:Magnum","hermit:Dissolve"],"picked":"hermit:FromBeyond","floor":16},{"not_picked":["hermit:Vantage"],"picked":"hermit:FullyLoaded","floor":18},{"not_picked":["hermit:SprayPray","hermit:Cheat"],"picked":"SKIP","floor":20},{"not_picked":["hermit:Determination","hermit:SprayPray"],"picked":"SKIP","floor":21},{"not_picked":["hermit:CalledShot","hermit:Malice"],"picked":"SKIP","floor":24},{"not_picked":["hermit:ItchyTrigger","hermit:Dive"],"picked":"SKIP","floor":27}],"player_experience":698950,"relics_obtained":[{"floor":7,"key":"CaptainsWheel"},{"floor":9,"key":"Question Card"},{"floor":12,"key":"Toy Ornithopter"},{"floor":14,"key":"Pantograph"},{"floor":24,"key":"Happy Flower"},{"floor":26,"key":"TungstenRod"}],"event_choices":[{"damage_healed":0,"gold_gain":0,"player_choice":"Box","damage_taken":0,"relics_obtained":["Oddly Smooth Stone"],"max_hp_gain":0,"max_hp_loss":0,"event_name":"Big Fish","floor":5,"gold_loss":0,"cards_obtained":["Regret"]},{"damage_healed":0,"gold_gain":0,"player_choice":"Ignored","damage_taken":0,"max_hp_gain":0,"max_hp_loss":0,"event_name":"Ghosts","floor":19,"gold_loss":0},{"damage_healed":0,"gold_gain":0,"player_choice":"Obtain J.A.X.","damage_taken":0,"max_hp_gain":0,"max_hp_loss":0,"event_name":"Drug Dealer","floor":22,"gold_loss":0,"cards_obtained":["J.A.X."]}],"is_beta":false,"boss_relics":[{"not_picked":["Fusion Hammer","Runic Pyramid"],"picked":"Busted Crown"}],"items_purged_floors":[],"is_endless":false,"potions_floor_spawned":[2,4,12,20,27],"killed_by":"Snake Plant","ascension_level":2}}