{"host":"d76q0rb9a0s9bgr5","time":1614262128,"event":{"mods":["BaseMod","Downfall","Hubris","Minty Spire (QoL Compilation)","StSLib"],"gold_per_floor":[116,116,133,133,149,149,176,191,215,10,10,25,25,43,43,43,43],"floor_reached":16,"language":"ENG","playtime":880,"items_purged":[],"score":122,"play_id":"32734a64-f9ff-408c-afb0-31317109e116","local_time":"20210225150848","is_ascension_mode":true,"campfire_choices":[{"data":"Neutralize","floor":6,"key":"SMITH"},{"data":"Noxious Fumes","floor":13,"key":"SMITH"},{"data":"Survivor","floor":15,"key":"SMITH"}],"circlet_count":0,"master_deck":["Strike_G","Strike_G","Strike_G","Strike_G","Defend_G","Defend_G","Defend_G","Defend_G","Defend_G","Survivor+1","Neutralize+1","CurseOfTheBell","Noxious Fumes+1"],"relics":["Calling Bell","CaptainsWheel","hubris:TinFlute","hubris:AncientText","hubris:Icosahedron","The Courier","Smiling Mask","Matryoshka"],"acts_visited":["Exordium"],"potions_floor_usage":[7,7,7,12,16],"damage_taken":[{"damage":6,"enemies":"Jaw Worm","floor":1,"turns":6},{"damage":6,"enemies":"2 Louse","floor":3,"turns":3},{"damage":1,"enemies":"Cultist","floor":5,"turns":5},{"damage":46,"enemies":"Lagavulin","floor":7,"turns":10},{"damage":12,"enemies":"Exordium Wildlife","floor":8,"turns":8},{"damage":0,"enemies":"Red Slaver","floor":12,"turns":5},{"damage":6,"enemies":"2 Fungi Beasts","floor":14,"turns":4},{"damage":71,"enemies":"Slime Boss","floor":16,"turns":10}],"seed_played":"-3202811425495582742","potions_obtained":[{"floor":1,"key":"Explosive Potion"},{"floor":4,"key":"Fire Potion"},{"floor":4,"key":"Strength Potion"},{"floor":7,"key":"Swift Potion"},{"floor":12,"key":"CunningPotion"}],"is_trial":false,"path_per_floor":["M","?","M","?","M","R","E","M","T","$","?","M","R","M","R","B"],"character_chosen":"THE_SILENT","items_purchased":["Matryoshka"],"campfire_rested":0,"item_purchase_floors":[10],"current_hp_per_floor":[64,64,58,58,70,70,24,70,70,70,70,70,70,64,64,0,0],"gold":43,"neow_bonus":"BOSS_RELIC","is_daily":false,"chose_seed":false,"campfire_upgraded":3,"win_rate":0.0,"timestamp":1614262128,"path_taken":["M","?","M","?","?","R","E","M","T","$","?","?","R","M","R","BOSS"],"items_purchased_type":["Relic"],"build_version":"2020-12-22","purchased_purges":0,"victory":false,"max_hp_per_floor":[70,70,70,70,70,70,70,70,70,70,70,70,70,70,70,70,70],"card_choices":[{"not_picked":["PiercingWail","Dodge and Roll","Outmaneuver"],"picked":"SKIP","floor":1},{"not_picked":["Slice","Poisoned Stab","Outmaneuver"],"picked":"SKIP","floor":3},{"not_picked":["Flying Knee","Finisher","Flechettes"],"picked":"SKIP","floor":5},{"not_picked":["Bane","Deflect","Underhanded Strike"],"picked":"SKIP","floor":7},{"not_picked":["Outmaneuver","Catalyst","Slice"],"picked":"SKIP","floor":8},{"not_picked":["Deflect","Riddle With Holes"],"picked":"Noxious Fumes","floor":12},{"not_picked":["Deadly Poison","Crippling Poison","hubris:TrickCloak"],"picked":"SKIP","floor":14}],"player_experience":171335,"relics_obtained":[{"floor":0,"key":"CaptainsWheel"},{"floor":0,"key":"hubris:TinFlute"},{"floor":0,"key":"hubris:AncientText"},{"floor":7,"key":"The Courier"},{"floor":9,"key":"Smiling Mask"}],"event_choices":[{"damage_healed":0,"gold_gain":0,"player_choice":"Got Potions","damage_taken":0,"max_hp_gain":0,"max_hp_loss":0,"event_name":"Lab","floor":4,"gold_loss":0},{"cards_removed":["Strike_G"],"damage_healed":0,"gold_gain":0,"player_choice":"Purged","damage_taken":0,"max_hp_gain":0,"max_hp_loss":0,"event_name":"Purifier","floor":11,"gold_loss":0}],"is_beta":false,"boss_relics":[],"items_purged_floors":[],"is_endless":false,"potions_floor_spawned":[1,7,12],"killed_by":"Slime Boss","ascension_level":4}}