{"host":"3498uni0c31c9bdm","time":1614271179,"event":{"mods":["BaseMod","Better Match","Better Note","Better Sensory Stone","Better Skull","Better Third Choice","Colored Map","Minty Spire (QoL Compilation)","Quick Restart","RNG Fix","Random Character Button","Replay The Spire","Shop Mod","Smile Girya","StSLib","Unceasing Turn Reminder"],"gold_per_floor":[115,115,131,131,196,196,181,252,252,252,31,58,58,58,58,173,173,202,202,202,202,219,219,38,38,38,137,164,184,184,217,217,217,217],"floor_reached":33,"language":"ENG","playtime":1705,"items_purged":[],"score":414,"play_id":"75e1194a-68a6-4964-b996-40fee2e01e83","local_time":"20210226033939","is_ascension_mode":true,"campfire_choices":[{"data":"Armaments","floor":6,"key":"SMITH"},{"floor":13,"key":"RECALL"},{"floor":23,"key":"REST"},{"floor":30,"key":"REST"},{"floor":32,"key":"REST"}],"circlet_count":0,"master_deck":["AscendersBane","Strike_R","Strike_R","Strike_R","Strike_R","Strike_R","Defend_R","Defend_R","Defend_R","Defend_R","Bash","Replay:Bootleg Shield Generator","Pommel Strike","ReplayTheSpireMod:Muscle Training","Armaments+1","Shockwave","Demon Form","Flex","Juggernaut","Barricade","Heavy Blade","Blood for Blood","Rupture+1","Poisoned Strike","Midas Touch","Blind","Dual Wield","Thunderclap","Pommel Strike+1","ReplayTheSpireMod:Strike From Hell"],"relics":["Burning Blood","ReplayTheSpireMod:Ring of Challenge","ReplayTheSpireMod:Ring of Collecting","Bag of Preparation","Ring of Peace","Chameleon Ring","Juzu Bracelet","Bottled Tornado","Runic Cube","ReplayTheSpireMod:ShopPack","Du-Vu Doll","Replay:Accelerometer"],"acts_visited":["Exordium","TheCity"],"potions_floor_usage":[8,12,16,28,28,31],"damage_taken":[{"damage":8,"enemies":"Cultist","floor":1,"turns":4},{"damage":7,"enemies":"2 Louse","floor":3,"turns":4},{"damage":22,"enemies":"Small Slimes","floor":5,"turns":6},{"damage":3,"enemies":"Looter","floor":7,"turns":4},{"damage":22,"enemies":"Lagavulin Event","floor":8,"turns":6},{"damage":15,"enemies":"Lagavulin","floor":12,"turns":7},{"damage":46,"enemies":"The Guardian","floor":16,"turns":11},{"damage":25,"enemies":"Chosen","floor":18,"turns":7},{"damage":16,"enemies":"Shell Parasite","floor":22,"turns":9},{"damage":41,"enemies":"Slavers","floor":28,"turns":7},{"damage":12,"enemies":"Centurion and Healer","floor":29,"turns":4},{"damage":40,"enemies":"Shelled Parasite and Fungi","floor":31,"turns":7},{"damage":39,"enemies":"Automaton","floor":33,"turns":4}],"seed_played":"-5801113374424111131","potions_obtained":[{"floor":1,"key":"Fire Potion"},{"floor":15,"key":"Ancient Potion"},{"floor":15,"key":"Venom Potion"},{"floor":16,"key":"Flashbang"},{"floor":29,"key":"Block Potion"}],"is_trial":false,"path_per_floor":["M","?","M","?","M","R","M","?","T","?","$","E","R","?","R","B",null,"M","?","?","?","M","R","$","?","T","?","E","M","R","M","R","B"],"character_chosen":"IRONCLAD","items_purchased":["Juzu Bracelet","PowerPotion","Flex","Rupture+1","ReplayTheSpireMod:ShopPack"],"campfire_rested":3,"item_purchase_floors":[11,11,11,24,24],"current_hp_per_floor":[70,70,69,69,53,53,56,40,40,40,40,31,31,57,57,17,64,45,45,45,45,35,59,59,59,59,59,24,18,42,8,32,0,0],"gold":217,"neow_bonus":"RANDOM_COLORLESS","is_daily":false,"chose_seed":false,"campfire_upgraded":1,"win_rate":0.0,"timestamp":1614271179,"path_taken":["M","?","M","?","?","R","M","?","T","?","?","E","R","?","R","BOSS","M","?","?","?","M","R","$","?","T","?","E","M","R","M","R","BOSS"],"items_purchased_type":["Relic","Potion","Card","Card","Relic"],"build_version":"2020-12-22","purchased_purges":0,"victory":false,"max_hp_per_floor":[80,80,80,80,80,80,80,80,80,80,80,80,80,80,80,80,80,80,80,80,80,80,80,80,80,80,80,80,80,80,80,80,80,80],"card_choices":[{"not_picked":["PanicButton","Purity"],"picked":"Replay:Bootleg Shield Generator","floor":0},{"not_picked":["Sentinel","Run Through"],"picked":"Pommel Strike","floor":1},{"not_picked":["Headbutt","Spot Weakness"],"picked":"ReplayTheSpireMod:Muscle Training","floor":3},{"not_picked":["Perfected Strike","Warcry"],"picked":"Armaments","floor":5},{"not_picked":["Pommel Strike","Infernal Blade"],"picked":"Shockwave","floor":7},{"not_picked":["Sword Boomerang","Thunderclap"],"picked":"Demon Form","floor":8},{"not_picked":["Pommel Strike","Warcry"],"picked":"Juggernaut","floor":12},{"not_picked":["Immolate","Demon Form"],"picked":"Barricade","floor":16},{"not_picked":["Ghostly Armor","Dark Embrace"],"picked":"Heavy Blade","floor":18},{"not_picked":["Replay:Undeath\u0027s Touch","Flex"],"picked":"Blood for Blood","floor":22},{"not_picked":["Master of Strategy","Chrysalis"],"picked":"Poisoned Strike","floor":24},{"not_picked":["Enlightenment","ReplayTheSpireMod:Private Reserves"],"picked":"Midas Touch","floor":24},{"not_picked":["Discovery","Flash of Steel"],"picked":"Blind","floor":24},{"not_picked":["Shrug It Off+1","Evolve"],"picked":"Thunderclap","floor":28},{"not_picked":["Anger","Run Through+1"],"picked":"Pommel Strike+1","floor":29},{"not_picked":["Thunderclap","Wild Strike"],"picked":"ReplayTheSpireMod:Strike From Hell","floor":31}],"player_experience":942600,"relics_obtained":[{"floor":4,"key":"ReplayTheSpireMod:Ring of Challenge"},{"floor":4,"key":"ReplayTheSpireMod:Ring of Collecting"},{"floor":9,"key":"Ring of Peace"},{"floor":9,"key":"Chameleon Ring"},{"floor":12,"key":"Bottled Tornado"},{"floor":26,"key":"Du-Vu Doll"},{"floor":28,"key":"Replay:Accelerometer"}],"event_choices":[{"damage_healed":0,"gold_gain":0,"player_choice":"Leave","damage_taken":0,"max_hp_gain":0,"max_hp_loss":0,"event_name":"The Cleric","floor":2,"gold_loss":0},{"damage_healed":0,"gold_gain":0,"player_choice":"Searched \u00273\u0027 times","damage_taken":0,"relics_obtained":["Bag of Preparation"],"max_hp_gain":0,"max_hp_loss":0,"event_name":"Dead Adventurer","floor":8,"gold_loss":0},{"damage_healed":0,"gold_gain":0,"player_choice":"Cursed","damage_taken":0,"max_hp_gain":0,"max_hp_loss":0,"event_name":"Wheel of Change","floor":10,"gold_loss":0,"cards_obtained":["Decay"]},{"damage_healed":26,"gold_gain":0,"player_choice":"Banana","damage_taken":0,"max_hp_gain":0,"max_hp_loss":0,"event_name":"Big Fish","floor":14,"gold_loss":0},{"damage_healed":0,"gold_gain":0,"player_choice":"Smashed Altar","damage_taken":0,"max_hp_gain":0,"max_hp_loss":0,"event_name":"Forgotten Altar","floor":19,"gold_loss":0,"cards_obtained":["Decay"]},{"cards_removed":["Decay","Decay","ReplayTheSpireMod:Restless Dread"],"damage_healed":0,"gold_gain":0,"player_choice":"Removed Curses","damage_taken":0,"max_hp_gain":0,"max_hp_loss":0,"event_name":"Fountain of Cleansing","floor":20,"gold_loss":0},{"damage_healed":0,"gold_gain":0,"player_choice":"Ignored","damage_taken":0,"max_hp_gain":0,"max_hp_loss":0,"event_name":"Ghosts","floor":21,"gold_loss":0},{"damage_healed":0,"gold_gain":0,"player_choice":"Read","damage_taken":0,"max_hp_gain":0,"max_hp_loss":0,"event_name":"The Library","floor":25,"gold_loss":0,"cards_obtained":["Dual Wield"]},{"damage_healed":0,"gold_gain":99,"player_choice":"Steal","damage_taken":0,"max_hp_gain":0,"max_hp_loss":0,"event_name":"betterThird:BetterNest","floor":27,"gold_loss":0}],"is_beta":false,"boss_relics":[{"not_picked":["Replay:Grab Bag","Kintsugi"],"picked":"Runic Cube"}],"items_purged_floors":[],"is_endless":false,"potions_floor_spawned":[1,16,29],"killed_by":"Automaton","ascension_level":12}}