{"host":"og21o26alpnbwmz8","time":1614260514,"event":{"mods":["2.2 Compatiblity","Act Like it!","Aspiration","BaseMod","Conspire","Downfall","Gensokyo","Halation","Hermit","Hubris","Jedi Mod","Mimic Mod","Minty Spire (QoL Compilation)","Pale of the Ancients","Reliquary","Replay The Spire","Shop Mod","Spikes Relics","StSLib","The Alterego","The Animator","The Blue Laboratory","The Bug Knight","The Clintock","The Construct","Waifu the Spire","Yuri Mod"],"gold_per_floor":[113,123,198,213,213,213,213],"floor_reached":6,"language":"ENG","playtime":56,"items_purged":[],"score":36,"play_id":"37e4cbe3-aec7-446c-abb3-432c3bfaf6ad","local_time":"20210225084154","is_ascension_mode":false,"campfire_choices":[],"circlet_count":0,"master_deck":["construct:Strike_Gold","construct:Strike_Gold","construct:Strike_Gold","construct:Strike_Gold","construct:Strike_Gold","construct:Defend_Gold","construct:Defend_Gold","construct:Defend_Gold","construct:Defend_Gold","construct:Defend_Gold","construct:AttackMode","construct:DefenseMode","construct:Autoturret","construct:Failsafe"],"relics":["construct:ClockworkPhoenix","NeowsBlessing"],"acts_visited":["Exordium"],"potions_floor_usage":[],"damage_taken":[{"damage":0,"enemies":"Cultist","floor":1,"turns":1},{"damage":0,"enemies":"2 Louse","floor":2,"turns":1},{"damage":0,"enemies":"Small Slimes","floor":4,"turns":1},{"damage":0,"enemies":"Gremlin Nob","floor":6,"turns":1}],"seed_played":"3768666547561247154","potions_obtained":[],"is_trial":false,"path_per_floor":["M","M","?","M","?","E"],"character_chosen":"THE_CONSTRUCT_MOD","items_purchased":[],"campfire_rested":0,"item_purchase_floors":[],"current_hp_per_floor":[85,85,74,74,74,74,74],"gold":213,"neow_bonus":"THREE_ENEMY_KILL","is_daily":false,"chose_seed":false,"campfire_upgraded":0,"win_rate":0.0,"timestamp":1614260514,"path_taken":["M","?","?","M","?","E"],"items_purchased_type":[],"build_version":"2020-12-22","purchased_purges":0,"victory":false,"max_hp_per_floor":[85,85,85,85,85,85,85],"card_choices":[{"not_picked":["construct:SaveState","construct:ClusterMines"],"picked":"construct:Autoturret","floor":1},{"not_picked":["construct:SaveState","construct:Boost","construct:Analyze"],"picked":"SKIP","floor":2},{"not_picked":["construct:BatteryAcid","construct:Forcefield"],"picked":"construct:Failsafe","floor":4}],"player_experience":459115,"relics_obtained":[],"event_choices":[{"damage_healed":0,"gold_gain":75,"player_choice":"Gather Gold","damage_taken":11,"max_hp_gain":0,"max_hp_loss":0,"event_name":"World of Goop","floor":3,"gold_loss":0},{"damage_healed":0,"gold_gain":0,"player_choice":"Ignored","damage_taken":0,"max_hp_gain":0,"max_hp_loss":0,"event_name":"Liars Game","floor":5,"gold_loss":0}],"is_beta":false,"boss_relics":[],"items_purged_floors":[],"is_endless":false,"potions_floor_spawned":[],"killed_by":"Gremlin Nob","ascension_level":0}}