{"host":"a1eatafr7pisesky","time":1614264172,"event":{"mods":["AchievementEnabler","BaseMod","Colored Map","Keyboard Shortcuts","Minty Spire (QoL Compilation)","Say the Spire","StSLib","SuperFastMode","everything is the same but u backflip on backflip"],"gold_per_floor":[118,138,9,9,28,28,28,68,95,95,134,134,184,34,34,129,192,207,207,207,207,207,207,207,207],"floor_reached":24,"language":"KOR","playtime":394,"items_purged":["Defend_B"],"score":366,"play_id":"a1ddf68b-ed25-46ad-a072-31efda2902a6","local_time":"20210225234252","is_ascension_mode":true,"campfire_choices":[{"data":"Dualcast","floor":10.0,"key":"SMITH"},{"floor":12,"key":"REST"},{"data":"Reboot","floor":15,"key":"SMITH"},{"floor":23,"key":"REST"}],"circlet_count":0,"master_deck":["AscendersBane","Strike_B","Strike_B","Defend_B","Defend_B","Defend_B","Zap","Dualcast+1","Gash","Leap","Gash+1","Rebound","Go for the Eyes","Reboot+1","Finesse","Sweeping Beam","Biased Cognition","Melter","Glacier","Creative AI"],"relics":["Cracked Core","WingedGreaves","Golden Idol","Ice Cream","Singing Bowl","Toy Ornithopter","Nunchaku","Tiny House","Enchiridion","Bottled Tornado"],"acts_visited":["Exordium","TheCity"],"potions_floor_usage":[16,24,24],"damage_taken":[{"damage":2.0,"enemies":"Jaw Worm","floor":1.0,"turns":4.0},{"damage":6.0,"enemies":"2 Louse","floor":2.0,"turns":2.0},{"damage":6.0,"enemies":"Cultist","floor":5.0,"turns":3.0},{"damage":16.0,"enemies":"Lagavulin","floor":8.0,"turns":5.0},{"damage":16,"enemies":"Gremlin Nob","floor":11,"turns":4},{"damage":38,"enemies":"Slime Boss","floor":16,"turns":10},{"damage":27,"enemies":"2 Thieves","floor":18,"turns":4},{"damage":49,"enemies":"Slavers","floor":24,"turns":3}],"seed_played":"8624318304246605908","potions_obtained":[{"floor":2.0,"key":"Block Potion"},{"floor":5.0,"key":"DistilledChaos"},{"floor":16,"key":"Regen Potion"},{"floor":17,"key":"Ancient Potion"}],"is_trial":false,"path_per_floor":["M","M","$","?","M","?","T","E","T","R","E","R","?","$","R","B",null,"M","?","T","?","?","R","E"],"character_chosen":"DEFECT","items_purchased":["Gash","Finesse","Sweeping Beam"],"campfire_rested":2,"item_purchase_floors":[3,14,14],"current_hp_per_floor":[62,56,56,61,55,55,55,39,39,39,23,41,41,41,41,8,54,29,8,8,8,8,29,0,0],"gold":207,"neow_bonus":"ONE_RARE_RELIC","is_daily":false,"chose_seed":false,"campfire_upgraded":2,"win_rate":0.0,"timestamp":1614264172,"path_taken":["M","M","$","?","M","?","?","E","T","R","E","R","?","$","R","BOSS","M","?","?","?","?","R","E"],"items_purchased_type":["Card","Card","Card"],"build_version":"2020-12-22","purchased_purges":1,"victory":false,"max_hp_per_floor":[64,64,64,69,69,63,63,63,63,63,63,63,63,63,63,63,68,70,70,70,70,70,70,70,70],"card_choices":[{"not_picked":["Leap","Hologram"],"picked":"Gash","floor":1.0},{"not_picked":["Cold Snap","Steam"],"picked":"Leap","floor":2.0},{"not_picked":["Leap","Aggregate"],"picked":"Rebound","floor":5.0},{"not_picked":["Leap","Compile Driver"],"picked":"Go for the Eyes","floor":8.0},{"not_picked":["Glacier","Steam Power"],"picked":"Reboot","floor":11},{"not_picked":["Rainbow","Thunder Strike"],"picked":"Biased Cognition","floor":16},{"not_picked":["Hello World","Compile Driver"],"picked":"Melter","floor":17},{"not_picked":["Sunder","Cold Snap","Genetic Algorithm"],"picked":"Singing Bowl","floor":18}],"player_experience":496014,"relics_obtained":[{"floor":7.0,"key":"Ice Cream"},{"floor":8.0,"key":"Singing Bowl"},{"floor":9.0,"key":"Toy Ornithopter"},{"floor":11,"key":"Nunchaku"},{"floor":19,"key":"Enchiridion"},{"floor":20,"key":"Bottled Tornado"}],"event_choices":[{"damage_healed":0.0,"max_hp_gain":5.0,"max_hp_loss":0.0,"gold_gain":0.0,"event_name":"Big Fish","player_choice":"Donut","floor":4.0,"gold_loss":0.0,"damage_taken":0.0},{"damage_healed":0.0,"max_hp_gain":0.0,"max_hp_loss":6.0,"gold_gain":0.0,"event_name":"Golden Idol","player_choice":"Lose Max HP","floor":6.0,"gold_loss":0.0,"damage_taken":0.0,"relics_obtained":["Golden Idol"]},{"damage_healed":0,"gold_gain":50,"player_choice":"Pray","damage_taken":0,"max_hp_gain":0,"max_hp_loss":0,"event_name":"Golden Shrine","floor":13,"gold_loss":0},{"damage_healed":0,"gold_gain":0,"player_choice":"Obtained Book","damage_taken":21,"max_hp_gain":0,"max_hp_loss":0,"event_name":"Cursed Tome","floor":19,"gold_loss":0},{"damage_healed":0,"gold_gain":0,"player_choice":"Ignored","damage_taken":0,"max_hp_gain":0,"max_hp_loss":0,"event_name":"The Mausoleum","floor":21,"gold_loss":0},{"damage_healed":0,"gold_gain":0,"cards_transformed":["Strike_B","Strike_B"],"player_choice":"Became Test Subject","damage_taken":0,"max_hp_gain":0,"max_hp_loss":0,"event_name":"Drug Dealer","floor":22,"gold_loss":0,"cards_obtained":["Glacier","Creative AI"]}],"is_beta":false,"boss_relics":[{"not_picked":["Sozu","Fusion Hammer"],"picked":"Tiny House"}],"items_purged_floors":[3],"is_endless":false,"potions_floor_spawned":[2,5,16,18],"killed_by":"Slavers","ascension_level":17}}