{"host":"avq773cl9g5msfol","time":1614283482,"event":{"mods":["100% Spire Juice","AchievementEnabler","Act Like it!","Ascension Unlocker","Aspiration","Astrologer","Aya Shameimaru","Bard","Bartender","BaseMod","Better Altar","Better Third Choice","BetterRewards","CapriCore","ChefMod","Colored Map","Colored Powertips","Conspire","Dio Mod","Downfall","Elementarium","Energized Spire","Extra Virgin Snecko Oil","Gensokyo","GifTheSpireLib","Hallownest","Hermit","Highlight Path","Hubris","Humility","Infinite Spire","Jorbs\u0027s Wanderer Trilogy","Koishi","Magitek Elite","Marisa????????","Marked Mod","Menagerie","Minty Spire (QoL Compilation)","Pale of the Ancients","Potionbrewer","Quarter Circle Forward PUNCH!","Rare Cards Sparkle","Reimu??????","Relic Stats","Reliquary","Remilia??????","Replay The Spire","Robot Space Explorer","SacredBarkPlus","Shade Mod","Shapeshifter Mod","Somnambulant","Spicy Shops","Spire Arcade","StSLib","The Administrix","The Blue Laboratory","The Bug Knight","The Construct","The Cursed","The Disciple","The Dragon Tamer","The Exalted","The Hayseed","The Hierophant","The Hydrologist","The Immortal","The Marked","The Mystic","The Problem Sleuth","The Runesmith","The Senshi","The Vixen","The Wild Card","TheFirefly","Wandering Minibosses","Wide Potions","vexMod"],"gold_per_floor":[139,174,208,208,208,208,268,280,280,280,314,314,355,215,215,314,314,354,354,368,368,368,368,399,399,399,399,399,430,430,450,450,555,555,573,573,589,589,589,620,620,620,620],"floor_reached":51,"language":"ENG","playtime":3166,"items_purged":["shameimaru:ReporterInstinct+1","shameimaru:Foresight+1","shameimaru:IntertwinedWinds+1"],"score":1198,"play_id":"ff4b64aa-b657-4af3-86ed-2638b800c933","local_time":"20210226030442","is_ascension_mode":false,"campfire_choices":[{"data":"1","floor":6,"key":"LIFT"},{"data":"2","floor":15,"key":"LIFT"},{"data":"shameimaru:PlayfulTaunt","floor":23,"key":"SMITH"},{"data":"3","floor":27,"key":"LIFT"},{"floor":32,"key":"REST"},{"data":"wanderingMiniBosses:FinaleOfPromise","floor":47,"key":"SMITH"},{"floor":49,"key":"REST"}],"circlet_count":0,"master_deck":["shameimaru:PlayfulTaunt+1","shameimaru:DashingDomination+1","shameimaru:SuddenOutburst+1","shameimaru:Telescoping+1","shameimaru:Galeforce+1","shameimaru:BlindingSpeed+1","shameimaru:MountainProcession+1","shameimaru:AdverseWind+1","HandOfGreed+1","shameimaru:ClangingWindchime+1","shameimaru:FreezeFrame+1","shameimaru:ReporterInstinct+1","shameimaru:Imitation+1","shameimaru:LoadedStatement+1","shameimaru:Preparation+1","shameimaru:GatherEvidence+1","shameimaru:EvasiveManeuver+1","shameimaru:AirSlash+1","shameimaru:Foresight+1","shameimaru:GaleBullet+1","Flash of Steel+1","shameimaru:GustFan+1","Master of Strategy+1","shameimaru:Tailwind+1","shameimaru:AutumnalFallWind+1","shameimaru:LibraryResearch+1","shameimaru:CherishingBreeze+1","shameimaru:DoctoredImage+1","shameimaru:CoerciveReport+1","shameimaru:Photoshoot+1","shameimaru:GuidingBreeze+1","shameimaru:HitAndRun+1","shameimaru:GroupPhoto+1","shameimaru:InstantShotJournalist+1","shameimaru:AirCutter+1","shameimaru:SplittingGale+1","shameimaru:PhotoAlbum+1","Mayhem+1","Replay:BasicMightCard+1","shameimaru:SkywardSonnet+1","shameimaru:Duality+1","wanderingMiniBosses:FinaleOfPromise+1","shameimaru:IllusoryDominance+1","shameimaru:SpiralingTempest+1"],"relics":["shameimaru:blackbirdfeather","Golden Egg","Quantum Egg","FossilizedHelix","Guard_Bracelet","Protect_Vest","Shuriken","Juzu Bracelet","Chemical X","Oddly Smooth Stone","infinitespire:WardingShard","Vajra","infinitespire:CheckeredPen","Girya","qcfpunch:Spiky_Bracers","hubris:Teleporter","reliquary:RedCape","wanderingMiniBosses:Blackblade","Boot","PreservedInsect","vexMod:EndlessSickness","vexMod:TanglingVine","downfall:ExtraCursedKey"],"acts_visited":["Gensokyo:Gensokyo","Gensokyo:Gensokyoer","TheBeyond"],"potions_floor_usage":[2,50,50,50],"damage_taken":[{"damage":0,"enemies":"Gensokyo:Python","floor":1,"turns":1},{"damage":0,"enemies":"Gensokyo:Gryphon","floor":2,"turns":2},{"damage":0,"enemies":"Gensokyo:Cirno","floor":3,"turns":5},{"damage":0,"enemies":"Gensokyo:Aya","floor":7,"turns":4},{"damage":0,"enemies":"Gensokyo:3_Fairies","floor":8,"turns":2},{"damage":0,"enemies":"Gensokyo:Cirno","floor":11,"turns":5},{"damage":0,"enemies":"Gensokyo:LivingMonolith","floor":13,"turns":2},{"damage":0,"enemies":"Gensokyo:Kokoro","floor":16,"turns":6},{"damage":0,"enemies":"Gensokyo:Chomper","floor":18,"turns":2},{"damage":0,"enemies":"Gensokyo:3_Dogs","floor":20,"turns":6},{"damage":25,"enemies":"Nightmare","floor":24,"turns":6},{"damage":0,"enemies":"Gensokyo:Reisen","floor":29,"turns":3},{"damage":0,"enemies":"Gensokyo:Swordslinger","floor":31,"turns":2},{"damage":0,"enemies":"Gensokyo:Eternal_Rivals","floor":33,"turns":4},{"damage":0,"enemies":"3 Darklings","floor":35,"turns":4},{"damage":0,"enemies":"Orb Walker","floor":39,"turns":2},{"damage":47,"enemies":"Nightmare","floor":45,"turns":5},{"damage":0,"enemies":"infinitespire:MassOfShapes","floor":50,"turns":4}],"seed_played":"978142319448524577","potions_obtained":[{"floor":3,"key":"potionbrewer:EndurancePotion"},{"floor":16,"key":"blueLaboratory:ImpenetrablePotion"}],"is_trial":false,"path_per_floor":["M","M","E","$","?","R","E","M","T","?","E","?","M","?","R","B",null,"M","?","M","?","?","R","NM","?","T","R","?","E","?","M","R","B",null,"M","AVR","M","?","T","NM","R","R","B",null],"character_chosen":"AYA","items_purchased":["HandOfGreed","shameimaru:ClangingWindchime","shameimaru:FreezeFrame","FossilizedHelix","shameimaru:ReporterInstinct","shameimaru:Imitation","shameimaru:LoadedStatement","shameimaru:Preparation","shameimaru:GatherEvidence","shameimaru:EvasiveManeuver","Guard_Bracelet","Protect_Vest","shameimaru:AirSlash","Shuriken","shameimaru:Foresight","shameimaru:GaleBullet","Flash of Steel","shameimaru:GustFan","Master of Strategy","shameimaru:Tailwind","shameimaru:AutumnalFallWind","shameimaru:LibraryResearch","shameimaru:CherishingBreeze","shameimaru:DoctoredImage","Juzu Bracelet","Chemical X","shameimaru:CoerciveReport","shameimaru:Photoshoot","shameimaru:GuidingBreeze","shameimaru:WhispersOfTheWind","Oddly Smooth Stone","infinitespire:WardingShard","shameimaru:HitAndRun","shameimaru:GroupPhoto","shameimaru:InstantShotJournalist","shameimaru:AirCutter","Vajra","shameimaru:SplittingGale","shameimaru:PhotoAlbum","Mayhem","infinitespire:CheckeredPen","Replay:BasicMightCard","BlessingOfTheForge","blueLaboratory:SavagePotion","Block Potion","shameimaru:SkywardSonnet","potionbrewer:CleansingPotion","Girya"],"campfire_rested":2,"item_purchase_floors":[0,0,0,0,0,0,0,0,0,0,0,0,0,0,0,0,0,0,0,0,0,0,0,0,0,0,0,0,0,0,0,0,0,0,0,0,0,0,0,0,0,0,0,0,0,0,0,0],"current_hp_per_floor":[80,80,80,80,80,80,80,80,80,80,80,64,64,64,64,64,80,80,80,80,80,80,80,55,63,63,63,63,63,63,63,80,80,80,80,80,80,80,80,33,33,57,57],"gold":620,"neow_bonus":"","is_daily":false,"chose_seed":false,"campfire_upgraded":2,"win_rate":0.0,"timestamp":1614283482,"path_taken":["M","M","E","?","?","R","E","M","T","?","E","?","M","?","R","BOSS","M","?","M","?","?","R","NM","?","T","R","?","E","?","M","R","BOSS","M","AVR","M","?","T","NM","R","R","BOSS"],"items_purchased_type":["Card","Card","Card","Relic","Card","Card","Card","Card","Card","Card","Relic","Relic","Card","Relic","Card","Card","Card","Card","Card","Card","Card","Card","Card","Card","Relic","Relic","Card","Card","Card","Card","Relic","Relic","Card","Card","Card","Card","Relic","Card","Card","Card","Relic","Card","Potion","Potion","Potion","Card","Potion","Relic"],"build_version":"2020-12-22","purchased_purges":3,"victory":true,"max_hp_per_floor":[80,80,80,80,80,80,80,80,80,80,80,80,80,80,80,80,80,80,80,80,80,80,80,80,80,80,80,80,80,80,80,80,80,80,80,80,80,80,80,80,80,80,80],"relic_stats":{"counters":[184,578],"Shuriken":[22],"PreservedInsect":88,"Juzu Bracelet":2,"Chemical X":[11],"Boot":[1],"obtain_stats":[{"theSenshi:CutieMoonRodRelic":0,"Golden Egg":1,"infinitespire:BottledMercury":30,"Gensokyo:UndefinedDarkness":19,"downfall:HeartBlessingGreen":27,"TheSimpletonMod:WoodChipper":28,"wanderingMiniBosses:OtherGremlinHorn":2,"vexMod:TanglingVine":37,"reliquary:Tamtam":0,"reliquary:RedCape":17,"Boot":26,"Ring of Searing":2,"vexMod:CardConverter":42,"Ribbon":0,"vexMod:EndlessSickness":34,"MealTicket":2,"downfall:ExtraCursedKey":41,"hubris:MobiusCoin":2,"DemoMod:OrangeGuonStone":44,"Gensokyo:TheCrow":41,"TentaclePot:ReiMu":40,"hubris:SphereOfDissonance":0,"HollowMod:JonisBlessing":0,"qcfpunch:Dark_Gi":34,"Akabeko":27,"infinitespire:EvilPickle":35,"SlaversCollar":17,"theSenshi:TransformationBroochRelic":0,"qcfpunch:Broken_Tusk":14,"Bird Faced Urn":0,"Pandora\u0027s Box":10,"aspiration:SilentSkillbook":34,"Unceasing Top":21,"Bromod:ArcaneFury":28,"qcfpunch:Spiky_Bracers":12,"Regal Pillow":29,"sneckomod:BlankCard":23,"Bromod:ArcanePistoleer":0,"King of Hearts":31,"Bag of Preparation":49,"Mythril_Glove":10,"hubris:EmptyBottle":12,"theSenshi:ChokerRelic":0,"Power_Wrist":29,"White_Cape":0,"Ancient Tea Set":6,"hubris:EvacipatedBox":1,"Burning Blood":0,"Cleaning_Rag":41,"Replay:Rubber Ducky":0,"Silver_Glasses":17,"reliquary:Buckler":26,"hubris:FunFungus":0,"Chemical X":0,"hubris:ChampionShield":0,"wanderingMiniBosses:LockLocket":38,"hubris:GlazedTorus":0,"Potion Belt":10,"downfall:HeartBlessingRed":27,"Self Forming Clay":8,"qcfpunch:Black_Training_Shirt":8,"PreservedInsect":29,"Protect_Vest":0,"Ring of Greed":2,"infinitespire:Lucky Rock":31,"infinitespire:CheckeredPen":0,"hubris:Towel":46,"Frozen Egg 2":8,"Replay:Arrowhead":10,"reliquary:Crutches":0,"PureWhite:ReiMu":0,"Busted Crown":36,"CrazyTorch:ReiMu":0,"reliquary:Ember":34,"Garlic":45,"potionbrewer:BottledElixir":25,"Runesmith:AutoHammer":0,"hexamod:BolsterEngine":0,"Toy Ornithopter":28,"hubris:BottledRain":40,"Ice Cream":0,"shameimaru:blackbirdfeather":0,"Vajra":0,"DemoMod:GlassGuonStoneRelic":8,"sneckomod:SneckoSoul":0,"RedLine:ReiMu":34,"potionbrewer:RamsHorn":12,"Lizard Tail":0,"HornCleat":0,"DemoMod:MonsterBlood":47,"theSenshi:RoseRelic":0,"Prayer Wheel":1,"DemoMod:ClearGuonStone":0,"qcfpunch:Chain_With_Nametags":43,"conspire:Dentures":0,"Girya":0,"hubris:Teleporter":14,"Dead Branch":3,"Oddly Smooth Stone":0,"wanderingMiniBosses:MasterThiefsPresence":22,"Charon\u0027s Ashes":0,"potionbrewer:BhaskarasWheel":17,"Replay:Kaleidoscope":52,"War Paint":15,"potionbrewer:ToyAutogyro":0,"Question Card":1,"OrangePellets":53,"Replay:Baseball":25,"ReplayTheSpireMod:Spearhead":26,"reliquary:PorcupineQuills":40,"wanderingMiniBosses:Blackblade":20,"Brimstone":24,"Shuriken":0,"Bronze Scales":44,"Onion Ring":24,"infinitespire:EmpoweringShard":23,"reliquary:MedicineBall":0,"reliquary:WritOfMandamus":17,"aspiration:HatOfInfinitePower":23,"theSenshi:CosmicHeartCompactRelic":0,"Darkstone Periapt":6,"ReplayFunnel":44,"Hallownest:StagBellRelic1":20,"reliquary:PrincelyHelmet":43,"reliquary:BoilingFlask":0,"Juzu Bracelet":0,"Incense Burner":0,"PrismaticShard":39,"ClockworkSouvenir":0,"Frozen Eye":8,"Mummified Hand":21,"downfall:HeartBlessingBlue":27,"Slimebound:StickyStick":0,"Genji_Glove":0,"TheVixenMod:UmbreonRelic":42,"DemoMod:JetPack":43,"Red Skull":0,"Replay:Towering Pillar of Hats":43,"aspiration:FetidBarrel":23,"Quantum Egg":1,"aspiration:RunicSpoon":21,"vexMod:FocusSash":21,"Gensokyo:ConquerorOfFear":20,"Orichalcum":48,"Medical Kit":40,"vexMod:Dragonfruit":23,"Anchor":12,"wanderingMiniBosses:CarrionFlame":18,"infinitespire:WardingShard":0,"vexMod:HeadHunter":0,"ChewingGum":17,"Another Sword":0,"reliquary:Stiletto":46,"Bag of Marbles":38,"Membership Card":0,"Gem_Box":34,"potionbrewer:Keyblade":0,"Guard_Bracelet":0,"hubris:Potato":8,"FossilizedHelix":9,"RuthlessExorcism:ReiMu":0},{"theSenshi:CutieMoonRodRelic":52,"Golden Egg":0,"infinitespire:BottledMercury":71,"Gensokyo:UndefinedDarkness":147,"downfall:HeartBlessingGreen":15,"TheSimpletonMod:WoodChipper":69,"wanderingMiniBosses:OtherGremlinHorn":1,"vexMod:TanglingVine":181,"reliquary:Tamtam":81,"reliquary:RedCape":118,"Boot":177,"Ring of Searing":31,"vexMod:CardConverter":161,"Ribbon":30,"vexMod:EndlessSickness":180,"MealTicket":31,"downfall:ExtraCursedKey":182,"hubris:MobiusCoin":31,"DemoMod:OrangeGuonStone":48,"Gensokyo:TheCrow":76,"TentaclePot:ReiMu":101,"hubris:SphereOfDissonance":52,"HollowMod:JonisBlessing":52,"qcfpunch:Dark_Gi":155,"Akabeko":153,"infinitespire:EvilPickle":98,"SlaversCollar":38,"theSenshi:TransformationBroochRelic":30,"qcfpunch:Broken_Tusk":89,"Bird Faced Urn":135,"Pandora\u0027s Box":5,"aspiration:SilentSkillbook":20,"Unceasing Top":92,"Bromod:ArcaneFury":43,"qcfpunch:Spiky_Bracers":172,"Regal Pillow":17,"sneckomod:BlankCard":122,"Bromod:ArcanePistoleer":135,"King of Hearts":95,"Bag of Preparation":105,"Mythril_Glove":114,"hubris:EmptyBottle":7,"theSenshi:ChokerRelic":52,"Power_Wrist":17,"White_Cape":52,"Ancient Tea Set":84,"hubris:EvacipatedBox":0,"Burning Blood":81,"Cleaning_Rag":23,"Replay:Rubber Ducky":52,"Silver_Glasses":90,"reliquary:Buckler":122,"hubris:FunFungus":81,"Chemical X":166,"hubris:ChampionShield":135,"wanderingMiniBosses:LockLocket":100,"hubris:GlazedTorus":108,"Potion Belt":5,"downfall:HeartBlessingRed":15,"Self Forming Clay":140,"qcfpunch:Black_Training_Shirt":4,"PreservedInsect":178,"Protect_Vest":108,"Ring of Greed":31,"infinitespire:Lucky Rock":125,"infinitespire:CheckeredPen":166,"hubris:Towel":25,"Frozen Egg 2":85,"Replay:Arrowhead":5,"reliquary:Crutches":81,"PureWhite:ReiMu":135,"Busted Crown":98,"CrazyTorch:ReiMu":135,"reliquary:Ember":73,"Garlic":102,"potionbrewer:BottledElixir":15,"Runesmith:AutoHammer":135,"hexamod:BolsterEngine":108,"Toy Ornithopter":16,"hubris:BottledRain":76,"Ice Cream":135,"shameimaru:blackbirdfeather":166,"Vajra":166,"DemoMod:GlassGuonStoneRelic":4,"sneckomod:SneckoSoul":0,"RedLine:ReiMu":44,"potionbrewer:RamsHorn":88,"Lizard Tail":81,"HornCleat":30,"DemoMod:MonsterBlood":25,"theSenshi:RoseRelic":30,"Prayer Wheel":0,"DemoMod:ClearGuonStone":30,"qcfpunch:Chain_With_Nametags":161,"conspire:Dentures":30,"Girya":166,"hubris:Teleporter":173,"Dead Branch":2,"Oddly Smooth Stone":166,"wanderingMiniBosses:MasterThiefsPresence":150,"Charon\u0027s Ashes":81,"potionbrewer:BhaskarasWheel":146,"Replay:Kaleidoscope":29,"War Paint":9,"potionbrewer:ToyAutogyro":30,"Question Card":0,"OrangePellets":29,"Replay:Baseball":67,"ReplayTheSpireMod:Spearhead":152,"reliquary:PorcupineQuills":160,"wanderingMiniBosses:Blackblade":176,"Brimstone":122,"Shuriken":166,"Bronze Scales":130,"Onion Ring":14,"infinitespire:EmpoweringShard":14,"reliquary:MedicineBall":135,"reliquary:WritOfMandamus":62,"aspiration:HatOfInfinitePower":66,"theSenshi:CosmicHeartCompactRelic":30,"Darkstone Periapt":34,"ReplayFunnel":162,"Hallownest:StagBellRelic1":39,"reliquary:PrincelyHelmet":102,"reliquary:BoilingFlask":135,"Juzu Bracelet":30,"Incense Burner":108,"PrismaticShard":159,"ClockworkSouvenir":30,"Frozen Eye":4,"Mummified Hand":12,"downfall:HeartBlessingBlue":15,"Slimebound:StickyStick":52,"Genji_Glove":30,"TheVixenMod:UmbreonRelic":23,"DemoMod:JetPack":47,"Red Skull":135,"Replay:Towering Pillar of Hats":24,"aspiration:FetidBarrel":42,"Quantum Egg":0,"aspiration:RunicSpoon":92,"vexMod:FocusSash":12,"Gensokyo:ConquerorOfFear":148,"Orichalcum":26,"Medical Kit":101,"vexMod:Dragonfruit":93,"Anchor":36,"wanderingMiniBosses:CarrionFlame":39,"infinitespire:WardingShard":166,"vexMod:HeadHunter":135,"ChewingGum":10,"Another Sword":81,"reliquary:Stiletto":103,"Bag of Marbles":22,"Membership Card":30,"Gem_Box":126,"potionbrewer:Keyblade":81,"Guard_Bracelet":108,"hubris:Potato":35,"FossilizedHelix":113,"RuthlessExorcism:ReiMu":52},{"theSenshi:CutieMoonRodRelic":211,"Golden Egg":0,"infinitespire:BottledMercury":268,"Gensokyo:UndefinedDarkness":473,"downfall:HeartBlessingGreen":39,"TheSimpletonMod:WoodChipper":264,"wanderingMiniBosses:OtherGremlinHorn":2,"vexMod:TanglingVine":567,"reliquary:Tamtam":302,"reliquary:RedCape":391,"Boot":554,"Ring of Searing":114,"vexMod:CardConverter":503,"Ribbon":112,"vexMod:EndlessSickness":563,"MealTicket":114,"downfall:ExtraCursedKey":569,"hubris:MobiusCoin":114,"DemoMod:OrangeGuonStone":195,"Gensokyo:TheCrow":286,"TentaclePot:ReiMu":348,"hubris:SphereOfDissonance":211,"HollowMod:JonisBlessing":211,"qcfpunch:Dark_Gi":492,"Akabeko":488,"infinitespire:EvilPickle":340,"SlaversCollar":143,"theSenshi:TransformationBroochRelic":112,"qcfpunch:Broken_Tusk":318,"Bird Faced Urn":446,"Pandora\u0027s Box":12,"aspiration:SilentSkillbook":72,"Unceasing Top":326,"Bromod:ArcaneFury":171,"qcfpunch:Spiky_Bracers":532,"Regal Pillow":43,"sneckomod:BlankCard":403,"Bromod:ArcanePistoleer":446,"King of Hearts":332,"Bag of Preparation":355,"Mythril_Glove":380,"hubris:EmptyBottle":19,"theSenshi:ChokerRelic":211,"Power_Wrist":43,"White_Cape":211,"Ancient Tea Set":309,"hubris:EvacipatedBox":0,"Burning Blood":302,"Cleaning_Rag":76,"Replay:Rubber Ducky":211,"Silver_Glasses":322,"reliquary:Buckler":403,"hubris:FunFungus":302,"Chemical X":513,"hubris:ChampionShield":446,"wanderingMiniBosses:LockLocket":346,"hubris:GlazedTorus":366,"Potion Belt":12,"downfall:HeartBlessingRed":39,"Self Forming Clay":456,"qcfpunch:Black_Training_Shirt":8,"PreservedInsect":557,"Protect_Vest":366,"Ring of Greed":114,"infinitespire:Lucky Rock":410,"infinitespire:CheckeredPen":513,"hubris:Towel":81,"Frozen Egg 2":310,"Replay:Arrowhead":12,"reliquary:Crutches":302,"PureWhite:ReiMu":446,"Busted Crown":340,"CrazyTorch:ReiMu":446,"reliquary:Ember":278,"Garlic":349,"potionbrewer:BottledElixir":39,"Runesmith:AutoHammer":446,"hexamod:BolsterEngine":366,"Toy Ornithopter":42,"hubris:BottledRain":286,"Ice Cream":446,"shameimaru:blackbirdfeather":513,"Vajra":513,"DemoMod:GlassGuonStoneRelic":8,"sneckomod:SneckoSoul":0,"RedLine:ReiMu":174,"potionbrewer:RamsHorn":315,"Lizard Tail":302,"HornCleat":112,"DemoMod:MonsterBlood":81,"theSenshi:RoseRelic":112,"Prayer Wheel":0,"DemoMod:ClearGuonStone":112,"qcfpunch:Chain_With_Nametags":503,"conspire:Dentures":112,"Girya":513,"hubris:Teleporter":534,"Dead Branch":3,"Oddly Smooth Stone":513,"wanderingMiniBosses:MasterThiefsPresence":481,"Charon\u0027s Ashes":302,"potionbrewer:BhaskarasWheel":472,"Replay:Kaleidoscope":99,"War Paint":24,"potionbrewer:ToyAutogyro":112,"Question Card":0,"OrangePellets":99,"Replay:Baseball":255,"ReplayTheSpireMod:Spearhead":486,"reliquary:PorcupineQuills":502,"wanderingMiniBosses:Blackblade":548,"Brimstone":403,"Shuriken":513,"Bronze Scales":429,"Onion Ring":37,"infinitespire:EmpoweringShard":37,"reliquary:MedicineBall":446,"reliquary:WritOfMandamus":243,"aspiration:HatOfInfinitePower":252,"theSenshi:CosmicHeartCompactRelic":112,"Darkstone Periapt":122,"ReplayFunnel":505,"Hallownest:StagBellRelic1":148,"reliquary:PrincelyHelmet":349,"reliquary:BoilingFlask":446,"Juzu Bracelet":112,"Incense Burner":366,"PrismaticShard":499,"ClockworkSouvenir":112,"Frozen Eye":7,"Mummified Hand":32,"downfall:HeartBlessingBlue":39,"Slimebound:StickyStick":211,"Genji_Glove":112,"TheVixenMod:UmbreonRelic":76,"DemoMod:JetPack":191,"Red Skull":446,"Replay:Towering Pillar of Hats":78,"aspiration:FetidBarrel":161,"Quantum Egg":0,"aspiration:RunicSpoon":326,"vexMod:FocusSash":32,"Gensokyo:ConquerorOfFear":475,"Orichalcum":87,"Medical Kit":348,"vexMod:Dragonfruit":328,"Anchor":135,"wanderingMiniBosses:CarrionFlame":148,"infinitespire:WardingShard":513,"vexMod:HeadHunter":446,"ChewingGum":26,"Another Sword":302,"reliquary:Stiletto":350,"Bag of Marbles":74,"Membership Card":112,"Gem_Box":416,"potionbrewer:Keyblade":302,"Guard_Bracelet":366,"hubris:Potato":126,"FossilizedHelix":377,"RuthlessExorcism:ReiMu":211}]},"card_choices":[{"not_picked":["shameimaru:GustFan","shameimaru:Photocopier","shameimaru:WhispersOfTheWind"],"picked":"SKIP","floor":1},{"not_picked":["shameimaru:PeerlessWind","shameimaru:Photoshoot","shameimaru:IntertwinedWinds"],"picked":"SKIP","floor":2},{"not_picked":["shameimaru:CandidShot","shameimaru:MassDeletion","shameimaru:PressRelease"],"picked":"SKIP","floor":3},{"not_picked":["shameimaru:SuddenOutburst","shameimaru:ShootTheBullet","shameimaru:DoctoredImage"],"picked":"SKIP","floor":7},{"not_picked":["shameimaru:Galeforce","shameimaru:AirSlash","shameimaru:Foresight"],"picked":"SKIP","floor":8},{"not_picked":["shameimaru:Persuade","shameimaru:AirSlash","shameimaru:AirCutter"],"picked":"SKIP","floor":11},{"not_picked":["shameimaru:GaleBullet","shameimaru:Opportunity","shameimaru:GaleBlade"],"picked":"SKIP","floor":13},{"not_picked":["shameimaru:SplittingGale","shameimaru:PhotoAlbum"],"picked":"shameimaru:Duality","floor":16},{"not_picked":["shameimaru:PeerlessWind","shameimaru:ExclusiveScoop","shameimaru:Preparation"],"picked":"SKIP","floor":18},{"not_picked":[],"picked":"wanderingMiniBosses:FinaleOfPromise","floor":20},{"not_picked":["shameimaru:AirSlash","shameimaru:Imitation","shameimaru:AdverseWind"],"picked":"SKIP","floor":20},{"not_picked":["shameimaru:AdverseWind","shameimaru:Foresight+1","shameimaru:GuidingBreeze"],"picked":"SKIP","floor":24},{"not_picked":["shameimaru:DashingGrace","shameimaru:Galeforce","shameimaru:Photocopier"],"picked":"SKIP","floor":29},{"not_picked":["shameimaru:Foresight","shameimaru:BlindingSpeed","shameimaru:AirCutter+1"],"picked":"SKIP","floor":31},{"not_picked":["shameimaru:AutumnalFallWind","shameimaru:RapidEnhancement"],"picked":"shameimaru:SpiralingTempest","floor":33},{"not_picked":["shameimaru:HitAndRun","shameimaru:AirCutter","shameimaru:Preparation"],"picked":"SKIP","floor":35},{"not_picked":["shameimaru:LoadedStatement","shameimaru:ForseenReaction","shameimaru:AdverseWind"],"picked":"SKIP","floor":39},{"not_picked":["shameimaru:PressRelease+1","shameimaru:BlindingSpeed+1","shameimaru:DashingGrace"],"picked":"SKIP","floor":45}],"player_experience":1516620,"relics_obtained":[{"floor":20,"key":"wanderingMiniBosses:Blackblade"},{"floor":26,"key":"Boot"},{"floor":29,"key":"PreservedInsect"}],"event_choices":[],"is_beta":false,"boss_relics":[{"not_picked":["Empty Cage","construct:ClawGrip"],"picked":"reliquary:RedCape"},{"not_picked":["Replay:Grab Bag","energizedSpire:SpiderWeb"],"picked":"vexMod:EndlessSickness"}],"items_purged_floors":[0,0,0],"is_endless":false,"potions_floor_spawned":[1,3,11,16,20,33,39],"ascension_level":0,"is_humility":true}}