{"host":"sav7uxregyirlf69","time":1614269986,"event":{"mods":["AchievementEnabler","BaseMod","Colored Map","DeckTracker","Keyboard Shortcuts","Minty Spire (QoL Compilation)","READ ME - Guardian Mod","StSLib","SuperFastMode"],"gold_per_floor":[118,129,38,55,69,69,96,116,116,150,48,48,48,63,63,137,137,150,150,150,169,5,5,21,38,38,38,67,67,79,79,79,153,153,169,5,5,5,5,31,31,59,83,114,114,114,114,14,14,14,14,14],"floor_reached":51,"language":"KOR","playtime":995,"items_purged":["Strike_R","Strike_R"],"score":1568,"play_id":"30a1a61c-67bc-4f06-9f7b-83b10db2bed6","local_time":"20210226011946","is_ascension_mode":true,"campfire_choices":[{"data":"Carnage","floor":6.0,"key":"SMITH"},{"data":"True Grit","floor":13.0,"key":"SMITH"},{"data":"Fire Breathing","floor":15.0,"key":"SMITH"},{"data":"Dark Embrace","floor":23.0,"key":"SMITH"},{"floor":27.0,"key":"REST"},{"floor":29.0,"key":"REST"},{"data":"Bash","floor":32.0,"key":"SMITH"},{"data":"Barricade","floor":41.0,"key":"SMITH"},{"data":"Madness","floor":46,"key":"SMITH"},{"floor":49,"key":"RECALL"}],"circlet_count":0,"master_deck":["AscendersBane","Defend_R","Defend_R","Defend_R","Defend_R","Bash+1","Battle Trance","Carnage+1","Cleave","Impervious","Fire Breathing+1","Reckless Charge","Dropkick+1","Dropkick+1","True Grit+1","Offering","Second Wind","Dark Embrace+1","Barricade+1","Evolve","Rage","Madness+1","Madness","Body Slam+1","Seeing Red"],"relics":["Burning Blood","Mercury Hourglass","Letter Opener","Molten Egg 2","Strawberry","Runic Pyramid","InkBottle","Art of War","Empty Cage","Bag of Marbles","Orichalcum","Frozen Egg 2"],"acts_visited":["Exordium","TheCity","TheBeyond"],"potions_floor_usage":[44],"damage_taken":[{"damage":13.0,"enemies":"Small Slimes","floor":1.0,"turns":6.0},{"damage":1.0,"enemies":"Cultist","floor":2.0,"turns":3.0},{"damage":7.0,"enemies":"Jaw Worm","floor":4.0,"turns":3.0},{"damage":0.0,"enemies":"Large Slime","floor":5.0,"turns":3.0},{"damage":28.0,"enemies":"Gremlin Nob","floor":7.0,"turns":4.0},{"damage":6.0,"enemies":"Exordium Wildlife","floor":8.0,"turns":2.0},{"damage":15.0,"enemies":"3 Sentries","floor":10.0,"turns":4.0},{"damage":6.0,"enemies":"Lots of Slimes","floor":14.0,"turns":3.0},{"damage":12.0,"enemies":"Slime Boss","floor":16.0,"turns":7.0},{"damage":7.0,"enemies":"Spheric Guardian","floor":18.0,"turns":5.0},{"damage":29.0,"enemies":"2 Thieves","floor":21.0,"turns":3.0},{"damage":21.0,"enemies":"Sentry and Sphere","floor":24.0,"turns":5.0},{"damage":6.0,"enemies":"Chosen and Byrds","floor":25.0,"turns":3.0},{"damage":41.0,"enemies":"Book of Stabbing","floor":28.0,"turns":5.0},{"damage":10.0,"enemies":"3 Cultists","floor":30.0,"turns":4.0},{"damage":6.0,"enemies":"Collector","floor":33.0,"turns":3.0},{"damage":6.0,"enemies":"3 Shapes","floor":35.0,"turns":4.0},{"damage":19.0,"enemies":"Giant Head","floor":40.0,"turns":5.0},{"damage":16.0,"enemies":"Reptomancer","floor":42.0,"turns":4.0},{"damage":15,"enemies":"Nemesis","floor":44,"turns":4},{"damage":56,"enemies":"Awakened One","floor":50,"turns":5},{"damage":39,"enemies":"Donu and Deca","floor":51,"turns":2}],"seed_played":"8406590397755034112","potions_obtained":[{"floor":4.0,"key":"LiquidBronze"},{"floor":7.0,"key":"SteroidPotion"},{"floor":14.0,"key":"SkillPotion"},{"floor":16.0,"key":"FearPotion"},{"floor":28.0,"key":"PowerPotion"},{"floor":30.0,"key":"Swift Potion"},{"floor":44,"key":"DuplicationPotion"}],"is_trial":false,"path_per_floor":["M","M","?","M","M","R","E","M","T","E","$","?","R","M","R","B",null,"M","?","?","M","$","R","M","M","T","R","E","R","M","?","R","B",null,"M","$","?","$","?","E","R","E","T","E","?","R","?","$","R","B","B"],"character_chosen":"IRONCLAD","items_purchased":["Dropkick+1","True Grit","Dark Embrace","Evolve","Rage"],"campfire_rested":2,"item_purchase_floors":[11,11,22,36,36],"current_hp_per_floor":[61,66,66,65,71,71,49,49,49,47,47,47,47,47,47,41,72,71,71,59,36,36,36,21,21,21,45,10,34,30,46,46,46,73,73,73,73,73,58,45,45,35,35,26,82,82,82,82,82,32,0,0],"gold":14,"neow_bonus":"TRANSFORM_CARD","is_daily":false,"chose_seed":false,"campfire_upgraded":7,"win_rate":0.0,"timestamp":1614269986,"path_taken":["M","M","?","M","?","R","E","M","T","E","$","?","R","M","R","BOSS","M","?","?","M","$","R","?","M","T","R","E","R","M","?","R","BOSS","M","$","?","?","?","E","R","E","T","E","?","R","?","$","R","BOSS","BOSS"],"items_purchased_type":["Card","Card","Card","Card","Card"],"build_version":"2020-12-22","purchased_purges":2,"victory":false,"max_hp_per_floor":[75,75,75,75,75,75,75,75,75,82,82,82,82,82,82,82,82,82,82,82,82,82,82,82,82,82,82,82,82,82,82,82,82,82,82,82,82,82,82,82,82,82,82,82,82,82,82,82,82,82,82,82],"card_choices":[{"not_picked":["Warcry","Dual Wield"],"picked":"Carnage","floor":1.0},{"not_picked":["Sword Boomerang","Headbutt"],"picked":"Cleave","floor":2.0},{"not_picked":["Thunderclap","Spot Weakness","Burning Pact"],"picked":"SKIP","floor":4.0},{"not_picked":["Intimidate","Rage"],"picked":"Impervious","floor":5.0},{"not_picked":["Combust","Reckless Charge"],"picked":"Fire Breathing","floor":7.0},{"not_picked":["Twin Strike","Iron Wave"],"picked":"Reckless Charge","floor":8.0},{"not_picked":["Intimidate","Combust"],"picked":"Dropkick+1","floor":10.0},{"not_picked":["Perfected Strike+1","Infernal Blade","Anger+1"],"picked":"SKIP","floor":14.0},{"not_picked":["Double Tap","Impervious"],"picked":"Offering","floor":16.0},{"not_picked":["Warcry","Reckless Charge+1"],"picked":"Second Wind","floor":18.0},{"not_picked":["Hemokinesis+1","Armaments","Warcry+1"],"picked":"SKIP","floor":21.0},{"not_picked":["Wild Strike+1","Metallicize","True Grit+1"],"picked":"SKIP","floor":24.0},{"not_picked":["Flame Barrier","Dark Embrace","Heavy Blade+1"],"picked":"SKIP","floor":25.0},{"not_picked":["Battle Trance","Ghostly Armor+1","Pummel+1"],"picked":"SKIP","floor":28.0},{"not_picked":["Clash+1","Infernal Blade","Headbutt+1"],"picked":"SKIP","floor":30.0},{"not_picked":["Impervious","Brutality"],"picked":"Barricade","floor":33.0},{"not_picked":["Flex","Clothesline+1","Cleave+1"],"picked":"SKIP","floor":35.0},{"not_picked":["Heavy Blade+1","Perfected Strike+1","Iron Wave+1"],"picked":"SKIP","floor":40.0},{"not_picked":["Wild Strike+1","Dual Wield"],"picked":"Body Slam+1","floor":42.0},{"not_picked":["Blood for Blood+1","Body Slam+1"],"picked":"Seeing Red","floor":44}],"player_experience":1701785,"relics_obtained":[{"floor":7.0,"key":"Letter Opener"},{"floor":9.0,"key":"Molten Egg 2"},{"floor":10.0,"key":"Strawberry"},{"floor":26.0,"key":"InkBottle"},{"floor":28.0,"key":"Art of War"},{"floor":40.0,"key":"Bag of Marbles"},{"floor":42.0,"key":"Orichalcum"},{"floor":44,"key":"Frozen Egg 2"}],"event_choices":[{"damage_healed":0.0,"max_hp_gain":0.0,"max_hp_loss":0.0,"gold_gain":0.0,"event_name":"WeMeetAgain","player_choice":"Paid Gold","floor":3.0,"gold_loss":91.0,"damage_taken":0.0,"relics_obtained":["Mercury Hourglass"]},{"damage_healed":0.0,"max_hp_gain":0.0,"max_hp_loss":0.0,"gold_gain":0.0,"event_name":"Dead Adventurer","player_choice":"Searched \u00270\u0027 times","floor":12.0,"gold_loss":0.0,"damage_taken":0.0},{"damage_healed":0.0,"max_hp_gain":0.0,"max_hp_loss":0.0,"gold_gain":0.0,"event_name":"Ghosts","player_choice":"Ignored","floor":19.0,"gold_loss":0.0,"damage_taken":0.0},{"damage_healed":0.0,"max_hp_gain":0.0,"max_hp_loss":0.0,"gold_gain":0.0,"event_name":"Wheel of Change","player_choice":"Damaged","floor":20.0,"gold_loss":0.0,"damage_taken":12.0},{"damage_healed":16.0,"max_hp_gain":0.0,"max_hp_loss":0.0,"gold_gain":0.0,"event_name":"The Library","player_choice":"Heal","floor":31.0,"gold_loss":0.0,"damage_taken":0.0},{"damage_healed":0.0,"max_hp_gain":0.0,"max_hp_loss":0.0,"gold_gain":0.0,"event_name":"Lab","player_choice":"Got Potions","floor":37.0,"gold_loss":0.0,"damage_taken":0.0},{"damage_healed":0.0,"max_hp_gain":0.0,"max_hp_loss":0.0,"gold_gain":0.0,"event_name":"Winding Halls","player_choice":"Embrace Madness","floor":39.0,"gold_loss":0.0,"damage_taken":15.0,"cards_obtained":["Madness","Madness"]},{"damage_healed":56,"gold_gain":0,"player_choice":"Heal","damage_taken":0,"max_hp_gain":0,"max_hp_loss":0,"event_name":"MindBloom","floor":45,"gold_loss":0,"cards_obtained":["Doubt"]},{"cards_removed":["Doubt"],"damage_healed":0,"gold_gain":0,"player_choice":"Purged","damage_taken":0,"max_hp_gain":0,"max_hp_loss":0,"event_name":"Purifier","floor":47,"gold_loss":0}],"is_beta":false,"boss_relics":[{"not_picked":["Coffee Dripper","Snecko Eye"],"picked":"Runic Pyramid"},{"not_picked":["SacredBark","Runic Dome"],"picked":"Empty Cage"}],"items_purged_floors":[22,48],"is_endless":false,"potions_floor_spawned":[4,7,8,14,16,21,28,30,35,44],"killed_by":"Donu and Deca","ascension_level":20}}