{"host":"of8gj1gadsx6jhxl","time":1614280592,"event":{"mods":["BaseMod","Bestiary","Colored Map","Minty Spire (QoL Compilation)","Reliquary","Shop Mod","StSLib"],"gold_per_floor":[115,125,139,155,170,170,196,196,196,208,223,239,339,3,3,101,101,121,121,138,156,0,0,0,18,42,142,142,142,158,171,171,269,319,334,334,334,334,334],"floor_reached":38,"language":"ENG","playtime":5521,"items_purged":[],"score":477,"play_id":"fe5fddc4-1416-480d-ab30-37ecaeca7461","local_time":"20210225141632","is_ascension_mode":true,"campfire_choices":[{"data":"TalkToTheHand","floor":6,"key":"SMITH"},{"data":"Perseverance","floor":8,"key":"SMITH"},{"floor":15,"key":"REST"},{"data":"Alpha","floor":23,"key":"SMITH"},{"floor":32,"key":"REST"}],"circlet_count":0,"master_deck":["Strike_P","Strike_P","Strike_P","Defend_P","Defend_P","Defend_P","Defend_P","Eruption","Vigilance","Perseverance+1","CutThroughFate+1","FlurryOfBlows+1","TalkToTheHand+1","Collect","WindmillStrike","Nirvana","Alpha+1","Prostrate+1","Ghostly","Ghostly","Ghostly","Ghostly+1","Ghostly","ThirdEye+1","FlurryOfBlows+1","Writhe","Consecrate","Wish","InnerPeace","ReachHeaven+1"],"relics":["reliquary:WritOfMandamus","reliquary:Buckler","reliquary:RoseTintedGlasses","ClockworkSouvenir","Damaru","VioletLotus","Melange","Nunchaku","WingedGreaves","reliquary:FeatherDuster","Pen Nib","Tiny House"],"acts_visited":["Exordium","TheCity","TheBeyond"],"potions_floor_usage":[5,7,7,16,21,27,30,30],"damage_taken":[{"damage":7,"enemies":"Cultist","floor":1,"turns":3},{"damage":0,"enemies":"2 Louse","floor":2,"turns":2},{"damage":0,"enemies":"Small Slimes","floor":3,"turns":2},{"damage":5,"enemies":"Looter","floor":4,"turns":5},{"damage":12,"enemies":"Gremlin Gang","floor":5,"turns":6},{"damage":6,"enemies":"Lagavulin","floor":7,"turns":5},{"damage":11,"enemies":"3 Louse","floor":10,"turns":3},{"damage":9,"enemies":"2 Fungi Beasts","floor":11,"turns":4},{"damage":9,"enemies":"Large Slime","floor":12,"turns":3},{"damage":0,"enemies":"Slime Boss","floor":16,"turns":8},{"damage":20,"enemies":"3 Byrds","floor":18,"turns":4},{"damage":1,"enemies":"Chosen","floor":20,"turns":5},{"damage":4,"enemies":"Snecko","floor":21,"turns":4},{"damage":6,"enemies":"Snake Plant","floor":25,"turns":5},{"damage":3,"enemies":"Colosseum Slavers","floor":27,"turns":6},{"damage":7,"enemies":"Colosseum Nobs","floor":27,"turns":4},{"damage":4,"enemies":"Shelled Parasite and Fungi","floor":30,"turns":5},{"damage":1,"enemies":"Snecko","floor":31,"turns":6},{"damage":4,"enemies":"Automaton","floor":33,"turns":8},{"damage":46,"enemies":"3 Shapes","floor":35,"turns":5},{"damage":22,"enemies":"3 Darklings","floor":38,"turns":5}],"seed_played":"-1883970717467119629","potions_obtained":[{"floor":1,"key":"Energy Potion"},{"floor":3,"key":"Regen Potion"},{"floor":4,"key":"Dexterity Potion"},{"floor":5,"key":"SteroidPotion"},{"floor":7,"key":"EssenceOfSteel"},{"floor":12,"key":"SkillPotion"},{"floor":18,"key":"EntropicBrew"},{"floor":30,"key":"Fire Potion"},{"floor":34,"key":"SpeedPotion"}],"is_trial":false,"path_per_floor":["M","M","M","M","M","R","E","R","T","M","M","M","?","$","R","B",null,"M","?","M","M","$","R","?","M","T","?","?","?","M","M","R","B",null,"M","?","?","M"],"character_chosen":"WATCHER","items_purchased":["Nirvana","ClockworkSouvenir","Damaru","Melange"],"campfire_rested":2,"item_purchase_floors":[14,14,14,22],"current_hp_per_floor":[65,65,65,60,62,62,56,56,56,45,36,27,27,27,48,48,72,52,36,35,31,31,31,31,25,25,15,11,11,7,6,18,14,46,13,13,13,0,0],"gold":334,"neow_bonus":"BOSS_RELIC","is_daily":false,"chose_seed":false,"campfire_upgraded":3,"win_rate":0.0,"timestamp":1614280592,"path_taken":["M","M","M","M","M","R","E","R","T","M","M","?","?","?","R","BOSS","M","?","M","M","$","R","?","?","T","?","?","?","M","M","R","BOSS","M","?","?","M"],"items_purchased_type":["Card","Relic","Relic","Relic"],"build_version":"2020-12-22","purchased_purges":0,"victory":false,"max_hp_per_floor":[72,72,72,72,72,72,72,72,72,72,72,72,72,72,72,72,72,72,36,36,36,36,36,36,36,36,36,41,41,41,41,41,41,46,46,46,46,46,46],"card_choices":[{"not_picked":["Fasting2","FlurryOfBlows"],"picked":"Perseverance","floor":1},{"not_picked":["Fasting2","Evaluate"],"picked":"CutThroughFate","floor":2},{"not_picked":["Adaptation","FollowUp"],"picked":"MentalFortress","floor":3},{"not_picked":["Swivel","Crescendo"],"picked":"FlurryOfBlows","floor":4},{"not_picked":["WreathOfFlame","Scrawl"],"picked":"TalkToTheHand","floor":5},{"not_picked":["Prostrate","Protect"],"picked":"Collect","floor":7},{"not_picked":["Evaluate","CutThroughFate","Fasting2"],"picked":"SKIP","floor":10},{"not_picked":["FollowUp","JustLucky"],"picked":"WindmillStrike","floor":11},{"not_picked":["Evaluate","WheelKick"],"picked":"WaveOfTheHand","floor":12},{"not_picked":["Wish","ConjureBlade"],"picked":"Alpha","floor":16},{"not_picked":["Halt","Protect"],"picked":"Prostrate","floor":18},{"not_picked":["BowlingBash","EmptyBody","Wallop"],"picked":"SKIP","floor":20},{"not_picked":["ClearTheMind+1","JustLucky"],"picked":"ThirdEye+1","floor":21},{"not_picked":["CutThroughFate","WheelKick","SashWhip"],"picked":"SKIP","floor":25},{"not_picked":["Sanctity","FearNoEvil+1"],"picked":"FlurryOfBlows+1","floor":27},{"not_picked":["Sanctity+1","MentalFortress","EmptyFist"],"picked":"SKIP","floor":30},{"not_picked":["Protect","SashWhip"],"picked":"Consecrate","floor":31},{"not_picked":["SpiritShield","Ragnarok"],"picked":"Wish","floor":33},{"not_picked":["Consecrate","DeceiveReality"],"picked":"InnerPeace","floor":34},{"not_picked":["CrushJoints+1","MentalFortress"],"picked":"ReachHeaven+1","floor":35}],"player_experience":167344,"relics_obtained":[{"floor":7,"key":"reliquary:Buckler"},{"floor":9,"key":"reliquary:RoseTintedGlasses"},{"floor":26,"key":"Nunchaku"},{"floor":27,"key":"WingedGreaves"},{"floor":27,"key":"reliquary:FeatherDuster"}],"event_choices":[{"damage_healed":0,"gold_gain":100,"player_choice":"Pray","damage_taken":0,"max_hp_gain":0,"max_hp_loss":0,"event_name":"Golden Shrine","floor":13,"gold_loss":0},{"damage_healed":0,"gold_gain":0,"player_choice":"Became a Ghost","damage_taken":0,"max_hp_gain":0,"max_hp_loss":36,"event_name":"Ghosts","floor":19,"gold_loss":0,"cards_obtained":["Ghostly","Ghostly","Ghostly","Ghostly","Ghostly"]},{"damage_healed":0,"gold_gain":0,"player_choice":"Upgraded","damage_taken":0,"max_hp_gain":0,"max_hp_loss":0,"event_name":"Upgrade Shrine","floor":24,"gold_loss":0,"cards_upgraded":["Prostrate"]},{"damage_healed":0,"gold_gain":0,"player_choice":"Fight","damage_taken":0,"max_hp_gain":0,"max_hp_loss":0,"event_name":"Colosseum","floor":27,"gold_loss":0},{"damage_healed":0,"gold_gain":0,"player_choice":"Fought Nobs","damage_taken":0,"max_hp_gain":0,"max_hp_loss":0,"event_name":"Colosseum","floor":27,"gold_loss":0},{"damage_healed":0,"gold_gain":0,"player_choice":"Shed Blood","damage_taken":9,"max_hp_gain":5,"max_hp_loss":0,"event_name":"Forgotten Altar","floor":28,"gold_loss":0},{"damage_healed":0,"gold_gain":0,"player_choice":"Opened","damage_taken":0,"relics_obtained":["Pen Nib"],"max_hp_gain":0,"max_hp_loss":0,"event_name":"The Mausoleum","floor":29,"gold_loss":0,"cards_obtained":["Writhe"]},{"damage_healed":0,"gold_gain":0,"player_choice":"Ignored","damage_taken":0,"max_hp_gain":0,"max_hp_loss":0,"event_name":"Tomb of Lord Red Mask","floor":36,"gold_loss":0},{"cards_removed":["Strike_P"],"damage_healed":0,"gold_gain":0,"player_choice":"Removed Attack","damage_taken":0,"max_hp_gain":0,"max_hp_loss":0,"event_name":"Falling","floor":37,"gold_loss":0}],"is_beta":false,"boss_relics":[{"not_picked":["Snecko Eye","Velvet Choker"],"picked":"VioletLotus"},{"not_picked":["reliquary:ThirdArm","Busted Crown"],"picked":"Tiny House"}],"items_purged_floors":[],"is_endless":false,"potions_floor_spawned":[1,3,4,5,7,12,18,27,30],"killed_by":"3 Darklings","ascension_level":1}}