{"host":"kpcx2wrn7eq3nf7c","time":1614286163,"event":{"mods":["100% Spire Juice","Act Like it!","BaseMod","CapriCore","Downfall","Friendly Minions","Marisa£®ÏF”Í°°ƒß¿Ì…≥£©","Minty Spire (QoL Compilation)","StSLib","The Animator","The Immortal","The Marked","The Servant 0.9.4","Together in Spire","Waifu the Spire","Youmu£®ªÍ∆«—˝√Œ£©"],"gold_per_floor":[99,119,132,144,164,64,64,64,64,89,89,74,174,191,207,311,311,111,125,210,229,45,45,116,266,299,314,314,326,326,358,371,471,471,471,484,484,530,19,319,319,319,333,333,361,371,405,416,434,434,434,466,4,4,4,4],"floor_reached":57,"language":"ZHS","playtime":4327,"items_purged":["Guardian:Strike_Guardian"],"score":1378,"play_id":"f53cade0-b5c3-4eca-aad8-a4d421eb6227","local_time":"20210226044923","is_ascension_mode":true,"campfire_choices":[{"floor":1.0,"key":"RECALL"},{"data":"Guardian:SentryBeam","floor":6.0,"key":"SMITH"},{"data":"Guardian:PrismaticBarrier","floor":9.0,"key":"SMITH"},{"data":"Guardian:FloatingOrbs","floor":11.0,"key":"SMITH"},{"data":"Guardian:StasisEngine","floor":18,"key":"SMITH"},{"data":"Guardian:ChargeUp","floor":28,"key":"SMITH"},{"floor":30,"key":"REST"},{"data":"Guardian:GemFinder","floor":35,"key":"SMITH"},{"data":"Guardian:SentryBeam","floor":42,"key":"SMITH"},{"data":"Guardian:FloatingOrbs","floor":44,"key":"SMITH"},{"data":"Guardian:TemporalShield","floor":54,"key":"SMITH"}],"circlet_count":0,"master_deck":["Guardian:Strike_Guardian","Guardian:Defend_Guardian","Guardian:Defend_Guardian","Guardian:Defend_Guardian","Guardian:Defend_Guardian","Guardian:CurlUp","Guardian:TwinSlam","Guardian:StasisEngine+1","Guardian:SentryBeam+1","Guardian:PrismaticBarrier+1","Guardian:FloatingOrbs+1","Guardian:FuturePlans","Guardian:Planning","Guardian:ShieldCharger","Guardian:FloatingOrbs+1","Guardian:TemporalStrike+1","Guardian:ChargeUp+1","Guardian:TemporalStrike+1","Guardian:SentryBeam+1","Guardian:TemporalShield+1","Guardian:GemFinder+1","Guardian:FloatingOrbs+1","Guardian:Suspension+1","Guardian:CrystalBeam+1","Guardian:DecasProtection","Guardian:Planning+1","Guardian:TemporalStrike","Guardian:VentSteam+1","Guardian:BronzeOrb","Guardian:Suspension+1","Guardian:AncientConstruct","Guardian:BronzeOrb","Guardian:Incinerate"],"relics":["Guardian:ModeShifter","downfall:HeartBlessingRed","Lizard Tail","SlaversCollar","downfall:HeartBlessingGreen","downfall:HeartBlessingBlue","hexamod:BolsterEngine","Blue Candle","Sundial","Bronze Scales","Boot","Empty Cage","CatCart","Guardian:BottledStasis","Slimebound:StickyStick","Ice Cream","Orichalcum","sneckomod:BlankCard","champ:DeflectingBracers","Vajra","Ornamental Fan"],"acts_visited":["Exordium","TheCity","TheBeyond","TheEnding"],"potions_floor_usage":[26,26,31,33,38,45,50,56,56],"damage_taken":[{"damage":1.0,"enemies":"Cultist","floor":2.0,"turns":4.0},{"damage":4.0,"enemies":"Small Slimes","floor":3.0,"turns":5.0},{"damage":1.0,"enemies":"2 Louse","floor":4.0,"turns":3.0},{"damage":9.0,"enemies":"Large Slime","floor":5.0,"turns":6.0},{"damage":14.0,"enemies":"Lagavulin","floor":10.0,"turns":7.0},{"damage":6.0,"enemies":"downfall:FleeingMerchant","floor":12.0,"turns":4.0},{"damage":6.0,"enemies":"2 Fungi Beasts","floor":14.0,"turns":3.0},{"damage":4.0,"enemies":"Red Slaver","floor":15.0,"turns":5.0},{"damage":14,"enemies":"WA_ARCHETYPE_RETAIN","floor":16,"turns":9},{"damage":0,"enemies":"3 Byrds","floor":19,"turns":6},{"damage":0,"enemies":"Spheric Guardian","floor":21,"turns":5},{"damage":0,"enemies":"downfall:FleeingMerchant","floor":22,"turns":4},{"damage":22,"enemies":"Slavers","floor":26,"turns":8},{"damage":20,"enemies":"3 Cultists","floor":27,"turns":5},{"damage":16,"enemies":"Centurion and Healer","floor":29,"turns":5},{"damage":0,"enemies":"Gremlin Leader","floor":31,"turns":5},{"damage":9,"enemies":"Snake Plant","floor":32,"turns":5},{"damage":3,"enemies":"SI_MIRROR_ARCHETYPE","floor":33,"turns":9},{"damage":12,"enemies":"Orb Walker","floor":36,"turns":4},{"damage":0,"enemies":"Orin","floor":38,"turns":10},{"damage":9,"enemies":"downfall:FleeingMerchant","floor":39,"turns":4},{"damage":13,"enemies":"3 Shapes","floor":43,"turns":3},{"damage":0,"enemies":"Giant Head","floor":45,"turns":7},{"damage":6,"enemies":"Spire Growth","floor":46,"turns":5},{"damage":0,"enemies":"Nemesis","floor":47,"turns":5},{"damage":12,"enemies":"Maw","floor":48,"turns":5},{"damage":13,"enemies":"3 Darklings","floor":49,"turns":4},{"damage":20,"enemies":"DF_ARCHETYPE_ORBS","floor":50,"turns":6},{"damage":35,"enemies":"downfall:CharBossMerchant","floor":52,"turns":8},{"damage":1,"enemies":"downfall:NeowBoss","floor":55,"turns":9},{"damage":6,"enemies":"downfall:NeowBossFinal","floor":56,"turns":8}],"seed_played":"3063205915620229120","potions_obtained":[{"floor":2.0,"key":"GamblersBrew"},{"floor":3.0,"key":"FearPotion"},{"floor":5.0,"key":"Fire Potion"},{"floor":15.0,"key":"Guardian:BlockOnCardUsePotion"},{"floor":21,"key":"PowerPotion"},{"floor":27,"key":"LiquidBronze"},{"floor":31,"key":"DistilledChaos"},{"floor":32,"key":"LiquidBronze"},{"floor":36,"key":"Explosive Potion"},{"floor":43,"key":"LiquidMemories"},{"floor":45,"key":"Fruit Juice"},{"floor":46,"key":"Regen Potion"},{"floor":47,"key":"Block Potion"}],"is_trial":false,"path_per_floor":["R","M","M","M","M","R","T","?","R","E","R","$","?","M","M","B",null,"R","M","?","M","$","?","T","?","E","M","R","M","R","E","M","B",null,"R","M","?","?","$","?","T","R","M","R","E","M","E","M","M","B",null,"E","$","R","B","B",null],"character_chosen":"GUARDIAN","items_purchased":["hexamod:BolsterEngine","Guardian:Gem_Green","Guardian:BottledStasis","Guardian:Gem_Yellow","Guardian:DecasProtection","Slimebound:StickyStick","Vajra","Ornamental Fan","Guardian:Incinerate"],"campfire_rested":1,"item_purchase_floors":[22,22,39,39,39,39,53,53,53],"current_hp_per_floor":[80,79,75,74,65,65,65,47,47,33,33,27,27,21,17,3,80,90,90,74,74,74,69,69,69,47,27,27,11,38,38,29,26,90,90,78,78,78,69,69,69,69,56,56,61,55,55,43,30,25,95,60,60,60,59,53],"gold":4,"neow_bonus":"ONE_RANDOM_RARE_CARD","is_daily":false,"chose_seed":false,"campfire_upgraded":9,"win_rate":0.0,"timestamp":1614286163,"path_taken":["R","M","?","M","M","R","T","?","R","E","R","$","?","M","M","BOSS","R","M","?","M","$","?","T","?","E","?","R","M","R","E","M","BOSS","R","M","?","?","$","?","T","R","M","R","E","M","E","M","M","BOSS","E","$","R","BOSS","BOSS"],"items_purchased_type":["Relic","Card","Relic","Card","Card","Relic","Relic","Relic","Card"],"build_version":"2020-12-22","purchased_purges":1,"victory":true,"max_hp_per_floor":[80,80,80,80,80,80,80,80,80,80,80,80,80,80,80,80,80,90,90,90,90,90,90,90,90,90,90,90,90,90,90,90,90,90,90,90,90,90,90,90,90,90,90,90,95,95,95,95,95,95,95,95,95,95,95,95],"card_choices":[{"not_picked":["Guardian:RefractedBeam","Guardian:RollAttack","Guardian:WalkerClaw"],"picked":"SKIP","floor":2.0},{"not_picked":["Guardian:ChargeUp","Guardian:Gem_Green"],"picked":"Guardian:SentryBeam","floor":3.0},{"not_picked":["Guardian:PrismaticBeam","Guardian:CrystalBeam"],"picked":"Guardian:Gem_Red","floor":4.0},{"not_picked":["Guardian:HyperBeam_Guardian","Guardian:Suspension"],"picked":"Guardian:PrismaticBarrier","floor":5.0},{"not_picked":["Guardian:WalkerClaw","Guardian:PrimingBeam"],"picked":"Guardian:FloatingOrbs","floor":10.0},{"not_picked":["Guardian:PrismaticBarrier","Guardian:Preprogram"],"picked":"Guardian:FuturePlans","floor":12.0},{"not_picked":["Guardian:TemporalStrike","Guardian:WalkerClaw"],"picked":"Guardian:Planning","floor":14.0},{"not_picked":["Guardian:FuturePlans","Guardian:GuardianWhirl"],"picked":"Guardian:ShieldCharger","floor":15.0},{"not_picked":["Guardian:CompilePackage","Guardian:StasisEngine"],"picked":"Guardian:Gem_Orange","floor":16},{"not_picked":["Guardian:Recover","Guardian:VentSteam"],"picked":"Guardian:ShieldCharger","floor":19},{"not_picked":["Guardian:Reroute","Guardian:Gem_Lightblue"],"picked":"Guardian:FloatingOrbs","floor":21},{"not_picked":["Guardian:CrystalBeam+1","Guardian:Recover+1"],"picked":"Guardian:TemporalStrike+1","floor":22},{"not_picked":["Guardian:ShieldCharger","Guardian:PiercingHide"],"picked":"Guardian:Gem_Red","floor":26},{"not_picked":["Guardian:ArmoredProtocol+1","Guardian:PrismaticBarrier"],"picked":"Guardian:ChargeUp","floor":27},{"not_picked":["Guardian:GuardianWhirl+1","Guardian:PiercingHide"],"picked":"Guardian:TemporalStrike+1","floor":29},{"not_picked":["Guardian:RollAttack","Guardian:TemporalShield"],"picked":"Guardian:SentryBeam","floor":31},{"not_picked":["Guardian:Preprogram","Guardian:Suspension+1"],"picked":"Guardian:TemporalShield","floor":32},{"not_picked":["Guardian:FierceBash","Guardian:TimeSifter"],"picked":"Guardian:GemFinder","floor":33},{"not_picked":["Guardian:Gem_Red","Guardian:Gem_Lightblue"],"picked":"Guardian:Gem_Cyan","floor":36},{"not_picked":["Guardian:VentSteam","Guardian:RefractedBeam"],"picked":"Guardian:FloatingOrbs+1","floor":36},{"not_picked":["Guardian:TemporalShield+1","Guardian:PrimingBeam"],"picked":"Guardian:Suspension+1","floor":38},{"not_picked":["Guardian:Gem_Green","Guardian:Gem_Red"],"picked":"Guardian:Gem_Cyan","floor":39},{"not_picked":["Guardian:Recover+1","Guardian:ShieldCharger"],"picked":"Guardian:CrystalBeam+1","floor":39},{"not_picked":["Guardian:Gem_Red","Guardian:Gem_Lightblue"],"picked":"Guardian:Gem_Cyan","floor":43},{"not_picked":["Guardian:PiercingHide","Guardian:Reroute+1"],"picked":"Guardian:Planning+1","floor":43},{"not_picked":["Guardian:Gem_Lightblue","Guardian:Gem_Red"],"picked":"Guardian:Gem_Cyan","floor":45},{"not_picked":["Guardian:Preprogram+1","Guardian:Reroute+1"],"picked":"Guardian:TemporalStrike","floor":45},{"not_picked":["Guardian:Gem_Lightblue","Guardian:Gem_Cyan"],"picked":"Guardian:Gem_Green","floor":46},{"not_picked":["Guardian:Planning","Guardian:Gem_Cyan"],"picked":"Guardian:VentSteam+1","floor":46},{"not_picked":["Guardian:Gem_Lightblue","Guardian:Gem_Red"],"picked":"Guardian:Gem_Green","floor":47},{"not_picked":["Guardian:SphericShield","Guardian:GemFire"],"picked":"Guardian:BronzeOrb","floor":47},{"not_picked":["Guardian:Gem_Red","Guardian:Gem_Cyan"],"picked":"Guardian:Gem_Lightblue","floor":48},{"not_picked":["Guardian:WalkerClaw","Guardian:Planning"],"picked":"Guardian:Suspension+1","floor":48},{"not_picked":["Guardian:Gem_Red","Guardian:Suspension+1"],"picked":"Guardian:AncientConstruct","floor":49},{"not_picked":["Guardian:Gem_Green","Guardian:Gem_Red"],"picked":"Guardian:Gem_Cyan","floor":52},{"not_picked":["Guardian:WalkerClaw+1","Guardian:Gem_Green"],"picked":"Guardian:BronzeOrb","floor":52}],"player_experience":1284805,"relics_obtained":[{"floor":10.0,"key":"Bag of Marbles"},{"floor":24,"key":"Sundial"},{"floor":26,"key":"Bronze Scales"},{"floor":31,"key":"Boot"},{"floor":38,"key":"CatCart"},{"floor":41,"key":"Ice Cream"},{"floor":45,"key":"Orichalcum"},{"floor":47,"key":"sneckomod:BlankCard"},{"floor":52,"key":"champ:DeflectingBracers"}],"event_choices":[{"damage_healed":0.0,"max_hp_gain":0.0,"max_hp_loss":0.0,"gold_gain":0.0,"event_name":"Scrap Ooze","player_choice":"Success","floor":8.0,"gold_loss":0.0,"damage_taken":18.0,"relics_obtained":["Lizard Tail"]},{"cards_removed":["Guardian:ShieldCharger"],"damage_healed":0,"gold_gain":0,"player_choice":"Removed Skill","damage_taken":0,"max_hp_gain":0,"max_hp_loss":0,"event_name":"Falling","floor":37,"gold_loss":0},{"damage_healed":0,"gold_gain":0,"player_choice":"Fight","damage_taken":0,"max_hp_gain":0,"max_hp_loss":0,"event_name":"OrinTheCat","floor":38,"gold_loss":0},{"damage_healed":0,"gold_gain":300,"player_choice":"Gold","damage_taken":0,"max_hp_gain":0,"max_hp_loss":0,"event_name":"Wheel of Change","floor":40,"gold_loss":0}],"is_beta":false,"boss_relics":[{"not_picked":["Guardian:StasisSlotReductionRelic","Fusion Hammer"],"picked":"SlaversCollar"},{"not_picked":["sneckomod:SneckoTalon","SacredBark"],"picked":"Empty Cage"}],"items_purged_floors":[39],"is_endless":false,"potions_floor_spawned":[2,3,5,15,21,27,31,32,36,43,45,46,47,49],"ascension_level":1}}