{"host":"4par9lyhj7bf4dsa","time":1614290539,"event":{"mods":["AchievementEnabler","BaseMod","Colored Map","Minty Spire (QoL Compilation)","Relic Stats","StSLib"],"gold_per_floor":[113,17,33,53,53,80,80,110,110,137,192,192,1,36,36,141,141,161,173,173,88,102,113,113,148,148,166,181,196,196,228,228,324,324,335,352,352,234,234,266,266,298,298,327,354,354,378,416,416,416],"floor_reached":51,"language":"ENG","playtime":3995,"items_purged":["Parasite","Writhe","Strike_R"],"score":1264,"play_id":"fc714597-2344-46d4-bda1-d1840a4d0331","local_time":"20210226090219","is_ascension_mode":true,"campfire_choices":[{"data":"Feed","floor":7.0,"key":"SMITH"},{"floor":15.0,"key":"REST"},{"data":"Inflame","floor":24.0,"key":"SMITH"},{"data":"Feel No Pain","floor":30,"key":"SMITH"},{"data":"Double Tap","floor":32,"key":"SMITH"},{"floor":41,"key":"REST"},{"floor":46,"key":"REST"},{"floor":49,"key":"REST"}],"circlet_count":0,"master_deck":["AscendersBane","Strike_R","Strike_R","Strike_R","Strike_R","Defend_R","Defend_R","Defend_R","Defend_R+1","Bash+1","True Grit","Cleave","Sword Boomerang","Combust","Pommel Strike","Feed+1","Exhume","Reaper","Impervious+1","Heavy Blade","Feel No Pain+1","Inflame+1","Shrug It Off+1","Shockwave","Pommel Strike","Armaments+1","Double Tap+1","Juggernaut","Evolve","Immolate","Headbutt+1","Dark Embrace","True Grit+1"],"relics":["Burning Blood","Unceasing Top","Red Skull","Turnip","Singing Bowl","Smiling Mask","Bottled Tornado","Snecko Eye","MealTicket","Torii","Pantograph","PreservedInsect","Mark of Pain","StrikeDummy","CeramicFish","War Paint","HornCleat","Incense Burner"],"acts_visited":["Exordium","TheCity","TheBeyond"],"potions_floor_usage":[31,40,47],"damage_taken":[{"damage":3.0,"enemies":"Jaw Worm","floor":1.0,"turns":5.0},{"damage":0.0,"enemies":"Small Slimes","floor":3.0,"turns":4.0},{"damage":4.0,"enemies":"2 Louse","floor":4.0,"turns":4.0},{"damage":22.0,"enemies":"3 Sentries","floor":6.0,"turns":5.0},{"damage":21.0,"enemies":"Gremlin Nob","floor":8.0,"turns":4.0},{"damage":17.0,"enemies":"3 Sentries","floor":10.0,"turns":5.0},{"damage":37.0,"enemies":"Lagavulin","floor":14.0,"turns":5.0},{"damage":42.0,"enemies":"Hexaghost","floor":16.0,"turns":8.0},{"damage":9.0,"enemies":"Chosen","floor":18.0,"turns":3.0},{"damage":15.0,"enemies":"3 Byrds","floor":19.0,"turns":4.0},{"damage":37.0,"enemies":"3 Cultists","floor":22.0,"turns":6.0},{"damage":33.0,"enemies":"Sentry and Sphere","floor":23.0,"turns":8.0},{"damage":33.0,"enemies":"Gremlin Leader","floor":25.0,"turns":8.0},{"damage":22.0,"enemies":"Snake Plant","floor":27.0,"turns":5.0},{"damage":13.0,"enemies":"Centurion and Healer","floor":28.0,"turns":7.0},{"damage":33,"enemies":"Sentry and Sphere","floor":29,"turns":6},{"damage":15,"enemies":"Slavers","floor":31,"turns":4},{"damage":89,"enemies":"Champ","floor":33,"turns":13},{"damage":53,"enemies":"3 Shapes","floor":35,"turns":5},{"damage":33,"enemies":"Orb Walker","floor":36,"turns":5},{"damage":65,"enemies":"Giant Head","floor":40,"turns":7},{"damage":32,"enemies":"Nemesis","floor":42,"turns":5},{"damage":8,"enemies":"Giant Head","floor":44,"turns":5},{"damage":37,"enemies":"Writhing Mass","floor":45,"turns":5},{"damage":13,"enemies":"Maw","floor":47,"turns":7},{"damage":33,"enemies":"Reptomancer","floor":48,"turns":7},{"damage":151,"enemies":"Awakened One","floor":50,"turns":13}],"seed_played":"9097765093958661278","potions_obtained":[{"floor":3.0,"key":"EntropicBrew"},{"floor":8.0,"key":"BlessingOfTheForge"},{"floor":10.0,"key":"Strength Potion"},{"floor":14.0,"key":"Dexterity Potion"},{"floor":18.0,"key":"BloodPotion"},{"floor":22.0,"key":"Regen Potion"},{"floor":23.0,"key":"Ancient Potion"},{"floor":29,"key":"AttackPotion"},{"floor":33,"key":"PowerPotion"},{"floor":35,"key":"Energy Potion"},{"floor":40,"key":"Weak Potion"},{"floor":48,"key":"FearPotion"}],"is_trial":false,"path_per_floor":["M","$","M","M","?","E","R","E","T","E","T","?","$","E","R","B",null,"M","M","?","$","M","M","R","E","T","M","M","M","R","E","R","B",null,"M","M","?","$","?","E","R","E","T","E","M","R","M","E","R","B",null],"character_chosen":"IRONCLAD","items_purchased":["Cleave","Sword Boomerang","Reaper","Inflame","Evolve"],"campfire_rested":4,"item_purchase_floors":[2,2,13,21,38],"current_hp_per_floor":[75,75,80,80,80,64,64,49,49,40,40,40,40,15,40,13,67,74,79,79,93,74,80,80,80,80,74,93,70,70,87,87,37,106,93,76,76,91,91,32,73,53,53,74,58,101,101,86,131,29],"gold":416,"neow_bonus":"ONE_RARE_RELIC","is_daily":false,"chose_seed":false,"campfire_upgraded":4,"win_rate":0.0,"timestamp":1614290539,"path_taken":["M","$","M","M","?","E","R","E","T","E","?","?","$","E","R","BOSS","M","M","?","$","M","M","R","E","T","M","M","M","R","E","R","BOSS","M","M","?","$","?","E","R","E","T","E","M","R","M","E","R","BOSS"],"items_purchased_type":["Card","Card","Card","Card","Card"],"build_version":"2020-12-22","purchased_purges":3,"victory":true,"max_hp_per_floor":[80,80,80,80,80,80,80,80,80,82,82,82,79,85,85,85,85,89,93,93,93,97,101,101,103,103,109,113,117,117,125,125,129,129,139,145,138,138,138,138,138,144,144,146,146,146,146,150,150,154],"relic_stats":{"Singing Bowl":16,"Torii":21,"counters":[27,163],"CeramicFish":27,"PreservedInsect":373,"War Paint":["Defend_R","Impervious"],"Smiling Mask":150,"Burning Blood":159,"Pantograph":44,"Snecko Eye":[227,205,216,231],"MealTicket":29,"Turnip":[31],"obtain_stats":[{"Singing Bowl":10,"Torii":25,"CeramicFish":42,"PreservedInsect":31,"Incense Burner":48,"Bottled Tornado":14,"War Paint":43,"Smiling Mask":11,"Burning Blood":0,"HornCleat":44,"Pantograph":26,"Snecko Eye":17,"MealTicket":20,"Turnip":8,"Mark of Pain":34,"StrikeDummy":40,"Unceasing Top":0,"Red Skull":6},{"Singing Bowl":6,"Torii":13,"CeramicFish":22,"PreservedInsect":17,"Incense Burner":26,"Bottled Tornado":7,"War Paint":22,"Smiling Mask":6,"Burning Blood":0,"HornCleat":23,"Pantograph":13,"Snecko Eye":8,"MealTicket":10,"Turnip":5,"Mark of Pain":18,"StrikeDummy":21,"Unceasing Top":0,"Red Skull":4},{"Singing Bowl":27,"Torii":69,"CeramicFish":126,"PreservedInsect":91,"Incense Burner":150,"Bottled Tornado":32,"War Paint":126,"Smiling Mask":27,"Burning Blood":0,"HornCleat":131,"Pantograph":69,"Snecko Eye":40,"MealTicket":47,"Turnip":22,"Mark of Pain":104,"StrikeDummy":121,"Unceasing Top":0,"Red Skull":18}],"Unceasing Top":[1]},"card_choices":[{"not_picked":["Searing Blow","Flex"],"picked":"True Grit","floor":1.0},{"not_picked":["Fire Breathing","Havoc"],"picked":"Combust","floor":3.0},{"not_picked":["Metallicize","Sentinel"],"picked":"Pommel Strike","floor":4.0},{"not_picked":["Anger","Cleave"],"picked":"Feed","floor":6.0},{"not_picked":["Warcry","Pommel Strike"],"picked":"Exhume","floor":8.0},{"not_picked":["Flex","Warcry","Thunderclap"],"picked":"Singing Bowl","floor":10.0},{"not_picked":["Warcry","Clash","Cleave"],"picked":"Singing Bowl","floor":14.0},{"not_picked":["Corruption","Juggernaut"],"picked":"Impervious","floor":16.0},{"not_picked":["Hemokinesis","Pummel"],"picked":"Heavy Blade","floor":18.0},{"not_picked":["Evolve","Dropkick"],"picked":"Feel No Pain","floor":19.0},{"not_picked":["Bloodletting+1","Cleave"],"picked":"Shrug It Off+1","floor":22.0},{"not_picked":["Rampage+1","Power Through+1"],"picked":"Shockwave","floor":23.0},{"not_picked":["Warcry","Sever Soul","Clothesline"],"picked":"Singing Bowl","floor":25.0},{"not_picked":["Iron Wave+1","Heavy Blade","Wild Strike"],"picked":"Singing Bowl","floor":27.0},{"not_picked":["Dropkick","Feed"],"picked":"Pommel Strike","floor":28},{"not_picked":["Intimidate","True Grit"],"picked":"Armaments+1","floor":29},{"not_picked":["Cleave+1","Thunderclap+1"],"picked":"Double Tap","floor":31},{"not_picked":["Barricade","Berserk"],"picked":"Juggernaut","floor":33},{"not_picked":["Anger","Sword Boomerang+1","Sever Soul+1"],"picked":"Singing Bowl","floor":35},{"not_picked":["Body Slam+1","Anger+1","Heavy Blade"],"picked":"Singing Bowl","floor":36},{"not_picked":["Fire Breathing","True Grit"],"picked":"Immolate","floor":40},{"not_picked":["Dropkick+1","Sever Soul","Havoc"],"picked":"Singing Bowl","floor":42},{"not_picked":["Havoc+1","Thunderclap+1","Headbutt"],"picked":"Singing Bowl","floor":44},{"not_picked":["Dropkick+1","Thunderclap"],"picked":"Headbutt+1","floor":45},{"not_picked":["Pommel Strike+1","Sword Boomerang+1"],"picked":"Dark Embrace","floor":47},{"not_picked":["Brutality","Shrug It Off"],"picked":"True Grit+1","floor":48}],"player_experience":1148502,"relics_obtained":[{"floor":6.0,"key":"Red Skull"},{"floor":8.0,"key":"Turnip"},{"floor":10.0,"key":"Singing Bowl"},{"floor":11.0,"key":"Smiling Mask"},{"floor":14.0,"key":"Bottled Tornado"},{"floor":25.0,"key":"Torii"},{"floor":26.0,"key":"Pantograph"},{"floor":31,"key":"PreservedInsect"},{"floor":40,"key":"StrikeDummy"},{"floor":42,"key":"CeramicFish"},{"floor":43,"key":"War Paint"},{"floor":44,"key":"HornCleat"},{"floor":48,"key":"Incense Burner"}],"event_choices":[{"damage_healed":0.0,"max_hp_gain":0.0,"max_hp_loss":0.0,"gold_gain":0.0,"event_name":"Liars Game","player_choice":"Ignored","floor":5.0,"gold_loss":0.0,"damage_taken":0.0},{"damage_healed":0.0,"max_hp_gain":0.0,"max_hp_loss":0.0,"gold_gain":0.0,"event_name":"Living Wall","player_choice":"Grow","floor":12.0,"gold_loss":0.0,"damage_taken":0.0,"cards_upgraded":["Bash"]},{"damage_healed":0.0,"max_hp_gain":0.0,"max_hp_loss":0.0,"gold_gain":0.0,"event_name":"The Mausoleum","player_choice":"Opened","floor":20.0,"gold_loss":0.0,"damage_taken":0.0,"relics_obtained":["MealTicket"],"cards_obtained":["Writhe"]},{"damage_healed":0,"gold_gain":0,"player_choice":"Max HP","damage_taken":0,"max_hp_gain":0,"max_hp_loss":7,"event_name":"Winding Halls","floor":37,"gold_loss":0},{"damage_healed":0,"gold_gain":0,"player_choice":"Ignored","damage_taken":0,"max_hp_gain":0,"max_hp_loss":0,"event_name":"Tomb of Lord Red Mask","floor":39,"gold_loss":0}],"is_beta":false,"boss_relics":[{"not_picked":["Coffee Dripper","SlaversCollar"],"picked":"Snecko Eye"},{"not_picked":["Runic Cube","Black Blood"],"picked":"Mark of Pain"}],"items_purged_floors":[13,21,38],"is_endless":false,"potions_floor_spawned":[3,8,10,14,18,22,23,29,33,35,40,44,45,48],"ascension_level":11}}