{"host":"e4wnmsyty9uvvtwf","time":1614245206,"event":{"mods":["BaseMod","Colored Map","Colored Powertips","Hermit","Minty Spire (QoL Compilation)","Replay The Spire","StSLib"],"gold_per_floor":[118,218,230,247,267,267,63,89,89,32,51,75,75,75,75,174,174,189,201,216,216,216,227,227,240,240,272,272,7,7,34,34,137,137,157,157,173,173,98,98,98,115,142,142,168,179,191,210,210,210,210,210,16,48,53],"floor_reached":56,"language":"ZHS","playtime":2788,"items_purged":["Shame"],"score":1247,"play_id":"5d3ecce0-36d1-4150-9916-3aa304f20155","local_time":"20210225172646","is_ascension_mode":false,"campfire_choices":[{"data":"hermit:Magnum","floor":6,"key":"SMITH"},{"data":"hermit:Dive","floor":13,"key":"SMITH"},{"data":"Replay:BasicMightCard","floor":15,"key":"SMITH"},{"data":"hermit:Dissolve","floor":24,"key":"SMITH"},{"data":"hermit:Brawl","floor":28,"key":"SMITH"},{"floor":32,"key":"REST"},{"floor":40,"key":"RECALL"},{"data":"hermit:Adapt","floor":44,"key":"SMITH"},{"data":"hermit:FromBeyond","floor":49,"key":"SMITH"},{"data":"Sadistic Nature","floor":52,"key":"SMITH"}],"circlet_count":0,"master_deck":["hermit:Strike_Hermit","hermit:Strike_Hermit","hermit:Strike_Hermit","hermit:Strike_Hermit","hermit:Defend_Hermit","hermit:Defend_Hermit","hermit:Defend_Hermit","hermit:Defend_Hermit","hermit:Snapshot","hermit:Covet","hermit:NoHoldsBarred","hermit:Brawl+1","hermit:Magnum+1","hermit:Vantage","Sadistic Nature+1","Finesse","Replay:BasicMightCard+1","hermit:Cheat","hermit:Magnum+1","hermit:Combo+1","hermit:Coalescence+1","hermit:Dive+1","hermit:Dissolve+1","hermit:Enervate+1","hermit:Misfire+1","hermit:NoHoldsBarred+1","hermit:PistolWhip","hermit:Enervate","Panacea","hermit:HighNoon+1","hermit:HoleUp","hermit:FromBeyond+1","Pot Of Greed","Pot Of Greed","Pot Of Greed","hermit:Adapt+1","hermit:BodyArmor+1","hermit:Glare","Madness","Madness","Pot Of Greed","hermit:Deadeye","Amnesia","hermit:Feint+1","CommonCold","hermit:RoundhouseKick","hermit:DeadMansHand+1","hermit:Scavenge","hermit:FlashPowder+1","hermit:HoleUp","hermit:CalledShot+1"],"relics":["hermit:Momento","ReplayTheSpireMod:ShopPack","Bronze Scales","Odd Mushroom","hermit:BartenderGlass","Darkstone Periapt","Toy Ornithopter","Bag of Preparation","BargainBundle","Grinning Jar","Cursed Key","Ornamental Fan","Oddly Smooth Stone","Mercury Hourglass","Nunchaku","hermit:RyeStalk"],"acts_visited":["Exordium","TheCity","TheBeyond","TheEnding"],"potions_floor_usage":[12,18,18,19,23,23,23,25,25,27,27,33,33,37,37,37,42,42,45,45,45,46,47,48,48,50,50,50,54,54,54,54,55,55,55,55,55],"damage_taken":[{"damage":0,"enemies":"Cultist","floor":1,"turns":4},{"damage":0,"enemies":"2 Louse","floor":3,"turns":2},{"damage":3,"enemies":"Small Slimes","floor":4,"turns":2},{"damage":0,"enemies":"Looter","floor":5,"turns":3},{"damage":16,"enemies":"Lagavulin","floor":8,"turns":5},{"damage":0,"enemies":"Exordium Wildlife","floor":11,"turns":2},{"damage":11,"enemies":"The Mushroom Lair","floor":12,"turns":3},{"damage":10,"enemies":"Fading Forest","floor":16,"turns":11},{"damage":0,"enemies":"Chosen","floor":18,"turns":3},{"damage":8,"enemies":"Shell Parasite","floor":19,"turns":7},{"damage":18,"enemies":"Snecko","floor":20,"turns":5},{"damage":15,"enemies":"Snake Plant","floor":23,"turns":2},{"damage":10,"enemies":"Chosen and Byrds","floor":25,"turns":4},{"damage":29,"enemies":"Slavers","floor":27,"turns":4},{"damage":40,"enemies":"Collector","floor":33,"turns":8},{"damage":0,"enemies":"3 Shapes","floor":35,"turns":4},{"damage":19,"enemies":"3 Darklings","floor":37,"turns":4},{"damage":2,"enemies":"4 Shapes","floor":42,"turns":7},{"damage":17,"enemies":"Nemesis","floor":45,"turns":7},{"damage":4,"enemies":"Transient","floor":46,"turns":5},{"damage":19,"enemies":"Writhing Mass","floor":47,"turns":6},{"damage":23,"enemies":"3 Darklings","floor":48,"turns":6},{"damage":22,"enemies":"Awakened One","floor":50,"turns":14},{"damage":28,"enemies":"Shield and Spear","floor":54,"turns":8},{"damage":56,"enemies":"The Heart","floor":55,"turns":14}],"seed_played":"826349934704184831","potions_obtained":[{"floor":1,"key":"LifebloodPotion"},{"floor":4,"key":"EssenceOfSteel"},{"floor":8,"key":"SpeedPotion"},{"floor":12,"key":"Block Potion"},{"floor":16,"key":"AttackPotion"},{"floor":18,"key":"hermit:Tonic"},{"floor":20,"key":"Ancient Potion"},{"floor":27,"key":"SteroidPotion"},{"floor":37,"key":"Swift Potion"},{"floor":47,"key":"Strength Potion"},{"floor":48,"key":"EntropicBrew"}],"is_trial":false,"path_per_floor":["M","?","M","M","M","R","$","E","T","$","M","?","R","?","R","B",null,"M","M","M","?","?","M","R","M","T","E","R","$","?","T","R","B",null,"M","$","M","?","$","R","T","M","T","R","E","M","M","M","R","B",null,"R","$","E","B",null],"character_chosen":"HERMIT","items_purchased":["ReplayTheSpireMod:ShopPack","hermit:Cheat","hermit:Combo+1","BargainBundle","Panacea","hermit:HighNoon+1","hermit:HoleUp","hermit:Tonic","hermit:FromBeyond","hermit:Deadeye","hermit:HoleUp","Nunchaku"],"campfire_rested":1,"item_purchase_floors":[7,7,10,29,29,29,29,29,29,39,53,53],"current_hp_per_floor":[82,82,82,79,79,79,79,63,63,63,63,52,52,36,36,50,82,82,79,61,67,67,52,52,42,42,23,23,23,23,23,49,19,88,88,88,79,68,68,68,74,82,88,88,86,87,85,72,72,65,100,100,100,77,46],"gold":53,"neow_bonus":"TEN_PERCENT_HP_BONUS","is_daily":false,"chose_seed":false,"campfire_upgraded":8,"win_rate":0.0,"timestamp":1614245206,"path_taken":["M","?","M","M","M","R","?","E","T","$","?","?","R","?","R","BOSS","M","M","M","?","?","M","R","?","T","E","R","$","?","?","R","BOSS","M","$","?","?","$","R","?","M","T","R","E","M","M","M","R","BOSS","R","$","E","BOSS"],"items_purchased_type":["Relic","Card","Card","Relic","Card","Card","Card","Potion","Card","Card","Card","Relic"],"build_version":"2020-12-22","purchased_purges":1,"victory":true,"max_hp_per_floor":[82,82,82,82,82,82,82,82,82,82,82,82,82,82,82,82,82,82,82,82,88,88,88,88,88,88,88,88,88,88,88,88,88,88,88,88,88,88,88,88,94,94,100,100,100,100,100,100,100,100,100,100,100,100,100],"card_choices":[{"not_picked":["hermit:WideOpen","hermit:TrackingShot"],"picked":"hermit:NoHoldsBarred","floor":1},{"not_picked":["hermit:Desperado","hermit:Malice"],"picked":"hermit:Brawl","floor":3},{"not_picked":["hermit:SprayPray","hermit:CalledShot"],"picked":"hermit:Magnum","floor":4},{"not_picked":["hermit:Roulette","hermit:Manifest"],"picked":"hermit:Vantage","floor":5},{"not_picked":["HandOfGreed","Master of Strategy"],"picked":"Sadistic Nature","floor":7},{"not_picked":["Replay:Bootleg Shield Generator","Deep Breath"],"picked":"Finesse","floor":7},{"not_picked":["Replay:Parry","Survey Options"],"picked":"Replay:BasicMightCard","floor":7},{"not_picked":["hermit:NoHoldsBarred","hermit:Headshot"],"picked":"hermit:Magnum","floor":8},{"not_picked":["hermit:Quickdraw","hermit:Glare"],"picked":"hermit:Coalescence","floor":11},{"not_picked":["hermit:Misfire","hermit:HoleUp"],"picked":"hermit:Dive","floor":12},{"not_picked":["hermit:FatalDesire","hermit:Magnum"],"picked":"hermit:Dissolve","floor":16},{"not_picked":["hermit:Combo","hermit:Snipe+1","hermit:ItchyTrigger"],"picked":"SKIP","floor":18},{"not_picked":["hermit:BigShot","hermit:LowProfile"],"picked":"hermit:Enervate+1","floor":19},{"not_picked":["hermit:Quickdraw","hermit:Dive+1"],"picked":"hermit:Misfire+1","floor":20},{"not_picked":["hermit:Quickdraw","hermit:CursedWeapon"],"picked":"hermit:NoHoldsBarred+1","floor":23},{"not_picked":["hermit:Determination","hermit:ShadowCloak"],"picked":"hermit:PistolWhip","floor":25},{"not_picked":["hermit:Desperado+1","hermit:Determination"],"picked":"hermit:Enervate","floor":27},{"not_picked":["hermit:FromBeyond","hermit:FinalCanter"],"picked":"hermit:Adapt","floor":33},{"not_picked":["hermit:TakeAim+1","hermit:ItchyTrigger"],"picked":"hermit:BodyArmor+1","floor":35},{"not_picked":["hermit:GoldenBullet","hermit:HoleUp"],"picked":"hermit:Glare","floor":37},{"not_picked":["hermit:Brawl","hermit:WideOpen+1"],"picked":"hermit:Feint+1","floor":42},{"not_picked":["hermit:Shortfuse+1","hermit:Quickdraw"],"picked":"hermit:RoundhouseKick","floor":45},{"not_picked":["hermit:Grudge","hermit:Coalescence+1"],"picked":"hermit:DeadMansHand+1","floor":46},{"not_picked":["hermit:Roulette","hermit:GhostlyPresence"],"picked":"hermit:Scavenge","floor":47},{"not_picked":["hermit:GoldenBullet+1","hermit:Manifest"],"picked":"hermit:FlashPowder+1","floor":48},{"not_picked":["hermit:GoldenBullet+1","hermit:ItchyTrigger"],"picked":"hermit:CalledShot+1","floor":54}],"player_experience":532837,"relics_obtained":[{"floor":8,"key":"Bronze Scales"},{"floor":12,"key":"Odd Mushroom"},{"floor":26,"key":"Toy Ornithopter"},{"floor":27,"key":"Bag of Preparation"},{"floor":31,"key":"Grinning Jar"},{"floor":41,"key":"Ornamental Fan"},{"floor":43,"key":"Oddly Smooth Stone"},{"floor":45,"key":"Mercury Hourglass"},{"floor":54,"key":"hermit:RyeStalk"}],"event_choices":[{"damage_healed":0,"gold_gain":100,"player_choice":"Pray","damage_taken":0,"max_hp_gain":0,"max_hp_loss":0,"event_name":"Golden Shrine","floor":2,"gold_loss":0},{"damage_healed":0,"gold_gain":0,"player_choice":"Fought Mushrooms","damage_taken":0,"max_hp_gain":0,"max_hp_loss":0,"event_name":"Mushrooms","floor":12,"gold_loss":0},{"damage_healed":0,"gold_gain":0,"player_choice":"Entered Light","damage_taken":16,"max_hp_gain":0,"max_hp_loss":0,"event_name":"Shining Light","floor":14,"gold_loss":0,"cards_upgraded":["hermit:Magnum","hermit:Coalescence"]},{"damage_healed":0,"gold_gain":0,"player_choice":"Stole Relic","damage_taken":0,"relics_obtained":["Darkstone Periapt"],"max_hp_gain":0,"max_hp_loss":0,"event_name":"Addict","floor":21,"gold_loss":0,"cards_obtained":["Shame"]},{"damage_healed":0,"gold_gain":0,"player_choice":"0 cards matched","damage_taken":0,"max_hp_gain":0,"max_hp_loss":0,"event_name":"Match and Keep!","floor":22,"gold_loss":0,"cards_obtained":[]},{"damage_healed":0,"gold_gain":0,"player_choice":"Ignored","damage_taken":0,"max_hp_gain":0,"max_hp_loss":0,"event_name":"Vampires","floor":30,"gold_loss":0},{"damage_healed":0,"gold_gain":0,"player_choice":"Embrace Madness","damage_taken":11,"max_hp_gain":0,"max_hp_loss":0,"event_name":"Winding Halls","floor":38,"gold_loss":0,"cards_obtained":["Madness","Madness"]}],"is_beta":false,"boss_relics":[{"not_picked":["SacredBark","Kintsugi"],"picked":"hermit:BartenderGlass"},{"not_picked":["Calling Bell","Black Star"],"picked":"Cursed Key"}],"items_purged_floors":[29],"is_endless":false,"potions_floor_spawned":[1,4,8,12,16,18,20,27,37,47,48],"ascension_level":0}}