{"host":"zrerxgu8lagrk16e","time":1614272492,"event":{"mods":["AchievementEnabler","BaseMod","Better Altar","Better Match","Better Note","Better Sensory Stone","Better Skull","Better Third Choice","BetterRewards","Colored Map","Colored Powertips","Minty Spire (QoL Compilation)","Quick Restart","Relic Stats","StSLib","slay the spire mod where everything is the same but ironclad has a cowboy hat"],"gold_per_floor":[112,131,131,144,24,57,71,100,100,100,160,170,190,190,190,285,285,298,324,324,344,344,344],"floor_reached":22,"language":"ENG","playtime":1452,"items_purged":[],"score":414,"play_id":"55e0636e-4ed1-45f0-b4c1-47b2dc228d8f","local_time":"20210225120132","is_ascension_mode":true,"campfire_choices":[{"floor":10.0,"key":"REST"},{"data":"Dual Wield","floor":15.0,"key":"SMITH"}],"circlet_count":0,"master_deck":["Bash+1","Inflame","Spot Weakness","Thunderclap","Ghostly Armor","True Grit","Burning Pact","Sword Boomerang","Dual Wield+1","Bludgeon","Sword Boomerang","Cleave","Limit Break","Brutality","Dark Embrace","Havoc","Cleave","Burning Pact","Evolve","Whirlwind","Flame Barrier","Feed","Pummel","Shrug It Off","Headbutt"],"relics":["Burning Blood","Shuriken","ClockworkSouvenir","Sling","Gambling Chip","Meat on the Bone","Bronze Scales","Pandora\u0027s Box","Red Mask","Nloth\u0027s Gift"],"acts_visited":["Exordium","TheCity"],"potions_floor_usage":[],"damage_taken":[{"damage":6.0,"enemies":"Cultist","floor":1.0,"turns":5.0},{"damage":0.0,"enemies":"2 Louse","floor":2.0,"turns":2.0},{"damage":0.0,"enemies":"Small Slimes","floor":4.0,"turns":3.0},{"damage":35.0,"enemies":"Lagavulin","floor":6.0,"turns":6.0},{"damage":0.0,"enemies":"2 Fungi Beasts","floor":7.0,"turns":3.0},{"damage":16.0,"enemies":"3 Sentries","floor":8.0,"turns":8.0},{"damage":11.0,"enemies":"3 Louse","floor":12.0,"turns":3.0},{"damage":43.0,"enemies":"Gremlin Gang","floor":13.0,"turns":4.0},{"damage":31.0,"enemies":"The Guardian","floor":16.0,"turns":9.0},{"damage":19.0,"enemies":"Chosen","floor":18.0,"turns":4.0},{"damage":32.0,"enemies":"Masked Bandits","floor":19.0,"turns":4.0},{"damage":45.0,"enemies":"Spheric Guardian","floor":21.0,"turns":9.0},{"damage":23,"enemies":"Centurion and Healer","floor":22,"turns":2}],"seed_played":"643457781294064399","potions_obtained":[{"floor":1.0,"key":"Dexterity Potion"},{"floor":7.0,"key":"FearPotion"},{"floor":13.0,"key":"DuplicationPotion"},{"floor":19.0,"key":"Explosive Potion"},{"floor":21.0,"key":"Explosive Potion"}],"is_trial":false,"path_per_floor":["M","M","?","M","$","E","M","E","T","R","?","M","M","?","R","B",null,"M","?","?","M","M"],"character_chosen":"IRONCLAD","items_purchased":["Inflame","Spot Weakness","Shuriken","ClockworkSouvenir","Pantograph","Sling","Gambling Chip","DuplicationPotion","Burning Pact","Dexterity Potion"],"campfire_rested":1,"item_purchase_floors":[0,0,0,0,0,0,0,0,5,5],"current_hp_per_floor":[25,31,31,37,37,8,26,28,28,52,52,47,22,27,27,39,74,61,47,47,20,0,0],"gold":344,"neow_bonus":"","is_daily":false,"chose_seed":false,"campfire_upgraded":1,"win_rate":0.0,"timestamp":1614272492,"path_taken":["M","?","?","M","$","E","M","E","T","R","?","M","M","?","R","BOSS","M","?","?","M","?"],"items_purchased_type":["Card","Card","Relic","Relic","Relic","Relic","Relic","Potion","Card","Potion"],"build_version":"2020-12-22","purchased_purges":0,"victory":false,"max_hp_per_floor":[80,80,80,80,80,80,80,80,80,80,80,80,80,85,85,85,85,85,85,85,85,85,85],"relic_stats":{"counters":[46,164],"Shuriken":[4],"Gambling Chip":[38],"Bronze Scales":[169],"Pandora\u0027s Box":["Brutality","Dark Embrace","Havoc","Cleave","Burning Pact","Evolve","Whirlwind","Flame Barrier","Feed"],"Nloth\u0027s Gift":0,"obtain_stats":[{"Darkstone Periapt":0,"Lantern":41,"Regal Pillow":46,"Gremlin Horn":9,"Singing Bowl":34,"Vajra":29,"Magic Flower":34,"Whetstone":10,"Cursed Key":0,"Smiling Mask":4,"Boot":9,"Sling":0,"Burning Blood":0,"ClockworkSouvenir":0,"Dream Catcher":40,"Mummified Hand":43,"Strawberry":6,"Pantograph":0,"Gambling Chip":0,"Red Mask":19,"Lee\u0027s Waffle":31,"Pear":6,"NeowsBlessing":0,"Happy Flower":13,"Dead Branch":31,"Oddly Smooth Stone":8,"The Courier":3,"War Paint":44,"WarpedTongs":48,"Du-Vu Doll":0,"Calling Bell":34,"SlaversCollar":17,"Cauldron":45,"Anchor":31,"Shuriken":0,"Bronze Scales":24,"Snecko Eye":17,"Pandora\u0027s Box":17,"Bag of Marbles":8,"Nloth\u0027s Gift":20,"Meat on the Bone":6},{"Darkstone Periapt":0,"Lantern":29,"Regal Pillow":32,"Gremlin Horn":14,"Singing Bowl":25,"Vajra":23,"Magic Flower":25,"Whetstone":15,"Cursed Key":0,"Smiling Mask":2,"Boot":3,"Sling":33,"Burning Blood":0,"ClockworkSouvenir":33,"Dream Catcher":29,"Mummified Hand":30,"Strawberry":3,"Pantograph":33,"Gambling Chip":33,"Red Mask":44,"Lee\u0027s Waffle":24,"Pear":13,"NeowsBlessing":10,"Happy Flower":16,"Dead Branch":24,"Oddly Smooth Stone":3,"The Courier":11,"War Paint":31,"WarpedTongs":32,"Du-Vu Doll":0,"Calling Bell":25,"SlaversCollar":8,"Cauldron":31,"Anchor":24,"Shuriken":33,"Bronze Scales":21,"Snecko Eye":18,"Pandora\u0027s Box":42,"Bag of Marbles":14,"Nloth\u0027s Gift":44,"Meat on the Bone":37},{"Darkstone Periapt":0,"Lantern":83,"Regal Pillow":94,"Gremlin Horn":37,"Singing Bowl":74,"Vajra":66,"Magic Flower":74,"Whetstone":40,"Cursed Key":0,"Smiling Mask":3,"Boot":6,"Sling":102,"Burning Blood":0,"ClockworkSouvenir":102,"Dream Catcher":83,"Mummified Hand":85,"Strawberry":6,"Pantograph":102,"Gambling Chip":102,"Red Mask":153,"Lee\u0027s Waffle":67,"Pear":31,"NeowsBlessing":28,"Happy Flower":44,"Dead Branch":67,"Oddly Smooth Stone":6,"The Courier":29,"War Paint":89,"WarpedTongs":94,"Du-Vu Doll":0,"Calling Bell":74,"SlaversCollar":22,"Cauldron":89,"Anchor":67,"Shuriken":102,"Bronze Scales":61,"Snecko Eye":52,"Pandora\u0027s Box":145,"Bag of Marbles":37,"Nloth\u0027s Gift":153,"Meat on the Bone":118}],"Burning Blood":234,"Meat on the Bone":72},"card_choices":[{"not_picked":["Battle Trance","Sentinel"],"picked":"Thunderclap","floor":1.0},{"not_picked":["Iron Wave","Rage"],"picked":"Ghostly Armor","floor":2.0},{"not_picked":["Flex","Pommel Strike"],"picked":"True Grit","floor":4.0},{"not_picked":["Perfected Strike","Armaments"],"picked":"Sword Boomerang","floor":6.0},{"not_picked":["Sword Boomerang","Clothesline"],"picked":"Dual Wield","floor":7.0},{"not_picked":["Shrug It Off","Armaments"],"picked":"Bludgeon","floor":8.0},{"not_picked":["Clash","Infernal Blade"],"picked":"Sword Boomerang","floor":12.0},{"not_picked":["Sword Boomerang","Shrug It Off"],"picked":"Cleave","floor":13.0},{"not_picked":["Feed","Impervious"],"picked":"Limit Break","floor":16.0},{"not_picked":["Body Slam","Whirlwind"],"picked":"Pummel","floor":18.0},{"not_picked":["Body Slam","Armaments"],"picked":"Shrug It Off","floor":19.0},{"not_picked":["Warcry","Burning Pact"],"picked":"Headbutt","floor":21.0}],"player_experience":227902,"relics_obtained":[{"floor":6.0,"key":"Meat on the Bone"},{"floor":8.0,"key":"Bronze Scales"},{"floor":19.0,"key":"Red Mask"}],"event_choices":[{"damage_healed":0.0,"max_hp_gain":0.0,"max_hp_loss":0.0,"gold_gain":0.0,"event_name":"Living Wall","player_choice":"Grow","floor":3.0,"gold_loss":0.0,"damage_taken":0.0,"cards_upgraded":["Bash"]},{"damage_healed":0.0,"max_hp_gain":0.0,"max_hp_loss":0.0,"gold_gain":60.0,"event_name":"Golden Wing","player_choice":"Gained Gold","floor":11.0,"gold_loss":0.0,"damage_taken":0.0},{"damage_healed":0.0,"max_hp_gain":5.0,"max_hp_loss":0.0,"gold_gain":0.0,"event_name":"Big Fish","player_choice":"Donut","floor":14.0,"gold_loss":0.0,"damage_taken":0.0},{"damage_healed":0.0,"max_hp_gain":0.0,"max_hp_loss":0.0,"gold_gain":0.0,"event_name":"Masked Bandits","player_choice":"Fought Bandits","floor":19.0,"gold_loss":0.0,"damage_taken":0.0},{"damage_healed":0.0,"max_hp_gain":0.0,"max_hp_loss":0.0,"gold_gain":0.0,"event_name":"N\u0027loth","player_choice":"Traded Relic","floor":20.0,"relics_lost":["Pantograph"],"gold_loss":0.0,"damage_taken":0.0,"relics_obtained":["Nloth\u0027s Gift"]}],"is_beta":false,"boss_relics":[{"not_picked":["Cursed Key","Empty Cage"],"picked":"Pandora\u0027s Box"}],"items_purged_floors":[],"is_endless":false,"potions_floor_spawned":[1,7,13,19,21],"killed_by":"Centurion and Healer","ascension_level":8}}