{"host":"dpbezu80jg8zk7un","time":1614288810,"event":{"mods":["BaseMod","Colored Map","Colored Powertips","Custom Start","DeckTracker","Minty Spire (QoL Compilation)","Quick Restart","StSLib","SuperFastMode"],"gold_per_floor":[13,26,39,52,71,121,139,139,139,170,95,95,125,139,139,211,211,229,243,143,143,18,18,43,43,70,86,120,134,148,167,167,246,246,264,264,277,293,293,327,327,356,383,383,398,425,425,437,437,437,437,437,437,18,43,43,43],"floor_reached":56,"language":"KOR","playtime":2084,"items_purged":["Strike_P","Defend_P","Strike_P","Strike_P"],"score":2457,"play_id":"40cc4538-04fa-431b-8f76-fd71e6e05930","local_time":"20210226063330","is_ascension_mode":true,"campfire_choices":[{"data":"Eruption","floor":8.0,"key":"SMITH"},{"data":"SignatureMove","floor":12.0,"key":"SMITH"},{"data":"Vault","floor":15.0,"key":"SMITH"},{"floor":23.0,"key":"RECALL"},{"floor":25.0,"key":"DIG"},{"floor":32.0,"key":"DIG"},{"floor":41.0,"key":"DIG"},{"floor":44.0,"key":"DIG"},{"floor":47.0,"key":"DIG"},{"floor":49.0,"key":"DIG"},{"floor":53,"key":"DIG"}],"circlet_count":0,"master_deck":["AscendersBane","Defend_P","Defend_P","Eruption+1","Vigilance+1","SignatureMove+1","Vault+1","Vault+1","Indignation+1","Scrawl+1","EmptyMind+1","Vault+1","Prostrate+1","DeusExMachina+1","Pray+1","Prostrate+1","MentalFortress"],"relics":["HolyWater","Toxic Egg 2","Bottled Lightning","Happy Flower","Shovel","TeardropLocket","Blood Vial","Strawberry","PreservedInsect","VioletLotus","Lantern","Shuriken","Boot","Vajra","Regal Pillow","Bag of Preparation","Damaru","Pear","TheAbacus"],"acts_visited":["Exordium","TheCity","TheBeyond","TheEnding"],"potions_floor_usage":[51,56,56],"damage_taken":[{"damage":0.0,"enemies":"Cultist","floor":1.0,"turns":3.0},{"damage":10.0,"enemies":"Small Slimes","floor":2.0,"turns":3.0},{"damage":2.0,"enemies":"Jaw Worm","floor":3.0,"turns":2.0},{"damage":5.0,"enemies":"Lots of Slimes","floor":4.0,"turns":6.0},{"damage":0.0,"enemies":"3 Louse","floor":5.0,"turns":3.0},{"damage":1.0,"enemies":"Red Slaver","floor":7.0,"turns":2.0},{"damage":0.0,"enemies":"Gremlin Nob","floor":10.0,"turns":2.0},{"damage":0.0,"enemies":"3 Sentries","floor":13.0,"turns":4.0},{"damage":0.0,"enemies":"Looter","floor":14.0,"turns":2.0},{"damage":0.0,"enemies":"Slime Boss","floor":16.0,"turns":5.0},{"damage":0.0,"enemies":"Shell Parasite","floor":18.0,"turns":2.0},{"damage":0.0,"enemies":"Chosen","floor":19.0,"turns":2.0},{"damage":0.0,"enemies":"Book of Stabbing","floor":24.0,"turns":3.0},{"damage":0.0,"enemies":"Snecko","floor":27.0,"turns":2.0},{"damage":5.0,"enemies":"Slavers","floor":28.0,"turns":4.0},{"damage":0.0,"enemies":"Centurion and Healer","floor":29.0,"turns":4.0},{"damage":0.0,"enemies":"3 Cultists","floor":30.0,"turns":4.0},{"damage":0.0,"enemies":"Snake Plant","floor":31.0,"turns":1.0},{"damage":35.0,"enemies":"Automaton","floor":33.0,"turns":8.0},{"damage":7.0,"enemies":"3 Shapes","floor":35.0,"turns":3.0},{"damage":0.0,"enemies":"3 Darklings","floor":37.0,"turns":4.0},{"damage":0.0,"enemies":"4 Shapes","floor":38.0,"turns":3.0},{"damage":0.0,"enemies":"Reptomancer","floor":40.0,"turns":2.0},{"damage":0.0,"enemies":"Giant Head","floor":42.0,"turns":2.0},{"damage":0.0,"enemies":"Transient","floor":45.0,"turns":9.0},{"damage":0.0,"enemies":"Reptomancer","floor":46.0,"turns":2.0},{"damage":0.0,"enemies":"Sphere and 2 Shapes","floor":48.0,"turns":1.0},{"damage":27.0,"enemies":"Donu and Deca","floor":50.0,"turns":9.0},{"damage":45,"enemies":"Time Eater","floor":51,"turns":7},{"damage":0,"enemies":"Shield and Spear","floor":55,"turns":4},{"damage":99,"enemies":"The Heart","floor":56,"turns":8}],"seed_played":"6677080107940230184","potions_obtained":[{"floor":3.0,"key":"BottledMiracle"},{"floor":5.0,"key":"Dexterity Potion"},{"floor":7.0,"key":"SkillPotion"},{"floor":10.0,"key":"Swift Potion"},{"floor":33.0,"key":"StancePotion"},{"floor":38.0,"key":"SkillPotion"},{"floor":45.0,"key":"EssenceOfSteel"}],"is_trial":false,"path_per_floor":["M","M","M","M","M","?","M","R","T","E","$","R","E","M","R","B",null,"M","M","$","?","$","R","E","R","T","M","E","M","M","M","R","B",null,"M","?","M","M","?","E","R","E","T","R","M","E","R","M","R","B","B",null,"R","$","E","B"],"character_chosen":"WATCHER","items_purchased":["MentalFortress","TheAbacus","PowerPotion"],"campfire_rested":0,"item_purchase_floors":[54,54,54],"current_hp_per_floor":[61,51,49,44,44,44,43,43,43,43,43,43,43,43,43,43,62,62,62,62,62,62,62,62,62,62,64,68,70,72,74,74,40,66,61,61,63,65,85,85,85,85,85,85,85,85,85,85,85,58,15,68,78,78,80,0,0],"gold":43,"neow_bonus":"TRANSFORM_TWO_CARDS","is_daily":false,"chose_seed":false,"campfire_upgraded":3,"win_rate":0.0,"timestamp":1614288810,"path_taken":["M","M","M","M","M","?","M","R","T","E","$","R","E","M","R","BOSS","M","?","$","?","$","R","E","R","T","M","E","M","?","M","R","BOSS","M","?","M","?","?","E","R","E","T","R","M","E","R","M","R","BOSS","BOSS","R","$","E","BOSS"],"items_purchased_type":["Card","Relic","Potion"],"build_version":"2020-12-22","purchased_purges":4,"victory":false,"max_hp_per_floor":[68,68,68,68,68,68,68,68,68,68,68,68,68,68,68,68,68,68,68,68,68,68,68,68,68,68,68,75,75,75,75,75,75,75,75,75,75,75,85,85,85,85,85,85,85,85,85,85,85,85,85,85,95,95,95,95,95],"card_choices":[{"not_picked":["CutThroughFate","Nirvana","WaveOfTheHand"],"picked":"SKIP","floor":1.0},{"not_picked":["PathToVictory","DeceiveReality","EmptyFist"],"picked":"SKIP","floor":2.0},{"not_picked":["SashWhip","Swivel","EmptyBody"],"picked":"SKIP","floor":3.0},{"not_picked":["Perseverance","BowlingBash"],"picked":"Vault","floor":4.0},{"not_picked":["SashWhip","JustLucky","FlyingSleeves"],"picked":"SKIP","floor":5.0},{"not_picked":["CutThroughFate","Wish","EmptyBody"],"picked":"SKIP","floor":7.0},{"not_picked":["ThirdEye+1","PathToVictory+1"],"picked":"Vault+1","floor":10.0},{"not_picked":["FlurryOfBlows","EmptyFist"],"picked":"Indignation+1","floor":13.0},{"not_picked":["Nirvana","Halt+1","WheelKick"],"picked":"SKIP","floor":14.0},{"not_picked":["Ragnarok","Blasphemy+1"],"picked":"Scrawl+1","floor":16.0},{"not_picked":["EmptyBody+1","Weave","Fasting2"],"picked":"SKIP","floor":18.0},{"not_picked":["ThirdEye+1","JustLucky"],"picked":"EmptyMind+1","floor":19.0},{"not_picked":["PathToVictory+1","Study"],"picked":"Prostrate+1","floor":24.0},{"not_picked":["WaveOfTheHand+1","Evaluate+1","SashWhip"],"picked":"SKIP","floor":27.0},{"not_picked":["DeceiveReality+1","JustLucky"],"picked":"DeusExMachina+1","floor":28.0},{"not_picked":["Crescendo+1","Evaluate+1","Halt+1"],"picked":"SKIP","floor":30.0},{"not_picked":["EmptyFist","Tantrum","EmptyBody+1"],"picked":"SKIP","floor":31.0},{"not_picked":["PathToVictory+1","CutThroughFate","Wireheading+1"],"picked":"SKIP","floor":35.0},{"not_picked":["FlurryOfBlows","SandsOfTime","Consecrate"],"picked":"SKIP","floor":37.0},{"not_picked":["Study","PathToVictory+1","ClearTheMind+1"],"picked":"SKIP","floor":38.0},{"not_picked":["FollowUp","ReachHeaven"],"picked":"Pray+1","floor":40.0},{"not_picked":["BowlingBash","ClearTheMind+1"],"picked":"Prostrate+1","floor":42.0},{"not_picked":["Protect+1","Alpha+1","WaveOfTheHand+1"],"picked":"SKIP","floor":45.0},{"not_picked":["ClearTheMind+1","BattleHymn+1","Pray+1"],"picked":"SKIP","floor":46.0},{"not_picked":["SashWhip+1","FearNoEvil","Crescendo+1"],"picked":"SKIP","floor":48.0},{"not_picked":["WaveOfTheHand+1","Conclude","JustLucky"],"picked":"SKIP","floor":55}],"player_experience":2993820,"relics_obtained":[{"floor":9.0,"key":"Toxic Egg 2"},{"floor":10.0,"key":"Bottled Lightning"},{"floor":13.0,"key":"Happy Flower"},{"floor":24.0,"key":"Shovel"},{"floor":25.0,"key":"TeardropLocket"},{"floor":26.0,"key":"Blood Vial"},{"floor":28.0,"key":"Strawberry"},{"floor":32.0,"key":"PreservedInsect"},{"floor":40.0,"key":"Lantern"},{"floor":41.0,"key":"Shuriken"},{"floor":42.0,"key":"Boot"},{"floor":44.0,"key":"Vajra"},{"floor":46.0,"key":"Regal Pillow"},{"floor":47.0,"key":"Bag of Preparation"},{"floor":49.0,"key":"Damaru"},{"floor":53,"key":"Pear"}],"event_choices":[{"damage_healed":0.0,"max_hp_gain":0.0,"max_hp_loss":0.0,"gold_gain":50.0,"event_name":"Golden Shrine","player_choice":"Pray","floor":6.0,"gold_loss":0.0,"damage_taken":0.0},{"damage_healed":0.0,"max_hp_gain":0.0,"max_hp_loss":0.0,"gold_gain":0.0,"event_name":"Duplicator","player_choice":"Copied","floor":21.0,"gold_loss":0.0,"damage_taken":0.0,"cards_obtained":["Vault"]},{"damage_healed":0.0,"max_hp_gain":0.0,"max_hp_loss":0.0,"gold_gain":0.0,"event_name":"Accursed Blacksmith","player_choice":"Forge","floor":36.0,"gold_loss":0.0,"damage_taken":0.0,"cards_upgraded":["Vigilance"]},{"cards_removed":["Establishment"],"damage_healed":10.0,"max_hp_gain":10.0,"max_hp_loss":0.0,"gold_gain":0.0,"event_name":"Bonfire Elementals","player_choice":"Offered Rare","floor":39.0,"gold_loss":0.0,"damage_taken":0.0}],"is_beta":false,"boss_relics":[{"not_picked":["Runic Dome","Tiny House"],"picked":"HolyWater"},{"not_picked":["Cursed Key","Philosopher\u0027s Stone"],"picked":"VioletLotus"}],"items_purged_floors":[11,20,22,54],"is_endless":false,"potions_floor_spawned":[3,5,7,10,24,27,28,29,31,33,38,40,42,45,48],"killed_by":"The Heart","ascension_level":20}}