{"host":"iljn8z24jf01458o","time":1614297000,"event":{"mods":["AchievementEnabler","BaseMod","Colored Map","Colored Powertips","Duelist Mod","GifTheSpireLib","Minty Spire (QoL Compilation)","Quick Restart","Replay The Spire","StSLib","The IronCluck","everything is the same but u backflip on backflip"],"gold_per_floor":[190,255,255,255,430,468,203,203,203,203,241,260,329,398,398,523,523,542,542,542,542,242,280,280,349,349,387,387,387],"floor_reached":28,"language":"ENG","playtime":1154,"items_purged":[],"score":264,"play_id":"ad20e2a6-974e-4e3e-8b00-ba602ab893f9","local_time":"20210225185000","daily_mods":["Insanity","Time Dilation","Night Terrors"],"is_ascension_mode":false,"campfire_choices":[{"data":"Apotheosis","floor":8,"key":"SMITH"},{"floor":24,"key":"REST"}],"circlet_count":0,"master_deck":["Delirium","theDuelist:BusterDrake","theDuelist:BlackBrutdrago+1","theDuelist:MaskedDragon","theDuelist:InfernityDoomDragon+1","theDuelist:RainbowOverdragon","theDuelist:Earthquake+1","theDuelist:CastleWalls","Apotheosis+1","theDuelist:BeaverWarrior","theDuelist:BeaverWarrior","theDuelist:GiantSoldier","theDuelist:CastleWalls","theDuelist:VeilDarkness+1","theDuelist:GoldenSparks","theDuelist:SliferSky","theDuelist:ScrapFactory","theDuelist:Sparks","theDuelist:FinalFlame","theDuelist:YellowBelliedOni","theDuelist:GiantSoldier","Doubt","theDuelist:CyberRevsystem"],"relics":["theDuelist:MillenniumPuzzle","theDuelist:CardPoolRelic","theDuelist:CardPoolBasicRelic","theDuelist:BoosterPackPoolRelic","theDuelist:CardPoolAddRelic","theDuelist:CardPoolMinusRelic","theDuelist:CardPoolSaveRelic","theDuelist:CardPoolOptionsRelic","Golden Idol","Replay:Multitool","theDuelist:BoosterPackHealer","Juzu Bracelet","Cursed Key","theDuelist:ZoneToken","Whetstone","Vajra","Boot","Mercury Hourglass","Dream Catcher"],"acts_visited":["Exordium","TheCity"],"potions_floor_usage":[13,16,23],"damage_taken":[{"damage":0,"enemies":"2 Louse","floor":1,"turns":2},{"damage":1,"enemies":"Small Slimes","floor":2,"turns":5},{"damage":38,"enemies":"3 Sentries","floor":6,"turns":11},{"damage":16,"enemies":"Lagavulin","floor":11,"turns":4},{"damage":0,"enemies":"Jaw Worm","floor":12,"turns":3},{"damage":0,"enemies":"Large Slime","floor":13,"turns":4},{"damage":5,"enemies":"2 Fungi Beasts","floor":14,"turns":3},{"damage":5,"enemies":"Hexaghost","floor":16,"turns":7},{"damage":0,"enemies":"Chosen","floor":18,"turns":4},{"damage":30,"enemies":"Gremlin Leader","floor":23,"turns":5},{"damage":5,"enemies":"2 Thieves","floor":25,"turns":3},{"damage":49,"enemies":"Book of Stabbing","floor":27,"turns":7},{"damage":10,"enemies":"Sentry and Sphere","floor":28,"turns":3}],"seed_played":"3523290589944034342","potions_obtained":[{"floor":2,"key":"theDuelist:MillenniumElixir"},{"floor":11,"key":"theDuelist:SealedPackB"},{"floor":14,"key":"Milkshake"},{"floor":18,"key":"Milkshake"}],"is_trial":false,"path_per_floor":["M","M","?","?","?","E","$","R","T","R","E","M","M","M","R","B",null,"M","?","?","?","$","E","R","M","T","E","M"],"character_chosen":"THE_DUELIST","items_purchased":["Apotheosis","theDuelist:InfernityDoomDragon","Whetstone","Vajra"],"campfire_rested":1,"item_purchase_floors":[7,7,22,22],"current_hp_per_floor":[80,79,79,74,74,36,36,36,36,69,57,57,57,63,64,59,64,64,58,58,58,58,28,59,54,54,9,0,0],"gold":387,"neow_bonus":"","is_daily":true,"chose_seed":false,"campfire_upgraded":1,"win_rate":0.0,"timestamp":1614297000,"path_taken":["M","M","?","?","?","E","?","R","T","R","E","M","M","M","R","BOSS","M","?","?","?","$","E","R","M","T","E","M"],"items_purchased_type":["Card","Card","Relic","Relic"],"build_version":"2020-12-22","purchased_purges":0,"victory":false,"max_hp_per_floor":[80,80,80,74,74,74,74,74,74,69,69,69,69,69,64,64,64,64,64,64,64,64,64,59,59,59,59,59,59],"card_choices":[{"not_picked":["theDuelist:DarkHorus","theDuelist:LavaDragon","theDuelist:RedRisingDragon","theDuelist:AncientPixieDragon"],"picked":"theDuelist:MaskedDragon","floor":1},{"not_picked":["theDuelist:ClearKuriboh","theDuelist:Sangan","theDuelist:WingedKuriboh","theDuelist:BattleOx"],"picked":"theDuelist:RainbowOverdragon","floor":2},{"not_picked":["theDuelist:Hydrogeddon","theDuelist:AquaDolphin","theDuelist:HazyFlameHydra","theDuelist:ArtifactIgnition"],"picked":"theDuelist:BlackBrutdrago","floor":6},{"not_picked":["theDuelist:StampingDestruction","theDuelist:CyberRevsystem","theDuelist:SoulCharge","theDuelist:SystemDown"],"picked":"theDuelist:Earthquake","floor":11},{"not_picked":["theDuelist:AttackTheMoon","theDuelist:Kuriboh","theDuelist:PotForbidden","theDuelist:SlotMachine"],"picked":"theDuelist:YellowBelliedOni","floor":12},{"not_picked":["theDuelist:Beatraptor","theDuelist:LesserDragon","theDuelist:Pyrorex","theDuelist:TwinHeadedFire","theDuelist:BlackBrachios"],"picked":"SKIP","floor":13},{"not_picked":["theDuelist:BlackBrutdrago","theDuelist:TrihornedDragon","theDuelist:BlackTyranno","theDuelist:DarkDriceratops"],"picked":"theDuelist:VeilDarkness","floor":14},{"not_picked":["theDuelist:GaiaDragonChamp","theDuelist:LostWorld","theDuelist:SeismicShockwave","theDuelist:WaterDragon"],"picked":"theDuelist:SliferSky","floor":16},{"not_picked":["theDuelist:BlacklandFireDragon","theDuelist:RedHeadedOni+1","theDuelist:Kabazauls","theDuelist:InfernityDoomDragon","theDuelist:Frostosaurus"],"picked":"SKIP","floor":18},{"not_picked":["theDuelist:Beatraptor","theDuelist:AncientPixieDragon","theDuelist:BlackBrutdrago","theDuelist:TotemDragon+1"],"picked":"theDuelist:BusterDrake","floor":23},{"not_picked":["theDuelist:Beatraptor","theDuelist:BlackPtera","theDuelist:GalaxyTyranno","theDuelist:HazyFlameHydra","theDuelist:Lancephorhynchus"],"picked":"SKIP","floor":25},{"not_picked":["theDuelist:CyberEltanin","theDuelist:DarkstormDragon","theDuelist:ExploderDragon","theDuelist:SauropodBrachion"],"picked":"theDuelist:CyberRevsystem","floor":27}],"player_experience":306438,"relics_obtained":[{"floor":6,"key":"Replay:Multitool"},{"floor":9,"key":"theDuelist:BoosterPackHealer"},{"floor":11,"key":"Juzu Bracelet"},{"floor":23,"key":"Boot"},{"floor":26,"key":"Mercury Hourglass"},{"floor":27,"key":"Dream Catcher"}],"event_choices":[{"damage_healed":0,"gold_gain":0,"player_choice":"Leave","duelist":true,"damage_taken":0,"max_hp_gain":0,"max_hp_loss":0,"event_name":"Relic Duplicator","floor":3,"gold_loss":0},{"damage_healed":0,"gold_gain":0,"player_choice":"Lose Max HP","damage_taken":0,"relics_obtained":["Golden Idol"],"max_hp_gain":0,"max_hp_loss":6,"event_name":"Golden Idol","floor":4,"gold_loss":0},{"damage_healed":0,"gold_gain":175,"player_choice":"AGREE","damage_taken":0,"max_hp_gain":0,"max_hp_loss":0,"event_name":"Liars Game","floor":5,"gold_loss":0,"cards_obtained":["Doubt"]},{"damage_healed":0,"gold_gain":0,"player_choice":"Dig - random Duelist relic","duelist":true,"damage_taken":0,"max_hp_gain":0,"max_hp_loss":0,"event_name":"Aknamkanon\u0027s Tomb","floor":19,"gold_loss":0},{"damage_healed":0,"gold_gain":0,"player_choice":"Ignored","damage_taken":0,"max_hp_gain":0,"max_hp_loss":0,"event_name":"Vampires","floor":20,"gold_loss":0},{"damage_healed":0,"gold_gain":0,"player_choice":"Ignored","damage_taken":0,"max_hp_gain":0,"max_hp_loss":0,"event_name":"Ghosts","floor":21,"gold_loss":0}],"is_beta":false,"boss_relics":[{"not_picked":["theDuelist:MillenniumKey","Coffee Dripper"],"picked":"Cursed Key"}],"items_purged_floors":[],"is_endless":false,"potions_floor_spawned":[2,11,14,18],"killed_by":"Sentry and Sphere","ascension_level":0}}