{"host":"5bsc0nab6whpyrbj","time":1614290170,"event":{"mods":["AchievementEnabler","BaseMod","Colored Map","Dark Map","Highlight Path","Minty Spire (QoL Compilation)"],"gold_per_floor":[119,79,93,15,15,15,95,121,147,147,163,175,123,136,136,136,136],"floor_reached":16,"language":"ENG","playtime":350,"items_purged":[],"score":90,"play_id":"8a9919fe-2c70-4ad5-8b91-c60cff13d0df","local_time":"20210225165610","is_ascension_mode":false,"campfire_choices":[{"floor":6,"key":"RECALL"},{"floor":15,"key":"REST"}],"circlet_count":0,"master_deck":["Strike_B","Strike_B","Strike_B","Strike_B","Defend_B","Defend_B","Defend_B","Defend_B","Zap","Dualcast","Regret","FTL","Beam Cell","Scrape","Compile Driver","BootSequence","Gash","Go for the Eyes"],"relics":["Cracked Core","Odd Mushroom","Anchor","Vajra"],"acts_visited":["Exordium"],"potions_floor_usage":[16],"damage_taken":[{"damage":10,"enemies":"Cultist","floor":1,"turns":4},{"damage":12,"enemies":"Small Slimes","floor":3,"turns":3},{"damage":22,"enemies":"The Mushroom Lair","floor":8,"turns":4},{"damage":1,"enemies":"Jaw Worm","floor":11,"turns":2},{"damage":2,"enemies":"3 Louse","floor":12,"turns":3},{"damage":4,"enemies":"Gremlin Gang","floor":14,"turns":3},{"damage":68,"enemies":"The Guardian","floor":16,"turns":9}],"seed_played":"1413778364969240243","potions_obtained":[{"floor":3,"key":"FocusPotion"},{"floor":14,"key":"Weak Potion"}],"is_trial":false,"path_per_floor":["M","$","M","$","?","R","T","?","T","?","M","M","$","M","R","B"],"character_chosen":"DEFECT","items_purchased":["FTL","Scrape","Go for the Eyes"],"campfire_rested":1,"item_purchase_floors":[2,4,13],"current_hp_per_floor":[79,79,67,67,67,67,67,45,45,45,44,42,42,38,64,0,0],"gold":136,"neow_bonus":"TWENTY_PERCENT_HP_BONUS","is_daily":false,"chose_seed":false,"campfire_upgraded":0,"win_rate":0.0,"timestamp":1614290170,"path_taken":["M","?","M","$","?","R","?","?","T","?","?","M","$","M","R","BOSS"],"items_purchased_type":["Card","Card","Card"],"build_version":"2020-12-22","purchased_purges":0,"victory":false,"max_hp_per_floor":[89,89,89,89,89,89,89,89,89,89,89,89,89,89,89,89,89],"card_choices":[{"not_picked":["Streamline","Turbo"],"picked":"Darkness","floor":1},{"not_picked":["Aggregate","Hologram"],"picked":"Beam Cell","floor":3},{"not_picked":["Coolheaded","Genetic Algorithm"],"picked":"BootSequence","floor":11},{"not_picked":["Turbo","Sweeping Beam"],"picked":"Gash","floor":12},{"not_picked":["Compile Driver","Reinforced Body","Lockon"],"picked":"SKIP","floor":14}],"player_experience":119320,"relics_obtained":[{"floor":8,"key":"Odd Mushroom"},{"floor":9,"key":"Anchor"}],"event_choices":[{"damage_healed":0,"gold_gain":0,"cards_transformed":["Darkness"],"player_choice":"Change","damage_taken":0,"max_hp_gain":0,"max_hp_loss":0,"event_name":"Living Wall","floor":5,"gold_loss":0,"cards_obtained":["Compile Driver"]},{"damage_healed":0,"gold_gain":0,"player_choice":"Fought Mushrooms","damage_taken":0,"max_hp_gain":0,"max_hp_loss":0,"event_name":"Mushrooms","floor":8,"gold_loss":0},{"damage_healed":0,"gold_gain":0,"player_choice":"Gave Potion","damage_taken":0,"relics_obtained":["Vajra"],"max_hp_gain":0,"max_hp_loss":0,"event_name":"WeMeetAgain","floor":10,"gold_loss":0}],"is_beta":false,"boss_relics":[],"items_purged_floors":[],"is_endless":false,"potions_floor_spawned":[3,14],"killed_by":"The Guardian","ascension_level":0}}