{"host":"pi8b3ffzwvxqztac","time":1614239010,"event":{"mods":["BaseMod","Colored Map","Custom Start","Downfall","Minty Spire (QoL Compilation)","StSLib"],"gold_per_floor":[99,117,117,134,150,179,230,249,260,14,14,43,43,55,72,170,170,70,80,97,197,208,81,154,54,85,5,5,5,33,263,279,381,381,381,398,410,427,477,477,477,34,65,5,38,57,57,74,88,88],"floor_reached":51,"language":"ENG","playtime":3873,"items_purged":["Slimebound:Tackle","Slimebound:Strike_Slimebound","Slimebound:Strike_Slimebound","Slimebound:Strike_Slimebound"],"score":1032,"play_id":"0522f961-ddd2-4178-aa2f-4aadcb197fdf","local_time":"20210225204330","is_ascension_mode":true,"campfire_choices":[{"floor":1,"key":"RECALL"},{"data":"Slimebound:Grow","floor":11,"key":"SMITH"},{"data":"Slimebound:Equalize","floor":13,"key":"SMITH"},{"data":"Slimebound:SlimeSlap","floor":18,"key":"SMITH"},{"data":"Slimebound:CorrosiveSpit","floor":25,"key":"SMITH"},{"data":"Slimebound:Split","floor":28,"key":"SMITH"},{"data":"Slimebound:RallyTheTroops","floor":35,"key":"SMITH"},{"data":"Slimebound:LeadByExample","floor":40,"key":"SMITH"},{"data":"expansioncontent:DashGenerateEvil","floor":47,"key":"SMITH"}],"circlet_count":0,"master_deck":["Slimebound:Defend_Slimebound","Slimebound:Defend_Slimebound","Slimebound:Defend_Slimebound","Slimebound:Defend_Slimebound","Slimebound:Split+1","Slimebound:CorrosiveSpit+1","Finesse","Slimebound:GoopSpray","Slimebound:LivingWall","Slimebound:Gluttony","Slimebound:Equalize+1","Slimebound:Grow+1","Slimebound:SpikyOuterGoop","Slimebound:LivingWall","Slimebound:DisruptingSlam","Slimebound:SlimeSlap+1","Slimebound:GrowthPunch+1","Slimebound:GoopSpray+1","Slimebound:LeadByExample+1","Slimebound:RainOfGoop+1","Slimebound:Equalize","Slimebound:SpikyOuterGoop","Slimebound:OozeBath","Slimebound:SamplingLick+1","Slimebound:RollThrough","Flash of Steel","Slimebound:RallyTheTroops+1","Slimebound:ItLooksTasty+1","Slimebound:GoopSpray","Slimebound:RejuvenatingLick+1","Slimebound:SlimeSpikes+1","expansioncontent:DashGenerateEvil+1","Flash of Steel","Slimebound:LeechEnergy+1","Slimebound:SamplingLick+1","Slimebound:OozeBath","Slimebound:RejuvenatingLick+1","Slimebound:Equalize+1"],"relics":["Slimebound:AbsorbEndCombat","Lantern","Membership Card","Slimebound:AggressiveSlimeRelic","Blood Vial","sneckomod:SneckoTalon","downfall:HeartBlessingBlue","Prayer Wheel","Darkstone Periapt","OrangePellets","Blue Candle","downfall:HeartBlessingRed","The Courier","StoneCalendar","Mummified Hand","Philosopher\u0027s Stone","Mango","hexamod:CandleOfCauterizing","Meat on the Bone","Anchor","Letter Opener","Shuriken","Medical Kit","Incense Burner"],"acts_visited":["Exordium","TheCity","TheBeyond"],"potions_floor_usage":[4,16,22,27,33,50,50,50],"damage_taken":[{"damage":7,"enemies":"Small Slimes","floor":2,"turns":4},{"damage":0,"enemies":"Cultist","floor":4,"turns":3},{"damage":2,"enemies":"Jaw Worm","floor":5,"turns":4},{"damage":67,"enemies":"Gremlin Nob","floor":6,"turns":6},{"damage":4,"enemies":"downfall:LooterAlt","floor":8,"turns":5},{"damage":0,"enemies":"Large Slime","floor":9,"turns":5},{"damage":0,"enemies":"downfall:FleeingMerchant","floor":10,"turns":4},{"damage":18,"enemies":"Lagavulin","floor":12,"turns":6},{"damage":0,"enemies":"Blue Slaver","floor":14,"turns":3},{"damage":8,"enemies":"2 Fungi Beasts","floor":15,"turns":5},{"damage":34,"enemies":"WA_ARCHETYPE_RETAIN","floor":16,"turns":11},{"damage":10,"enemies":"3 Byrds","floor":19,"turns":4},{"damage":24,"enemies":"Chosen","floor":20,"turns":5},{"damage":29,"enemies":"Colosseum Nobs","floor":21,"turns":6},{"damage":13,"enemies":"Centurion and Healer","floor":22,"turns":7},{"damage":3,"enemies":"downfall:FleeingMerchant","floor":23,"turns":4},{"damage":10,"enemies":"Gremlin Leader","floor":26,"turns":7},{"damage":15,"enemies":"downfall:FleeingMerchant","floor":27,"turns":4},{"damage":17,"enemies":"Book of Stabbing","floor":30,"turns":5},{"damage":5,"enemies":"downfall:FleeingMerchant","floor":31,"turns":3},{"damage":10,"enemies":"3 Cultists","floor":32,"turns":5},{"damage":17,"enemies":"SI_MIRROR_ARCHETYPE","floor":33,"turns":8},{"damage":14,"enemies":"3 Shapes","floor":36,"turns":3},{"damage":17,"enemies":"Orb Walker","floor":37,"turns":4},{"damage":8,"enemies":"Spire Growth","floor":38,"turns":5},{"damage":0,"enemies":"Spire Growth","floor":39,"turns":3},{"damage":29,"enemies":"Reptomancer","floor":43,"turns":5},{"damage":37,"enemies":"Giant Head","floor":45,"turns":7},{"damage":17,"enemies":"4 Shapes","floor":46,"turns":3},{"damage":0,"enemies":"Writhing Mass","floor":48,"turns":3},{"damage":1,"enemies":"Spire Growth","floor":49,"turns":4},{"damage":9,"enemies":"IC_BLOCK_ARCHETYPE","floor":50,"turns":7}],"seed_played":"2707738279923230955","potions_obtained":[{"floor":2,"key":"FearPotion"},{"floor":3,"key":"CultistPotion"},{"floor":3,"key":"BlessingOfTheForge"},{"floor":3,"key":"SpeedPotion"},{"floor":12,"key":"Slimebound:SlimedPotion"},{"floor":16,"key":"sneckomod:MuddlingPotion"},{"floor":21,"key":"Slimebound:SlimyTonguePotion"},{"floor":26,"key":"FearPotion"},{"floor":30,"key":"Strength Potion"},{"floor":33,"key":"Energy Potion"},{"floor":46,"key":"Slimebound:ThreeZeroPotion"}],"is_trial":false,"path_per_floor":["R","M","?","M","M","E","T","M","M","$","R","E","R","M","M","B",null,"R","M","M","?","M","$","T","R","E","$","R","T","E","$","M","B",null,"R","M","M","M","?","R","T","$","E","$","E","M","R","M","M","B",null],"character_chosen":"SLIMEBOUND","items_purchased":["Membership Card","Slimebound:AggressiveSlimeRelic","OrangePellets","Slimebound:SpikyOuterGoop","Slimebound:RollThrough","Flash of Steel","expansioncontent:DashGenerateEvil","Flash of Steel","Meat on the Bone","Anchor","Letter Opener","Medical Kit"],"campfire_rested":0,"item_purchase_floors":[10,10,23,27,31,31,42,42,42,42,42,44],"current_hp_per_floor":[59,60,60,65,65,6,6,8,16,32,32,30,30,46,44,32,57,67,69,53,40,49,54,54,54,66,68,68,68,64,74,75,58,71,71,71,64,74,89,89,89,89,72,72,54,53,53,71,89,89],"gold":88,"neow_bonus":"RANDOM_COLORLESS","is_daily":false,"chose_seed":false,"campfire_upgraded":8,"win_rate":0.0,"timestamp":1614239010,"path_taken":["R","M","?","M","?","E","T","M","M","?","R","E","R","?","M","BOSS","R","M","M","?","M","$","T","R","E","$","R","?","E","$","M","BOSS","R","M","M","M","?","R","T","$","E","$","E","M","R","M","M","BOSS"],"items_purchased_type":["Relic","Relic","Relic","Card","Card","Card","Card","Card","Relic","Relic","Relic","Relic"],"build_version":"2020-12-22","purchased_purges":4,"victory":true,"max_hp_per_floor":[65,65,65,65,65,65,65,65,65,65,65,65,65,65,65,65,65,75,75,75,75,75,75,75,75,75,75,75,75,75,75,75,75,75,75,75,75,75,89,89,89,89,89,89,89,89,89,89,89,89],"card_choices":[{"not_picked":["Dark Shackles","Discovery"],"picked":"Finesse","floor":0},{"not_picked":["Slimebound:PressTheAttack","Slimebound:Chomp","Slimebound:SplitBruiser"],"picked":"SKIP","floor":2},{"not_picked":["Slimebound:FinishingTackle","Slimebound:Nibble"],"picked":"Slimebound:GoopSpray","floor":4},{"not_picked":["Slimebound:PressTheAttack","Slimebound:LeechingTouch"],"picked":"Slimebound:LivingWall","floor":5},{"not_picked":["Slimebound:PressTheAttack","Slimebound:DuplicatedForm"],"picked":"Slimebound:Gluttony","floor":6},{"not_picked":["Slimebound:FinishingTackle","Slimebound:PressTheAttack","Slimebound:ComboTackle"],"picked":"SKIP","floor":8},{"not_picked":["Slimebound:HauntingLick","Slimebound:SplitAcid"],"picked":"Slimebound:Equalize","floor":9},{"not_picked":["Slimebound:Replication","Slimebound:SplitLeeching"],"picked":"Slimebound:Grow","floor":10},{"not_picked":["Slimebound:LeechingTouch","Slimebound:SlimeSlap"],"picked":"Slimebound:SpikyOuterGoop","floor":12},{"not_picked":["Slimebound:SlimeSpikes","Slimebound:Prepare"],"picked":"Slimebound:LivingWall","floor":14},{"not_picked":["Slimebound:MegaLick","Slimebound:SplitLeeching"],"picked":"Slimebound:DisruptingSlam","floor":15},{"not_picked":["Slimebound:MassRepurpose","Slimebound:Overexert"],"picked":"Slimebound:SlimeSlap","floor":16},{"not_picked":["Slimebound:Replication","Slimebound:LeechEnergy"],"picked":"Slimebound:GrowthPunch+1","floor":19},{"not_picked":["Slimebound:Schlurp","Slimebound:SplitAcid+1","Slimebound:ForwardTackle"],"picked":"SKIP","floor":20},{"not_picked":["Slimebound:Repurpose","Slimebound:SplitBruiser+1"],"picked":"Slimebound:GoopSpray+1","floor":21},{"not_picked":["Slimebound:Chomp","Slimebound:ServeAndProtect+1"],"picked":"Slimebound:LeadByExample","floor":22},{"not_picked":["Slimebound:Prepare","Slimebound:Grow"],"picked":"Slimebound:RainOfGoop+1","floor":22},{"not_picked":["Slimebound:RainOfGoop+1","Slimebound:RollThrough","Slimebound:Dissolve"],"picked":"SKIP","floor":23},{"not_picked":["Slimebound:DisruptingSlam","Slimebound:RollThrough+1"],"picked":"Slimebound:Equalize","floor":26},{"not_picked":["Slimebound:DivideAndConquer","Slimebound:SplitAcid","Slimebound:DisruptingSlam+1"],"picked":"SKIP","floor":27},{"not_picked":["Slimebound:FlameTackle","Slimebound:DivideAndConquer"],"picked":"Slimebound:OozeBath","floor":30},{"not_picked":["Slimebound:SelfFormingGoo","Slimebound:ItLooksTasty"],"picked":"Slimebound:SamplingLick+1","floor":31},{"not_picked":["Slimebound:PressTheAttack","Slimebound:SamplingLick","Slimebound:ProtectTheBoss"],"picked":"SKIP","floor":32},{"not_picked":["Slimebound:PressTheAttack","Slimebound:SlimeSpikes+1","Slimebound:SplitLeeching"],"picked":"SKIP","floor":32},{"not_picked":["Slimebound:SelfFormingGoo","Slimebound:FirmFortitude"],"picked":"Slimebound:RallyTheTroops","floor":33},{"not_picked":["Slimebound:HauntingLick","Slimebound:SplitAcid"],"picked":"Slimebound:ItLooksTasty+1","floor":36},{"not_picked":["Slimebound:ComboTackle","Slimebound:Nibble+1","Slimebound:SplitLeeching+1"],"picked":"SKIP","floor":36},{"not_picked":["Slimebound:RollThrough","Slimebound:ForwardTackle"],"picked":"Slimebound:GoopSpray","floor":37},{"not_picked":["Slimebound:ItLooksTasty+1","Slimebound:Replication+1","Slimebound:SplitMire"],"picked":"SKIP","floor":37},{"not_picked":["Slimebound:RollThrough","Slimebound:ServeAndProtect+1"],"picked":"Slimebound:RejuvenatingLick+1","floor":38},{"not_picked":["Slimebound:PressTheAttack","Slimebound:RollThrough","Slimebound:Repurpose"],"picked":"SKIP","floor":38},{"not_picked":["Slimebound:ProtectTheBoss+1","Slimebound:CheckThePlaybook"],"picked":"Slimebound:SlimeSpikes+1","floor":39},{"not_picked":["Slimebound:FlameTackle+1","Slimebound:GoopSpray"],"picked":"Slimebound:LeechEnergy+1","floor":43},{"not_picked":["Slimebound:SlimeBrawl","Slimebound:GoopTackle+1"],"picked":"Slimebound:SamplingLick+1","floor":45},{"not_picked":["Slimebound:SplitMire+1","Slimebound:Schlurp+1","Slimebound:ComboTackle+1"],"picked":"SKIP","floor":46},{"not_picked":["Slimebound:AcidTongue","Slimebound:GoopTackle","Slimebound:SlimeTap"],"picked":"SKIP","floor":46},{"not_picked":["Slimebound:HauntingLick+1","Slimebound:ViciousTackle"],"picked":"Slimebound:OozeBath","floor":48},{"not_picked":["Slimebound:HauntingLick","Slimebound:SlimeBarrage+1","Slimebound:SplitMire+1"],"picked":"SKIP","floor":48},{"not_picked":["Slimebound:LeechingTouch+1","Slimebound:SplitBruiser"],"picked":"Slimebound:RejuvenatingLick+1","floor":49},{"not_picked":["Slimebound:LivingWall","Slimebound:RejuvenatingLick+1"],"picked":"Slimebound:Equalize+1","floor":49}],"player_experience":833907,"relics_obtained":[{"floor":6,"key":"Lantern"},{"floor":12,"key":"Blood Vial"},{"floor":21,"key":"Prayer Wheel"},{"floor":21,"key":"Darkstone Periapt"},{"floor":24,"key":"Blue Candle"},{"floor":26,"key":"The Courier"},{"floor":29,"key":"StoneCalendar"},{"floor":30,"key":"Mummified Hand"},{"floor":39,"key":"Mango"},{"floor":41,"key":"hexamod:CandleOfCauterizing"},{"floor":43,"key":"Shuriken"},{"floor":45,"key":"Incense Burner"}],"event_choices":[{"damage_healed":0,"gold_gain":0,"player_choice":"Got Potions","damage_taken":0,"max_hp_gain":0,"max_hp_loss":0,"event_name":"Lab","floor":3,"gold_loss":0}],"is_beta":false,"boss_relics":[{"not_picked":["Velvet Choker","SacredBark"],"picked":"sneckomod:SneckoTalon"},{"not_picked":["Black Star","SlaversCollar"],"picked":"Philosopher\u0027s Stone"}],"items_purged_floors":[23,27,31,42],"is_endless":false,"potions_floor_spawned":[2,12,16,21,26,30,33,36,39,46],"ascension_level":7}}