{"host":"wppa8gky53tnknhf","time":1614268956,"event":{"mods":["AchievementEnabler","Act Like it!","BaseMod","Better Third Choice","BetterRewards","Card Forge","Colored Powertips","Hubris","Infinite Spire","Marked Mod","Minty Spire (QoL Compilation)","Permanent Neow","Quick Restart","Rare Cards Sparkle","Relic Stats","Reliquary","Remove Card Discount Mod","Replay The Spire","Spikes Relics","Spire Birthday Party","StSLib","Wandering Minibosses","thorton"],"gold_per_floor":[110,120,131,144,144,144,177,189,214,214,246,266,72,83,83,183,183,239,151,164,178,103,131,131,160,160,175,210,210],"floor_reached":28,"language":"ENG","playtime":1051,"items_purged":[],"score":307,"play_id":"7d2ea9b3-7724-4588-b286-1252bd23b5c4","local_time":"20210225160236","is_ascension_mode":true,"campfire_choices":[{"floor":6,"key":"RECALL"},{"floor":10,"key":"REST"},{"floor":15,"key":"REST"},{"floor":24,"key":"REST"}],"circlet_count":0,"master_deck":["Strike_R+1","Strike_R+1","Strike_R+1","Strike_R+1","Strike_R+1","Defend_R+1","Defend_R+1","Defend_R+1","Defend_R+1","Bash+1","Berserk+1","Shrug It Off+1","Intimidate+1","Barricade+1","ReplayReversal+1","Shrug It Off+1","Spot Weakness+1","Flex+1","ReplayReversal+1","Twin Strike+1","Flex","Shrug It Off","Metallicize","Cleave","Twin Strike","Sever Soul+1","Body Slam"],"relics":["Burning Blood","Hammer of Thor","Seething Fire","Anvil of the Gods","NlothsMask","reliquary:SharkskinSheath","infinitespire:Beetle Shell","PreservedInsect","Fusion Hammer","Lizard Tail","Blood Vial","infinitespire:Broken Mirror"],"acts_visited":["Exordium","TheCity"],"potions_floor_usage":[4,16,16,23],"damage_taken":[{"damage":0,"enemies":"Jaw Worm","floor":1,"turns":3},{"damage":0,"enemies":"Cultist","floor":2,"turns":3},{"damage":0,"enemies":"Small Slimes","floor":3,"turns":2},{"damage":0,"enemies":"Exordium Wildlife","floor":4,"turns":4},{"damage":12,"enemies":"Gremlin Nob","floor":7,"turns":4},{"damage":8,"enemies":"Large Slime","floor":8,"turns":6},{"damage":31,"enemies":"3 Sentries","floor":11,"turns":12},{"damage":0,"enemies":"Exordium Thugs","floor":12,"turns":6},{"damage":2,"enemies":"Looter","floor":14,"turns":3},{"damage":11,"enemies":"Hexaghost","floor":16,"turns":7},{"damage":20,"enemies":"2 Thieves","floor":18,"turns":6},{"damage":0,"enemies":"Spheric Guardian","floor":20,"turns":4},{"damage":0,"enemies":"Cultist and Chosen","floor":21,"turns":5},{"damage":15,"enemies":"Slavers","floor":23,"turns":5},{"damage":10,"enemies":"Gremlin Leader","floor":25,"turns":6},{"damage":11,"enemies":"Shelled Parasite and Fungi","floor":27,"turns":6},{"damage":10,"enemies":"Book of Stabbing","floor":28,"turns":5}],"seed_played":"5340253219227700201","potions_obtained":[{"floor":1,"key":"Dexterity Potion"},{"floor":3,"key":"AttackPotion"},{"floor":7,"key":"EssenceOfSteel"},{"floor":11,"key":"BlessingOfTheForge"},{"floor":20,"key":"DistilledChaos"},{"floor":25,"key":"PowerPotion"},{"floor":27,"key":"Strength Potion"}],"is_trial":false,"path_per_floor":["M","M","M","M","?","R","E","M","T","R","E","M","$","M","R","B",null,"M","$","M","M","$","E","R","E","T","M","E"],"character_chosen":"IRONCLAD","items_purchased":["PreservedInsect","Flex","Twin Strike+1","Flex","Metallicize"],"campfire_rested":3,"item_purchase_floors":[13,13,19,19,22],"current_hp_per_floor":[80,80,80,80,80,80,74,72,72,80,55,61,61,65,80,75,80,66,66,72,78,78,69,80,76,76,73,71,71],"gold":210,"neow_bonus":"THREE_RARE_CARDS","is_daily":false,"chose_seed":false,"campfire_upgraded":0,"win_rate":0.0,"timestamp":1614268956,"path_taken":["M","M","M","M","?","R","E","M","T","R","E","M","$","M","R","BOSS","M","?","M","M","$","E","R","E","T","M","E"],"items_purchased_type":["Relic","Card","Card","Card","Card"],"build_version":"2020-12-22","purchased_purges":0,"victory":false,"max_hp_per_floor":[80,80,80,80,80,80,80,80,80,80,80,80,80,80,80,80,80,80,80,80,80,80,80,80,80,80,80,80,80],"relic_stats":{"Blood Vial":4,"Lizard Tail":0,"counters":[17,87],"PreservedInsect":124,"obtain_stats":[{"Hammer of Thor":0,"infinitespire:Beetle Shell":11,"PreservedInsect":13,"Seething Fire":0,"Burning Blood":0,"reliquary:FerryPass":26,"Blood Vial":25,"Lizard Tail":23,"Anvil of the Gods":0,"infinitespire:Broken Mirror":28,"Fusion Hammer":17,"NlothsMask":5,"reliquary:SharkskinSheath":7},{"Hammer of Thor":0,"infinitespire:Beetle Shell":7,"PreservedInsect":8,"Seething Fire":0,"Burning Blood":0,"reliquary:FerryPass":15,"Blood Vial":15,"Lizard Tail":14,"Anvil of the Gods":0,"infinitespire:Broken Mirror":17,"Fusion Hammer":10,"NlothsMask":4,"reliquary:SharkskinSheath":5},{"Hammer of Thor":0,"infinitespire:Beetle Shell":34,"PreservedInsect":40,"Seething Fire":0,"Burning Blood":0,"reliquary:FerryPass":76,"Blood Vial":76,"Lizard Tail":70,"Anvil of the Gods":0,"infinitespire:Broken Mirror":87,"Fusion Hammer":50,"NlothsMask":12,"reliquary:SharkskinSheath":16}],"Burning Blood":78},"card_choices":[{"not_picked":["Impervious","Brutality"],"picked":"Berserk","floor":0},{"not_picked":["Pommel Strike","Ghostly Armor"],"picked":"Shrug It Off","floor":1},{"not_picked":["Clothesline","Headbutt"],"picked":"Intimidate","floor":2},{"not_picked":["Dark Embrace","Pommel Strike","Warcry"],"picked":"SKIP","floor":3},{"not_picked":["hubris:SharpeningStone","Perfected Strike"],"picked":"Barricade","floor":4},{"not_picked":["Havoc","Pommel Strike"],"picked":"ReplayReversal","floor":7},{"not_picked":["hubris:ReadiedAction","Clothesline"],"picked":"Shrug It Off","floor":8},{"not_picked":["Anger","Twin Strike"],"picked":"Spot Weakness","floor":11},{"not_picked":["Corruption","Wild Strike","hubris:CleavingFinish"],"picked":"SKIP","floor":12},{"not_picked":["Life Link","Rupture"],"picked":"ReplayReversal","floor":14},{"not_picked":["Clothesline","Life Link","Wild Strike"],"picked":"SKIP","floor":18},{"not_picked":["Warcry+1","Massacre","Headbutt"],"picked":"SKIP","floor":20},{"not_picked":["Replay:Undeath\u0027s Touch+1","True Grit"],"picked":"Shrug It Off","floor":21},{"not_picked":["Run Through","Replay:Many Hands"],"picked":"Cleave","floor":23},{"not_picked":["Shrug It Off","Pommel Strike"],"picked":"Twin Strike","floor":25},{"not_picked":["ReplayTheSpireMod:Stacked+1","Abandon"],"picked":"Sever Soul+1","floor":27},{"not_picked":["hubris:ReadiedAction","Sentinel"],"picked":"Body Slam","floor":28}],"player_experience":745623,"relics_obtained":[{"floor":7,"key":"reliquary:SharkskinSheath"},{"floor":11,"key":"infinitespire:Beetle Shell"},{"floor":23,"key":"Lizard Tail"},{"floor":25,"key":"Blood Vial"},{"floor":26,"key":"reliquary:FerryPass"},{"floor":28,"key":"infinitespire:Broken Mirror"}],"event_choices":[{"damage_healed":0,"gold_gain":0,"player_choice":"Trade","damage_taken":0,"relics_obtained":["NlothsMask"],"max_hp_gain":0,"max_hp_loss":0,"event_name":"FaceTrader","floor":5,"gold_loss":0}],"is_beta":false,"boss_relics":[{"not_picked":["hubris:VirtuousBlindfold","hubris:RunicObelisk"],"picked":"Fusion Hammer"}],"items_purged_floors":[],"is_endless":false,"potions_floor_spawned":[1,3,7,11,14,20,25,27],"killed_by":"Book of Stabbing","ascension_level":1}}