{"host":"y0i0tbisecj7yjyn","time":1614222604,"event":{"mods":["2.2 Compatiblity","AchievementEnabler","AlwaysNeverKeys","BaseMod","Better Third Choice","BetterRewards","Colored Map","Colored Powertips","Curses Come First","Disable Question Mark Monsters","Displayed Cursed Tome","Highlight Path","Keyboard Shortcuts","Minty Spire (QoL Compilation)","Quick Restart","Random Character Button","Rare Cards Sparkle","Relic Stats","Reliquary","Smile Girya","StSLib","SuperFastMode","Transform Curses","Weighted Paths"],"gold_per_floor":[110,110,123,398,398,429,429,429,429,429,429,494,529,548,548,648,648,665,676,646,664,12,12,25,25,25,55,67,79,91,117,129,243,255,280,292,314,340,352,364,410,422,457,487,519,70,81,92,92,92,92],"floor_reached":50,"language":"ENG","playtime":2892,"items_purged":["Regret"],"score":607,"play_id":"07da37c7-e9bd-4920-8580-e34a0d15b06d","local_time":"20210224211004","is_ascension_mode":false,"campfire_choices":[{"data":"Spot Weakness","floor":7.0,"key":"SMITH"},{"data":"Bash","floor":10.0,"key":"SMITH"},{"floor":15.0,"key":"REST"},{"data":"Inflame","floor":23.0,"key":"SMITH"},{"data":"Discovery","floor":32.0,"key":"SMITH"},{"data":"Feed","floor":40.0,"key":"SMITH"},{"floor":42.0,"key":"REST"},{"floor":49,"key":"REST"}],"circlet_count":0,"master_deck":["Bash+1","Thunderclap","Spot Weakness+1","Rampage","Infernal Blade+1","Whirlwind+1","Anger","Bludgeon","Inflame+1","Sword Boomerang","Power Through+1","Mayhem+1","Discovery+1","Clothesline","Heavy Blade","Bite","Bite","Bite","Bite","Bite","Feed+1","Battle Trance","Thunderclap","Rage","Dark Embrace","Shockwave","Armaments+1","Pain","Spot Weakness","Sword Boomerang+1","Metamorphosis","Twin Strike+1","Evolve+1"],"relics":["Burning Blood","NeowsBlessing","Vajra","Sundial","reliquary:RosewoodLute","reliquary:Firecrackers","Anchor","reliquary:Buckler","Velvet Choker","War Paint","Sling","MawBank","Bag of Preparation","Pandora\u0027s Box","WarpedTongs","Kunai","Pen Nib","reliquary:Spinner","reliquary:RoseTintedGlasses"],"acts_visited":["Exordium","TheCity","TheBeyond"],"potions_floor_usage":[44,45,50],"damage_taken":[{"damage":0.0,"enemies":"Jaw Worm","floor":1.0,"turns":1.0},{"damage":0.0,"enemies":"Cultist","floor":3.0,"turns":1.0},{"damage":0.0,"enemies":"Gremlin Nob","floor":6.0,"turns":1.0},{"damage":28.0,"enemies":"Gremlin Nob","floor":12.0,"turns":4.0},{"damage":38.0,"enemies":"Lagavulin","floor":13.0,"turns":4.0},{"damage":0.0,"enemies":"2 Louse","floor":14.0,"turns":1.0},{"damage":19.0,"enemies":"Hexaghost","floor":16.0,"turns":5.0},{"damage":0.0,"enemies":"Spheric Guardian","floor":18.0,"turns":2.0},{"damage":19.0,"enemies":"3 Byrds","floor":19.0,"turns":4.0},{"damage":7.0,"enemies":"3 Cultists","floor":21.0,"turns":3.0},{"damage":0.0,"enemies":"Snecko","floor":24.0,"turns":2.0},{"damage":0.0,"enemies":"Cultist and Chosen","floor":27.0,"turns":4.0},{"damage":27.0,"enemies":"Shelled Parasite and Fungi","floor":31.0,"turns":3.0},{"damage":47.0,"enemies":"Collector","floor":33.0,"turns":8.0},{"damage":32.0,"enemies":"3 Darklings","floor":35.0,"turns":3.0},{"damage":12.0,"enemies":"3 Shapes","floor":37.0,"turns":3.0},{"damage":1.0,"enemies":"Sphere and 2 Shapes","floor":38.0,"turns":3.0},{"damage":66.0,"enemies":"Giant Head","floor":41.0,"turns":7.0},{"damage":54,"enemies":"Spire Growth","floor":44,"turns":4},{"damage":0,"enemies":"3 Darklings","floor":45,"turns":2},{"damage":3,"enemies":"Jaw Worm Horde","floor":47,"turns":3},{"damage":8,"enemies":"Transient","floor":48,"turns":5},{"damage":71,"enemies":"Awakened One","floor":50,"turns":4}],"seed_played":"-2408189495546403626","potions_obtained":[{"floor":12.0,"key":"LiquidBronze"},{"floor":13.0,"key":"PowerPotion"},{"floor":14.0,"key":"Strength Potion"},{"floor":16.0,"key":"ColorlessPotion"},{"floor":19.0,"key":"BloodPotion"},{"floor":20.0,"key":"Fruit Juice"},{"floor":20.0,"key":"Strength Potion"},{"floor":27.0,"key":"PowerPotion"},{"floor":31.0,"key":"Strength Potion"},{"floor":33.0,"key":"EntropicBrew"},{"floor":35.0,"key":"BlessingOfTheForge"},{"floor":38.0,"key":"Regen Potion"},{"floor":45,"key":"Fruit Juice"},{"floor":48,"key":"Ancient Potion"}],"is_trial":false,"path_per_floor":["M","?","M","?","?","E","R","T","T","R","?","?","E","M","R","B",null,"M","M","?","M","$","R","M","?","T","M","T","?","?","M","R","B",null,"M","?","M","M","?","R","E","R","T","M","M","$","M","M","R","B"],"character_chosen":"IRONCLAD","items_purchased":["War Paint","Sling","Mayhem","Discovery","Metamorphosis","reliquary:Spinner","reliquary:RoseTintedGlasses"],"campfire_rested":3,"item_purchase_floors":[22,22,22,22,46,46,46],"current_hp_per_floor":[80,80,80,80,80,80,80,80,80,80,64,42,10,16,40,27,80,80,67,72,71,71,71,77,77,77,83,83,83,59,42,42,13,59,35,35,35,47,47,47,26,45,45,14,27,27,36,42,64,0,0],"gold":92,"neow_bonus":"THREE_ENEMY_KILL","is_daily":false,"chose_seed":false,"campfire_upgraded":5,"win_rate":0.0,"timestamp":1614222604,"path_taken":["M","?","M","?","?","E","R","?","T","R","?","?","E","?","R","BOSS","M","M","?","?","$","R","M","?","T","M","?","?","?","M","R","BOSS","M","?","M","?","?","R","E","R","T","M","M","$","M","M","R","BOSS"],"items_purchased_type":["Relic","Relic","Card","Card","Card","Relic","Relic"],"build_version":"2020-12-22","purchased_purges":1,"victory":false,"max_hp_per_floor":[80,80,80,80,80,80,80,80,80,80,80,80,80,80,80,80,80,80,80,85,85,85,85,85,85,85,85,85,85,59,59,59,59,59,59,59,59,62,62,62,66,66,66,66,71,71,75,75,75,75,75],"relic_stats":{"counters":[33,112],"Sundial":[4],"Pandora\u0027s Box":["Battle Trance","Thunderclap","Rage","Dark Embrace"],"Pen Nib":[4],"Bag of Preparation":[22],"Kunai":[9],"War Paint":["Defend_R","Power Through"],"MawBank":240,"obtain_stats":[{"Lantern":11,"reliquary:SilkGlove":9,"NeowsBlessing":0,"reliquary:Firecrackers":9,"Vajra":2,"Velvet Choker":17,"Pen Nib":43,"Bag of Preparation":28,"reliquary:Spinner":46,"reliquary:RosewoodLute":8,"War Paint":22,"Sling":22,"MawBank":26,"Burning Blood":0,"WarpedTongs":39,"Anchor":12,"Sundial":6,"reliquary:Buckler":13,"Pandora\u0027s Box":34,"reliquary:RoseTintedGlasses":12,"Art of War":8,"Bag of Marbles":14,"Kunai":41},{"Lantern":6,"reliquary:SilkGlove":5,"NeowsBlessing":0,"reliquary:Firecrackers":13,"Vajra":11,"Velvet Choker":17,"Pen Nib":28,"Bag of Preparation":22,"reliquary:Spinner":30,"reliquary:RosewoodLute":13,"War Paint":20,"Sling":20,"MawBank":21,"Burning Blood":0,"WarpedTongs":27,"Anchor":14,"Sundial":13,"reliquary:Buckler":15,"Pandora\u0027s Box":24,"reliquary:RoseTintedGlasses":7,"Art of War":5,"Bag of Marbles":9,"Kunai":28},{"Lantern":14,"reliquary:SilkGlove":9,"NeowsBlessing":0,"reliquary:Firecrackers":38,"Vajra":36,"Velvet Choker":52,"Pen Nib":94,"Bag of Preparation":67,"reliquary:Spinner":100,"reliquary:RosewoodLute":38,"War Paint":61,"Sling":61,"MawBank":63,"Burning Blood":0,"WarpedTongs":87,"Anchor":42,"Sundial":38,"reliquary:Buckler":46,"Pandora\u0027s Box":78,"reliquary:RoseTintedGlasses":21,"Art of War":9,"Bag of Marbles":25,"Kunai":94}],"Burning Blood":144,"WarpedTongs":[25]},"card_choices":[{"not_picked":["True Grit","Shrug It Off"],"picked":"Thunderclap","floor":1.0},{"not_picked":["Rage","Wild Strike"],"picked":"Spot Weakness","floor":3.0},{"not_picked":["Anger","Dropkick"],"picked":"Rampage","floor":6.0},{"not_picked":["Intimidate","Sever Soul"],"picked":"Infernal Blade","floor":12.0},{"not_picked":["Body Slam","Corruption"],"picked":"Whirlwind","floor":13.0},{"not_picked":["Evolve","Hemokinesis"],"picked":"Anger","floor":14.0},{"not_picked":["Corruption","Offering"],"picked":"Bludgeon","floor":16.0},{"not_picked":["Pommel Strike","Armaments"],"picked":"Inflame","floor":18.0},{"not_picked":["Body Slam","Shrug It Off+1"],"picked":"Sword Boomerang","floor":19.0},{"not_picked":["Clothesline","Sever Soul"],"picked":"Power Through","floor":21.0},{"not_picked":["Corruption","Reckless Charge"],"picked":"Clothesline","floor":24.0},{"not_picked":["Carnage","Body Slam","Iron Wave"],"picked":"SKIP","floor":27.0},{"not_picked":["True Grit","Pommel Strike","Clothesline"],"picked":"SKIP","floor":31.0},{"not_picked":["Exhume","Double Tap"],"picked":"Feed","floor":33.0},{"not_picked":["Clash","Anger+1"],"picked":"Shockwave","floor":35.0},{"not_picked":["Seeing Red","True Grit","Power Through+1"],"picked":"SKIP","floor":37.0},{"not_picked":["Metallicize","Dual Wield+1"],"picked":"Armaments+1","floor":38.0},{"not_picked":["Sword Boomerang+1","Clash"],"picked":"Spot Weakness","floor":41.0},{"not_picked":["Iron Wave","Rage+1","Wild Strike"],"picked":"SKIP","floor":44},{"not_picked":["Perfected Strike+1","Dropkick"],"picked":"Sword Boomerang+1","floor":45},{"not_picked":["Sword Boomerang","Havoc+1"],"picked":"Twin Strike+1","floor":47},{"not_picked":["Reckless Charge","Feel No Pain"],"picked":"Evolve+1","floor":48}],"player_experience":554206,"relics_obtained":[{"floor":6.0,"key":"Sundial"},{"floor":8.0,"key":"reliquary:RosewoodLute"},{"floor":9.0,"key":"reliquary:Firecrackers"},{"floor":12.0,"key":"Anchor"},{"floor":13.0,"key":"reliquary:Buckler"},{"floor":26.0,"key":"MawBank"},{"floor":28.0,"key":"Bag of Preparation"},{"floor":41.0,"key":"Kunai"},{"floor":43.0,"key":"Pen Nib"}],"event_choices":[{"damage_healed":0.0,"max_hp_gain":0.0,"max_hp_loss":0.0,"gold_gain":0.0,"event_name":"Big Fish","player_choice":"Box","floor":2.0,"gold_loss":0.0,"damage_taken":0.0,"relics_obtained":["Vajra"],"cards_obtained":["Regret"]},{"damage_healed":0.0,"max_hp_gain":0.0,"max_hp_loss":0.0,"gold_gain":275.0,"event_name":"Golden Shrine","player_choice":"Desecrate","floor":4.0,"gold_loss":0.0,"damage_taken":0.0,"cards_obtained":["Regret"]},{"cards_removed":["Regret"],"damage_healed":0.0,"max_hp_gain":0.0,"max_hp_loss":0.0,"gold_gain":0.0,"event_name":"Living Wall","player_choice":"Forget","floor":5.0,"gold_loss":0.0,"damage_taken":0.0},{"damage_healed":80.0,"max_hp_gain":0.0,"max_hp_loss":80.0,"gold_gain":0.0,"event_name":"betterThird:BetterShining","player_choice":"Upgrade","floor":11.0,"gold_loss":0.0,"damage_taken":16.0,"cards_upgraded":["Defend_R","Defend_R"]},{"damage_healed":0.0,"max_hp_gain":0.0,"max_hp_loss":0.0,"gold_gain":0.0,"event_name":"Dead Adventurer","player_choice":"Searched \u00271\u0027 times","floor":12.0,"gold_loss":0.0,"damage_taken":0.0},{"damage_healed":0.0,"max_hp_gain":0.0,"max_hp_loss":0.0,"gold_gain":0.0,"event_name":"The Woman in Blue","player_choice":"Bought 2 Potions","floor":20.0,"gold_loss":0.0,"damage_taken":0.0},{"damage_healed":0.0,"max_hp_gain":0.0,"max_hp_loss":0.0,"gold_gain":0.0,"event_name":"The Library","player_choice":"Read","floor":25.0,"gold_loss":0.0,"damage_taken":0.0,"cards_obtained":["Heavy Blade"]},{"damage_healed":0.0,"max_hp_gain":0.0,"max_hp_loss":0.0,"gold_gain":0.0,"event_name":"Beggar","player_choice":"Ignored","floor":29.0,"gold_loss":0.0,"damage_taken":0.0},{"damage_healed":0.0,"max_hp_gain":0.0,"max_hp_loss":26.0,"gold_gain":0.0,"event_name":"Vampires","player_choice":"Became a vampire","floor":30.0,"gold_loss":0.0,"damage_taken":0.0,"cards_obtained":["Bite","Bite","Bite","Bite","Bite"]},{"damage_healed":0.0,"max_hp_gain":0.0,"max_hp_loss":0.0,"gold_gain":0.0,"event_name":"Upgrade Shrine","player_choice":"Upgraded","floor":36.0,"gold_loss":0.0,"damage_taken":0.0,"cards_upgraded":["Mayhem"]},{"damage_healed":0.0,"max_hp_gain":0.0,"max_hp_loss":0.0,"gold_gain":0.0,"event_name":"Accursed Blacksmith","player_choice":"Rummage","floor":39.0,"gold_loss":0.0,"damage_taken":0.0,"relics_obtained":["WarpedTongs"],"cards_obtained":["Pain"]}],"is_beta":false,"boss_relics":[{"not_picked":["Tiny House","Coffee Dripper"],"picked":"Velvet Choker"},{"not_picked":["Runic Dome","Runic Pyramid"],"picked":"Pandora\u0027s Box"}],"items_purged_floors":[22],"is_endless":false,"potions_floor_spawned":[12,13,14,16,19,27,31,33,35,38,45,48],"killed_by":"Awakened One","ascension_level":0}}