{"host":"v86vpwf004p2esb7","time":1614226169,"event":{"mods":["AchievementEnabler","BaseMod","BetterRewards","Colored Powertips","Minty Spire (QoL Compilation)","Quick Restart","StSLib","Transform Curses"],"gold_per_floor":[109,109,109,123,136,162,162,13,63,63,88,88,88,7,7,107,107,127,42,42,42,53,82,82,82,82,97,125,72,72,99,99,204,204,222,222,237,237,287,287,314,314,338,350,350,350,379,395,395,395,395,395,30,60,60,60],"floor_reached":55,"language":"ENG","playtime":3540,"items_purged":[],"score":1701,"play_id":"e5a183d4-f06e-4c20-ae77-6c00d52f4ca7","local_time":"20210224200929","is_ascension_mode":true,"campfire_choices":[{"floor":7,"key":"REST"},{"floor":15,"key":"REST"},{"floor":25,"key":"RECALL"},{"data":"Poisoned Stab","floor":32,"key":"SMITH"},{"data":"Defend_G","floor":40,"key":"SMITH"},{"data":"Defend_G","floor":42,"key":"SMITH"},{"data":"Defend_G","floor":45,"key":"SMITH"},{"data":"Defend_G","floor":49,"key":"SMITH"},{"data":"Defend_G","floor":52,"key":"SMITH"}],"circlet_count":0,"master_deck":["AscendersBane","Strike_G","Strike_G","Strike_G","Strike_G","Strike_G","Defend_G+1","Defend_G+1","Defend_G+1","Defend_G+1","Defend_G+1","Survivor+1","Neutralize+1","Blade Dance+1","Blur+1","Panache+1","Footwork+1","Adrenaline+1","Infinite Blades+1","Poisoned Stab+1","Poisoned Stab+1","Accuracy+1","Storm of Steel+1","Burst+1","Bouncing Flask+1","Night Terror+1","Footwork+1","Storm of Steel+1","Bouncing Flask+1","Ghostly+1","Ghostly+1","Ghostly+1","Ghostly+1","Ghostly+1","Cloak And Dagger+1","Envenom+1","Blur+1","Sadistic Nature+1","Sadistic Nature+1","Madness+1","Blade Dance+1","Infinite Blades+1","Noxious Fumes+1","Accuracy+1"],"relics":["Ring of the Snake","Toxic Egg 2","Juzu Bracelet","Blood Vial","Singing Bowl","Ornamental Fan","Frozen Egg 2","Pen Nib","Toy Ornithopter","Vajra","Bottled Lightning","Meat on the Bone","Turnip","MutagenicStrength","CultistMask","Matryoshka","Akabeko","White Beast Statue","Snake Skull","Pantograph","WristBlade","Calipers","Tingsha","Shuriken","Regal Pillow","Gambling Chip","Ice Cream","Torii"],"acts_visited":["Exordium","TheCity","TheBeyond","TheEnding"],"potions_floor_usage":[6,16,35,55],"damage_taken":[{"damage":0,"enemies":"Small Slimes","floor":1,"turns":3},{"damage":0,"enemies":"Cultist","floor":4,"turns":3},{"damage":0,"enemies":"2 Louse","floor":5,"turns":2},{"damage":12,"enemies":"Gremlin Nob","floor":6,"turns":4},{"damage":13,"enemies":"3 Sentries","floor":11,"turns":4},{"damage":9,"enemies":"Hexaghost","floor":16,"turns":6},{"damage":10,"enemies":"Shell Parasite","floor":18,"turns":2},{"damage":0,"enemies":"Spheric Guardian","floor":22,"turns":2},{"damage":44,"enemies":"Book of Stabbing","floor":23,"turns":5},{"damage":0,"enemies":"Snake Plant","floor":27,"turns":5},{"damage":4,"enemies":"Gremlin Leader","floor":28,"turns":6},{"damage":0,"enemies":"Slavers","floor":31,"turns":6},{"damage":29,"enemies":"Automaton","floor":33,"turns":10},{"damage":2,"enemies":"3 Shapes","floor":35,"turns":2},{"damage":0,"enemies":"Orb Walker","floor":37,"turns":1},{"damage":2,"enemies":"Mind Bloom Boss Battle","floor":39,"turns":5},{"damage":3,"enemies":"Reptomancer","floor":41,"turns":5},{"damage":0,"enemies":"Maw","floor":44,"turns":4},{"damage":0,"enemies":"Giant Head","floor":47,"turns":3},{"damage":3,"enemies":"Sphere and 2 Shapes","floor":48,"turns":5},{"damage":33,"enemies":"Time Eater","floor":50,"turns":7},{"damage":1,"enemies":"Shield and Spear","floor":54,"turns":4},{"damage":98,"enemies":"The Heart","floor":55,"turns":5}],"seed_played":"-1470024355409894041","potions_obtained":[{"floor":5,"key":"CunningPotion"},{"floor":6,"key":"Regen Potion"},{"floor":22,"key":"Swift Potion"},{"floor":23,"key":"Strength Potion"},{"floor":28,"key":"Block Potion"},{"floor":33,"key":"FairyPotion"},{"floor":35,"key":"DistilledChaos"},{"floor":48,"key":"CunningPotion"}],"is_trial":false,"path_per_floor":["M","?","?","M","M","E","R","$","T","T","E","?","?","$","R","B",null,"M","?","?","?","M","E","?","R","T","M","E","$","?","E","R","B",null,"M","?","M","?","?","R","E","R","T","M","R","?","E","M","R","B",null,"R","$","E","B"],"character_chosen":"THE_SILENT","items_purchased":["Toxic Egg 2","Juzu Bracelet","Blood Vial","Blade Dance+1","Blur+1","Singing Bowl","Ornamental Fan","Frozen Egg 2","Panache+1","Footwork+1","Pen Nib","Adrenaline+1","Infinite Blades+1","Poisoned Stab","Vajra","Bouncing Flask+1","Cloak And Dagger+1","Ice Cream","Noxious Fumes+1"],"campfire_rested":2,"item_purchase_floors":[0,0,0,0,0,0,0,0,0,0,0,0,0,0,8,14,29,53,53],"current_hp_per_floor":[23,23,23,25,29,19,40,40,40,40,29,22,22,22,43,55,68,60,60,60,60,62,32,32,32,32,36,36,36,36,40,40,25,38,40,32,36,30,44,44,45,45,45,49,49,49,50,49,49,31,47,47,47,48,0,0],"gold":60,"neow_bonus":"","is_daily":false,"chose_seed":false,"campfire_upgraded":6,"win_rate":0.0,"timestamp":1614226169,"path_taken":["M","?","?","M","M","E","R","$","T","?","E","?","?","?","R","BOSS","M","?","?","?","M","E","?","R","T","M","E","$","?","E","R","BOSS","M","?","M","?","?","R","E","R","T","M","R","?","E","M","R","BOSS","R","$","E","BOSS"],"items_purchased_type":["Relic","Relic","Relic","Card","Card","Relic","Relic","Relic","Card","Card","Relic","Card","Card","Card","Relic","Card","Card","Relic","Card"],"build_version":"2020-12-22","purchased_purges":0,"victory":false,"max_hp_per_floor":[70,70,70,70,72,72,72,72,72,72,72,72,72,72,72,72,72,72,72,72,72,72,72,36,36,36,38,40,40,40,42,42,42,42,42,44,46,46,46,46,48,48,48,50,50,50,50,52,52,52,52,52,52,52,52,52],"card_choices":[{"not_picked":["Deflect+1","Outmaneuver+1"],"picked":"Poisoned Stab","floor":1},{"not_picked":["Blur+1","Setup+1"],"picked":"Accuracy+1","floor":4},{"not_picked":["Reflex+1","Slice","Endless Agony"],"picked":"Singing Bowl","floor":5},{"not_picked":["Finisher","Deadly Poison+1"],"picked":"Storm of Steel+1","floor":6},{"not_picked":["Bane","Flying Knee"],"picked":"Burst+1","floor":11},{"not_picked":["Unload","Tools of the Trade+1"],"picked":"Night Terror+1","floor":16},{"not_picked":["Finisher","Outmaneuver+1"],"picked":"Footwork+1","floor":18},{"not_picked":["Poisoned Stab","Backflip+1"],"picked":"Storm of Steel+1","floor":22},{"not_picked":["Acrobatics+1","Poisoned Stab"],"picked":"Bouncing Flask+1","floor":23},{"not_picked":["Deflect+1","PiercingWail+1","Acrobatics+1"],"picked":"Singing Bowl","floor":27},{"not_picked":["Setup+1","Well Laid Plans+1","PiercingWail+1"],"picked":"Singing Bowl","floor":28},{"not_picked":["Skewer","Underhanded Strike+1","Acrobatics+1"],"picked":"Singing Bowl","floor":31},{"not_picked":["Die Die Die","Tools of the Trade+1"],"picked":"Envenom+1","floor":33},{"not_picked":["PiercingWail+1","Setup+1"],"picked":"Blur+1","floor":35},{"not_picked":["Dark Shackles+1","HandOfGreed"],"picked":"Sadistic Nature+1","floor":36},{"not_picked":["Secret Technique+1","Violence+1"],"picked":"Sadistic Nature+1","floor":36},{"not_picked":["Impatience+1","Finesse+1","Violence+1"],"picked":"Singing Bowl","floor":36},{"not_picked":["Acrobatics+1","Slice","Choke"],"picked":"Singing Bowl","floor":37},{"not_picked":["Deadly Poison+1","Expertise+1"],"picked":"Blade Dance+1","floor":39},{"not_picked":["Deflect+1","Riddle With Holes","Slice"],"picked":"Singing Bowl","floor":41},{"not_picked":["Underhanded Strike","Flying Knee","Prepared+1"],"picked":"Singing Bowl","floor":44},{"not_picked":["Poisoned Stab","Deflect+1"],"picked":"Infinite Blades+1","floor":47},{"not_picked":["Backstab","Acrobatics+1","Quick Slash"],"picked":"Singing Bowl","floor":48},{"not_picked":["Masterful Stab","Deadly Poison+1"],"picked":"Accuracy+1","floor":54}],"player_experience":209897,"relics_obtained":[{"floor":6,"key":"Toy Ornithopter"},{"floor":10,"key":"Bottled Lightning"},{"floor":11,"key":"Meat on the Bone"},{"floor":23,"key":"Matryoshka"},{"floor":26,"key":"Akabeko"},{"floor":26,"key":"White Beast Statue"},{"floor":28,"key":"Snake Skull"},{"floor":31,"key":"Pantograph"},{"floor":39,"key":"Calipers"},{"floor":41,"key":"Tingsha"},{"floor":43,"key":"Shuriken"},{"floor":43,"key":"Regal Pillow"},{"floor":47,"key":"Gambling Chip"},{"floor":54,"key":"Torii"}],"event_choices":[{"damage_healed":0,"gold_gain":0,"player_choice":"Cursed","damage_taken":0,"max_hp_gain":0,"max_hp_loss":0,"event_name":"Wheel of Change","floor":2,"gold_loss":0,"cards_obtained":["Decay"]},{"damage_healed":0,"gold_gain":0,"player_choice":"Upgraded","damage_taken":0,"max_hp_gain":0,"max_hp_loss":0,"event_name":"Upgrade Shrine","floor":3,"gold_loss":0,"cards_upgraded":["Survivor"]},{"cards_removed":["Decay"],"damage_healed":0,"gold_gain":0,"player_choice":"Card Removal","damage_taken":7,"max_hp_gain":0,"max_hp_loss":0,"event_name":"Golden Wing","floor":12,"gold_loss":0},{"damage_healed":0,"gold_gain":0,"player_choice":"Grow","damage_taken":0,"max_hp_gain":0,"max_hp_loss":0,"event_name":"Living Wall","floor":13,"gold_loss":0,"cards_upgraded":["Neutralize"]},{"damage_healed":0,"gold_gain":0,"player_choice":"Obtained Relic","damage_taken":0,"relics_obtained":["Turnip"],"max_hp_gain":0,"max_hp_loss":0,"event_name":"Addict","floor":19,"gold_loss":85},{"damage_healed":0,"gold_gain":0,"player_choice":"Inject Mutagens","damage_taken":0,"relics_obtained":["MutagenicStrength"],"max_hp_gain":0,"max_hp_loss":0,"event_name":"Drug Dealer","floor":20,"gold_loss":0},{"damage_healed":0,"gold_gain":0,"player_choice":"Trade","damage_taken":0,"relics_obtained":["CultistMask"],"max_hp_gain":0,"max_hp_loss":0,"event_name":"FaceTrader","floor":21,"gold_loss":0},{"damage_healed":0,"gold_gain":0,"player_choice":"Became a Ghost","damage_taken":0,"max_hp_gain":0,"max_hp_loss":36,"event_name":"Ghosts","floor":24,"gold_loss":0,"cards_obtained":["Ghostly","Ghostly","Ghostly","Ghostly","Ghostly"]},{"damage_healed":0,"gold_gain":0,"player_choice":"Upgraded","damage_taken":0,"max_hp_gain":0,"max_hp_loss":0,"event_name":"Upgrade Shrine","floor":30,"gold_loss":0,"cards_upgraded":["Poisoned Stab"]},{"damage_healed":0,"gold_gain":0,"player_choice":"Memory 3","damage_taken":10,"max_hp_gain":0,"max_hp_loss":0,"event_name":"SensoryStone","floor":36,"gold_loss":0},{"damage_healed":0,"gold_gain":0,"player_choice":"Embrace Madness","damage_taken":6,"max_hp_gain":0,"max_hp_loss":0,"event_name":"Winding Halls","floor":38,"gold_loss":0,"cards_obtained":["Madness","Madness"]},{"damage_healed":0,"gold_gain":0,"player_choice":"Fight","damage_taken":0,"max_hp_gain":0,"max_hp_loss":0,"event_name":"MindBloom","floor":39,"gold_loss":0},{"cards_removed":["Madness"],"damage_healed":0,"gold_gain":0,"player_choice":"Removed Skill","damage_taken":0,"max_hp_gain":0,"max_hp_loss":0,"event_name":"Falling","floor":46,"gold_loss":0}],"is_beta":false,"boss_relics":[{"not_picked":["Coffee Dripper","Pandora\u0027s Box","Snecko Eye"]},{"not_picked":["Astrolabe","Ring of the Serpent"],"picked":"WristBlade"}],"items_purged_floors":[],"is_endless":false,"potions_floor_spawned":[5,6,22,23,27,28,31,33,35,37,39,41,44,47,48,54],"killed_by":"The Heart","ascension_level":12}}