{"host":"79dbh3wlumrqhgu5","time":1614217117,"event":{"mods":["BaseMod","Block Reminder","Colored Map","Colored Powertips","Dark Map","Highlight Path","Minty Spire (QoL Compilation)","Permanent Neow","Quick Restart","Random Character Button","Random Character Mod"],"gold_per_floor":[114,289,304,319,334,349,364,394,394,394,424,439,454,469,469,569,569,584,584,499,499,295,325,352,394,406,433,295,310,310,325,325,425,425,440,440,440,440,455,455,485,165,165,15,45,45,65,80,80,80],"floor_reached":51,"language":"ENG","playtime":4372,"items_purged":["Writhe"],"score":1059,"play_id":"55d332d3-c826-4af3-ae71-65e9904daa75","local_time":"20210224203837","daily_mods":["Insanity","Colorless Cards","Night Terrors"],"is_ascension_mode":false,"campfire_choices":[{"data":"Mind Blast","floor":10,"key":"SMITH"},{"data":"Mind Blast","floor":15,"key":"SMITH"},{"data":"Hello World","floor":30,"key":"SMITH"},{"data":"1","floor":32,"key":"LIFT"},{"data":"2","floor":40,"key":"LIFT"},{"data":"3","floor":46,"key":"LIFT"},{"data":"Dramatic Entrance","floor":49,"key":"SMITH"}],"circlet_count":0,"master_deck":["Streamline","Hologram","Redo","Ball Lightning","Leap","Gash","Barrage","Hello World+1","Blizzard","Undo","Turbo","Undo","Bandage Up","Streamline","BootSequence","Glacier","Stack","Gash","Ball Lightning","Turbo","Gash","Turbo","Beam Cell","Trip","Redo","Jack Of All Trades","Ball Lightning","Coolheaded","Hologram","Leap","Doom and Gloom","Hologram","Coolheaded","Ball Lightning","Rebound","Self Repair","Streamline","Skim","Loop","Blizzard","Mind Blast+1","Barrage","Beam Cell","Rebound","Streamline","Static Discharge","FTL","Scrape","Loop","Streamline","Conserve Battery","Doubt","Hologram","Coolheaded","Mind Blast+1","Conserve Battery","Sweeping Beam","Multi-Cast","Streamline","Streamline","Leap","Fusion","Secret Weapon","Streamline+1","Gash","Darkness+1","Gash","Genetic Algorithm","Cold Snap","Ball Lightning","Ball Lightning+1","Barrage","Sweeping Beam","White Noise","Glacier","Core Surge","Redo","Finesse","Madness","Swift Strike","Jack Of All Trades+1","Double Energy","Dramatic Entrance+1","Mind Blast+1","Redo","Dramatic Entrance","Turbo"],"relics":["Cracked Core","Girya","Pantograph","MealTicket","Busted Crown","Centennial Puzzle","Oddly Smooth Stone","Art of War","MawBank","Bottled Flame","Matryoshka","Orrery","Nuclear Battery","Potion Belt","Runic Capacitor","Bag of Marbles","TungstenRod","DollysMirror","Pen Nib","Lizard Tail"],"acts_visited":["Exordium","TheCity","TheBeyond"],"potions_floor_usage":[7,16,50,50],"damage_taken":[{"damage":0,"enemies":"2 Louse","floor":1,"turns":1},{"damage":0,"enemies":"Small Slimes","floor":3,"turns":2},{"damage":0,"enemies":"Jaw Worm","floor":4,"turns":1},{"damage":0,"enemies":"Large Slime","floor":5,"turns":2},{"damage":0,"enemies":"2 Fungi Beasts","floor":6,"turns":2},{"damage":0,"enemies":"Lots of Slimes","floor":7,"turns":3},{"damage":6,"enemies":"3 Sentries","floor":8,"turns":4},{"damage":0,"enemies":"Lagavulin","floor":11,"turns":2},{"damage":0,"enemies":"Blue Slaver","floor":12,"turns":1},{"damage":0,"enemies":"3 Louse","floor":13,"turns":2},{"damage":0,"enemies":"Exordium Wildlife","floor":14,"turns":1},{"damage":30,"enemies":"Hexaghost","floor":16,"turns":6},{"damage":0,"enemies":"Chosen","floor":18,"turns":1},{"damage":0,"enemies":"Gremlin Leader","floor":23,"turns":2},{"damage":0,"enemies":"2 Thieves","floor":24,"turns":1},{"damage":0,"enemies":"Slavers","floor":25,"turns":3},{"damage":0,"enemies":"Sentry and Sphere","floor":27,"turns":1},{"damage":4,"enemies":"Shelled Parasite and Fungi","floor":29,"turns":2},{"damage":0,"enemies":"3 Cultists","floor":31,"turns":2},{"damage":1,"enemies":"Automaton","floor":33,"turns":6},{"damage":0,"enemies":"3 Darklings","floor":35,"turns":2},{"damage":3,"enemies":"3 Shapes","floor":39,"turns":2},{"damage":7,"enemies":"Reptomancer","floor":41,"turns":2},{"damage":1,"enemies":"Giant Head","floor":45,"turns":2},{"damage":0,"enemies":"2 Orb Walkers","floor":47,"turns":1},{"damage":0,"enemies":"Jaw Worm Horde","floor":48,"turns":1},{"damage":0,"enemies":"Donu and Deca","floor":50,"turns":2}],"seed_played":"3523290589944034342","potions_obtained":[{"floor":3,"key":"LiquidBronze"},{"floor":4,"key":"Block Potion"},{"floor":5,"key":"Ancient Potion"},{"floor":8,"key":"Explosive Potion"},{"floor":14,"key":"Regen Potion"},{"floor":18,"key":"LiquidMemories"},{"floor":39,"key":"FocusPotion"},{"floor":45,"key":"Energy Potion"},{"floor":48,"key":"LiquidBronze"}],"is_trial":false,"path_per_floor":["M","?","M","M","M","M","M","E","T","R","E","M","M","M","R","B",null,"M","?","?","?","$","E","M","E","T","M","$","M","R","M","R","B",null,"M","?","?","?","M","R","E","$","T","$","E","R","?","M","R","B",null],"character_chosen":"DEFECT","items_purchased":["Gash","Art of War","Orrery","Runic Capacitor","Dramatic Entrance","DollysMirror"],"campfire_rested":0,"item_purchase_floors":[22,22,28,42,42,44],"current_hp_per_floor":[75,75,75,75,75,75,75,69,69,69,69,69,69,69,69,45,75,75,75,75,75,75,75,75,75,75,75,75,71,71,71,71,75,75,75,75,65,65,62,62,55,70,70,75,74,74,74,74,74,75],"gold":80,"neow_bonus":"","is_daily":true,"chose_seed":false,"campfire_upgraded":4,"win_rate":0.0,"timestamp":1614217117,"path_taken":["M","?","M","M","M","M","M","E","T","R","E","M","M","M","R","BOSS","M","?","?","?","$","E","M","E","T","M","$","M","R","M","R","BOSS","M","?","?","?","M","R","E","$","T","?","E","R","?","M","R","BOSS"],"items_purchased_type":["Card","Relic","Relic","Relic","Card","Relic"],"build_version":"2020-12-22","purchased_purges":1,"victory":true,"max_hp_per_floor":[75,75,75,75,75,75,75,75,75,75,75,75,75,75,75,75,75,75,75,75,75,75,75,75,75,75,75,75,75,75,75,75,75,75,75,75,75,75,75,75,75,75,75,75,75,75,75,75,75,75],"card_choices":[{"not_picked":["Undo","Redo"],"picked":"Conserve Battery","floor":1},{"not_picked":["Gash","Barrage"],"picked":"Hologram","floor":3},{"not_picked":["Beam Cell","Recycle"],"picked":"Coolheaded","floor":4},{"not_picked":["Conserve Battery","Ball Lightning"],"picked":"Mind Blast","floor":5},{"not_picked":["Tempest","Steam"],"picked":"Conserve Battery","floor":6},{"not_picked":["Compile Driver","Redo"],"picked":"Sweeping Beam","floor":7},{"not_picked":["Gash","Glacier"],"picked":"Multi-Cast","floor":8},{"not_picked":["Force Field","Conserve Battery"],"picked":"Streamline","floor":11},{"not_picked":["Rebound","Dark Shackles"],"picked":"Streamline","floor":12},{"not_picked":["Redo","Blizzard"],"picked":"Leap","floor":13},{"not_picked":["Secret Technique","Self Repair"],"picked":"Fusion","floor":14},{"not_picked":["Fission","Creative AI"],"picked":"Secret Weapon","floor":16},{"not_picked":[],"picked":"Streamline+1","floor":18},{"not_picked":[],"picked":"Darkness+1","floor":23},{"not_picked":[],"picked":"Gash","floor":24},{"not_picked":[],"picked":"Genetic Algorithm","floor":25},{"not_picked":[],"picked":"Storm","floor":27},{"not_picked":[],"picked":"Cold Snap","floor":28},{"not_picked":[],"picked":"Ball Lightning","floor":28},{"not_picked":[],"picked":"Ball Lightning+1","floor":28},{"not_picked":[],"picked":"Barrage","floor":28},{"not_picked":[],"picked":"Sweeping Beam","floor":28},{"not_picked":[],"picked":"White Noise","floor":29},{"not_picked":[],"picked":"Glacier","floor":31},{"not_picked":[],"picked":"Core Surge","floor":33},{"not_picked":[],"picked":"Redo","floor":35},{"not_picked":[],"picked":"Finesse","floor":37},{"not_picked":[],"picked":"Madness","floor":37},{"not_picked":[],"picked":"Swift Strike","floor":37},{"not_picked":[],"picked":"Jack Of All Trades+1","floor":39},{"not_picked":[],"picked":"Double Energy","floor":41},{"not_picked":[],"picked":"Redo","floor":45},{"not_picked":[],"picked":"Dramatic Entrance","floor":47},{"not_picked":[],"picked":"Turbo","floor":48}],"player_experience":93438,"relics_obtained":[{"floor":8,"key":"Girya"},{"floor":9,"key":"Pantograph"},{"floor":11,"key":"MealTicket"},{"floor":23,"key":"MawBank"},{"floor":25,"key":"Bottled Flame"},{"floor":26,"key":"Matryoshka"},{"floor":41,"key":"Potion Belt"},{"floor":43,"key":"Bag of Marbles"},{"floor":43,"key":"TungstenRod"},{"floor":45,"key":"Pen Nib"},{"floor":47,"key":"Lizard Tail"}],"event_choices":[{"damage_healed":0,"gold_gain":175,"player_choice":"AGREE","damage_taken":0,"max_hp_gain":0,"max_hp_loss":0,"event_name":"Liars Game","floor":2,"gold_loss":0,"cards_obtained":["Doubt"]},{"damage_healed":0,"gold_gain":0,"player_choice":"Opened","damage_taken":0,"relics_obtained":["Centennial Puzzle"],"max_hp_gain":0,"max_hp_loss":0,"event_name":"The Mausoleum","floor":19,"gold_loss":0,"cards_obtained":["Writhe"]},{"damage_healed":0,"gold_gain":0,"player_choice":"Obtained Relic","damage_taken":0,"relics_obtained":["Oddly Smooth Stone"],"max_hp_gain":0,"max_hp_loss":0,"event_name":"Addict","floor":20,"gold_loss":85},{"damage_healed":0,"gold_gain":0,"player_choice":"Ignored","damage_taken":0,"max_hp_gain":0,"max_hp_loss":0,"event_name":"Vampires","floor":21,"gold_loss":0},{"cards_removed":["Storm"],"damage_healed":0,"gold_gain":0,"player_choice":"Removed Power","damage_taken":0,"max_hp_gain":0,"max_hp_loss":0,"event_name":"Falling","floor":36,"gold_loss":0},{"damage_healed":0,"gold_gain":0,"player_choice":"Memory 3","damage_taken":10,"max_hp_gain":0,"max_hp_loss":0,"event_name":"SensoryStone","floor":37,"gold_loss":0},{"damage_healed":0,"gold_gain":0,"player_choice":"Ignored","damage_taken":0,"max_hp_gain":0,"max_hp_loss":0,"event_name":"Tomb of Lord Red Mask","floor":38,"gold_loss":0},{"damage_healed":0,"gold_gain":0,"player_choice":"Fight","damage_taken":0,"max_hp_gain":0,"max_hp_loss":0,"event_name":"Mysterious Sphere","floor":47,"gold_loss":0}],"is_beta":false,"boss_relics":[{"not_picked":["Tiny House","Calling Bell"],"picked":"Busted Crown"},{"not_picked":["Runic Pyramid","Astrolabe"],"picked":"Nuclear Battery"}],"items_purged_floors":[42],"is_endless":false,"potions_floor_spawned":[3,4,5,8,13,14,18,27,39,45,48],"ascension_level":0}}