{"host":"6lme9gmrtv3g6npf","time":1614212129,"event":{"mods":["BaseMod","Better Third Choice","Hubris","Infinite Spire","Minty Spire (QoL Compilation)","Reliquary","Replay The Spire","StSLib","The Cursed","egg"],"gold_per_floor":[113,113,12,12,26,53,53,78,102,82,99,116,116,126,126,221,221,236,88,102,102,102,102,130,130,130,130,130,130],"floor_reached":28,"language":"ENG","playtime":1594,"items_purged":["Strike_G","Pain","Spreading Infection"],"score":336,"play_id":"61347929-5751-4b1d-8e75-f906690ca381","local_time":"20210224211529","is_ascension_mode":true,"campfire_choices":[{"data":"Deadly Poison","floor":13,"key":"SMITH"},{"floor":23,"key":"REST"}],"circlet_count":0,"master_deck":["Strike_G","Strike_G","Strike_G","Strike_G","Defend_G","Defend_G","Defend_G","Defend_G","Neutralize","Blade Dance","Deadly Poison+1","m_Survivalism","Bane","Quick Slash","Bouncing Flask","infinitespire:Gouge","Poisoned Stab+1","Deadly Poison","infinitespire:Neurotoxin","Writhe"],"relics":["Ring of the Snake","NeowsBlessing","infinitespire:Satchel","reliquary:Aerogel","reliquary:RoseTintedGlasses","reliquary:RustamsPendant","The Courier","infinitespire:BottledMercury","MutagenicStrength","Regal Pillow","reliquary:GummyVitamins"],"acts_visited":["Exordium","TheCity"],"potions_floor_usage":[28],"damage_taken":[{"damage":0,"enemies":"2 Louse","floor":1,"turns":1},{"damage":0,"enemies":"Small Slimes","floor":5,"turns":1},{"damage":0,"enemies":"3 Sentries","floor":6,"turns":1},{"damage":37,"enemies":"Lagavulin","floor":8,"turns":6},{"damage":0,"enemies":"Cultist","floor":11,"turns":3},{"damage":4,"enemies":"Blue Slaver","floor":12,"turns":4},{"damage":6,"enemies":"3 Louse","floor":14,"turns":3},{"damage":11,"enemies":"Hexaghost","floor":16,"turns":8},{"damage":16,"enemies":"Spheric Guardian","floor":18,"turns":4},{"damage":18,"enemies":"Shell Parasite","floor":20,"turns":4},{"damage":33,"enemies":"Gremlin Leader","floor":24,"turns":6},{"damage":19,"enemies":"3 Cultists","floor":28,"turns":4}],"seed_played":"-5306646638893243533","potions_obtained":[{"floor":5,"key":"LiquidMemories"},{"floor":6,"key":"Block Potion"},{"floor":10,"key":"Strength Potion"}],"is_trial":false,"path_per_floor":["M","?","$","?","M","E","$","E","T","?","M","M","R","M","R","B",null,"M","$","M","AVR","?","R","E","?","T","?","M"],"character_chosen":"THE_SILENT","items_purchased":["Deadly Poison","Deadly Poison"],"campfire_rested":1,"item_purchase_floors":[3,19],"current_hp_per_floor":[70,70,70,70,70,70,70,33,33,33,33,29,29,23,23,12,56,40,40,22,22,22,43,10,10,10,10,0,0],"gold":130,"neow_bonus":"THREE_ENEMY_KILL","is_daily":false,"chose_seed":false,"campfire_upgraded":1,"win_rate":0.0,"timestamp":1614212129,"path_taken":["M","?","$","?","M","E","$","E","T","?","M","M","R","?","R","BOSS","M","$","M","AVR","?","R","E","?","T","?","M"],"items_purchased_type":["Card","Card"],"build_version":"2020-12-22","purchased_purges":3,"victory":false,"max_hp_per_floor":[70,70,70,70,70,70,70,70,70,70,70,70,70,70,70,70,70,70,70,70,70,70,70,70,70,70,70,70,70],"card_choices":[{"not_picked":["Quick Slash","ReplayTheSpireMod:Scrap Shanks"],"picked":"Blade Dance","floor":1},{"not_picked":["Escape Plan","Footwork"],"picked":"Bane","floor":5},{"not_picked":["hubris:Counter","ReplayTheSpireMod:Speed Training"],"picked":"Quick Slash","floor":6},{"not_picked":["Slice","Sneak Up","Doppelganger"],"picked":"SKIP","floor":8},{"not_picked":["Deflect","All Out Attack","Quick Slash"],"picked":"SKIP","floor":11},{"not_picked":["Flying Knee","Backflip"],"picked":"Bouncing Flask","floor":12},{"not_picked":["Backstab","hubris:SlightOfHand","ReplayTheSpireMod:Speed Training"],"picked":"SKIP","floor":14},{"not_picked":["Replay:Fractal Strike","hubris:InfiniteBlow"],"picked":"infinitespire:Gouge","floor":15},{"not_picked":["Dodge and Roll+1","Slice"],"picked":"Poisoned Stab+1","floor":18},{"not_picked":["Quick Slash","Outmaneuver"],"picked":"infinitespire:Neurotoxin","floor":20},{"not_picked":["Prepared","Sucker Punch","Storm of Steel"],"picked":"SKIP","floor":24}],"player_experience":172338,"relics_obtained":[{"floor":6,"key":"infinitespire:Satchel"},{"floor":8,"key":"reliquary:Aerogel"},{"floor":9,"key":"reliquary:RoseTintedGlasses"},{"floor":24,"key":"infinitespire:BottledMercury"},{"floor":26,"key":"Regal Pillow"}],"event_choices":[{"damage_healed":0,"gold_gain":0,"player_choice":"Bought 1 Potion","damage_taken":0,"max_hp_gain":0,"max_hp_loss":0,"event_name":"The Woman in Blue","floor":10,"gold_loss":0},{"damage_healed":0,"gold_gain":0,"player_choice":"Inject Mutagens","damage_taken":0,"relics_obtained":["MutagenicStrength"],"max_hp_gain":0,"max_hp_loss":0,"event_name":"Drug Dealer","floor":25,"gold_loss":0},{"damage_healed":0,"gold_gain":0,"player_choice":"Opened","damage_taken":0,"relics_obtained":["reliquary:GummyVitamins"],"max_hp_gain":0,"max_hp_loss":0,"event_name":"The Mausoleum","floor":27,"gold_loss":0,"cards_obtained":["Writhe"]}],"is_beta":false,"boss_relics":[{"not_picked":["Honey Jar","hubris:Backtick"],"picked":"reliquary:RustamsPendant"}],"items_purged_floors":[3,19,21],"is_endless":false,"potions_floor_spawned":[5,6,11,12,14,18,24],"killed_by":"3 Cultists","ascension_level":5}}