{"host":"oeeu8njhzvf3llor","time":1614219153,"event":{"mods":["BaseMod","Better Match","Better Note","Better Skull","Better Third Choice","Hubris","Minty Spire (QoL Compilation)","Rare Cards Sparkle","Replay The Spire","Shop Mod","Spicy Shops","StSLib","Swap Starting Deck Mod"],"gold_per_floor":[117,133,144,144,160,192,192,220,232,278,290,315,354,466,478,585,597,619,631,643,655,464,495,495,506,530,530,530,540,115,139,139,253,253,293,95,155,155,185,232,232,7,80,123,123,123,123,123,123,141,141],"floor_reached":50,"language":"ENG","playtime":2468,"items_purged":[],"score":814,"play_id":"db855c9c-75e8-49fd-a3de-29d456b2354c","local_time":"20210224211233","is_ascension_mode":true,"campfire_choices":[{"data":"Catalyst","floor":11.0,"key":"SMITH"},{"floor":15.0,"key":"REST"},{"data":"Catalyst","floor":27.0,"key":"SMITH"},{"floor":45,"key":"REST"},{"floor":47,"key":"REST"},{"floor":49,"key":"RECALL"}],"circlet_count":0,"master_deck":["Poisoned Stab","Poisoned Stab+1","Poisoned Stab+1","Poisoned Stab","Deflect","Deflect","Deflect","Deflect","Deadly Poison","Venomology+1","Poisoned Stab","Crippling Poison","Poisoned Stab","Backstab","Catalyst+1","Well Laid Plans+1","Envenom+1","Bane","Dramatic Entrance","Deflect+1","Catalyst+1","Dagger Spray","Corpse Explosion+1","Corpse Explosion","Poisoned Stab","ReplayUltimateDefense+1","Concentrate+1","Crippling Poison"],"relics":["Ring of the Snake","Ornamental Fan","hubris:EvacipatedBox","Frozen Egg 2","ReplayTheSpireMod:TigerMarble","Orichalcum","Black Star","MerchantsRug","Tiny Chest","Replay:Multitool","Replay:Wax Seal","MutagenicStrength","Replay:WaspNest","Replay:Bandana","Ring of Chaos","Guide Book","hubris:GlazedTorus","Counterbalance","hubris:FunFungus","Mango","Snack Pack","hubris:Towel"],"acts_visited":["Exordium","TheCity","TheBeyond"],"potions_floor_usage":[40,40,40,44,50,50],"damage_taken":[{"damage":0.0,"enemies":"Cultist","floor":1.0,"turns":3.0},{"damage":0.0,"enemies":"2 Louse","floor":2.0,"turns":2.0},{"damage":0.0,"enemies":"Jaw Worm","floor":3.0,"turns":2.0},{"damage":0.0,"enemies":"3 Louse","floor":5.0,"turns":3.0},{"damage":14.0,"enemies":"3 Sentries","floor":6.0,"turns":6.0},{"damage":0.0,"enemies":"Gremlin Nob","floor":8.0,"turns":3.0},{"damage":7.0,"enemies":"Replay:BlueRogue","floor":10.0,"turns":3.0},{"damage":0.0,"enemies":"Exordium Thugs","floor":12.0,"turns":2.0},{"damage":32.0,"enemies":"Fading Forest","floor":16.0,"turns":11.0},{"damage":3.0,"enemies":"Shell Parasite","floor":18.0,"turns":4.0},{"damage":10.0,"enemies":"Book of Stabbing","floor":23.0,"turns":3.0},{"damage":8.0,"enemies":"3 Byrds","floor":25.0,"turns":3.0},{"damage":9.0,"enemies":"Snecko","floor":29.0,"turns":2.0},{"damage":16.0,"enemies":"3 Cultists","floor":31.0,"turns":4.0},{"damage":32.0,"enemies":"Pondfish","floor":33.0,"turns":6.0},{"damage":0,"enemies":"3 Darklings","floor":35,"turns":2},{"damage":5,"enemies":"Mind Bloom Boss Battle","floor":37,"turns":5},{"damage":0,"enemies":"3 Shapes","floor":39,"turns":2},{"damage":36,"enemies":"Giant Head","floor":40,"turns":8},{"damage":18,"enemies":"3 Darklings","floor":44,"turns":4},{"damage":56,"enemies":"Awakened One","floor":50,"turns":7}],"seed_played":"3454802573900989749","potions_obtained":[{"floor":2.0,"key":"Swift Potion"},{"floor":3.0,"key":"Fire Potion"},{"floor":6.0,"key":"Reflective Coating"},{"floor":19.0,"key":"LiquidMemories"},{"floor":19.0,"key":"SkillPotion"},{"floor":25.0,"key":"DistilledChaos"},{"floor":31.0,"key":"Weak Potion"},{"floor":37,"key":"Explosive Potion"},{"floor":39,"key":"PowerPotion"}],"is_trial":false,"path_per_floor":["M","M","M","?","M","E","$","E","T","E","R","M","T","?","R","B",null,"M","?","?","?","$","E","R","M","T","R","?","M","$","M","R","B",null,"M","$","?","?","M","E","T","$","T","M","R","$","R","?","R","B"],"character_chosen":"THE_SILENT","items_purchased":["hubris:EvacipatedBox","Dramatic Entrance","MerchantsRug","Corpse Explosion","Replay:WaspNest","Replay:Bandana","Guide Book","Poisoned Stab","Mango","Crippling Poison"],"campfire_rested":3,"item_purchase_floors":[7,22,22,30,30,30,36,36,42,42],"current_hp_per_floor":[53,53,53,53,53,39,20,20,20,13,13,13,13,13,28,6,53,50,50,50,50,50,40,53,45,45,45,45,36,36,20,35,3,53,53,53,48,48,48,12,12,26,26,10,30,30,50,50,50,0,0],"gold":141,"neow_bonus":"","is_daily":false,"chose_seed":false,"campfire_upgraded":2,"win_rate":0.0,"timestamp":1614219153,"path_taken":["M","?","?","?","M","E","?","E","T","E","R","M","?","?","R","BOSS","M","?","?","?","$","E","R","M","T","R","?","M","$","M","R","BOSS","M","$","?","?","M","E","?","$","T","M","R","$","R","?","R","BOSS"],"items_purchased_type":["Relic","Card","Relic","Card","Relic","Relic","Relic","Card","Relic","Card"],"build_version":"2020-12-22","purchased_purges":0,"victory":false,"max_hp_per_floor":[53,53,53,53,53,53,53,53,53,53,53,53,53,53,53,53,53,53,53,53,53,53,53,53,53,53,53,53,53,53,53,53,53,53,53,53,53,53,53,53,53,67,67,67,67,67,67,67,67,67,67],"card_choices":[{"not_picked":["Eviscerate","hubris:Counter"],"picked":"Poisoned Stab","floor":1.0},{"not_picked":["Expertise","Heel Hook"],"picked":"Crippling Poison","floor":2.0},{"not_picked":["Quick Slash","Blade Dance"],"picked":"PiercingWail","floor":3.0},{"not_picked":["Heel Hook","Hidden Blade"],"picked":"Poisoned Stab","floor":5.0},{"not_picked":["Sucker Punch","Expertise"],"picked":"Backstab","floor":6.0},{"not_picked":["Fluid Movement","Blade Dance"],"picked":"Catalyst","floor":8.0},{"not_picked":["Doppelganger","Prepared","Unload"],"picked":"SKIP","floor":10.0},{"not_picked":["Flying Knee","hubris:SlightOfHand"],"picked":"Well Laid Plans+1","floor":12.0},{"not_picked":["A Thousand Cuts+1","Glass Knife"],"picked":"Envenom+1","floor":16.0},{"not_picked":["Infinite Blades+1","Cloak And Dagger+1"],"picked":"Bane","floor":18.0},{"not_picked":["Dodge and Roll+1","Underhanded Strike"],"picked":"Deflect+1","floor":23.0},{"not_picked":["Outmaneuver+1","Dodge and Roll+1"],"picked":"Catalyst","floor":25.0},{"not_picked":["hubris:TrickCloak","Quick Slash"],"picked":"Dagger Spray","floor":29.0},{"not_picked":["Quick Slash+1","Outmaneuver+1","Cloak And Dagger"],"picked":"SKIP","floor":31.0},{"not_picked":["Poison Darts","Grand Finale"],"picked":"Corpse Explosion","floor":33.0},{"not_picked":["Deflect","Flechettes+1","Prepared"],"picked":"SKIP","floor":35},{"not_picked":["Replay:Parry","Panacea"],"picked":"ReplayUltimateDefense+1","floor":38},{"not_picked":["Slice+1","Sucker Punch"],"picked":"Concentrate+1","floor":39},{"not_picked":["Sneak Up+1","Calculated Gamble","Dodge and Roll"],"picked":"SKIP","floor":40},{"not_picked":["Dodge and Roll+1","Quick Slash+1","Dagger Throw"],"picked":"SKIP","floor":44}],"player_experience":524762,"relics_obtained":[{"floor":6.0,"key":"Ornamental Fan"},{"floor":8.0,"key":"MawBank"},{"floor":9.0,"key":"Frozen Egg 2"},{"floor":10.0,"key":"ReplayTheSpireMod:TigerMarble"},{"floor":13.0,"key":"Orichalcum"},{"floor":23.0,"key":"Tiny Chest"},{"floor":23.0,"key":"Replay:Multitool"},{"floor":26.0,"key":"Replay:Wax Seal"},{"floor":37,"key":"hubris:GlazedTorus"},{"floor":40,"key":"Counterbalance"},{"floor":40,"key":"hubris:FunFungus"},{"floor":43,"key":"Snack Pack"}],"event_choices":[{"damage_healed":0.0,"max_hp_gain":0.0,"max_hp_loss":0.0,"gold_gain":0.0,"event_name":"Wheel of Change","player_choice":"Full Heal","floor":4.0,"gold_loss":0.0,"damage_taken":0.0},{"damage_healed":0.0,"max_hp_gain":0.0,"max_hp_loss":0.0,"gold_gain":100.0,"event_name":"Golden Shrine","player_choice":"Pray","floor":14.0,"gold_loss":0.0,"damage_taken":0.0},{"damage_healed":0.0,"max_hp_gain":0.0,"max_hp_loss":0.0,"gold_gain":0.0,"event_name":"Lab","player_choice":"Got Potions","floor":19.0,"gold_loss":0.0,"damage_taken":0.0},{"damage_healed":0.0,"max_hp_gain":0.0,"max_hp_loss":0.0,"gold_gain":0.0,"event_name":"betterNote:BetterNote","player_choice":"Ignored","floor":20.0,"gold_loss":0.0,"damage_taken":0.0,"cards_obtained":["Strike_R"]},{"cards_removed":["PiercingWail"],"damage_healed":0.0,"max_hp_gain":0.0,"max_hp_loss":0.0,"gold_gain":0.0,"event_name":"betterThird:BetterWriting","player_choice":"Elegance","floor":21.0,"gold_loss":0.0,"damage_taken":0.0},{"damage_healed":0.0,"max_hp_gain":0.0,"max_hp_loss":0.0,"gold_gain":0.0,"event_name":"Drug Dealer","player_choice":"Inject Mutagens","floor":28.0,"gold_loss":0.0,"damage_taken":0.0,"relics_obtained":["MutagenicStrength"]},{"damage_healed":0,"gold_gain":0,"player_choice":"Fight","damage_taken":0,"max_hp_gain":0,"max_hp_loss":0,"event_name":"MindBloom","floor":37,"gold_loss":0},{"damage_healed":0,"gold_gain":0,"player_choice":"Random: Blue","damage_taken":0,"max_hp_gain":0,"max_hp_loss":0,"event_name":"betterThird:BetterPortal","floor":38,"gold_loss":0},{"damage_healed":0,"gold_gain":0,"player_choice":"Memory 1","damage_taken":0,"max_hp_gain":0,"max_hp_loss":0,"event_name":"SensoryStone","floor":38,"gold_loss":0}],"is_beta":false,"boss_relics":[{"not_picked":["Velvet Choker","hubris:CrackedHourglass","Runic Pyramid"],"picked":"Black Star"},{"not_picked":["HoveringKite","ChewingGum","Philosopher\u0027s Stone"],"picked":"Ring of Chaos"}],"items_purged_floors":[],"is_endless":false,"potions_floor_spawned":[2,3,6,10,12,25,31,37,39],"killed_by":"Awakened One","ascension_level":1}}