{"host":"dj20jyxj5yo6mk8a","time":1614276019,"event":{"mods":["AchievementEnabler","BaseMod","BetterRewards","Card Forge","Evolution","Gold Saver","Minty Spire (QoL Compilation)","Reliquary","Replay The Spire","StSLib","SuperFastMode","Uncapped"],"gold_per_floor":[894,913,512,512,522,548,548,562,562,588,588,604,621,635,635,740,740,759,759,674,691,708,743,755,755,755,755,785,472,492,517,517,621,621,641,641,178,195,195,210,242,254,254,282,293,293,343,343,343,343],"floor_reached":51,"language":"ENG","playtime":1372,"items_purged":[],"score":1565,"play_id":"4de9c6c5-41c7-4d5a-bc05-591cd82f0602","local_time":"20210225150019","is_ascension_mode":true,"campfire_choices":[{"floor":7,"key":"REST"},{"floor":15,"key":"REST"},{"floor":25,"key":"REST"},{"floor":27,"key":"REST"},{"floor":32,"key":"RECALL"},{"floor":46,"key":"REST"},{"floor":49,"key":"DIG"}],"circlet_count":0,"master_deck":["AscendersBane","White Noise+1","Accuracy+1","Blade Dance+1","LiveForever+1","Dark Shackles+1","Dark Echo+1","BecomeAlmighty+1","Dramatic Entrance+1","Poisoned Strike+1","Sadistic Nature+1","Accuracy+1","Blade Dance+1","White Noise+1","BecomeAlmighty+1","Dramatic Entrance+1","LiveForever+1","Poisoned Strike+1","Sadistic Nature+1","Accuracy+1","Blade Dance+1","White Noise+1","LiveForever+1","BecomeAlmighty+1","LiveForever+1","Accuracy+1","Blade Dance+1","Secret Weapon+1","Finesse+1","Violence+1"],"relics":["Ring of the Serpent","Hammer of Thor","Seething Fire","Anvil of the Gods","EVO:Axolotl","reliquary:Firecrackers","Vajra","reliquary:Sod","Replay:WaspNest","ReplayTheSpireMod:Ninjato","HornCleat","Shuriken","Bird Faced Urn","Replay:Bottled Steam","Ginger","reliquary:FingerTrap","Nunchaku","Pondfish Scales","TungstenRod","Replay:Towering Pillar of Hats","Du-Vu Doll"],"acts_visited":["Exordium","TheCity","TheBeyond"],"potions_floor_usage":[],"damage_taken":[{"damage":0,"enemies":"Cultist","floor":1,"turns":1},{"damage":0,"enemies":"Small Slimes","floor":2,"turns":1},{"damage":0,"enemies":"Jaw Worm","floor":5,"turns":2},{"damage":0,"enemies":"3 Sentries","floor":6,"turns":1},{"damage":0,"enemies":"Blue Slaver","floor":8,"turns":1},{"damage":0,"enemies":"Lagavulin","floor":10,"turns":2},{"damage":0,"enemies":"2 Fungi Beasts","floor":12,"turns":1},{"damage":1,"enemies":"Red Slaver","floor":13,"turns":2},{"damage":4,"enemies":"Exordium Wildlife","floor":14,"turns":2},{"damage":0,"enemies":"Slime Boss","floor":16,"turns":1},{"damage":12,"enemies":"Chosen","floor":18,"turns":2},{"damage":0,"enemies":"3 Byrds","floor":21,"turns":2},{"damage":0,"enemies":"Shelled Parasite and Fungi","floor":22,"turns":1},{"damage":21,"enemies":"Slavers","floor":23,"turns":4},{"damage":0,"enemies":"Sentry and Sphere","floor":24,"turns":2},{"damage":0,"enemies":"Gremlin Leader","floor":28,"turns":1},{"damage":0,"enemies":"Snecko","floor":30,"turns":2},{"damage":22,"enemies":"Book of Stabbing","floor":31,"turns":4},{"damage":2,"enemies":"Champ","floor":33,"turns":3},{"damage":9,"enemies":"3 Shapes","floor":35,"turns":2},{"damage":0,"enemies":"3 Darklings","floor":38,"turns":1},{"damage":0,"enemies":"Jaw Worm Horde","floor":40,"turns":1},{"damage":0,"enemies":"Reptomancer","floor":41,"turns":2},{"damage":0,"enemies":"Sphere and 2 Shapes","floor":42,"turns":2},{"damage":0,"enemies":"R_Hoarder","floor":44,"turns":5},{"damage":0,"enemies":"Transient","floor":45,"turns":3},{"damage":0,"enemies":"Mind Bloom Boss Battle","floor":47,"turns":2},{"damage":21,"enemies":"Awakened One","floor":50,"turns":5}],"seed_played":"3707327934055006698","potions_obtained":[{"floor":18,"key":"FairyPotion"}],"is_trial":false,"path_per_floor":["M","M","$","?","M","E","R","M","T","E","?","M","M","M","R","B",null,"M","?","?","M","M","E","M","R","T","R","E","$","M","E","R","B",null,"M","?","$","M","?","M","E","M","T","E","M","R","?","?","R","B",null],"character_chosen":"THE_SILENT","items_purchased":["reliquary:Firecrackers","Vajra","Bird Faced Urn","Ginger","reliquary:FingerTrap"],"campfire_rested":5,"item_purchase_floors":[3,3,29,37,37],"current_hp_per_floor":[63,63,63,63,63,63,70,70,70,70,70,70,69,65,70,70,70,58,58,58,58,58,37,37,58,58,70,70,70,70,64,64,70,70,63,70,70,70,70,70,70,70,70,70,70,70,70,61,61,65],"gold":343,"neow_bonus":"HUNDRED_GOLD","is_daily":false,"chose_seed":false,"campfire_upgraded":0,"win_rate":0.0,"timestamp":1614276019,"path_taken":["M","M","$","?","M","E","R","M","T","E","?","M","M","M","R","BOSS","M","?","?","M","M","E","M","R","T","R","E","$","M","E","R","BOSS","M","?","$","M","?","?","E","M","T","E","M","R","?","?","R","BOSS"],"items_purchased_type":["Relic","Relic","Relic","Relic","Relic"],"build_version":"2020-12-22","purchased_purges":0,"victory":true,"max_hp_per_floor":[70,70,70,70,70,70,70,70,70,70,70,70,70,70,70,70,70,70,70,70,70,70,70,70,70,70,70,70,70,70,70,70,70,70,70,70,70,70,70,70,70,70,70,70,70,70,70,70,70,70],"card_choices":[{"not_picked":["Quick Slash","Hidden Blade","Underhanded Strike"],"picked":"SKIP","floor":1},{"not_picked":["Slice","Poisoned Stab","Choke"],"picked":"SKIP","floor":2},{"not_picked":["Caltrops","Hidden Blade","Backflip"],"picked":"SKIP","floor":5},{"not_picked":["ReplayTheSpireMod:Necrosis","Outmaneuver","Blade Dance"],"picked":"SKIP","floor":6},{"not_picked":["Slice","Outmaneuver","Draining Mist"],"picked":"SKIP","floor":8},{"not_picked":["Sucker Punch","ReplayTheSpireMod:Shiv Toss","Toxin Wave"],"picked":"SKIP","floor":10},{"not_picked":["Acrobatics","Dodge and Roll","Setup"],"picked":"SKIP","floor":12},{"not_picked":["Footwork","Dodge and Roll","ReplayTheSpireMod:The Works"],"picked":"SKIP","floor":13},{"not_picked":["Prepared","Poisoned Stab","Backflip"],"picked":"SKIP","floor":14},{"not_picked":["Toxin Wave","Blade Dance","Poisoned Stab"],"picked":"SKIP","floor":18},{"not_picked":["Deflect","ReplayTheSpireMod:Tripwire+1","Escape Plan"],"picked":"SKIP","floor":21},{"not_picked":["Acrobatics","Infinite Blades","Heel Hook"],"picked":"SKIP","floor":22},{"not_picked":["Sucker Punch","Slice","Distraction+1"],"picked":"SKIP","floor":23},{"not_picked":["Flying Knee","ReplayTheSpireMod:Scrap Shanks","Footwork"],"picked":"SKIP","floor":24},{"not_picked":["Reflex","ReplayTheSpireMod:Scrap Shanks","Dagger Spray"],"picked":"SKIP","floor":28},{"not_picked":["Skewer+1","Sneak Up+1","Storm of Steel"],"picked":"SKIP","floor":30},{"not_picked":["Acrobatics","Poisoned Stab+1","ReplayTheSpireMod:Exploit Weakness"],"picked":"SKIP","floor":31},{"not_picked":["Flechettes","Backflip+1","Reflex+1"],"picked":"SKIP","floor":35},{"not_picked":["Sucker Punch+1","Slice+1","Underhanded Strike"],"picked":"SKIP","floor":38},{"not_picked":["Masterful Stab+1","Dagger Spray","Dodge and Roll+1"],"picked":"SKIP","floor":40},{"not_picked":["Quick Slash+1","Dodge and Roll","Dagger Throw"],"picked":"SKIP","floor":41},{"not_picked":["Catalyst+1","Dagger Spray+1","Concentrate+1"],"picked":"SKIP","floor":42},{"not_picked":["ReplayTheSpireMod:Speed Training+1","Hidden Blade+1","Quick Slash+1"],"picked":"SKIP","floor":44},{"not_picked":["Venomology","All Out Attack+1","ReplayTheSpireMod:Tripwire+1"],"picked":"SKIP","floor":45},{"not_picked":["The Bomb","Mind Blast"],"picked":"Secret Weapon","floor":48},{"not_picked":["Replay:BasicMightCard","Swift Strike"],"picked":"Finesse","floor":48},{"not_picked":["Metamorphosis","Magnetism"],"picked":"Violence","floor":48}],"player_experience":145362,"relics_obtained":[{"floor":6,"key":"reliquary:Sod"},{"floor":9,"key":"Replay:WaspNest"},{"floor":10,"key":"ReplayTheSpireMod:Ninjato"},{"floor":23,"key":"Shuriken"},{"floor":31,"key":"Replay:Bottled Steam"},{"floor":41,"key":"Nunchaku"},{"floor":43,"key":"Pondfish Scales"},{"floor":44,"key":"TungstenRod"},{"floor":47,"key":"Replay:Towering Pillar of Hats"},{"floor":49,"key":"Du-Vu Doll"}],"event_choices":[{"damage_healed":0,"gold_gain":0,"player_choice":"Ignored","damage_taken":0,"max_hp_gain":0,"max_hp_loss":0,"event_name":"Shining Light","floor":4,"gold_loss":0},{"damage_healed":0,"gold_gain":0,"player_choice":"Simplicity","damage_taken":0,"max_hp_gain":0,"max_hp_loss":0,"event_name":"Back to Basics","floor":19,"gold_loss":0,"cards_upgraded":[]},{"damage_healed":0,"gold_gain":0,"player_choice":"Obtained Relic","damage_taken":0,"relics_obtained":["HornCleat"],"max_hp_gain":0,"max_hp_loss":0,"event_name":"Addict","floor":20,"gold_loss":85},{"damage_healed":18,"gold_gain":0,"player_choice":"Writhe","damage_taken":0,"max_hp_gain":0,"max_hp_loss":0,"event_name":"Winding Halls","floor":36,"gold_loss":0,"cards_obtained":["Writhe"]},{"damage_healed":0,"gold_gain":0,"player_choice":"Bought 0 Potions","damage_taken":0,"max_hp_gain":0,"max_hp_loss":0,"event_name":"The Woman in Blue","floor":39,"gold_loss":0},{"damage_healed":0,"gold_gain":0,"player_choice":"Fight","damage_taken":0,"max_hp_gain":0,"max_hp_loss":0,"event_name":"MindBloom","floor":47,"gold_loss":0},{"damage_healed":0,"gold_gain":0,"player_choice":"Memory 3","damage_taken":10,"max_hp_gain":0,"max_hp_loss":0,"event_name":"SensoryStone","floor":48,"gold_loss":0}],"is_beta":false,"boss_relics":[{"not_picked":["Replay:Wanted Poster","ChewingGum"],"picked":"Ring of the Serpent"},{"not_picked":["HoveringKite","Kintsugi","reliquary:RustamsPendant"]}],"items_purged_floors":[],"is_endless":false,"potions_floor_spawned":[2,8,13,18,21,23,31,33,35,42,45,47],"ascension_level":11}}