{"host":"mconkkfc0dudtfx5","time":1614261561,"event":{"mods":["BaseMod","Highlight Path","Hubris","Marisa£®ÏF”Í°°ƒß¿Ì…≥£©","Minty Spire (QoL Compilation)","Quick Restart","Remilia£®¿Ÿ√◊¿Ú—«£©","Shop Mod","StSLib","The Bug Knight","The Senshi","The Servant 0.9.4","Youmu£®ªÍ∆«—˝√Œ£©","Yuyuko"],"gold_per_floor":[122,149,175,198,221,260,272,304,339,381,393,422,434,434],"floor_reached":13,"language":"ZHS","playtime":1098,"items_purged":[],"score":109,"play_id":"68e33f35-7929-4a71-af21-0437af2454e9","local_time":"20210225215921","is_ascension_mode":true,"campfire_choices":[{"data":"TwelveNightmare","floor":7,"key":"SMITH"}],"circlet_count":0,"master_deck":["Strike_RM","Strike_RM","Strike_RM","Strike_RM","Defend_RM","Defend_RM","Defend_RM","Defend_RM","RedMoon","ScarletShoot","MastersStateliness","ScarletImprint","EternalNight","TwelveNightmare+1","MastersStateliness","MillenniumVampire","MastersStateliness"],"relics":["ScarletHat","MawBank","Happy Flower","Pen Nib","Ancient Tea Set","Shuriken"],"acts_visited":["Exordium"],"potions_floor_usage":[13,13],"damage_taken":[{"damage":0,"enemies":"2 Louse","floor":1,"turns":3},{"damage":2,"enemies":"Jaw Worm","floor":2,"turns":3},{"damage":0,"enemies":"Cultist","floor":3,"turns":4},{"damage":0,"enemies":"Large Slime","floor":4,"turns":9},{"damage":0,"enemies":"Blue Slaver","floor":5,"turns":6},{"damage":3,"enemies":"Gremlin Nob","floor":6,"turns":4},{"damage":13,"enemies":"Lots of Slimes","floor":8,"turns":7},{"damage":4,"enemies":"3 Sentries","floor":10,"turns":12},{"damage":3,"enemies":"3 Louse","floor":12,"turns":5},{"damage":3,"enemies":"Gremlin Nob","floor":13,"turns":5}],"seed_played":"3006234619883397902","potions_obtained":[{"floor":4,"key":"ColorlessPotion"},{"floor":5,"key":"Dexterity Potion"},{"floor":6,"key":"PowerPotion"}],"is_trial":false,"path_per_floor":["M","M","M","M","M","E","R","M","T","E","?","M","E"],"character_chosen":"REMILIA","items_purchased":[],"campfire_rested":0,"item_purchase_floors":[],"current_hp_per_floor":[75,73,74,75,75,73,73,60,60,56,31,31,30,30],"gold":434,"neow_bonus":"RANDOM_COMMON_RELIC","is_daily":false,"chose_seed":false,"campfire_upgraded":1,"win_rate":0.0,"timestamp":1614261561,"path_taken":["M","M","M","M","M","E","R","M","T","E","?","M","E"],"items_purchased_type":[],"build_version":"2020-12-22","purchased_purges":0,"victory":false,"max_hp_per_floor":[75,75,75,75,75,75,75,75,75,75,75,75,75,75],"card_choices":[{"not_picked":["UnderTheZenith","BlasphemousPunishment"],"picked":"MastersStateliness","floor":1},{"not_picked":["FitfulNightmare","HunterOfTheNight"],"picked":"ScarletImprint","floor":2},{"not_picked":["VampireClaw","RedRainbow"],"picked":"EternalNight","floor":3},{"not_picked":["FitfulNightmare","BloodyHallows"],"picked":"TwelveNightmare","floor":4},{"not_picked":["UnstableMagic","EmergencyRegeneration"],"picked":"MastersStateliness","floor":5},{"not_picked":["BloodHunter","ScarletGensokyo"],"picked":"MillenniumVampire","floor":6},{"not_picked":["SuperhumanBloodyKnife","CharismaGuard","ScarletGensokyo"],"picked":"SKIP","floor":8},{"not_picked":["BombardNight","HunterOfTheNight"],"picked":"MastersStateliness","floor":10},{"not_picked":["BadLadyScramble","RedRainbow","BombardNight"],"picked":"SKIP","floor":12}],"player_experience":287621,"relics_obtained":[{"floor":6,"key":"Happy Flower"},{"floor":9,"key":"Pen Nib"},{"floor":10,"key":"Ancient Tea Set"}],"event_choices":[{"damage_healed":0,"gold_gain":0,"player_choice":"Success","damage_taken":25,"relics_obtained":["Shuriken"],"max_hp_gain":0,"max_hp_loss":0,"event_name":"Scrap Ooze","floor":11,"gold_loss":0}],"is_beta":false,"boss_relics":[],"items_purged_floors":[],"is_endless":false,"potions_floor_spawned":[4,5,6,8],"killed_by":"Gremlin Nob","ascension_level":2}}