{"host":"sim2kxx81cjsn49b","time":1614271693,"event":{"mods":["ATMod(阿瑾Mod)","BaseMod","Minty Spire (QoL Compilation)","Reliquary","RumiaBox-露米娅的神秘盒子","StSLib","TestMod","Waifu the Spire","【功能Mod】混沌之环修复补丁"],"gold_per_floor":[-99,301,330,349,349,461,461,512,512,561,142,192,192,192,192,207,207],"floor_reached":16,"language":"ZHS","playtime":637,"items_purged":["Strike_B"],"score":150,"play_id":"b409736a-8fec-49ab-b077-ca0e96566996","local_time":"20210226004813","is_ascension_mode":true,"campfire_choices":[{"data":"AT_WarpDrive","floor":7,"key":"SMITH"},{"data":"Dualcast","floor":13,"key":"SMITH"},{"data":"AT_ThunderBolt","floor":15,"key":"SMITH"}],"circlet_count":0,"master_deck":["Strike_B+1","Strike_B","Strike_B","Defend_B","Defend_B","Defend_B+1","Defend_B","Zap","Dualcast+1","AT_OneInchPunch","AT_ThunderBolt+1","Coolheaded","AT_WarpDrive+1","All For One","Coolheaded","Hologram","Ball Lightning","Electrodynamics","Core Surge"],"relics":["testmod-TestBox","testmod-ArcanaOfDestiny","Runic Dome","Baka","AT_GoldPhoenixTree","MagicDraw2","testmod-Justice","reliquary:RoseTintedGlasses","reliquary:Sod"],"acts_visited":["Exordium"],"potions_floor_usage":[6,16],"damage_taken":[{"damage":0,"enemies":"Small Slimes","floor":1,"turns":2},{"damage":0,"enemies":"Cultist","floor":3,"turns":2},{"damage":0,"enemies":"Jaw Worm","floor":4,"turns":1},{"damage":25,"enemies":"3 Sentries","floor":6,"turns":7},{"damage":23,"enemies":"Gremlin Nob","floor":8,"turns":4},{"damage":9,"enemies":"3 Louse","floor":10,"turns":3},{"damage":0,"enemies":"Lagavulin","floor":12,"turns":4},{"damage":9,"enemies":"Slime Boss","floor":16,"turns":3}],"seed_played":"-6803143591586810808","potions_obtained":[{"floor":1,"key":"testmod-SpacePotion"},{"floor":8,"key":"DistilledChaos"}],"is_trial":false,"path_per_floor":["M","?","M","M","?","E","R","E","T","M","$","E","R","?","R","B"],"character_chosen":"DEFECT","items_purchased":["reliquary:RoseTintedGlasses","Ball Lightning","Electrodynamics"],"campfire_rested":0,"item_purchase_floors":[11,11,11],"current_hp_per_floor":[75,75,75,75,75,50,50,27,27,18,18,18,18,1,1,0,0],"gold":207,"neow_bonus":"BOSS_RELIC","is_daily":false,"chose_seed":false,"campfire_upgraded":3,"win_rate":0.0,"timestamp":1614271693,"path_taken":["M","?","M","M","?","E","R","E","T","?","$","E","R","?","R","BOSS"],"items_purchased_type":["Relic","Card","Card"],"build_version":"2020-12-22","purchased_purges":1,"victory":false,"max_hp_per_floor":[75,75,75,75,75,75,75,75,75,75,75,75,75,75,75,75,75],"card_choices":[{"not_picked":["Cold Snap","Genetic Algorithm"],"picked":"AT_ThunderBolt","floor":1},{"not_picked":["Redo","Heatsinks"],"picked":"Coolheaded","floor":3},{"not_picked":["Beam Cell","Leap"],"picked":"AT_WarpDrive","floor":4},{"not_picked":["Streamline","AT_HeatAcrobatics","Cold Snap"],"picked":"SKIP","floor":6},{"not_picked":["Rebound","Hologram"],"picked":"Coolheaded","floor":8},{"not_picked":["Aggregate","Barrage"],"picked":"Hologram","floor":10},{"not_picked":["Double Energy","AT_HeatAcrobatics"],"picked":"Core Surge","floor":12}],"player_experience":645703,"relics_obtained":[{"floor":1,"key":"Baka"},{"floor":6,"key":"AT_GoldPhoenixTree"},{"floor":8,"key":"MagicDraw2"},{"floor":9,"key":"testmod-Justice"},{"floor":12,"key":"reliquary:Sod"}],"event_choices":[{"damage_healed":0,"gold_gain":400,"player_choice":"Sell","damage_taken":0,"max_hp_gain":0,"max_hp_loss":0,"event_name":"恩洛斯的盘子","floor":2,"relics_lost":["AT_ATBox"],"gold_loss":0},{"damage_healed":0,"gold_gain":0,"player_choice":"1 cards matched","damage_taken":0,"max_hp_gain":0,"max_hp_loss":0,"event_name":"Match and Keep!","floor":5,"gold_loss":0,"cards_obtained":["All For One"]},{"damage_healed":0,"gold_gain":0,"player_choice":"1 cards matched","damage_taken":0,"max_hp_gain":0,"max_hp_loss":0,"event_name":"Match and Keep!","floor":5,"gold_loss":0,"cards_obtained":["All For One"]},{"damage_healed":0,"gold_gain":0,"player_choice":"Entered Light","damage_taken":15,"max_hp_gain":0,"max_hp_loss":0,"event_name":"Shining Light","floor":14,"gold_loss":0,"cards_upgraded":["Strike_B","Defend_B"]}],"is_beta":false,"boss_relics":[],"items_purged_floors":[11],"is_endless":false,"potions_floor_spawned":[1,8],"killed_by":"Slime Boss","ascension_level":1}}