{"host":"dyzdf8svqmiivg97","time":1614272597,"event":{"mods":["AchievementEnabler","BaseMod","Colored Map","DeckTracker","Minty Spire (QoL Compilation)","Quick Restart","Rare Cards Sparkle","SuperFastMode"],"gold_per_floor":[115,134,134,154,7,7,26,26,26,38,51,83,100,100,100,171,171,190,190,36,36,36,36,36],"floor_reached":23,"language":"KOR","playtime":355,"items_purged":["Defend_P"],"score":378,"play_id":"3394ddc0-9a25-4b61-8fec-5162c65f1bc0","local_time":"20210226020317","is_ascension_mode":true,"campfire_choices":[{"data":"Eruption","floor":6.0,"key":"SMITH"},{"data":"ForeignInfluence","floor":8.0,"key":"SMITH"},{"data":"Adaptation","floor":15.0,"key":"SMITH"}],"circlet_count":0,"master_deck":["AscendersBane","Strike_P","Strike_P","Defend_P","Defend_P","Defend_P","Eruption+1","Vigilance","ForeignInfluence+1","Tantrum","FollowUp","Adaptation+1","Vault","DeusExMachina","RitualDagger"],"relics":["HolyWater","Incense Burner","Pantograph","Question Card","Membership Card"],"acts_visited":["Exordium","TheCity"],"potions_floor_usage":[23,23],"damage_taken":[{"damage":0.0,"enemies":"2 Louse","floor":1.0,"turns":3.0},{"damage":0.0,"enemies":"Cultist","floor":2.0,"turns":3.0},{"damage":13.0,"enemies":"Small Slimes","floor":4.0,"turns":6.0},{"damage":12.0,"enemies":"Exordium Wildlife","floor":7.0,"turns":3.0},{"damage":4.0,"enemies":"3 Louse","floor":10.0,"turns":2.0},{"damage":0.0,"enemies":"2 Fungi Beasts","floor":11.0,"turns":1.0},{"damage":0.0,"enemies":"Gremlin Nob","floor":12.0,"turns":2.0},{"damage":0.0,"enemies":"Exordium Wildlife","floor":13.0,"turns":3.0},{"damage":36.0,"enemies":"Slime Boss","floor":16.0,"turns":4.0},{"damage":3.0,"enemies":"Spheric Guardian","floor":18.0,"turns":3.0},{"damage":30,"enemies":"Slavers","floor":23,"turns":1}],"seed_played":"-3945282238008676797","potions_obtained":[{"floor":4.0,"key":"Fire Potion"},{"floor":7.0,"key":"LiquidBronze"},{"floor":13.0,"key":"BlessingOfTheForge"},{"floor":16.0,"key":"DistilledChaos"}],"is_trial":false,"path_per_floor":["M","M","?","M","$","R","M","R","T","M","M","E","M","?","R","B",null,"M","?","$","?","?","E"],"character_chosen":"WATCHER","items_purchased":["ForeignInfluence","Membership Card"],"campfire_rested":0,"item_purchase_floors":[5,20],"current_hp_per_floor":[61,61,61,48,48,48,36,36,36,32,32,32,32,32,32,21,56,53,34,34,34,28,0,0],"gold":36,"neow_bonus":"TRANSFORM_CARD","is_daily":false,"chose_seed":false,"campfire_upgraded":3,"win_rate":0.0,"timestamp":1614272597,"path_taken":["M","M","?","M","$","R","M","R","T","M","?","E","M","?","R","BOSS","M","?","$","?","?","E"],"items_purchased_type":["Card","Relic"],"build_version":"2020-12-22","purchased_purges":1,"victory":false,"max_hp_per_floor":[68,68,68,68,68,68,68,68,68,68,68,68,68,68,68,68,68,68,73,73,73,73,73,73],"card_choices":[{"not_picked":["FlurryOfBlows","SashWhip","WaveOfTheHand"],"picked":"SKIP","floor":1.0},{"not_picked":["Weave","CarveReality","EmptyBody"],"picked":"SKIP","floor":2.0},{"not_picked":["Nirvana","ThirdEye","DeceiveReality"],"picked":"SKIP","floor":4.0},{"not_picked":["Crescendo","SpiritShield"],"picked":"Tantrum","floor":7.0},{"not_picked":["SashWhip","Protect"],"picked":"FollowUp","floor":10.0},{"not_picked":["ThirdEye","Crescendo"],"picked":"Adaptation","floor":11.0},{"not_picked":["Evaluate","Worship"],"picked":"Vault","floor":12.0},{"not_picked":["Fasting2","EmptyMind","FlyingSleeves","Tantrum"],"picked":"SKIP","floor":13.0},{"not_picked":["ConjureBlade","Judgement","Devotion"],"picked":"DeusExMachina","floor":16.0},{"not_picked":["Evaluate+1","Crescendo","ClearTheMind","FlurryOfBlows"],"picked":"SKIP","floor":18.0}],"player_experience":610899,"relics_obtained":[{"floor":9.0,"key":"Pantograph"},{"floor":12.0,"key":"Question Card"}],"event_choices":[{"cards_removed":["ThirdEye"],"damage_healed":0.0,"max_hp_gain":0.0,"max_hp_loss":0.0,"gold_gain":0.0,"event_name":"WeMeetAgain","player_choice":"Gave Card","floor":3.0,"gold_loss":0.0,"damage_taken":0.0,"relics_obtained":["Incense Burner"]},{"cards_removed":["Strike_P"],"damage_healed":0.0,"max_hp_gain":0.0,"max_hp_loss":0.0,"gold_gain":0.0,"event_name":"Living Wall","player_choice":"Forget","floor":14.0,"gold_loss":0.0,"damage_taken":0.0},{"damage_healed":0.0,"max_hp_gain":5.0,"max_hp_loss":0.0,"gold_gain":0.0,"event_name":"Forgotten Altar","player_choice":"Shed Blood","floor":19.0,"gold_loss":0.0,"damage_taken":24.0},{"damage_healed":0,"gold_gain":0,"player_choice":"Ignored","damage_taken":0,"max_hp_gain":0,"max_hp_loss":0,"event_name":"The Mausoleum","floor":21,"gold_loss":0},{"damage_healed":0,"gold_gain":0,"player_choice":"Joined the Cult","damage_taken":6,"max_hp_gain":0,"max_hp_loss":0,"event_name":"Nest","floor":22,"gold_loss":0,"cards_obtained":["RitualDagger"]}],"is_beta":false,"boss_relics":[{"not_picked":["Velvet Choker","SlaversCollar"],"picked":"HolyWater"}],"items_purged_floors":[5],"is_endless":false,"potions_floor_spawned":[4,7,10,13,16,18],"killed_by":"Slavers","ascension_level":15}}