{"host":"iv24d026eac8pm4e","time":1614282962,"event":{"mods":["BaseMod","Minty Spire (QoL Compilation)"],"gold_per_floor":[112,122,134,148,123,139,24,57,57,57,57,92,107,125,125,200,200,218,238,250,250,250,250],"floor_reached":22,"language":"ENG","playtime":684,"items_purged":["Strike_B"],"score":374,"play_id":"ab91797c-45aa-4ca3-b343-c697c3f95dde","local_time":"20210225115602","is_ascension_mode":true,"campfire_choices":[{"data":"Storm","floor":10,"key":"SMITH"},{"floor":15,"key":"REST"}],"circlet_count":0,"master_deck":["AscendersBane","Strike_B","Strike_B","Strike_B","Defend_B","Defend_B","Defend_B","Defend_B","Zap","Dualcast","Conserve Battery","Static Discharge","Undo","Defragment","Sunder","Leap","Defragment","Storm+1","Echo Form","Heatsinks","Turbo","Thunder Strike","Conserve Battery","Conserve Battery"],"relics":["Cracked Core","Vajra","White Beast Statue","Ancient Tea Set","Snecko Eye"],"acts_visited":["Exordium","TheCity"],"potions_floor_usage":[4,8,8,12,12,14,16,20],"damage_taken":[{"damage":7,"enemies":"Small Slimes","floor":1,"turns":3},{"damage":6,"enemies":"Cultist","floor":2,"turns":4},{"damage":4,"enemies":"Jaw Worm","floor":3,"turns":4},{"damage":6,"enemies":"Exordium Wildlife","floor":4,"turns":4},{"damage":11,"enemies":"Exordium Thugs","floor":5,"turns":4},{"damage":4,"enemies":"Blue Slaver","floor":6,"turns":4},{"damage":18,"enemies":"Gremlin Nob","floor":8,"turns":3},{"damage":8,"enemies":"Lagavulin","floor":12,"turns":4},{"damage":9,"enemies":"Red Slaver","floor":13,"turns":3},{"damage":0,"enemies":"Exordium Wildlife","floor":14,"turns":3},{"damage":29,"enemies":"Slime Boss","floor":16,"turns":6},{"damage":15,"enemies":"3 Byrds","floor":18,"turns":4},{"damage":0,"enemies":"Spheric Guardian","floor":19,"turns":3},{"damage":8,"enemies":"Snecko","floor":20,"turns":4},{"damage":17,"enemies":"Snake Plant","floor":22,"turns":1}],"seed_played":"8168685274067785338","potions_obtained":[{"floor":1,"key":"DuplicationPotion"},{"floor":3,"key":"Weak Potion"},{"floor":5,"key":"SkillPotion"},{"floor":6,"key":"Explosive Potion"},{"floor":11,"key":"ColorlessPotion"},{"floor":11,"key":"Regen Potion"},{"floor":12,"key":"SteroidPotion"},{"floor":13,"key":"SpeedPotion"},{"floor":14,"key":"Fire Potion"},{"floor":16,"key":"EntropicBrew"},{"floor":18,"key":"DistilledChaos"},{"floor":20,"key":"Explosive Potion"}],"is_trial":false,"path_per_floor":["M","M","M","M","M","M","$","E","T","R","?","E","M","M","R","B",null,"M","M","M","?","M"],"character_chosen":"DEFECT","items_purchased":["Defragment"],"campfire_rested":1,"item_purchase_floors":[7],"current_hp_per_floor":[64,58,54,48,37,33,33,15,15,15,15,19,10,10,33,4,60,45,45,37,15,0,0],"gold":250,"neow_bonus":"TEN_PERCENT_HP_BONUS","is_daily":false,"chose_seed":false,"campfire_upgraded":1,"win_rate":0.0,"timestamp":1614282962,"path_taken":["M","M","M","M","M","M","$","E","T","R","?","E","M","M","R","BOSS","M","?","M","?","M"],"items_purchased_type":["Card"],"build_version":"2020-12-22","purchased_purges":1,"victory":false,"max_hp_per_floor":[78,78,78,78,78,78,78,78,78,78,78,78,78,78,78,78,78,78,78,78,83,83,83],"card_choices":[{"not_picked":["Rip and Tear","Leap"],"picked":"Conserve Battery","floor":1},{"not_picked":["Hologram","Turbo"],"picked":"Static Discharge","floor":2},{"not_picked":["Steam Power","Self Repair"],"picked":"Undo","floor":3},{"not_picked":["Loop","Leap"],"picked":"Defragment","floor":4},{"not_picked":["Force Field","Reprogram"],"picked":"Sunder","floor":5},{"not_picked":["Rebound","Streamline"],"picked":"Leap","floor":6},{"not_picked":["Double Energy","Steam Power"],"picked":"Storm","floor":8},{"not_picked":["Go for the Eyes","Conserve Battery"],"picked":"Echo Form","floor":12},{"not_picked":["Go for the Eyes","Ball Lightning"],"picked":"Heatsinks","floor":13},{"not_picked":["Beam Cell","Sweeping Beam"],"picked":"Turbo","floor":14},{"not_picked":["Hyperbeam","Meteor Strike"],"picked":"Thunder Strike","floor":16},{"not_picked":["Hologram","Coolheaded"],"picked":"Conserve Battery","floor":18},{"not_picked":["Steam","Heatsinks"],"picked":"Conserve Battery","floor":19},{"not_picked":["FTL","Compile Driver","Barrage"],"picked":"SKIP","floor":20}],"player_experience":2630648,"relics_obtained":[{"floor":8,"key":"Vajra"},{"floor":9,"key":"White Beast Statue"},{"floor":12,"key":"Ancient Tea Set"}],"event_choices":[{"damage_healed":0,"gold_gain":0,"player_choice":"Got Potions","damage_taken":0,"max_hp_gain":0,"max_hp_loss":0,"event_name":"Lab","floor":11,"gold_loss":0},{"damage_healed":0,"gold_gain":0,"player_choice":"Shed Blood","damage_taken":27,"max_hp_gain":5,"max_hp_loss":0,"event_name":"Forgotten Altar","floor":21,"gold_loss":0}],"is_beta":false,"boss_relics":[{"not_picked":["Velvet Choker","Cursed Key"],"picked":"Snecko Eye"}],"items_purged_floors":[7],"is_endless":false,"potions_floor_spawned":[1,3,5,6,12,13,14,16,18,19,20],"killed_by":"Snake Plant","ascension_level":17}}