{"host":"a1eatafr7pisesky","time":1614265981,"event":{"mods":["AchievementEnabler","BaseMod","Colored Map","Keyboard Shortcuts","Minty Spire (QoL Compilation)","Say the Spire","StSLib","SuperFastMode","everything is the same but u backflip on backflip"],"gold_per_floor":[114,39,54,54,54,54,54,54,105,118,149,173,173,73,73,73,73],"floor_reached":16,"language":"KOR","playtime":230,"items_purged":["Normality","Strike_G"],"score":178,"play_id":"ccfc9043-95a9-457e-a437-ed4e681fbbf4","local_time":"20210226001301","is_ascension_mode":true,"campfire_choices":[{"data":"All Out Attack","floor":6.0,"key":"SMITH"},{"floor":8.0,"key":"REST"},{"floor":15.0,"key":"REST"}],"circlet_count":0,"master_deck":["AscendersBane","Strike_G","Strike_G+1","Strike_G+1","Strike_G","Defend_G","Defend_G","Defend_G","Defend_G","Defend_G","Survivor","Neutralize","Corpse Explosion","Backflip","All Out Attack+1","Deadly Poison","Predator"],"relics":["Ring of the Snake","WingedGreaves","Lantern","Sundial","Odd Mushroom","Letter Opener"],"acts_visited":["Exordium"],"potions_floor_usage":[16,16],"damage_taken":[{"damage":13.0,"enemies":"Small Slimes","floor":1.0,"turns":4.0},{"damage":0.0,"enemies":"Jaw Worm","floor":3.0,"turns":5.0},{"damage":0.0,"enemies":"2 Louse","floor":10.0,"turns":2.0},{"damage":28.0,"enemies":"Lagavulin","floor":11.0,"turns":7.0},{"damage":11.0,"enemies":"The Mushroom Lair","floor":12.0,"turns":3.0},{"damage":23,"enemies":"Slime Boss","floor":16,"turns":6}],"seed_played":"1122210329772478566","potions_obtained":[{"floor":3.0,"key":"SpeedPotion"},{"floor":12.0,"key":"LiquidBronze"}],"is_trial":false,"path_per_floor":["M","$","M","?","?","R","?","R","T","M","E","?","T","$","R","B"],"character_chosen":"THE_SILENT","items_purchased":[],"campfire_rested":2,"item_purchase_floors":[],"current_hp_per_floor":[46,46,46,51,40,40,19,40,40,40,12,1,1,1,22,0,0],"gold":73,"neow_bonus":"THREE_RARE_CARDS","is_daily":false,"chose_seed":false,"campfire_upgraded":1,"win_rate":0.0,"timestamp":1614265981,"path_taken":["M","$","M","?","?","R","?","R","T","M","E","?","?","?","R","BOSS"],"items_purchased_type":[],"build_version":"2020-12-22","purchased_purges":2,"victory":false,"max_hp_per_floor":[66,66,66,71,71,71,71,71,71,71,71,71,71,71,71,71,71],"card_choices":[{"not_picked":["Envenom","Bullet Time"],"picked":"Corpse Explosion","floor":0.0},{"not_picked":["Dodge and Roll","Reflex"],"picked":"Backflip","floor":1.0},{"not_picked":["Sucker Punch","Acrobatics"],"picked":"All Out Attack","floor":3.0},{"not_picked":["Slice","Caltrops","Skewer"],"picked":"SKIP","floor":10.0},{"not_picked":["Blade Dance","Poisoned Stab"],"picked":"Deadly Poison","floor":11.0},{"not_picked":["Footwork","Underhanded Strike"],"picked":"Predator","floor":12.0}],"player_experience":497714,"relics_obtained":[{"floor":9.0,"key":"Lantern"},{"floor":11.0,"key":"Sundial"},{"floor":12.0,"key":"Odd Mushroom"},{"floor":13.0,"key":"Letter Opener"}],"event_choices":[{"damage_healed":0.0,"max_hp_gain":5.0,"max_hp_loss":0.0,"gold_gain":0.0,"event_name":"Big Fish","player_choice":"Donut","floor":4.0,"gold_loss":0.0,"damage_taken":0.0},{"damage_healed":0.0,"max_hp_gain":0.0,"max_hp_loss":0.0,"gold_gain":0.0,"event_name":"Scrap Ooze","player_choice":"Success","floor":5.0,"gold_loss":0.0,"damage_taken":11.0,"relics_obtained":["WingedGreaves"]},{"damage_healed":0.0,"max_hp_gain":0.0,"max_hp_loss":0.0,"gold_gain":0.0,"event_name":"Shining Light","player_choice":"Entered Light","floor":7.0,"gold_loss":0.0,"damage_taken":21.0,"cards_upgraded":["Strike_G","Strike_G"]},{"damage_healed":0.0,"max_hp_gain":0.0,"max_hp_loss":0.0,"gold_gain":0.0,"event_name":"Mushrooms","player_choice":"Fought Mushrooms","floor":12.0,"gold_loss":0.0,"damage_taken":0.0}],"is_beta":false,"boss_relics":[],"items_purged_floors":[2,14],"is_endless":false,"potions_floor_spawned":[3,12],"killed_by":"Slime Boss","ascension_level":17}}