{"host":"sim2kxx81cjsn49b","time":1614275764,"event":{"mods":["ATMod(阿瑾Mod)","BaseMod","Minty Spire (QoL Compilation)","Reliquary","RumiaBox-露米娅的神秘盒子","StSLib","TestMod","Waifu the Spire","【功能Mod】混沌之环修复补丁"],"gold_per_floor":[112,112,37,51,51,51,85,35,35,35,35],"floor_reached":10,"language":"ZHS","playtime":214,"items_purged":["Neutralize","Sucker Punch"],"score":128,"play_id":"db4674b9-63d6-445d-af57-24cc7fc2db44","local_time":"20210226015604","is_ascension_mode":true,"campfire_choices":[{"data":"AT_FocusSwordFire","floor":6,"key":"SMITH"}],"circlet_count":0,"master_deck":["AscendersBane","Survivor","AT_FocusSwordFire","Heel Hook","Blur","AT_FocusSwordFire+1","Eviscerate","Deadly Poison","AT_ThistleTea","Slice","Wraith Form v2","AT_HeatAcrobatics","Terror"],"relics":["testmod-TestBox","AT_ATBox","Pandora\u0027s Box","testmod-Brilliant","Golden Idol","Smiling Mask","AT_SilverBalance","AT_SpeedBoots"],"acts_visited":["Exordium"],"potions_floor_usage":[],"damage_taken":[{"damage":0,"enemies":"2 Louse","floor":1,"turns":1},{"damage":0,"enemies":"Small Slimes","floor":4,"turns":1},{"damage":8,"enemies":"Gremlin Nob","floor":7,"turns":3},{"damage":33,"enemies":"3 Sentries","floor":10,"turns":4}],"seed_played":"-3716335670869425109","potions_obtained":[{"floor":7,"key":"GhostInAJar"}],"is_trial":false,"path_per_floor":["M","?","$","M","?","R","E","$","T","E"],"character_chosen":"THE_SILENT","items_purchased":[],"campfire_rested":0,"item_purchase_floors":[],"current_hp_per_floor":[59,36,36,36,25,25,17,17,17,0,0],"gold":35,"neow_bonus":"BOSS_RELIC","is_daily":false,"chose_seed":false,"campfire_upgraded":1,"win_rate":0.0,"timestamp":1614275764,"path_taken":["M","?","$","M","?","R","E","?","T","E"],"items_purchased_type":[],"build_version":"2020-12-22","purchased_purges":2,"victory":false,"max_hp_per_floor":[66,66,66,66,66,66,66,66,66,66,66],"card_choices":[{"not_picked":["Dodge and Roll","PiercingWail","Slice"],"picked":"SKIP","floor":1},{"not_picked":["Backflip","Underhanded Strike","Poisoned Stab"],"picked":"SKIP","floor":4},{"not_picked":["AT_FocusSwordFire","Sucker Punch"],"picked":"Terror","floor":7}],"player_experience":649482,"relics_obtained":[{"floor":7,"key":"AT_SilverBalance"},{"floor":9,"key":"AT_SpeedBoots"}],"event_choices":[{"damage_healed":0,"gold_gain":0,"player_choice":"Take Damage","damage_taken":23,"relics_obtained":["Golden Idol"],"max_hp_gain":0,"max_hp_loss":0,"event_name":"Golden Idol","floor":2,"gold_loss":0},{"damage_healed":0,"gold_gain":0,"player_choice":"Success","damage_taken":11,"relics_obtained":["Smiling Mask"],"max_hp_gain":0,"max_hp_loss":0,"event_name":"Scrap Ooze","floor":5,"gold_loss":0}],"is_beta":false,"boss_relics":[],"items_purged_floors":[3,8],"is_endless":false,"potions_floor_spawned":[7],"killed_by":"3 Sentries","ascension_level":20}}