{"host":"am9dcwhv7hq2nlsk","time":1614235907,"event":{"mods":["ATMod(°¢èªMod)","AchievementEnabler","Act Like it!","Aspiration","BaseMod","BetterRewards","Conspire","Custom Start","Dota2Spire","Marisa£¨ìFÓê¡¡Ä§ÀíÉ³£©","Minty Spire (QoL Compilation)","Reimu£¨²©ÀöÁéÃÎ£©","Remilia£¨ÀÙÃ×ÀòÑÇ£©","Replay The Spire","RumiaBox-Â¶Ã×æ«µÄÉñÃØºÐ×Ó","Shop Mod","Spicy Shops","StSLib","TestMod","The Cursed","The Hierophant","UnlockEverythingMod","[IsaacMod]ÒÔÈö¼âËþ","noobMod","¡¾ÒÅÎï¿¨ÅÆ¡¿REMEMod","óô»ðÖ¸ÄÏ"],"gold_per_floor":[112,112,112,161,161,161,188,188,188,203,237,237,254,446,446,520,520,537,462,462,462,474,474,500,514,514,514,514,548,548,561,561,637,637,650,698,711,711,711,745,379,403,403,529,554,616,631,642,642,642,642,642,642,642,897,1095],"floor_reached":57,"language":"ZHS","playtime":2884,"items_purged":["Strike_B","Defend_B","Strike_B","Defend_B","Defend_B","Shame","AT_HeatAcrobatics","AT_HeatAcrobatics","Doom and Gloom","Force Field","Defend_B"],"score":4243,"play_id":"60e602f9-fc5f-4921-8e7f-6528666af625","local_time":"20210225145147","is_ascension_mode":true,"campfire_choices":[{"data":"AT_FamilyPortrait","floor":6.0,"key":"SMITH"},{"data":"Zap","floor":6.0,"key":"SMITH"},{"data":"AT_StudyProgram","floor":8.0,"key":"SMITH"},{"data":"Defragment","floor":8.0,"key":"SMITH"},{"data":"AT_EMC2","floor":12.0,"key":"SMITH"},{"data":"DemonKingCradle","floor":12.0,"key":"SMITH"},{"data":"ReplayReversal","floor":23.0,"key":"SMITH"},{"data":"Capacitor","floor":23.0,"key":"SMITH"},{"floor":30.0,"key":"DIG"},{"floor":32,"key":"RECALL"}],"circlet_count":0,"master_deck":["AscendersBane","Zap+1","Dualcast","AT_FamilyPortrait+1","DemonKingCradle+1","Defragment+1","Loop+1","Multi-Cast+1","AT_StudyProgram+1","AT_EMC2+1","ReplayReversal+1","ReplayTheSpireMod:Reroute Power+1","Capacitor+1","Heatsinks+1","ElectricPowerLearning","Gash+1","Echo Form","Seek","White Noise","Panic Button+1","Flash of Steel+1","Seek+1"],"relics":["Cracked Core","AT_ATBox","testmod-TestBox","ice","HushsDoor","REME_ComplimentaryCards","testmod-Alchemist","GuppysPaw","SteamSale","Dota2Spire:EyeOfSkadi","AT_Kusabimaru","testmod-Charity","FossilizedHelix","Replay:Rubber Ducky","MoreBug","AT_LudenTempest","AT_ChloranthyRing","Orichalcum","Chaos","Replay:Arrowhead","SteamSale","TungstenRod","Divine Protection","RedLine:ReiMu","aspiration:Nostalgia","Iron Core","Magic Flower","Ccalipers","testmod-AssaultLearning","testmod-PortableAltar","FrozenCore","Dota2Spire:Mjollnir","MagicDraw1","Paper Crane","Singing Bowl","TheBible","Matryoshka","AT_DeathDance","testmod-HeartOfStrike","REME_LimitBreaker","SacredBark","Lantern","Chameleon Ring","Paper Frog","Replay:Multitool","Dota2Spire:ShivaGuard","MealTicket","WristBlade","Dota2Spire:Desolator","GuppysHead","GuppysCollar","Prayer Wheel","Ice Cream","SlaversCollar","Pantograph","D6","conspire:DecoderRing","testmod-Prudence","Runic Capacitor","TheBattery","Replay:Bottled Eggs","Bag of Marbles","YumHeart","CaptainsWheel","PlanX","Dota2Spire:MonkeyKingBar","REME_IWantAll","AT_SpeedBoots","CatCart","Akabeko","SalivaCoin","Ring of the Snake","Dota2Spire:ArcaneBoots","REME_ChargedStone","AT_EbonyIvory","testmod-TimeTraveler","The Courier","Magic Flower","ClockworkSouvenir","BookOfRevelations","REME_CardOfGreed","Leech","BFFS","MerchantsRug","GodSword1","Art of War","Dota2Spire:HandOfMidas","Fusion Hammer","aspiration:FetidBarrel","BookofShadows","Incense Burner","Blood Vial","Thread and Needle","aspiration:FaultyCoupler","ReplayTheSpireMod:Shallot","Happy Flower","Dota2Spire:Butterfly","Habit","Torii","RuthlessExorcism:ReiMu","HoveringKite","conspire:SpecialSausage","Dota2Spire:AssaultCuirass","Busted Crown","conspire:Dentures","Golden Egg","Whetstone","Replay:Frozen Program","Vajra","Champion Belt","AT_RedNoBalance","AT_TheCollector","AT_SilvercatRing","conspire:GiftBox","Toy Ornithopter","SecretRecord","BloodDonationMachine","Dota2Spire:Satanic","DeathBook","Replay:Antivirus Software","GuppysTail"],"acts_visited":["Exordium","TheCity","TheBeyond","TheEnding"],"potions_floor_usage":[45,45,45],"damage_taken":[{"damage":0.0,"enemies":"Small Slimes","floor":1.0,"turns":2.0},{"damage":0.0,"enemies":"Hiden Room Battle","floor":4.0,"turns":2.0},{"damage":0.0,"enemies":"3 Sentries","floor":7.0,"turns":2.0},{"damage":0.0,"enemies":"2 Louse","floor":10.0,"turns":1.0},{"damage":0.0,"enemies":"Replay:BlueRogue","floor":11.0,"turns":2.0},{"damage":0.0,"enemies":"conspire:RoseBush","floor":13.0,"turns":1.0},{"damage":0.0,"enemies":"3 Louse","floor":14.0,"turns":1.0},{"damage":0.0,"enemies":"Hexaghost","floor":16.0,"turns":3.0},{"damage":0.0,"enemies":"conspire:FuzzyDice","floor":18.0,"turns":2.0},{"damage":0.0,"enemies":"Shell Parasite","floor":22.0,"turns":2.0},{"damage":0.0,"enemies":"Gremlin Leader","floor":24.0,"turns":2.0},{"damage":0.0,"enemies":"Snecko","floor":25.0,"turns":2.0},{"damage":0.0,"enemies":"conspire:SneckoGhost","floor":29.0,"turns":1.0},{"damage":0,"enemies":"Sentry and Sphere","floor":31,"turns":1},{"damage":0,"enemies":"Pondfish","floor":33,"turns":3},{"damage":0,"enemies":"Orb Walker","floor":35,"turns":2},{"damage":0,"enemies":"Orin","floor":36,"turns":2},{"damage":0,"enemies":"3 Shapes","floor":37,"turns":1},{"damage":0,"enemies":"R_Hoarder","floor":40,"turns":1},{"damage":0,"enemies":"Nemesis","floor":42,"turns":1},{"damage":0,"enemies":"R_Hoarder","floor":46,"turns":1},{"damage":0,"enemies":"Maw","floor":47,"turns":1},{"damage":0,"enemies":"Spire Growth","floor":48,"turns":1},{"damage":0,"enemies":"Replay:Hell Engine","floor":50,"turns":1},{"damage":0,"enemies":"Time Eater","floor":51,"turns":1},{"damage":0,"enemies":"Shield and Spear","floor":55,"turns":1},{"damage":0,"enemies":"Delirium","floor":56,"turns":2}],"seed_played":"187871272657062175","potions_obtained":[{"floor":13.0,"key":"REME_GoldPotion"},{"floor":24.0,"key":"Explosive Potion"},{"floor":47,"key":"SpeedPotion"}],"is_trial":false,"path_per_floor":["M","?","?","?","?","R","E","R","T","M","E","R","M","M","R","B",null,"M","?","?","$","M","R","E","M","T","$","R","E","R","M","R","B",null,"M","?","M","$","?","E","R","E","T","R","$","E","M","M","R","B","B",null,"R","$","E","B",null],"character_chosen":"DEFECT","items_purchased":["SteamSale","AT_Kusabimaru","testmod-Charity","FossilizedHelix","Replay:Rubber Ducky","MoreBug","AT_ChloranthyRing","Orichalcum","Defragment","Chaos","Diplopia","TungstenRod","Divine Protection","Loop","RedLine:ReiMu","aspiration:Nostalgia","Ccalipers","testmod-AssaultLearning","FrozenCore","Dota2Spire:Mjollnir","MagicDraw1","SkillPotion","Strength Potion","LiquidBronze","Paper Crane","Singing Bowl","TheBible","AT_DeathDance","Replay:Multitool","Dota2Spire:ShivaGuard","MealTicket","WristBlade","ReplayReversal","GuppysHead","GuppysCollar","ReplayTheSpireMod:Reroute Power","Capacitor","Ice Cream","SlaversCollar","Pantograph","Runic Capacitor","TheBattery","Replay:Bottled Eggs","Bag of Marbles","YumHeart","CaptainsWheel","PlanX","Akabeko","SalivaCoin","Ring of the Snake","Dota2Spire:ArcaneBoots","REME_ChargedStone","AT_EbonyIvory","The Courier","Magic Flower","ClockworkSouvenir","AT_HeatAcrobatics","BookOfRevelations","REME_CardOfGreed","testmod-Recursion","MerchantsRug","GodSword1","Art of War","Dota2Spire:HandOfMidas","Fusion Hammer","aspiration:FetidBarrel","Echo Form","BookofShadows","testmod-SpacePotion","Incense Burner","SteroidPotion","Explosive Potion","Fire Potion","PotionOfCapacity","PowerPotion","Fruit Juice","Blood Vial","Thread and Needle","aspiration:FaultyCoupler","Doom and Gloom","Force Field","Happy Flower","Dota2Spire:Butterfly","Flash of Steel","Habit","Torii","RuthlessExorcism:ReiMu","HoveringKite","conspire:SpecialSausage","Dota2Spire:AssaultCuirass","Busted Crown","conspire:Dentures","Golden Egg","Whetstone","Replay:Frozen Program","Vajra","Champion Belt","AT_SilverBalance","AT_TheCollector","AT_SilvercatRing","conspire:GiftBox","Seek","Toy Ornithopter","SecretRecord","BloodDonationMachine","Dota2Spire:Satanic","DeathBook","Replay:Antivirus Software"],"campfire_rested":0,"item_purchase_floors":[0,0,0,0,0,0,0,0,0,0,0,0,0,0,0,0,0,0,0,0,0,0,0,0,0,0,0,0,15,15,15,15,15,17,17,17,21,21,21,21,27,27,27,27,27,27,27,38,38,38,38,38,38,41,41,41,41,41,41,44,44,44,44,45,45,45,45,45,45,45,45,45,45,45,45,45,45,45,45,45,45,49,49,49,49,49,49,49,54,54,54,54,54,54,54,54,54,54,54,54,54,54,54,54,54,54,54,54],"current_hp_per_floor":[30,30,18,10,10,10,11,11,11,57,58,58,61,68,68,77,51,55,54,53,52,57,56,58,62,61,60,59,59,58,62,61,61,60,64,66,70,69,68,70,69,69,68,68,83,86,87,89,88,87,86,85,84,85,59,91],"gold":1095,"neow_bonus":"","is_daily":false,"chose_seed":false,"campfire_upgraded":8,"win_rate":0.0,"timestamp":1614235907,"path_taken":["M","?","?","?","?","R","E","R","T","M","E","R","?","M","R","BOSS","M","?","?","$","M","R","E","M","T","$","R","E","R","M","R","BOSS","M","?","M","$","?","E","R","E","T","R","$","E","M","M","R","BOSS","BOSS","R","$","E","BOSS"],"items_purchased_type":["Relic","Relic","Relic","Relic","Relic","Relic","Relic","Relic","Card","Card","Relic","Relic","Relic","Card","Relic","Relic","Relic","Relic","Relic","Relic","Relic","Potion","Potion","Potion","Relic","Relic","Relic","Relic","Relic","Relic","Relic","Relic","Card","Relic","Relic","Card","Card","Relic","Relic","Relic","Relic","Relic","Relic","Relic","Relic","Relic","Relic","Relic","Relic","Relic","Relic","Relic","Relic","Relic","Relic","Relic","Card","Relic","Relic","Relic","Relic","Relic","Relic","Relic","Relic","Relic","Card","Relic","Potion","Relic","Potion","Potion","Potion","Potion","Potion","Potion","Relic","Relic","Relic","Card","Card","Relic","Relic","Card","Relic","Relic","Relic","Relic","Relic","Relic","Relic","Relic","Relic","Relic","Relic","Relic","Relic","Relic","Relic","Relic","Relic","Card","Relic","Relic","Relic","Relic","Relic","Relic"],"build_version":"2020-12-22","purchased_purges":11,"victory":true,"max_hp_per_floor":[78,77,76,78,77,76,76,75,74,74,74,73,75,79,78,78,51,55,54,53,52,57,56,58,62,61,60,59,59,58,62,61,61,60,64,66,70,69,68,70,69,69,68,68,83,86,87,89,88,87,86,85,84,85,90,91],"card_choices":[{"not_picked":[],"picked":"ChaosCard","floor":0.0},{"not_picked":["Chaos","Sweeping Beam","Cold Snap"],"picked":"Singing Bowl","floor":1.0},{"not_picked":["Tempest","Core Surge","Clash"],"picked":"Singing Bowl","floor":4.0},{"not_picked":["Coolheaded","Beam Cell"],"picked":"AT_StudyProgram","floor":7.0},{"not_picked":["Sunder","FTL"],"picked":"REME_SelfUpgrade","floor":10.0},{"not_picked":["Cold Snap","Bomb","Beam Cell","Hologram"],"picked":"AT_EMC2","floor":11.0},{"not_picked":["Offering","Fusion","Panic Button","Warcry","WeaponsOverheat"],"picked":"Singing Bowl","floor":13.0},{"not_picked":["Coolheaded","Defragment","Cancel"],"picked":"Singing Bowl","floor":14.0},{"not_picked":["REME_Shoggoth","Reaper"],"picked":"ReplayTheSpireMod:Fabricate Wheel","floor":16.0},{"not_picked":["Compile Driver","Aggregate+1","Beam Cell"],"picked":"Singing Bowl","floor":18.0},{"not_picked":["Leap","REME_Compress","Doom and Gloom"],"picked":"Singing Bowl","floor":18.0},{"not_picked":["Panic Button","Compile Driver","AT_EMC2"],"picked":"Singing Bowl","floor":22.0},{"not_picked":["BasicCrystalCard","ReplayGash+1","Doom and Gloom+1"],"picked":"Singing Bowl","floor":22.0},{"not_picked":["Sweeping Beam","Static Discharge","Go for the Eyes"],"picked":"Singing Bowl","floor":24.0},{"not_picked":["Aggregate","Barrage+1","Chaos"],"picked":"Singing Bowl","floor":25.0},{"not_picked":["Panic Button","Ball Lightning","Hyperbeam"],"picked":"Singing Bowl","floor":25.0},{"not_picked":["Cold Snap","Sweeping Beam"],"picked":"Heatsinks+1","floor":29.0},{"not_picked":["Chill","Steam","Hologram"],"picked":"Singing Bowl","floor":31},{"not_picked":["AT_HeatAcrobatics+1","Rebound+1","Cold Snap"],"picked":"Singing Bowl","floor":31},{"not_picked":["Buffer","Hyperbeam","ReplayTheSpireMod:Fabricate Wheel"],"picked":"ElectricPowerLearning","floor":33},{"not_picked":["Ball Lightning","Go for the Eyes","Beam Cell"],"picked":"Singing Bowl","floor":35},{"not_picked":["Sweeping Beam","Beam Cell","Steam"],"picked":"Singing Bowl","floor":35},{"not_picked":["Redo","REME_Whirling","Hologram"],"picked":"Singing Bowl","floor":36},{"not_picked":["Hello World+1","Rainbow","Sweeping Beam"],"picked":"Singing Bowl","floor":37},{"not_picked":["Gash","BasicCrystalCard","Barrage"],"picked":"Singing Bowl","floor":37},{"not_picked":["Panic Button","Steam","Beam Cell+1"],"picked":"Singing Bowl","floor":40},{"not_picked":["AT_HeatAcrobatics","Go for the Eyes"],"picked":"Gash+1","floor":42},{"not_picked":["AT_DarkMatter","ReplaySort","Auto Shields"],"picked":"Singing Bowl","floor":46},{"not_picked":["Rip and Tear","Steam+1"],"picked":"Seek","floor":47},{"not_picked":["Defragment","Steam"],"picked":"White Noise","floor":47},{"not_picked":["Hologram+1","Stack+1"],"picked":"Panic Button+1","floor":48},{"not_picked":["Coolheaded","Ball Lightning","Barrage"],"picked":"Singing Bowl","floor":48},{"not_picked":["REME_ForAll"],"picked":"Singing Bowl","floor":54},{"not_picked":["Crystallizer"],"picked":"Singing Bowl","floor":55}],"player_experience":566210,"relics_obtained":[{"floor":4.0,"key":"REME_LimitBreaker"},{"floor":4.0,"key":"SacredBark"},{"floor":7.0,"key":"Lantern"},{"floor":9.0,"key":"Chameleon Ring"},{"floor":11.0,"key":"Paper Frog"},{"floor":24.0,"key":"D6"},{"floor":26.0,"key":"conspire:DecoderRing"},{"floor":26.0,"key":"testmod-Prudence"},{"floor":29.0,"key":"Dota2Spire:MonkeyKingBar"},{"floor":30.0,"key":"REME_IWantAll"},{"floor":36,"key":"CatCart"},{"floor":40,"key":"testmod-TimeTraveler"},{"floor":42,"key":"Leech"},{"floor":43,"key":"BFFS"},{"floor":46,"key":"ReplayTheSpireMod:Shallot"},{"floor":55,"key":"GuppysTail"}],"event_choices":[{"damage_healed":0.0,"max_hp_gain":0.0,"max_hp_loss":0.0,"gold_gain":0.0,"event_name":"Golden Wing","player_choice":"Ignored","floor":2.0,"gold_loss":0.0,"damage_taken":0.0},{"damage_healed":0.0,"max_hp_gain":0.0,"max_hp_loss":0.0,"gold_gain":0.0,"event_name":"Scrap Ooze","player_choice":"Success","floor":3.0,"gold_loss":0.0,"damage_taken":26.0,"relics_obtained":["testmod-HeartOfStrike"]},{"damage_healed":0.0,"max_hp_gain":0.0,"max_hp_loss":0.0,"gold_gain":0.0,"event_name":"HidenRoomEvent","player_choice":"Fight","floor":4.0,"gold_loss":0.0,"damage_taken":0.0},{"cards_removed":["REME_SelfUpgrade"],"damage_healed":0.0,"max_hp_gain":0.0,"max_hp_loss":0.0,"gold_gain":0.0,"event_name":"Beggar","player_choice":"Gave Gold","floor":19.0,"gold_loss":75.0,"damage_taken":0.0},{"damage_healed":0.0,"max_hp_gain":0.0,"max_hp_loss":0.0,"gold_gain":0.0,"event_name":"Vampires","player_choice":"Ignored","floor":28.0,"gold_loss":0.0,"damage_taken":0.0},{"damage_healed":0,"gold_gain":0,"player_choice":"Fight","damage_taken":0,"max_hp_gain":0,"max_hp_loss":0,"event_name":"OrinTheCat","floor":36,"gold_loss":0},{"cards_removed":["Strike_B"],"damage_healed":0,"gold_gain":0,"player_choice":"Removed Attack","damage_taken":0,"max_hp_gain":0,"max_hp_loss":0,"event_name":"Falling","floor":39,"gold_loss":0}],"is_beta":false,"boss_relics":[{"not_picked":["aspiration:SecretTechniqueScroll","AT_GuinsooRageblade"],"picked":"Dota2Spire:Desolator"},{"not_picked":[]},{"not_picked":["Strawberry","testmod-OneHitWonder"],"picked":"AT_SpeedBoots"},{"not_picked":[]}],"items_purged_floors":[0,0,0,0,0,21,41,44,45,45,49],"is_endless":false,"potions_floor_spawned":[10,13,22,24,29,35,40,47,55],"ascension_level":20}}