{"host":"xumidyqji6pg2yy3","time":1614275846,"event":{"mods":["ATMod(°¢èªMod)","Act Like it!","BaseMod","Colored Map","Gensokyo","Minty Spire (QoL Compilation)","MostiFishMod","Quick Restart","StSLib","TestMod"],"gold_per_floor":[119,119,138,217,230,230,262,262,262,102,116,135,166,166,166,263,263,282,312,128,128,143,474,474,500,569,1568,1568,1568,1600,1617,1617,1915,1915,1931,1931,1931,1951,1951,1951,1986,2005,2032,2063,2090,1867,1895,1970,1970,1970,1970,1970,1335,1365,1365],"floor_reached":56,"language":"ZHS","playtime":3196,"items_purged":["Strike_B","MostiFishMod:Neptune+1"],"score":2210,"play_id":"e5da8914-f889-42be-8703-f1f017fc67e8","local_time":"20210226015726","is_ascension_mode":true,"campfire_choices":[{"data":"AT_DarkMatter","floor":6.0,"key":"SMITH"},{"floor":8.0,"key":"REST"},{"data":"Fission","floor":15.0,"key":"SMITH"},{"data":"MostiFishMod:NightSea","floor":24.0,"key":"SMITH"},{"data":"MostiFishMod:SparklingWater","floor":29.0,"key":"SMITH"},{"floor":32.0,"key":"REST"},{"floor":40,"key":"REST"},{"floor":49,"key":"RECALL"},{"data":"MostiFishMod:ATRI","floor":52,"key":"SMITH"}],"circlet_count":0,"master_deck":["Strike_B","Strike_B","Strike_B","Defend_B+1","Defend_B+1","Defend_B+1","Zap+1","Dualcast+1","AT_FamilyPortrait+1","AT_DarkMatter+1","AT_HeatAcrobatics+1","Recycle+1","Fission+1","MostiFishMod:InterfaceCompatibility+1","MostiFishMod:TheEndOfMoonlight+1","MostiFishMod:SparklingWater+1","MostiFishMod:FantasySummer","MostiFishMod:NightSea+1","Coolheaded+1","Turbo+1","MostiFishMod:ReadyAimFire+1","MostiFishMod:ATRI+1","AT_RightCognition+1","Gensokyo:DreamlikeParadise+1"],"relics":["Cracked Core","AT_ATBox","DaveBox","testmod-TestBox","HollowDreamFlower","testmod-BloodSacrificeSpiritualization","BionicSphere","SynthV:TestCard","Pear","Matryoshka","AT_Manta","Pen Nib","Mercury Hourglass","Enchiridion","MostiFishMod:Haymaker","Gensokyo:PortableGap","Darkstone Periapt","Happy Flower","testmod-AssaultLearning","testmod-InfectionSource","Juzu Bracelet","Anchor","Calipers","AT_TrinityForce","Ice Cream","CaptainsWheel","Toy Ornithopter","Runic Capacitor","Kunai","Gremlin Horn","DataDisk","Letter Opener","PrismaticShard","AT_LudenTempest"],"acts_visited":["Exordium","Gensokyo:Gensokyo","Gensokyo:Gensokyoer","TheEnding"],"potions_floor_usage":[55,55],"damage_taken":[{"damage":6.0,"enemies":"Gensokyo:2_Kodama","floor":1.0,"turns":2.0},{"damage":7.0,"enemies":"Gensokyo:Python","floor":3.0,"turns":1.0},{"damage":7.0,"enemies":"Gensokyo:Gryphon","floor":5.0,"turns":2.0},{"damage":14.0,"enemies":"Gensokyo:Aya","floor":7.0,"turns":4.0},{"damage":7.0,"enemies":"Gensokyo:CorruptedTreant","floor":11.0,"turns":2.0},{"damage":7.0,"enemies":"Gensokyo:Gryphon_and_Rabbit","floor":12.0,"turns":3.0},{"damage":7.0,"enemies":"Gensokyo:Mamizou","floor":13.0,"turns":1.0},{"damage":49.0,"enemies":"Gensokyo:Yukari","floor":16.0,"turns":8.0},{"damage":7.0,"enemies":"Gensokyo:2_Gloops","floor":18.0,"turns":3.0},{"damage":7.0,"enemies":"Gensokyo:AngelMirror","floor":19.0,"turns":1.0},{"damage":7.0,"enemies":"Gensokyo:Wraith","floor":22.0,"turns":4.0},{"damage":7.0,"enemies":"Gensokyo:Tenshi","floor":23.0,"turns":4.0},{"damage":7.0,"enemies":"Gensokyo:Koishi","floor":25.0,"turns":1.0},{"damage":7.0,"enemies":"Gensokyo:Tenshi","floor":30.0,"turns":1.0},{"damage":7.0,"enemies":"Gensokyo:Mirror_and_Dog","floor":31.0,"turns":1.0},{"damage":13,"enemies":"Gensokyo:Eternal_Rivals","floor":33,"turns":1},{"damage":7,"enemies":"Gensokyo:3_Boulders","floor":35,"turns":1},{"damage":15,"enemies":"Gensokyo:3_Boulders","floor":36,"turns":5},{"damage":7,"enemies":"Gensokyo:3_Bats","floor":38,"turns":1},{"damage":7,"enemies":"Gensokyo:Marisa","floor":41,"turns":1},{"damage":7,"enemies":"Gensokyo:3_Boulders","floor":42,"turns":1},{"damage":7,"enemies":"Gensokyo:Doremy","floor":44,"turns":2},{"damage":6,"enemies":"Gensokyo:Kasen","floor":45,"turns":1},{"damage":6,"enemies":"Gensokyo:Marisa","floor":47,"turns":1},{"damage":5,"enemies":"Gensokyo:Yuyuko","floor":50,"turns":1},{"damage":0,"enemies":"Shield and Spear","floor":54,"turns":2},{"damage":13,"enemies":"The Heart","floor":55,"turns":3}],"seed_played":"872239538770959247","potions_obtained":[{"floor":7.0,"key":"ColorlessPotion"},{"floor":12.0,"key":"Energy Potion"},{"floor":18.0,"key":"SkillPotion"},{"floor":23.0,"key":"FairyPotion"}],"is_trial":false,"path_per_floor":["M","?","M","T","M","R","E","R","T","?","M","M","E","?","R","B",null,"M","M","COS","?","M","E","R","E","T","?","?","R","E","M","R","B",null,"M","?","?","M","?","R","E","M","T","E","E","$","E","T","R","B",null,"R","$","E","B",null],"character_chosen":"DEFECT","items_purchased":["Runic Capacitor","DataDisk","Letter Opener","PrismaticShard"],"campfire_rested":3,"item_purchase_floors":[46,53,53,53],"current_hp_per_floor":[62,57,54,54,51,51,41,64,64,64,75,78,71,71,71,22,71,64,61,61,61,58,59,59,56,56,56,56,56,53,50,71,58,71,64,64,54,51,51,71,64,61,61,58,64,62,56,56,56,56,62,62,62,62,59],"gold":1365,"neow_bonus":"ONE_RARE_RELIC","is_daily":false,"chose_seed":false,"campfire_upgraded":5,"win_rate":0.0,"timestamp":1614275846,"path_taken":["M","?","M","?","M","R","E","R","T","?","M","M","E","?","R","BOSS","M","M","COS","?","M","E","R","E","T","?","?","R","E","M","R","BOSS","M","?","?","M","?","R","E","M","T","E","E","$","E","?","R","BOSS","R","$","E","BOSS"],"items_purchased_type":["Relic","Relic","Relic","Relic"],"build_version":"2020-12-22","purchased_purges":2,"victory":true,"max_hp_per_floor":[68,78,78,78,78,78,78,78,78,78,78,78,78,71,71,71,71,71,71,71,71,71,71,71,71,71,71,71,71,71,71,71,71,71,71,71,71,71,71,71,71,71,71,68,65,62,62,62,62,62,62,62,62,62,62],"card_choices":[{"not_picked":["Compile Driver","Gash","AT_EMC2"],"picked":"SKIP","floor":1.0},{"not_picked":["Consume","AT_HeatAcrobatics","Cold Snap","Leap"],"picked":"AT_DarkMatter","floor":3.0},{"not_picked":["MostiFishMod:PushDownKick","Genetic Algorithm","Steam","Melter","MostiFishMod:Nova"],"picked":"SKIP","floor":5.0},{"not_picked":["Scrape","Storm","Compile Driver","Barrage","MostiFishMod:ReprogramOld"],"picked":"SKIP","floor":7.0},{"not_picked":["Hologram","Gash","Streamline","Steam"],"picked":"AT_HeatAcrobatics","floor":11.0},{"not_picked":["Sweeping Beam","Force Field","Rebound","MostiFishMod:PushDownKick"],"picked":"Recycle","floor":12.0},{"not_picked":["Lockon","AT_HeatAcrobatics","Double Energy","MostiFishMod:ReprogramOld"],"picked":"Fission","floor":13.0},{"not_picked":["MostiFishMod:SeaWaves","MostiFishMod:StrandedSiren","MostiFishMod:ATRI","Creative AI"],"picked":"MostiFishMod:InterfaceCompatibility","floor":16.0},{"not_picked":["Gash","Beam Cell+1","Recycle+1","Leap","Scrape+1"],"picked":"SKIP","floor":18.0},{"not_picked":["Stack","MostiFishMod:PushDownKick","Compile Driver","Loop"],"picked":"Coolheaded+1","floor":19.0},{"not_picked":["Redo","Leap+1","AT_HeatAcrobatics","MostiFishMod:LinkProtocol+1"],"picked":"Turbo+1","floor":22.0},{"not_picked":["Go for the Eyes","Conserve Battery","Stack","Tempest"],"picked":"MostiFishMod:ReadyAimFire","floor":23.0},{"not_picked":["AT_EMC2","Leap","Redo","Barrage","MostiFishMod:PushDownKick+1"],"picked":"SKIP","floor":25.0},{"not_picked":["Skim","MostiFishMod:DeathFromBelow","Gash","Streamline"],"picked":"MostiFishMod:ATRI","floor":30.0},{"not_picked":["MostiFishMod:PushDownKick","AT_StudyProgram","Loop","Genetic Algorithm","Gash"],"picked":"SKIP","floor":31.0},{"not_picked":["Fission","MostiFishMod:InterfaceCompatibility","Amplify","Rainbow"],"picked":"AT_RightCognition","floor":33},{"not_picked":["MostiFishMod:Impulse+1","Beam Cell+1","Blizzard+1","MostiFishMod:PushDownKick","Leap"],"picked":"SKIP","floor":35},{"not_picked":["Gensokyo:RainbowDanmaku+1","Gensokyo:MorningStar+1"],"picked":"Gensokyo:DreamlikeParadise+1","floor":36},{"not_picked":["Go for the Eyes","Melter+1","Barrage","Capacitor","Skim+1"],"picked":"SKIP","floor":38},{"not_picked":["Multi-Cast","MostiFishMod:PushDownKick+1","Genetic Algorithm","MostiFishMod:InterfaceCompatibility","Heatsinks"],"picked":"SKIP","floor":41},{"not_picked":["Hologram+1","MostiFishMod:PushDownKick+1","Beam Cell","FTL+1","Streamline+1"],"picked":"SKIP","floor":42},{"not_picked":["Steam","Loop+1","Fusion+1","Rebound+1","Compile Driver+1"],"picked":"SKIP","floor":44},{"not_picked":["Go for the Eyes","Force Field","MostiFishMod:ReprogramOld","AT_DarkMatter","AT_ThunderBolt+1"],"picked":"SKIP","floor":45},{"not_picked":["Undo+1","Steam Power+1","AT_RightCognition","Fusion+1","Tempest+1"],"picked":"SKIP","floor":47},{"not_picked":["Madness","MostiFishMod:PerfectParry+1","Sever Soul","CrushJoints","Enlightenment+1"],"picked":"SKIP","floor":54}],"player_experience":97305,"relics_obtained":[{"floor":1.0,"key":"SynthV:TestCard"},{"floor":4.0,"key":"Matryoshka"},{"floor":7.0,"key":"AT_Manta"},{"floor":9.0,"key":"Pen Nib"},{"floor":9.0,"key":"Mercury Hourglass"},{"floor":13.0,"key":"MostiFishMod:Haymaker"},{"floor":23.0,"key":"Darkstone Periapt"},{"floor":25.0,"key":"Happy Flower"},{"floor":26.0,"key":"testmod-AssaultLearning"},{"floor":26.0,"key":"testmod-InfectionSource"},{"floor":30.0,"key":"Anchor"},{"floor":41,"key":"Ice Cream"},{"floor":44,"key":"CaptainsWheel"},{"floor":45,"key":"Toy Ornithopter"},{"floor":47,"key":"Kunai"},{"floor":48,"key":"Gremlin Horn"},{"floor":54,"key":"AT_LudenTempest"}],"event_choices":[{"damage_healed":0.0,"max_hp_gain":0.0,"max_hp_loss":0.0,"gold_gain":999.0,"event_name":"¶÷ÂåË¹µÄÅÌ×Ó","player_choice":"Sell","floor":27.0,"relics_lost":["MoonlightInvasionPlan"],"gold_loss":0.0,"damage_taken":0.0}],"is_beta":false,"boss_relics":[{"not_picked":["GuanYuAspect","testmod-DreamHouse"],"picked":"MoonlightInvasionPlan"},{"not_picked":["testmod-SaigiyounoYou","Tiny House"],"picked":"AT_TrinityForce"}],"items_purged_floors":[46,53],"is_endless":false,"potions_floor_spawned":[7,12,18,22,23,30,41,44,45,47],"ascension_level":4}}