{"host":"3j2m8n0ywf988fwb","time":1614278065,"event":{"mods":["2.2 Compatiblity","AchievementEnabler","Act Like it!","Aspiration","Astrologer","Aya Shameimaru","BaseMod","Better Altar","Better Match","Better Note","Better Sensory Stone","Better Skull","Better Third Choice","CCEM2","CapriCore","Colored Map","Colored Powertips","Dark Map","GifTheSpireLib","Halation","Highlight Path","Hubris","Infinite Spire","Jedi Mod","Koishi","Marisa????????","Marked Mod","Minty Spire (QoL Compilation)","Permanent Neow","Random Character Button","Relic Stats","Reliquary","Replay The Spire","Ruina","Shop Mod","StSLib","Stuff the Spire","The Alterego","The Animator","The Immortal","The Senshi","The Servant 0.9.4","Unceasing Turn Reminder","Weighted Paths","everything is the same but u backflip on backflip"],"gold_per_floor":[110,110,110,110,129,162,45,45,70,70,70,103,30,42,42,138,138,151,171,171,171,181,181,191,522,602,602,602],"floor_reached":27,"language":"ENG","playtime":2306,"items_purged":[],"score":264,"play_id":"a4542315-f77d-4db7-a85d-fba05d9f3a79","local_time":"20210225123425","is_ascension_mode":false,"campfire_choices":[{"data":"shameimaru:LibraryResearch","floor":8,"key":"SMITH"},{"data":"shameimaru:FlutteringFeyFan","floor":11,"key":"SMITH"},{"data":"shameimaru:GaleBullet","floor":15,"key":"SMITH"},{"data":"shameimaru:PhotoAlbum","floor":21,"key":"SMITH"},{"floor":23,"key":"REST"}],"circlet_count":0,"master_deck":["shameimaru:Strike","shameimaru:Strike","shameimaru:Strike","shameimaru:Strike","shameimaru:Defend","shameimaru:Defend","shameimaru:Defend","shameimaru:Defend","shameimaru:PlayfulTaunt","shameimaru:SnapshotStrike","shameimaru:DashingGrace+1","shameimaru:Opportunity","shameimaru:AirCutter","shameimaru:FlutteringFeyFan+1","shameimaru:LibraryResearch+1","shameimaru:EvasiveManeuver","shameimaru:OutburstingGust","shameimaru:GaleBullet+1","shameimaru:PhotoAlbum+1","hubris:Sloth","hubris:Lust","shameimaru:CandidShot","shameimaru:Foresight+1","shameimaru:Photoshoot","shameimaru:PressRelease"],"relics":["shameimaru:blackbirdfeather","CCEMRelics:HeirloomTomato","StuffTheSpire:Rhapsscallions","halation:StarCompass","jedi:heavyjacket","jedi:arcanewood","jedi:HeartOfTheCards","Replay:Ancient Bell","Oddly Smooth Stone","reliquary:HotPoker","Mango","Old Coin","aspiration:SeaSaltIceCream","Membership Card"],"acts_visited":["Exordium","TheCity"],"potions_floor_usage":[6,27],"damage_taken":[{"damage":6,"enemies":"Cultist","floor":1,"turns":6},{"damage":0,"enemies":"2 Louse","floor":5,"turns":3},{"damage":15,"enemies":"3 Sentries","floor":6,"turns":8},{"damage":21,"enemies":"Gremlin Nob","floor":12,"turns":4},{"damage":0,"enemies":"Small Slimes","floor":14,"turns":3},{"damage":36,"enemies":"The Guardian","floor":16,"turns":8},{"damage":18,"enemies":"Spheric Guardian","floor":18,"turns":4},{"damage":50,"enemies":"3 Byrds","floor":19,"turns":7},{"damage":15,"enemies":"Snecko","floor":22,"turns":4},{"damage":11,"enemies":"Snake Plant","floor":24,"turns":4},{"damage":43,"enemies":"Book of Stabbing","floor":25,"turns":8},{"damage":10,"enemies":"3 Cultists","floor":27,"turns":5}],"seed_played":"-7387559474327713251","potions_obtained":[{"floor":1,"key":"jedi:StrikingPotion"},{"floor":6,"key":"SteroidPotion"},{"floor":19,"key":"Elixir"},{"floor":25,"key":"Languid Potion"}],"is_trial":false,"path_per_floor":["M","T","?","?","M","E","$","R","T","?","R","E","$","M","R","B",null,"M","M","?","R","M","R","M","E","T","M"],"character_chosen":"AYA","items_purchased":["shameimaru:FlutteringFeyFan","shameimaru:LibraryResearch","shameimaru:OutburstingGust"],"campfire_rested":1,"item_purchase_floors":[7,7,13],"current_hp_per_floor":[81,86,86,86,88,75,75,75,75,75,75,56,56,58,58,24,104,88,40,40,40,27,58,49,8,8,0,0],"gold":602,"neow_bonus":"RANDOM_EVENT","is_daily":false,"chose_seed":false,"campfire_upgraded":4,"win_rate":0.0,"timestamp":1614278065,"path_taken":["M","?","?","?","?","E","$","R","T","?","?","E","$","M","R","BOSS","M","M","?","?","M","R","M","E","T","M"],"items_purchased_type":["Card","Card","Card"],"build_version":"2020-12-22","purchased_purges":0,"victory":false,"max_hp_per_floor":[85,90,90,90,90,90,90,90,90,90,90,90,90,90,90,90,104,104,104,104,104,104,104,104,104,104,104,104],"relic_stats":{"counters":[12,64],"obtain_stats":[{"shameimaru:blackbirdfeather":0,"StuffTheSpire:Rhapsscallions":2,"Oddly Smooth Stone":17,"Mango":17,"Replay:Ancient Bell":17,"aspiration:SeaSaltIceCream":26,"halation:StarCompass":3,"jedi:HeartOfTheCards":12,"Old Coin":25,"jedi:heavyjacket":6,"reliquary:HotPoker":17,"Membership Card":26,"CCEMRelics:HeirloomTomato":0,"jedi:arcanewood":10},{"shameimaru:blackbirdfeather":0,"StuffTheSpire:Rhapsscallions":1,"Oddly Smooth Stone":6,"Mango":6,"Replay:Ancient Bell":6,"aspiration:SeaSaltIceCream":11,"halation:StarCompass":1,"jedi:HeartOfTheCards":4,"Old Coin":11,"jedi:heavyjacket":3,"reliquary:HotPoker":6,"Membership Card":11,"CCEMRelics:HeirloomTomato":0,"jedi:arcanewood":3},{"shameimaru:blackbirdfeather":0,"StuffTheSpire:Rhapsscallions":6,"Oddly Smooth Stone":32,"Mango":32,"Replay:Ancient Bell":32,"aspiration:SeaSaltIceCream":59,"halation:StarCompass":6,"jedi:HeartOfTheCards":21,"Old Coin":59,"jedi:heavyjacket":17,"reliquary:HotPoker":32,"Membership Card":59,"CCEMRelics:HeirloomTomato":0,"jedi:arcanewood":17}]},"card_choices":[{"not_picked":["shameimaru:AirSlash","shameimaru:Opportunity"],"picked":"shameimaru:DashingGrace","floor":1},{"not_picked":["shameimaru:ReporterInstinct","shameimaru:Photocopier"],"picked":"shameimaru:Opportunity","floor":5},{"not_picked":["shameimaru:GustFan","shameimaru:LoadedStatement"],"picked":"shameimaru:AirCutter","floor":6},{"not_picked":["shameimaru:CherishingBreeze","shameimaru:LibraryResearch"],"picked":"shameimaru:EvasiveManeuver","floor":12},{"not_picked":["shameimaru:Photoshoot","shameimaru:EvasiveManeuver"],"picked":"shameimaru:GaleBullet","floor":14},{"not_picked":["shameimaru:SplittingGale","shameimaru:OverclockedCamera"],"picked":"shameimaru:PhotoAlbum","floor":16},{"not_picked":["animator:Curse_Nutcracker","hubris:Compulsion"],"picked":"ReplayTheSpireMod:Doomed","floor":17},{"not_picked":["Parasite","Looming Evil"],"picked":"hubris:Sloth","floor":17},{"not_picked":["animator:Curse_Greed","hubris:Envy"],"picked":"hubris:Lust","floor":17},{"not_picked":["shameimaru:OpeningWindAdvent","shameimaru:ReporterInstinct"],"picked":"shameimaru:CandidShot","floor":18},{"not_picked":["shameimaru:AdverseWind+1","shameimaru:Persuade"],"picked":"shameimaru:Foresight+1","floor":19},{"not_picked":["shameimaru:PeerlessWind+1","shameimaru:WhispersOfTheWind"],"picked":"shameimaru:Photoshoot","floor":22},{"not_picked":["shameimaru:DashingGrace","shameimaru:BreezeOfReminiscence"],"picked":"shameimaru:PressRelease","floor":24},{"not_picked":["shameimaru:Foresight","shameimaru:LibraryResearch+1","shameimaru:GustFan"],"picked":"SKIP","floor":25}],"player_experience":946119,"relics_obtained":[{"floor":2,"key":"StuffTheSpire:Rhapsscallions"},{"floor":6,"key":"jedi:heavyjacket"},{"floor":12,"key":"jedi:HeartOfTheCards"},{"floor":25,"key":"Old Coin"},{"floor":26,"key":"aspiration:SeaSaltIceCream"}],"event_choices":[{"damage_healed":0,"gold_gain":0,"player_choice":"Box","damage_taken":0,"relics_obtained":["CCEMRelics:HeirloomTomato"],"max_hp_gain":0,"max_hp_loss":0,"event_name":"Big Fish","floor":0,"gold_loss":0,"cards_obtained":["Regret"]},{"damage_healed":0,"gold_gain":0,"player_choice":"Upgraded","damage_taken":0,"max_hp_gain":0,"max_hp_loss":0,"event_name":"Upgrade Shrine","floor":4,"gold_loss":0,"cards_upgraded":["shameimaru:DashingGrace"]},{"damage_healed":0,"gold_gain":0,"player_choice":"Gave Potion","damage_taken":0,"relics_obtained":["jedi:arcanewood"],"max_hp_gain":0,"max_hp_loss":0,"event_name":"WeMeetAgain","floor":10,"gold_loss":0},{"damage_healed":0,"gold_gain":0,"player_choice":"Bought 0 Potions","damage_taken":0,"max_hp_gain":0,"max_hp_loss":0,"event_name":"The Woman in Blue","floor":20,"gold_loss":0}],"is_beta":false,"boss_relics":[{"not_picked":["StuffTheSpire:RunicConfusion","hubris:Stopwatch"],"picked":"Replay:Ancient Bell"},{"not_picked":["aspiration:TomeofQuesting","StuffTheSpire:TintedRock"],"picked":"Oddly Smooth Stone"},{"not_picked":["aspiration:StickyExplosives","Snack Pack"],"picked":"reliquary:HotPoker"},{"not_picked":["Bird Faced Urn","aspiration:DSix"],"picked":"Mango"}],"items_purged_floors":[],"is_endless":false,"potions_floor_spawned":[1,6,19,25],"killed_by":"3 Cultists","ascension_level":0}}