{"host":"Tylorde","time":1614228175,"event":{"mods":["BaseMod","Minty Spire (QoL Compilation)","Weighted Paths"],"gold_per_floor":[112,112,122,122,137,163,163,176,176,176,211,311,329,345,345,441,491,506,506,106,122,141,170,170,188,240,240,240,264,297,53,53,148,148,164,0,0,0,16,45,45,78,78,97,107,132,159,181,181,181,181,181,68,102,102,102],"floor_reached":55,"language":"ENG","playtime":4988,"items_purged":["Writhe"],"score":1428,"play_id":"94ba8150-48a2-4bb0-a09e-9e9c9e18d7b6","local_time":"20210224204255","is_ascension_mode":true,"campfire_choices":[{"data":"Doppelganger","floor":7,"key":"SMITH"},{"data":"Die Die Die","floor":10,"key":"SMITH"},{"data":"Eviscerate","floor":15,"key":"SMITH"},{"data":"Footwork","floor":24,"key":"SMITH"},{"data":"Envenom","floor":27,"key":"SMITH"},{"data":"Blade Dance","floor":32,"key":"SMITH"},{"floor":41,"key":"RECALL"},{"data":"Prepared","floor":49,"key":"SMITH"},{"data":"Acrobatics","floor":52,"key":"SMITH"}],"circlet_count":0,"master_deck":["AscendersBane","Survivor+1","Neutralize","Eviscerate+1","Envenom+1","Dagger Throw","Riddle With Holes+1","After Image+1","Slice","After Image","Footwork+1","Doppelganger+1","Blade Dance+1","Die Die Die+1","Escape Plan","Backflip","Adrenaline","Cloak And Dagger","Prepared+1","Venomology","Deflect+1","Backflip","Good Instincts","Dramatic Entrance","Blur+1","Blade Dance","Acrobatics+1","Noxious Fumes","Prepared+1","Backflip","Footwork","Acrobatics+1"],"relics":["Pandora\u0027s Box","Tiny Chest","Akabeko","Mummified Hand","Tiny House","Sundial","Anchor","Lee\u0027s Waffle","Bag of Marbles","Omamori","PreservedInsect","Singing Bowl","HoveringKite","Red Mask","Question Card","Paper Crane","Pantograph","CeramicFish","Happy Flower"],"acts_visited":["Exordium","TheCity","TheBeyond","TheEnding"],"potions_floor_usage":[14,16,23,30,33,39,42,48,50,54,55,55,55],"damage_taken":[{"damage":0,"enemies":"2 Louse","floor":1,"turns":3},{"damage":2,"enemies":"Jaw Worm","floor":3,"turns":3},{"damage":0,"enemies":"Cultist","floor":5,"turns":3},{"damage":0,"enemies":"Lagavulin","floor":6,"turns":6},{"damage":2,"enemies":"Blue Slaver","floor":8,"turns":3},{"damage":2,"enemies":"Gremlin Nob","floor":11,"turns":3},{"damage":0,"enemies":"Looter","floor":13,"turns":2},{"damage":2,"enemies":"3 Louse","floor":14,"turns":2},{"damage":6,"enemies":"The Guardian","floor":16,"turns":5},{"damage":0,"enemies":"Spheric Guardian","floor":18,"turns":1},{"damage":0,"enemies":"Chosen","floor":21,"turns":3},{"damage":0,"enemies":"Centurion and Healer","floor":22,"turns":5},{"damage":21,"enemies":"Slavers","floor":23,"turns":4},{"damage":2,"enemies":"Snake Plant","floor":25,"turns":3},{"damage":0,"enemies":"Book of Stabbing","floor":30,"turns":3},{"damage":3,"enemies":"Champ","floor":33,"turns":9},{"damage":6,"enemies":"3 Shapes","floor":35,"turns":4},{"damage":0,"enemies":"3 Darklings","floor":39,"turns":3},{"damage":0,"enemies":"Giant Head","floor":40,"turns":7},{"damage":12,"enemies":"Nemesis","floor":42,"turns":5},{"damage":0,"enemies":"Spire Growth","floor":44,"turns":5},{"damage":0,"enemies":"Transient","floor":45,"turns":5},{"damage":0,"enemies":"Sphere and 2 Shapes","floor":47,"turns":4},{"damage":0,"enemies":"Maw","floor":48,"turns":6},{"damage":0,"enemies":"Donu and Deca","floor":50,"turns":11},{"damage":27,"enemies":"Shield and Spear","floor":54,"turns":6},{"damage":83,"enemies":"The Heart","floor":55,"turns":12}],"seed_played":"7473217412624431953","potions_obtained":[{"floor":5,"key":"SteroidPotion"},{"floor":11,"key":"Energy Potion"},{"floor":17,"key":"Strength Potion"},{"floor":18,"key":"FearPotion"}],"is_trial":false,"path_per_floor":["M","?","M","?","M","E","R","M","T","R","E","?","M","M","R","B",null,"M","?","$","M","M","E","R","M","T","R","?","T","E","$","R","B",null,"M","?","?","?","M","E","R","E","T","M","M","T","M","M","R","B",null,"R","$","E","B"],"character_chosen":"THE_SILENT","items_purchased":["Anchor","Prepared","Lee\u0027s Waffle","Singing Bowl","Backflip","Footwork"],"campfire_rested":0,"item_purchase_floors":[20,20,20,31,53,53],"current_hp_per_floor":[63,63,61,47,47,47,47,45,45,45,43,43,43,41,41,35,66,66,66,82,82,82,61,61,59,59,59,59,59,59,59,59,58,78,72,72,72,64,64,64,64,54,54,56,56,56,56,56,56,81,85,85,85,58,0,0],"gold":102,"neow_bonus":"BOSS_RELIC","is_daily":false,"chose_seed":false,"campfire_upgraded":8,"win_rate":0.0,"timestamp":1614228175,"path_taken":["M","?","M","?","M","E","R","M","T","R","E","?","M","M","R","BOSS","M","?","$","M","M","E","R","M","T","R","?","?","E","$","R","BOSS","M","?","?","?","M","E","R","E","T","M","M","?","?","M","R","BOSS","R","$","E","BOSS"],"items_purchased_type":["Relic","Card","Relic","Relic","Card","Card"],"build_version":"2020-12-18","purchased_purges":1,"victory":false,"max_hp_per_floor":[70,70,70,70,70,70,70,70,70,70,70,70,70,70,70,70,75,75,75,82,82,82,82,82,82,82,82,82,82,82,82,82,84,84,84,84,80,82,82,82,82,84,84,86,86,86,86,86,86,86,86,86,86,86,86,86],"card_choices":[{"not_picked":["Flying Knee","Poisoned Stab"],"picked":"Blade Dance","floor":1},{"not_picked":["Acrobatics","Quick Slash","Underhanded Strike"],"picked":"SKIP","floor":3},{"not_picked":["Well Laid Plans","Acrobatics","Dagger Throw"],"picked":"SKIP","floor":5},{"not_picked":["Endless Agony","Quick Slash"],"picked":"Die Die Die","floor":6},{"not_picked":["Underhanded Strike","Distraction","Flying Knee"],"picked":"SKIP","floor":8},{"not_picked":["Heel Hook","A Thousand Cuts"],"picked":"Escape Plan","floor":11},{"not_picked":["Poisoned Stab","Skewer","Slice"],"picked":"SKIP","floor":13},{"not_picked":["Poisoned Stab","Cloak And Dagger"],"picked":"Backflip","floor":14},{"not_picked":["Bullet Time","Unload"],"picked":"Adrenaline","floor":16},{"not_picked":["Blur","Quick Slash"],"picked":"Cloak And Dagger","floor":18},{"not_picked":["Outmaneuver","Deflect"],"picked":"Venomology","floor":21},{"not_picked":["Cloak And Dagger","Quick Slash","Underhanded Strike"],"picked":"SKIP","floor":22},{"not_picked":["Catalyst","Well Laid Plans"],"picked":"Deflect+1","floor":23},{"not_picked":["Catalyst","Bane","Dagger Throw"],"picked":"SKIP","floor":25},{"not_picked":["Accuracy","Poisoned Stab","Dagger Throw"],"picked":"SKIP","floor":30},{"not_picked":["Unload","Grand Finale","After Image"],"picked":"Singing Bowl","floor":33},{"not_picked":["Heel Hook","Poisoned Stab"],"picked":"Backflip","floor":35},{"not_picked":["Chrysalis","Mayhem"],"picked":"Good Instincts","floor":38},{"not_picked":["PanicButton","Jack Of All Trades"],"picked":"Dramatic Entrance","floor":38},{"not_picked":["Dramatic Entrance","Enlightenment","Mind Blast"],"picked":"Singing Bowl","floor":38},{"not_picked":["Deadly Poison","Sucker Punch"],"picked":"Blur+1","floor":39},{"not_picked":["Dodge and Roll","Reflex"],"picked":"Blade Dance","floor":40},{"not_picked":["Glass Knife","Blur","Caltrops","Backflip"],"picked":"Singing Bowl","floor":42},{"not_picked":["Backflip","Dagger Throw","Caltrops+1","Outmaneuver"],"picked":"Singing Bowl","floor":44},{"not_picked":["Bane+1","Poisoned Stab","Night Terror"],"picked":"Acrobatics","floor":45},{"not_picked":["Deflect","Dagger Throw+1","Backflip"],"picked":"Noxious Fumes","floor":47},{"not_picked":["Backflip","Quick Slash+1","Dagger Spray"],"picked":"Prepared+1","floor":48},{"not_picked":["Bane","Backflip","Poisoned Stab"],"picked":"Acrobatics+1","floor":54}],"player_experience":923432,"relics_obtained":[{"floor":6,"key":"Tiny Chest"},{"floor":9,"key":"Akabeko"},{"floor":11,"key":"Mummified Hand"},{"floor":23,"key":"Bag of Marbles"},{"floor":26,"key":"Omamori"},{"floor":30,"key":"PreservedInsect"},{"floor":40,"key":"Question Card"},{"floor":42,"key":"Paper Crane"},{"floor":43,"key":"Pantograph"},{"floor":46,"key":"CeramicFish"},{"floor":54,"key":"Happy Flower"}],"event_choices":[{"cards_removed":["Grand Finale"],"damage_healed":0,"gold_gain":0,"player_choice":"Forget","damage_taken":0,"max_hp_gain":0,"max_hp_loss":0,"event_name":"Living Wall","floor":2,"gold_loss":0},{"damage_healed":0,"gold_gain":0,"player_choice":"Entered Light","damage_taken":14,"max_hp_gain":0,"max_hp_loss":0,"event_name":"Shining Light","floor":4,"gold_loss":0,"cards_upgraded":["After Image","Riddle With Holes"]},{"damage_healed":0,"gold_gain":100,"player_choice":"Pray","damage_taken":0,"max_hp_gain":0,"max_hp_loss":0,"event_name":"Golden Shrine","floor":12,"gold_loss":0},{"damage_healed":0,"gold_gain":0,"player_choice":"Opened","damage_taken":0,"relics_obtained":["Sundial"],"max_hp_gain":0,"max_hp_loss":0,"event_name":"The Mausoleum","floor":19,"gold_loss":0,"cards_obtained":["Writhe"]},{"damage_healed":0,"gold_gain":0,"player_choice":"Smashed Altar","damage_taken":0,"max_hp_gain":0,"max_hp_loss":0,"event_name":"Forgotten Altar","floor":28,"gold_loss":0,"cards_obtained":["Decay"]},{"damage_healed":0,"gold_gain":0,"player_choice":"Paid","damage_taken":0,"relics_obtained":["Red Mask"],"max_hp_gain":0,"max_hp_loss":0,"event_name":"Tomb of Lord Red Mask","floor":36,"gold_loss":164},{"damage_healed":0,"gold_gain":0,"player_choice":"Max HP","damage_taken":0,"max_hp_gain":0,"max_hp_loss":4,"event_name":"Winding Halls","floor":37,"gold_loss":0},{"damage_healed":0,"gold_gain":0,"player_choice":"Memory 3","damage_taken":10,"max_hp_gain":0,"max_hp_loss":0,"event_name":"SensoryStone","floor":38,"gold_loss":0}],"is_beta":true,"boss_relics":[{"not_picked":["SlaversCollar","Fusion Hammer"],"picked":"Tiny House"},{"not_picked":["Cursed Key","Velvet Choker"],"picked":"HoveringKite"}],"items_purged_floors":[20],"is_endless":false,"potions_floor_spawned":[5,11,13,18,30,40,44,47],"killed_by":"The Heart","ascension_level":12}}