{"host":"ftf7rwqr5w72pdsx","time":1614220301,"event":{"mods":["BaseMod","Bestiary","Minty Spire (QoL Compilation)","Relic Stats","Slay the Relics Exporter"],"gold_per_floor":[109,119,119,119,44,44,44,78,78,93,117,147,222,25,25,129,129,149,161,161,14,25,51,51,141,164,164,243,158,158,191,191,291,291,307,57,75,90,90,118,64,83,83,83,83,100,100,130,130,130,130,130,5,33,33,33],"floor_reached":55,"language":"ENG","playtime":2480,"items_purged":["Defend_B","Strike_B","Pain"],"score":1227,"play_id":"4c231aab-fede-4c31-b36f-030ded37165c","local_time":"20210224203141","is_ascension_mode":true,"campfire_choices":[{"data":"Reprogram","floor":6,"key":"SMITH"},{"data":"Beam Cell","floor":15,"key":"SMITH"},{"data":"Creative AI","floor":24,"key":"SMITH"},{"floor":27,"key":"REST"},{"floor":30,"key":"REST"},{"floor":32,"key":"REST"},{"floor":44,"key":"REST"},{"floor":49,"key":"RECALL"},{"data":"Hyperbeam","floor":52,"key":"SMITH"}],"circlet_count":0,"master_deck":["AscendersBane","Strike_B","Strike_B","Defend_B","Defend_B","Defend_B","Reprogram+1","Conserve Battery","Beam Cell+1","Conserve Battery","Sweeping Beam","Gash","Creative AI+1","Auto Shields","Gash","Undo+1","Go for the Eyes","Gash","Hyperbeam+1","Steam Power","Sweeping Beam+1","Go for the Eyes","Fusion","Echo Form","Reprogram+1"],"relics":["Cracked Core","NeowsBlessing","Mercury Hourglass","Juzu Bracelet","Lantern","Akabeko","Anchor","Medical Kit","SlaversCollar","Bag of Preparation","Blue Candle","Ancient Tea Set","Singing Bowl","Mummified Hand","Happy Flower","Nuclear Battery","Blood Vial","WarpedTongs","White Beast Statue","Bottled Flame","Shuriken"],"acts_visited":["Exordium","TheCity","TheBeyond","TheEnding"],"potions_floor_usage":[22,22,33,33,38,48],"damage_taken":[{"damage":0,"enemies":"Small Slimes","floor":1,"turns":1},{"damage":0,"enemies":"Jaw Worm","floor":2,"turns":1},{"damage":0,"enemies":"Gremlin Nob","floor":8,"turns":1},{"damage":2,"enemies":"2 Louse","floor":10,"turns":2},{"damage":4,"enemies":"3 Sentries","floor":12,"turns":5},{"damage":20,"enemies":"Hexaghost","floor":16,"turns":9},{"damage":14,"enemies":"Shell Parasite","floor":18,"turns":5},{"damage":0,"enemies":"Chosen","floor":19,"turns":4},{"damage":2,"enemies":"Centurion and Healer","floor":22,"turns":7},{"damage":9,"enemies":"Slavers","floor":23,"turns":6},{"damage":26,"enemies":"Book of Stabbing","floor":31,"turns":7},{"damage":52,"enemies":"Automaton","floor":33,"turns":9},{"damage":18,"enemies":"3 Darklings","floor":35,"turns":5},{"damage":0,"enemies":"Orb Walker","floor":37,"turns":3},{"damage":25,"enemies":"Writhing Mass","floor":38,"turns":6},{"damage":5,"enemies":"Nemesis","floor":40,"turns":9},{"damage":2,"enemies":"Transient","floor":42,"turns":5},{"damage":0,"enemies":"Sphere and 2 Shapes","floor":46,"turns":1},{"damage":10,"enemies":"Giant Head","floor":48,"turns":6},{"damage":7,"enemies":"Awakened One","floor":50,"turns":12},{"damage":45,"enemies":"Shield and Spear","floor":54,"turns":6},{"damage":40,"enemies":"The Heart","floor":55,"turns":2}],"seed_played":"-1804724679957693252","potions_obtained":[{"floor":1,"key":"Swift Potion"},{"floor":2,"key":"DuplicationPotion"},{"floor":12,"key":"Explosive Potion"},{"floor":31,"key":"AttackPotion"},{"floor":33,"key":"Block Potion"},{"floor":42,"key":"AttackPotion"},{"floor":46,"key":"PotionOfCapacity"},{"floor":48,"key":"SpeedPotion"},{"floor":54,"key":"Strength Potion"}],"is_trial":false,"path_per_floor":["M","M","?","?","$","R","?","E","T","M","T","E","?","$","R","B",null,"M","M","?","$","M","E","R","?","T","R","T","?","R","E","R","B",null,"M","$","M","M","?","E","$","M","T","R","?","M","?","E","R","B",null,"R","$","E","B"],"character_chosen":"DEFECT","items_purchased":["Medical Kit","Gash","Bag of Preparation","Blood Vial","Go for the Eyes"],"campfire_rested":4,"item_purchase_floors":[14,14,21,36,41],"current_hp_per_floor":[68,68,68,65,65,65,65,65,65,63,63,59,48,48,48,28,63,49,49,49,49,47,38,38,20,20,42,42,42,64,38,60,8,58,40,40,42,21,21,20,20,20,20,43,43,45,45,39,39,34,69,69,69,28,0,0],"gold":33,"neow_bonus":"THREE_ENEMY_KILL","is_daily":false,"chose_seed":false,"campfire_upgraded":4,"win_rate":0.0,"timestamp":1614220301,"path_taken":["M","M","?","?","$","R","?","E","T","M","?","E","?","$","R","BOSS","M","M","?","$","M","E","R","?","T","R","?","?","R","E","R","BOSS","M","$","M","M","?","E","$","M","T","R","?","M","?","E","R","BOSS","R","$","E","BOSS"],"items_purchased_type":["Relic","Card","Relic","Relic","Card"],"build_version":"2020-12-22","purchased_purges":3,"victory":false,"max_hp_per_floor":[75,75,75,75,75,75,75,75,75,75,75,75,75,75,75,75,75,75,75,75,75,75,75,75,75,75,75,75,75,75,75,75,75,75,75,75,75,77,77,79,79,79,79,79,79,79,79,81,81,81,81,81,81,83,83,83],"relic_stats":{"Singing Bowl":8,"Happy Flower":[21],"counters":[22,112],"Blue Candle":[6],"Juzu Bracelet":2,"Bag of Preparation":[28],"Medical Kit":[18],"Mercury Hourglass":[401],"WarpedTongs":[41],"Blood Vial":18,"Mummified Hand":[54],"Shuriken":[0],"obtain_stats":[{"Lantern":9,"NeowsBlessing":0,"Singing Bowl":28,"Happy Flower":31,"Blue Candle":23,"Juzu Bracelet":8,"Bag of Preparation":21,"Medical Kit":14,"Ancient Tea Set":26,"Akabeko":11,"White Beast Statue":40,"Mercury Hourglass":4,"Nuclear Battery":34,"WarpedTongs":39,"Blood Vial":36,"SlaversCollar":17,"Anchor":12,"Bottled Flame":48,"Mummified Hand":29,"Shuriken":54,"Cracked Core":0},{"Lantern":3,"NeowsBlessing":0,"Singing Bowl":10,"Happy Flower":11,"Blue Candle":10,"Juzu Bracelet":3,"Bag of Preparation":8,"Medical Kit":5,"Ancient Tea Set":10,"Akabeko":4,"White Beast Statue":16,"Mercury Hourglass":2,"Nuclear Battery":12,"WarpedTongs":15,"Blood Vial":13,"SlaversCollar":6,"Anchor":5,"Bottled Flame":19,"Mummified Hand":10,"Shuriken":21,"Cracked Core":0},{"Lantern":3,"NeowsBlessing":0,"Singing Bowl":41,"Happy Flower":48,"Blue Candle":41,"Juzu Bracelet":3,"Bag of Preparation":28,"Medical Kit":10,"Ancient Tea Set":41,"Akabeko":5,"White Beast Statue":80,"Mercury Hourglass":2,"Nuclear Battery":57,"WarpedTongs":71,"Blood Vial":62,"SlaversCollar":19,"Anchor":10,"Bottled Flame":92,"Mummified Hand":41,"Shuriken":110,"Cracked Core":0}]},"card_choices":[{"not_picked":["Beam Cell","Coolheaded"],"picked":"Reprogram","floor":1},{"not_picked":["Steam","Redo"],"picked":"Conserve Battery","floor":2},{"not_picked":["Electrodynamics","Redo"],"picked":"Beam Cell","floor":8},{"not_picked":["Compile Driver","Coolheaded"],"picked":"Conserve Battery","floor":10},{"not_picked":["Consume","Conserve Battery"],"picked":"Sweeping Beam","floor":12},{"not_picked":["Hyperbeam","Seek"],"picked":"Creative AI","floor":16},{"not_picked":["Consume","Sunder"],"picked":"Auto Shields","floor":18},{"not_picked":["Rip and Tear","Redo"],"picked":"Gash","floor":19},{"not_picked":["Skim","Turbo+1"],"picked":"Undo+1","floor":22},{"not_picked":["Turbo","Aggregate"],"picked":"Go for the Eyes","floor":23},{"not_picked":["Turbo","Skim"],"picked":"Gash","floor":31},{"not_picked":["Fission","Machine Learning"],"picked":"Hyperbeam","floor":33},{"not_picked":["Defragment","Sweeping Beam"],"picked":"Steam Power","floor":35},{"not_picked":["Coolheaded","Redo"],"picked":"Sweeping Beam+1","floor":37},{"not_picked":["Beam Cell","Storm","Turbo"],"picked":"Singing Bowl","floor":38},{"not_picked":["Darkness","Capacitor","Stack+1"],"picked":"Singing Bowl","floor":40},{"not_picked":["Barrage+1","Stack"],"picked":"Fusion","floor":42},{"not_picked":["Sweeping Beam","Beam Cell"],"picked":"Echo Form","floor":46},{"not_picked":["Loop","Redo","Go for the Eyes"],"picked":"Singing Bowl","floor":48},{"not_picked":["Barrage","Turbo+1","BootSequence"],"picked":"Singing Bowl","floor":54}],"player_experience":862043,"relics_obtained":[{"floor":8,"key":"Juzu Bracelet"},{"floor":9,"key":"Lantern"},{"floor":11,"key":"Akabeko"},{"floor":12,"key":"Anchor"},{"floor":23,"key":"Blue Candle"},{"floor":26,"key":"Ancient Tea Set"},{"floor":28,"key":"Singing Bowl"},{"floor":31,"key":"Happy Flower"},{"floor":40,"key":"White Beast Statue"},{"floor":48,"key":"Bottled Flame"},{"floor":54,"key":"Shuriken"}],"event_choices":[{"cards_removed":["Dualcast"],"damage_healed":0,"gold_gain":0,"player_choice":"Forget","damage_taken":0,"max_hp_gain":0,"max_hp_loss":0,"event_name":"Living Wall","floor":3,"gold_loss":0},{"damage_healed":0,"gold_gain":0,"player_choice":"Success","damage_taken":3,"relics_obtained":["Mercury Hourglass"],"max_hp_gain":0,"max_hp_loss":0,"event_name":"Scrap Ooze","floor":4,"gold_loss":0},{"damage_healed":0,"gold_gain":0,"player_choice":"Leave","damage_taken":0,"max_hp_gain":0,"max_hp_loss":0,"event_name":"The Cleric","floor":7,"gold_loss":0},{"damage_healed":0,"gold_gain":75,"player_choice":"Gather Gold","damage_taken":11,"max_hp_gain":0,"max_hp_loss":0,"event_name":"World of Goop","floor":13,"gold_loss":0},{"cards_removed":["Zap"],"damage_healed":0,"gold_gain":0,"player_choice":"Card Removal","damage_taken":0,"max_hp_gain":0,"max_hp_loss":0,"event_name":"Wheel of Change","floor":20,"gold_loss":0},{"damage_healed":0,"gold_gain":90,"player_choice":"POTION GOLD ","damage_taken":18,"max_hp_gain":0,"max_hp_loss":0,"event_name":"Knowing Skull","floor":25,"potions_obtained":["FocusPotion"],"gold_loss":0,"cards_obtained":[]},{"damage_healed":0,"gold_gain":0,"player_choice":"Obtained Relic","damage_taken":0,"relics_obtained":["Mummified Hand"],"max_hp_gain":0,"max_hp_loss":0,"event_name":"Addict","floor":29,"gold_loss":85},{"damage_healed":0,"gold_gain":0,"player_choice":"Rummage","damage_taken":0,"relics_obtained":["WarpedTongs"],"max_hp_gain":0,"max_hp_loss":0,"event_name":"Accursed Blacksmith","floor":39,"gold_loss":0,"cards_obtained":["Pain"]},{"cards_removed":["Strike_B"],"damage_healed":0,"gold_gain":0,"player_choice":"Removed Attack","damage_taken":0,"max_hp_gain":0,"max_hp_loss":0,"event_name":"Falling","floor":45,"gold_loss":0},{"damage_healed":0,"gold_gain":0,"player_choice":"Copied","damage_taken":0,"max_hp_gain":0,"max_hp_loss":0,"event_name":"Duplicator","floor":47,"gold_loss":0,"cards_obtained":["Reprogram"]}],"is_beta":false,"boss_relics":[{"not_picked":["Sozu","Black Star"],"picked":"SlaversCollar"},{"not_picked":["Tiny House","Cursed Key"],"picked":"Nuclear Battery"}],"items_purged_floors":[5,36,53],"is_endless":false,"potions_floor_spawned":[1,2,10,12,18,31,33,42,46,48,54],"killed_by":"The Heart","ascension_level":12}}