{"host":"7oiwk103j2prpym5","time":1614274223,"event":{"mods":["BaseMod","BetterRewards","Colored Map","Colored Powertips","GifTheSpireLib","Infinite Spire","Minty Spire (QoL Compilation)","Permanent Neow","Relic Filter Mod","Reliquary","Remove Card Discount Mod","Replay The Spire","StSLib","Stuff the Spire","Weighted Paths"],"gold_per_floor":[114,31,31,31,31,31,58,68,68,96,111,124,149,163,163,259,559,579,579,598,598,598],"floor_reached":21,"language":"ENG","playtime":1996,"items_purged":["Defend_G","Strike_G","Strike_G","Defend_G","Defend_G","Strike_G"],"score":324,"play_id":"28593992-fbf0-43bf-b68c-c5222d0b4205","local_time":"20210225113023","is_ascension_mode":false,"campfire_choices":[{"floor":6,"key":"RECALL"},{"floor":15,"key":"REST"}],"circlet_count":0,"master_deck":["Strike_G","Strike_G","Defend_G","Defend_G","Survivor","Neutralize","Backflip","Sadistic Nature","Deflect","Heel Hook","Dagger Spray","Prepared","Noxious Fumes","Pain","ReplayTheSpireMod:IOU","infinitespire:SevenWalls","PiercingWail","Underhanded Strike","Riddle With Holes","Flying Knee","Skewer","CurseOfTheBell","Catalyst"],"relics":["Ring of the Snake","infinitespire:Joker Card","Replay:Towering Pillar of Hats","reliquary:Vitrine","StuffTheSpire:RubySignet","Ice Cream","reliquary:Sideboard","Calling Bell","reliquary:PorcupineQuills","StuffTheSpire:PointBlank","Old Coin"],"acts_visited":["Exordium","TheCity"],"potions_floor_usage":[21],"damage_taken":[{"damage":1,"enemies":"Cultist","floor":1,"turns":3},{"damage":16,"enemies":"Lagavulin","floor":7,"turns":6},{"damage":0,"enemies":"Small Slimes","floor":8,"turns":3},{"damage":3,"enemies":"Gremlin Nob","floor":10,"turns":4},{"damage":1,"enemies":"Jaw Worm","floor":11,"turns":2},{"damage":2,"enemies":"Blue Slaver","floor":12,"turns":3},{"damage":15,"enemies":"Lagavulin","floor":13,"turns":5},{"damage":0,"enemies":"2 Fungi Beasts","floor":14,"turns":2},{"damage":12,"enemies":"Slime Boss","floor":16,"turns":5},{"damage":15,"enemies":"2 Thieves","floor":18,"turns":5},{"damage":25,"enemies":"Shell Parasite","floor":20,"turns":6},{"damage":38,"enemies":"3 Cultists","floor":21,"turns":7}],"seed_played":"7465375121624684483","potions_obtained":[{"floor":11,"key":"Ancient Potion"},{"floor":16,"key":"Elixir"}],"is_trial":false,"path_per_floor":["M","$","?","?","$","R","E","M","T","E","M","M","E","M","R","B",null,"M","?","M","M"],"character_chosen":"THE_SILENT","items_purchased":["Backflip","Sadistic Nature","Replay:Towering Pillar of Hats","Heel Hook","Dagger Spray","Bandage Up","Noxious Fumes"],"campfire_rested":1,"item_purchase_floors":[0,0,0,0,0,0,2],"current_hp_per_floor":[48,48,48,69,69,69,57,57,57,56,55,53,42,44,65,53,70,59,59,38,0,0],"gold":598,"neow_bonus":"","is_daily":false,"chose_seed":false,"campfire_upgraded":0,"win_rate":0.0,"timestamp":1614274223,"path_taken":["M","?","?","?","$","R","E","M","T","E","?","M","E","M","R","BOSS","M","?","M","M"],"items_purchased_type":["Card","Card","Relic","Card","Card","Card","Card"],"build_version":"2020-12-22","purchased_purges":6,"victory":false,"max_hp_per_floor":[70,70,70,70,70,70,70,70,70,70,70,70,70,70,70,70,70,70,70,70,70,70],"card_choices":[{"not_picked":["StuffTheSpire:ClusterCrunch","ReplayTheSpireMod:The Works"],"picked":"Prepared","floor":1},{"not_picked":["ReplayTheSpireMod:Echoes of Time","ReplayTheSpireMod:Chaos Vortex"],"picked":"infinitespire:SevenWalls","floor":3},{"not_picked":["Dagger Spray","Acrobatics"],"picked":"PiercingWail","floor":7},{"not_picked":["StuffTheSpire:Incantation","Acrobatics"],"picked":"Underhanded Strike","floor":8},{"not_picked":["Escape Plan","StuffTheSpire:Incursion"],"picked":"Riddle With Holes","floor":10},{"not_picked":["StuffTheSpire:Python","Underhanded Strike"],"picked":"Flying Knee","floor":11},{"not_picked":["PiercingWail","Heel Hook"],"picked":"Skewer","floor":12},{"not_picked":["Die Die Die","Sneak Up"],"picked":"Toxin Wave","floor":13},{"not_picked":["Backstab","Finisher","Blade Dance"],"picked":"SKIP","floor":14},{"not_picked":["After Image","Grand Finale"],"picked":"Burst","floor":16},{"not_picked":["Quick Slash","Backflip"],"picked":"Acrobatics+1","floor":18},{"not_picked":["Cloak And Dagger","Deflect+1"],"picked":"Poisoned Stab+1","floor":20}],"player_experience":916178,"relics_obtained":[{"floor":7,"key":"reliquary:Vitrine"},{"floor":9,"key":"StuffTheSpire:RubySignet"},{"floor":10,"key":"Ice Cream"},{"floor":13,"key":"reliquary:Sideboard"},{"floor":17,"key":"reliquary:PorcupineQuills"},{"floor":17,"key":"StuffTheSpire:PointBlank"},{"floor":17,"key":"Old Coin"}],"event_choices":[{"damage_healed":0,"gold_gain":0,"player_choice":"Read","damage_taken":0,"max_hp_gain":0,"max_hp_loss":0,"event_name":"The Library","floor":19,"gold_loss":0,"cards_obtained":["Catalyst"]}],"is_beta":false,"boss_relics":[{"not_picked":["Painkiller Herb","Replay:Drink Me"],"picked":"Calling Bell"}],"items_purged_floors":[0,0,0,0,2,2],"is_endless":false,"potions_floor_spawned":[11,16],"killed_by":"3 Cultists","ascension_level":0}}