{"host":"mu5qkq7030l6349q","time":1614287460,"event":{"mods":["AchievementEnabler","BaseMod","Colored Powertips","Downfall","Highlight Path","Minty Spire (QoL Compilation)","Permanent Neow","Rare Cards Sparkle","Relic Sorter","Relic Stats","StSLib","Wide Potions"],"gold_per_floor":[116,128,128,173,19,51,51,71,94,107,107,135,155,189,189,189,189],"floor_reached":16,"language":"ENG","playtime":828,"items_purged":[],"score":187,"play_id":"9c011177-18dd-4da7-95cf-b734f5f3de74","local_time":"20210225221100","is_ascension_mode":true,"campfire_choices":[{"data":"True Grit","floor":7.0,"key":"SMITH"},{"data":"Heavy Blade","floor":15,"key":"SMITH"}],"circlet_count":0,"master_deck":["Strike_R","Strike_R","Strike_R","Strike_R","Defend_R","Defend_R","Defend_R","Defend_R","Bash","True Grit+1","Headbutt","Regret","Flex","Twin Strike","Pummel","Heavy Blade+1","Sword Boomerang"],"relics":["Burning Blood","Tiny Chest","Orichalcum","Sling","Omamori","Regal Pillow","Eternal Feather","Pen Nib","PreservedInsect"],"acts_visited":["Exordium"],"potions_floor_usage":[14,16],"damage_taken":[{"damage":1.0,"enemies":"Cultist","floor":1.0,"turns":3.0},{"damage":16.0,"enemies":"Jaw Worm","floor":2.0,"turns":7.0},{"damage":46.0,"enemies":"Lagavulin","floor":6.0,"turns":7.0},{"damage":7.0,"enemies":"2 Louse","floor":8.0,"turns":3.0},{"damage":13.0,"enemies":"Lots of Slimes","floor":10.0,"turns":5.0},{"damage":0,"enemies":"Gremlin Nob","floor":12,"turns":2},{"damage":6,"enemies":"Blue Slaver","floor":13,"turns":3},{"damage":0,"enemies":"Lagavulin","floor":14,"turns":2},{"damage":50,"enemies":"Slime Boss","floor":16,"turns":7}],"seed_played":"4452609890423215846","potions_obtained":[{"floor":6.0,"key":"DistilledChaos"},{"floor":8.0,"key":"Weak Potion"},{"floor":12,"key":"LiquidMemories"}],"is_trial":false,"path_per_floor":["M","M","?","T","$","E","R","M","T","M","T","E","M","E","R","B"],"character_chosen":"IRONCLAD","items_purchased":["Sling"],"campfire_rested":0,"item_purchase_floors":[5],"current_hp_per_floor":[80,70,70,70,70,30,30,29,29,22,22,28,28,34,43,0,0],"gold":189,"neow_bonus":"REMOVE_CARD","is_daily":false,"chose_seed":false,"campfire_upgraded":2,"win_rate":0.0,"timestamp":1614287460,"path_taken":["M","?","?","?","?","E","R","?","T","M","?","E","M","E","R","BOSS"],"items_purchased_type":["Relic"],"build_version":"2020-12-22","purchased_purges":0,"victory":false,"max_hp_per_floor":[80,80,80,80,80,80,80,80,80,80,80,80,80,80,80,80,80],"relic_stats":{"Regal Pillow":0,"counters":[9,39],"Tiny Chest":1,"Eternal Feather":9,"Pen Nib":[2],"PreservedInsect":0,"Orichalcum":[60],"obtain_stats":[{"Regal Pillow":9,"Tiny Chest":3,"Eternal Feather":11,"Pen Nib":12,"PreservedInsect":14,"Omamori":6,"Orichalcum":4,"Sling":5,"Burning Blood":0},{"Regal Pillow":4,"Tiny Chest":2,"Eternal Feather":5,"Pen Nib":6,"PreservedInsect":8,"Omamori":3,"Orichalcum":2,"Sling":2,"Burning Blood":0},{"Regal Pillow":20,"Tiny Chest":10,"Eternal Feather":25,"Pen Nib":27,"PreservedInsect":32,"Omamori":17,"Orichalcum":10,"Sling":10,"Burning Blood":0}],"Burning Blood":43},"card_choices":[{"not_picked":["Cleave","Shockwave"],"picked":"True Grit","floor":1.0},{"not_picked":["Clash","Clothesline"],"picked":"Headbutt","floor":2.0},{"not_picked":["Uppercut","Headbutt"],"picked":"Flex","floor":6.0},{"not_picked":["Shockwave","Armaments"],"picked":"Twin Strike","floor":8.0},{"not_picked":["Offering","Perfected Strike"],"picked":"Pummel","floor":10.0},{"not_picked":["Blood for Blood","Seeing Red"],"picked":"Heavy Blade","floor":12},{"not_picked":["True Grit","Headbutt"],"picked":"Sword Boomerang","floor":13},{"not_picked":["Armaments","Seeing Red","True Grit"],"picked":"SKIP","floor":14}],"player_experience":104912,"relics_obtained":[{"floor":4.0,"key":"Orichalcum"},{"floor":6.0,"key":"Omamori"},{"floor":9.0,"key":"Regal Pillow"},{"floor":11.0,"key":"Eternal Feather"},{"floor":12,"key":"Pen Nib"},{"floor":14,"key":"PreservedInsect"}],"event_choices":[{"damage_healed":0.0,"max_hp_gain":0.0,"max_hp_loss":0.0,"gold_gain":0.0,"event_name":"Big Fish","player_choice":"Box","floor":3.0,"gold_loss":0.0,"damage_taken":0.0,"relics_obtained":["Tiny Chest"],"cards_obtained":["Regret"]}],"is_beta":false,"boss_relics":[],"items_purged_floors":[],"is_endless":false,"potions_floor_spawned":[6,8,12],"killed_by":"Slime Boss","ascension_level":2}}