{"host":"2162l6swvnky91ct","time":1614286552,"event":{"mods":["AchievementEnabler","BaseMod","Downfall","Hermit","Marisa????????","Minty Spire (QoL Compilation)","Replay The Spire","StSLib","The Cursed","The Servant 0.9.4"],"gold_per_floor":[99,112,130,146,161,173,173,173,206,206,233,233,233,233],"floor_reached":12,"language":"ENG","playtime":770,"items_purged":[],"score":80,"play_id":"7ca2e043-bc62-4233-b81a-ac8289d00299","local_time":"20210225215552","is_ascension_mode":false,"campfire_choices":[{"floor":1.0,"key":"RECALL"},{"floor":8.0,"key":"REST"}],"circlet_count":0,"master_deck":["hexamod:Strike","hexamod:Strike","hexamod:Strike","hexamod:Strike","hexamod:Defend","hexamod:Defend","hexamod:Defend","hexamod:Defend","hexamod:Sear","hexamod:Float","hexamod:PhantomCloak","hexamod:ChargedBarrage","hexamod:RecurringNightmare","hexamod:EmpoweredFlame"],"relics":["ReplayTheSpireMod:Shallot","m_DevilBlood","Boot"],"acts_visited":["Exordium"],"potions_floor_usage":[12,12],"damage_taken":[{"damage":5.0,"enemies":"Small Slimes","floor":2.0,"turns":4.0},{"damage":15.0,"enemies":"Jaw Worm","floor":3.0,"turns":4.0},{"damage":2.0,"enemies":"Cultist","floor":4.0,"turns":4.0},{"damage":3.0,"enemies":"downfall:LooterAlt","floor":5.0,"turns":6.0},{"damage":8.0,"enemies":"3 Louse","floor":6.0,"turns":4.0},{"damage":27.0,"enemies":"Lagavulin","floor":9.0,"turns":11.0},{"damage":54,"enemies":"Gremlin Nob","floor":12,"turns":5}],"seed_played":"3769935393463605573","potions_obtained":[{"floor":5.0,"key":"BlessingOfTheForge"},{"floor":6.0,"key":"Adrenaline Potion"}],"is_trial":false,"path_per_floor":["R","M","M","M","M","M","T","R","E","?","T","E"],"character_chosen":"THE_SPIRIT","items_purchased":[],"campfire_rested":1,"item_purchase_floors":[],"current_hp_per_floor":[77,72,57,55,52,44,44,67,40,40,40,0,0,0],"gold":233,"neow_bonus":"TEN_PERCENT_HP_BONUS","is_daily":false,"chose_seed":false,"campfire_upgraded":0,"win_rate":0.0,"timestamp":1614286552,"path_taken":["R","M","M","M","M","M","T","R","E","?","?","E"],"items_purchased_type":[],"build_version":"2020-12-22","purchased_purges":0,"victory":false,"max_hp_per_floor":[77,77,77,77,77,77,77,77,77,77,77,77,77,77],"card_choices":[{"not_picked":["hexamod:BacktrackSmack","hexamod:SwordOfDarkness","hexamod:NightmareGuise"],"picked":"SKIP","floor":2.0},{"not_picked":["hexamod:NightmareStrike","hexamod:GhostShield"],"picked":"hexamod:PhantomCloak","floor":3.0},{"not_picked":["hexamod:ShieldOfDarkness","hexamod:HeatMetal","hexamod:InspiringFlames"],"picked":"SKIP","floor":4.0},{"not_picked":["hexamod:PhantomFireball","hexamod:GhostLash"],"picked":"hexamod:ChargedBarrage","floor":5.0},{"not_picked":["hexamod:Rewind","hexamod:GhostShield"],"picked":"hexamod:RecurringNightmare","floor":6.0},{"not_picked":["hexamod:NightmareGuise","hexamod:Rewind"],"picked":"hexamod:EmpoweredFlame","floor":9.0}],"player_experience":148033,"relics_obtained":[{"floor":9.0,"key":"ReplayTheSpireMod:Shallot"},{"floor":11.0,"key":"Boot"}],"event_choices":[],"is_beta":false,"boss_relics":[],"items_purged_floors":[],"is_endless":false,"potions_floor_spawned":[5,6],"killed_by":"Gremlin Nob","ascension_level":0}}