{"host":"ws1rigs6jhqnf67d","time":1614255906,"event":{"mods":["BaseMod","Friendly Minions","KinomotoSakuraMod(ƒæ÷Æ±æ”£)","Kiyohime£®«Âºß£©","Lobotomy","LobotomyExtend","Marisa£®ÏF”Í°°ƒß¿Ì…≥£©","Minty Spire (QoL Compilation)","Remilia£®¿Ÿ√◊¿Ú—«£©","StSLib","The Bug Knight","The Marked","The Senshi","WarShipGirlsR/’ΩΩ¢…Ÿ≈ÆR mod","Youmu£®ªÍ∆«—˝√Œ£©","[IsaacMod]“‘»ˆº‚À˛"],"gold_per_floor":[118,180,195,370,386,413,413,423,423,450,467,481,508,508,508,611,611,631,631,644,580,590,590,590,590],"floor_reached":24,"language":"ZHS","playtime":900,"items_purged":["theMarked:Defend"],"score":240,"play_id":"3b7ce40c-e578-4016-8a9d-26af7159666d","local_time":"20210225202506","is_ascension_mode":true,"campfire_choices":[{"data":"theMarked:SoldierOfQuellstein","floor":7,"key":"SMITH"},{"data":"1","floor":15,"key":"LIFT"},{"floor":23,"key":"REST"}],"circlet_count":0,"master_deck":["theMarked:Strike","theMarked:Strike","theMarked:Strike","theMarked:Strike","theMarked:Strike","theMarked:Defend","theMarked:Defend","theMarked:Defend","theMarked:SoldierOfQuellstein+1","theMarked:ChainLightning","theMarked:RogueSparks","theMarked:TakeOffHeels","theMarked:Toughness","theMarked:EmpowerWeapon+1","theMarked:SelfDefenseTraining"],"relics":["theMarked:ArtifactOfAir","HushsDoor","SteamSale","LetterFromLob","Girya","Unceasing Top","PokeGo","Incense Burner","theMarked:SpiritSword","MutagenicStrength"],"acts_visited":["Exordium","TheCity"],"potions_floor_usage":[10,12,16,16],"damage_taken":[{"damage":0,"enemies":"2 Louse","floor":1,"turns":3},{"damage":2,"enemies":"Jaw Worm","floor":3,"turns":3},{"damage":1,"enemies":"Cultist","floor":5,"turns":3},{"damage":6,"enemies":"Gremlin Nob","floor":6,"turns":3},{"damage":2,"enemies":"3 Louse","floor":8,"turns":3},{"damage":17,"enemies":"3 Sentries","floor":10,"turns":6},{"damage":9,"enemies":"Large Slime","floor":11,"turns":6},{"damage":2,"enemies":"Looter","floor":12,"turns":3},{"damage":9,"enemies":"Lagavulin","floor":13,"turns":7},{"damage":20,"enemies":"Hexaghost","floor":16,"turns":9},{"damage":7,"enemies":"Chosen","floor":18,"turns":4},{"damage":23,"enemies":"Shell Parasite","floor":20,"turns":6},{"damage":33,"enemies":"Snake Plant","floor":22,"turns":4},{"damage":50,"enemies":"Book of Stabbing","floor":24,"turns":5}],"seed_played":"3314384582821293135","potions_obtained":[{"floor":1,"key":"Swift Potion"},{"floor":12,"key":"Fruit Juice"},{"floor":13,"key":"AttackPotion"},{"floor":16,"key":"EntropicBrew"}],"is_trial":false,"path_per_floor":["M","?","M","?","M","E","R","M","T","E","M","M","E","M","R","B",null,"M","?","M","$","M","R","E"],"character_chosen":"THE_DEFAULT","items_purchased":["theMarked:ChargePotion"],"campfire_rested":1,"item_purchase_floors":[21],"current_hp_per_floor":[79,79,77,77,76,70,70,68,68,51,42,45,36,36,36,16,84,77,77,54,54,21,46,0,0],"gold":590,"neow_bonus":"TEN_PERCENT_HP_BONUS","is_daily":false,"chose_seed":false,"campfire_upgraded":1,"win_rate":0.0,"timestamp":1614255906,"path_taken":["M","?","?","?","M","E","R","M","T","E","M","M","E","M","R","BOSS","M","?","M","$","M","R","E"],"items_purchased_type":["Potion"],"build_version":"2020-12-22","purchased_purges":1,"victory":false,"max_hp_per_floor":[79,79,79,79,79,79,79,79,79,79,79,84,84,84,84,84,84,84,84,84,84,84,84,84,84],"card_choices":[{"not_picked":[],"picked":"ChaosCard","floor":0},{"not_picked":["theMarked:Pokerface","theMarked:WardOff"],"picked":"theMarked:ChainLightning","floor":1},{"not_picked":["theMarked:Electrify","theMarked:RepellingDischarge","theMarked:ChainLightning"],"picked":"SKIP","floor":3},{"not_picked":["theMarked:BanishingStrike","theMarked:BanishingWave"],"picked":"Bomb","floor":5},{"not_picked":["theMarked:WardOff","theMarked:Generate"],"picked":"theMarked:RogueSparks","floor":6},{"not_picked":["theMarked:Memento","theMarked:Static","theMarked:StartUp"],"picked":"SKIP","floor":8},{"not_picked":["theMarked:OneWithTheBlade","theMarked:WardOff","theMarked:SwordAndMagic"],"picked":"SKIP","floor":10},{"not_picked":["theMarked:Memento","theMarked:ChainLightning"],"picked":"theMarked:TakeOffHeels","floor":11},{"not_picked":["theMarked:Frustration","theMarked:EnhanceMovement","theMarked:RogueSparks"],"picked":"SKIP","floor":12},{"not_picked":["theMarked:GodGivenPower","theMarked:TwofoldDefense","theMarked:ResourceFulStrike"],"picked":"SKIP","floor":13},{"not_picked":["theMarked:Levitate","theMarked:FavorableWinds"],"picked":"theMarked:Toughness","floor":16},{"not_picked":["theMarked:GodGivenPower+1","theMarked:Maelstrom+1","theMarked:Generate"],"picked":"SKIP","floor":18},{"not_picked":["theMarked:Indomitable+1","theMarked:HeightenedSenses+1"],"picked":"theMarked:EmpowerWeapon+1","floor":20},{"not_picked":["theMarked:Convert","theMarked:Frustration"],"picked":"theMarked:SelfDefenseTraining","floor":22}],"player_experience":943851,"relics_obtained":[{"floor":1,"key":"LetterFromLob"},{"floor":6,"key":"Girya"},{"floor":9,"key":"Unceasing Top"},{"floor":10,"key":"PokeGo"},{"floor":13,"key":"Incense Burner"}],"event_choices":[{"damage_healed":0,"gold_gain":62,"player_choice":"Gained Gold","damage_taken":0,"max_hp_gain":0,"max_hp_loss":0,"event_name":"Golden Wing","floor":2,"gold_loss":0},{"damage_healed":0,"gold_gain":175,"player_choice":"AGREE","damage_taken":0,"max_hp_gain":0,"max_hp_loss":0,"event_name":"Liars Game","floor":4,"gold_loss":0,"cards_obtained":["Doubt"]},{"damage_healed":0,"gold_gain":0,"player_choice":"Inject Mutagens","damage_taken":0,"relics_obtained":["MutagenicStrength"],"max_hp_gain":0,"max_hp_loss":0,"event_name":"Drug Dealer","floor":19,"gold_loss":0}],"is_beta":false,"boss_relics":[{"not_picked":["SacredBark","Fusion Hammer"],"picked":"theMarked:SpiritSword"},{"not_picked":[]}],"items_purged_floors":[21],"is_endless":false,"potions_floor_spawned":[1,12,13,16,22],"killed_by":"Book of Stabbing","ascension_level":2}}