{"host":"y2pjqcsmy9rp2w9n","time":1614269027,"event":{"mods":["BaseMod","Curses Come First","Downfall","Highlight Path","Marisa????????","Minty Spire (QoL Compilation)","StSLib","The Cursed","The Hierophant"],"gold_per_floor":[118,118,138,152,163,163,191,191,214,114,126,139,139,152,152,247,247,247,247,247,147,147,147,22,22,22,22,22,22,22,22,22,22,22],"floor_reached":33,"language":"ENG","playtime":3209,"items_purged":["TheCursedMod:Defend_TheCursed","TheCursedMod:Strike_TheCursed","TheCursedMod:Strike_TheCursed"],"score":271,"play_id":"200d76d5-c101-4aaa-9b3b-82dd776ba64a","local_time":"20210225100347","is_ascension_mode":false,"campfire_choices":[{"data":"TheCursedMod:CursedStaff","floor":6,"key":"SMITH"},{"data":"TheCursedMod:NeowsMight","floor":8,"key":"SMITH"},{"floor":15,"key":"REST"},{"floor":23,"key":"REST"},{"floor":28,"key":"REST"},{"data":"TheCursedMod:CollectTribute","floor":32,"key":"SMITH"}],"circlet_count":0,"master_deck":["TheCursedMod:Strike_TheCursed","TheCursedMod:Defend_TheCursed","TheCursedMod:Defend_TheCursed","TheCursedMod:Defend_TheCursed","TheCursedMod:CursedWand","TheCursedMod:CleanUpWorkshop","TheCursedMod:Dregs","TheCursedMod:CursedStaff+1","TheCursedMod:FleshFromBone","TheCursedMod:SpitefulStrike","TheCursedMod:Stretching","TheCursedMod:WearCloak","TheCursedMod:NeowsMight+1","TheCursedMod:CursedAmulet","TheCursedMod:Hemoplague+1","TheCursedMod:CursedBlade","TheCursedMod:HellsGateOpen","TheCursedMod:DemonSword","TheCursedMod:CircleOfFocus+1","TheCursedMod:CircleOfFlame","TheCursedMod:Stigma","TheCursedMod:Torture+1","TheCursedMod:StingEye+1","TheCursedMod:Grudge","TheCursedMod:SmokeScreen+1","TheCursedMod:WearCloak","TheCursedMod:CollectTribute+1"],"relics":["TheCursedMod:BlackMagic101","Nunchaku","Omamori","Ectoplasm","Red Mask","Anchor","PreservedInsect"],"acts_visited":["Exordium","TheCity"],"potions_floor_usage":[7,7,16,25,29,33,33,33],"damage_taken":[{"damage":0,"enemies":"2 Louse","floor":1,"turns":3},{"damage":1,"enemies":"Cultist","floor":3,"turns":4},{"damage":0,"enemies":"Small Slimes","floor":4,"turns":2},{"damage":0,"enemies":"Blue Slaver","floor":5,"turns":2},{"damage":10,"enemies":"Lagavulin","floor":7,"turns":6},{"damage":12,"enemies":"Exordium Thugs","floor":11,"turns":5},{"damage":16,"enemies":"Red Slaver","floor":12,"turns":5},{"damage":0,"enemies":"Large Slime","floor":14,"turns":4},{"damage":39,"enemies":"Hexaghost","floor":16,"turns":9},{"damage":21,"enemies":"3 Byrds","floor":18,"turns":5},{"damage":0,"enemies":"Chosen","floor":19,"turns":4},{"damage":17,"enemies":"Shelled Parasite and Fungi","floor":20,"turns":4},{"damage":5,"enemies":"Masked Bandits","floor":22,"turns":4},{"damage":12,"enemies":"Chosen and Byrds","floor":25,"turns":5},{"damage":0,"enemies":"Snake Plant","floor":29,"turns":4},{"damage":1,"enemies":"Book of Stabbing","floor":30,"turns":4},{"damage":0,"enemies":"Cultist and Chosen","floor":31,"turns":5},{"damage":76,"enemies":"Collector","floor":33,"turns":7}],"seed_played":"-8248900844606026692","potions_obtained":[{"floor":4,"key":"TheCursedMod:DregsPotion"},{"floor":5,"key":"champ:CounterPotion"},{"floor":14,"key":"Fire Potion"},{"floor":16,"key":"Dexterity Potion"},{"floor":22,"key":"DistilledChaos"},{"floor":25,"key":"EssenceOfSteel"},{"floor":29,"key":"BlessingOfTheForge"},{"floor":31,"key":"hexamod:SoulburnPotion"}],"is_trial":false,"path_per_floor":["M","?","M","M","M","R","E","R","T","$","M","M","?","M","R","B",null,"M","M","M","$","?","R","$","M","T","?","R","M","E","M","R","B"],"character_chosen":"THE_CURSED","items_purchased":["TheCursedMod:CursedAmulet"],"campfire_rested":3,"item_purchase_floors":[10],"current_hp_per_floor":[82,82,81,81,81,81,71,71,71,71,59,43,43,43,67,28,82,61,61,44,44,39,63,63,51,51,51,75,75,74,74,74,0,0],"gold":22,"neow_bonus":"TEN_PERCENT_HP_BONUS","is_daily":false,"chose_seed":false,"campfire_upgraded":3,"win_rate":0.0,"timestamp":1614269027,"path_taken":["M","?","?","M","M","R","E","R","T","$","M","M","?","M","R","BOSS","M","?","M","$","?","R","$","M","T","?","R","M","E","?","R","BOSS"],"items_purchased_type":["Card"],"build_version":"2020-12-22","purchased_purges":3,"victory":false,"max_hp_per_floor":[82,82,82,82,82,82,82,82,82,82,82,82,82,82,82,82,82,82,82,82,82,82,82,82,82,82,82,82,82,82,82,82,82,82],"card_choices":[{"not_picked":["TheCursedMod:Torture","TheCursedMod:ReleasedStrength"],"picked":"TheCursedMod:CursedStaff","floor":1},{"not_picked":["TheCursedMod:Torture","TheCursedMod:CursedAmulet"],"picked":"TheCursedMod:SpitefulStrike","floor":3},{"not_picked":["TheCursedMod:CircleOfBlood","TheCursedMod:HellsGateOpen"],"picked":"TheCursedMod:Stretching","floor":4},{"not_picked":["TheCursedMod:ManaBullet","TheCursedMod:CircleOfWindfury"],"picked":"TheCursedMod:WearCloak","floor":5},{"not_picked":["TheCursedMod:CircleOfFlame","TheCursedMod:Evocation"],"picked":"TheCursedMod:NeowsMight","floor":7},{"not_picked":["TheCursedMod:CursedMace","TheCursedMod:BloodBarrier"],"picked":"TheCursedMod:Hemoplague","floor":11},{"not_picked":["TheCursedMod:CursedShiv","TheCursedMod:CircleOfAmplification"],"picked":"TheCursedMod:CursedBlade","floor":12},{"not_picked":["TheCursedMod:PrepareRite","TheCursedMod:VitalStrike"],"picked":"TheCursedMod:HellsGateOpen","floor":14},{"not_picked":["TheCursedMod:DarkBarrier","TheCursedMod:NeowsMight"],"picked":"TheCursedMod:DemonSword","floor":16},{"not_picked":["TheCursedMod:FuryStrike","TheCursedMod:SmokeScreen"],"picked":"TheCursedMod:CircleOfFocus+1","floor":18},{"not_picked":["TheCursedMod:ReleasedStrength","TheCursedMod:SpreadPlague"],"picked":"TheCursedMod:CircleOfFlame","floor":19},{"not_picked":["TheCursedMod:Obscuration","TheCursedMod:EmpowerCircles"],"picked":"TheCursedMod:Stigma","floor":20},{"not_picked":["TheCursedMod:CursedMace","TheCursedMod:Stretching"],"picked":"TheCursedMod:Torture+1","floor":22},{"not_picked":["TheCursedMod:TacticalStrike","TheCursedMod:CircleOfCorruption"],"picked":"TheCursedMod:StingEye+1","floor":25},{"not_picked":["TheCursedMod:SurpriseAttack","TheCursedMod:Wield"],"picked":"TheCursedMod:SmokeScreen+1","floor":29},{"not_picked":["TheCursedMod:Torture","TheCursedMod:Wield"],"picked":"TheCursedMod:WearCloak","floor":30},{"not_picked":["TheCursedMod:SmokeScreen","TheCursedMod:WearCloak"],"picked":"TheCursedMod:CollectTribute","floor":31}],"player_experience":123486,"relics_obtained":[{"floor":7,"key":"Nunchaku"},{"floor":9,"key":"Omamori"},{"floor":22,"key":"Red Mask"},{"floor":26,"key":"Anchor"},{"floor":30,"key":"PreservedInsect"}],"event_choices":[{"damage_healed":0,"gold_gain":0,"cards_transformed":["TheCursedMod:Strike_TheCursed"],"player_choice":"Transformed","damage_taken":0,"max_hp_gain":0,"max_hp_loss":0,"event_name":"Transmorgrifier","floor":2,"gold_loss":0,"cards_obtained":["TheCursedMod:FleshFromBone"]},{"damage_healed":0,"gold_gain":0,"player_choice":"Forge","damage_taken":0,"max_hp_gain":0,"max_hp_loss":0,"event_name":"Accursed Blacksmith","floor":13,"gold_loss":0,"cards_upgraded":["TheCursedMod:Hemoplague"]},{"damage_healed":0,"gold_gain":0,"player_choice":"Fought Bandits","damage_taken":0,"max_hp_gain":0,"max_hp_loss":0,"event_name":"Masked Bandits","floor":22,"gold_loss":0},{"damage_healed":0,"gold_gain":0,"player_choice":"Read","damage_taken":0,"max_hp_gain":0,"max_hp_loss":0,"event_name":"The Library","floor":27,"gold_loss":0,"cards_obtained":["TheCursedMod:Grudge"]}],"is_beta":false,"boss_relics":[{"not_picked":["Runic Dome","Snecko Eye"],"picked":"Ectoplasm"}],"items_purged_floors":[10,21,24],"is_endless":false,"potions_floor_spawned":[4,5,14,16,22,25,29,31],"killed_by":"Collector","ascension_level":0}}