{"host":"8vqkh0x3c7vpgzzm","time":1614287622,"event":{"mods":["AchievementEnabler","BaseMod","Colored Map","Colored Powertips","Curses Come First","DeckTracker","Highlight Path","Minty Spire (QoL Compilation)","Permanent Neow","Quick Restart","Random Character Mod","Rare Cards Sparkle","Relic Sorter","Relic Stats","StSLib","SuperFastMode","Unceasing Turn Reminder","egg","everything is the same but u backflip on backflip"],"gold_per_floor":[147,0,0,54,0,96,174,279,279,375,456,513,600,693,693,996,996,1035,1035,1035,0,63,165,267,366,391,472,574,667,760,850,862,1186,1207,1249,23,73,197,247,349,349,430,457,550,655,751,751,840,840,840,840,840,781,883,883,883],"floor_reached":55,"language":"ENG","playtime":2431,"items_purged":["Defend_R","Strike_R"],"score":1875,"play_id":"d373f0a5-c37e-4d92-a67b-7d43b7eb2df3","local_time":"20210225221342","daily_mods":["Red Cards","Green Cards","Blue Cards","Colorless Cards","Flight","DeadlyEvents","Elite Swarm","Midas"],"is_ascension_mode":true,"campfire_choices":[{"data":"1","floor":15.0,"key":"LIFT"},{"data":"2","floor":32.0,"key":"LIFT"},{"data":"3","floor":41.0,"key":"LIFT"},{"data":"4","floor":47.0,"key":"LIFT"},{"data":"5","floor":49.0,"key":"LIFT"},{"data":"6","floor":52.0,"key":"LIFT"}],"circlet_count":6,"master_deck":["Apotheosis+1","Finesse","Thunderclap","Footwork","A Thousand Cuts","Glass Knife+1","Sadistic Nature","Tools of the Trade","Storm of Steel","Master of Strategy","Panache","Feed+1","Reaper","Panache","Echo Form","Mayhem","Heatsinks","Amplify","Juggernaut","After Image+1"],"relics":["Burning Blood","Fusion Hammer","Girya","Bottled Lightning","Membership Card","The Courier","Toy Ornithopter","Brimstone","Smiling Mask","Kunai","Blue Candle","Black Star","Boot","Bottled Tornado","Centennial Puzzle","Pear","Sundial","Prayer Wheel","White Beast Statue","Magic Flower","Orichalcum","Girya","FossilizedHelix","Fusion Hammer","Ginger","Self Forming Clay","Tiny Chest","CeramicFish","Calipers","Charon\u0027s Ashes","Nunchaku","Ancient Tea Set","Letter Opener","Singing Bowl","Omamori","Incense Burner","Oddly Smooth Stone","Whetstone","Potion Belt","Bag of Preparation","Paper Frog","TungstenRod","Matryoshka","Mummified Hand","Ornamental Fan","Lantern","Thread and Needle","Anchor","Du-Vu Doll","Shuriken","Bottled Tornado","Gremlin Horn","HornCleat","Vajra","Bottled Lightning","MawBank","The Courier","SlaversCollar","SsserpentHead","TheAbacus","Bag of Marbles","Strawberry","Blood Vial","Bird Faced Urn","Regal Pillow","Toxic Egg 2","Pen Nib","Ice Cream","Art of War","Molten Egg 2","MealTicket","PreservedInsect","StrikeDummy","Red Skull","Question Card","Eternal Feather","Mercury Hourglass","InkBottle","Meat on the Bone","Unceasing Top","Turnip","Mango","CaptainsWheel","Champion Belt","Lizard Tail","Torii","Matryoshka","StoneCalendar","Circlet","ClockworkSouvenir"],"acts_visited":["Exordium","TheCity","TheBeyond","TheEnding"],"potions_floor_usage":[],"damage_taken":[{"damage":0.0,"enemies":"2 Louse","floor":1.0,"turns":2.0},{"damage":0.0,"enemies":"Cultist","floor":4.0,"turns":3.0},{"damage":0.0,"enemies":"3 Sentries","floor":6.0,"turns":5.0},{"damage":0.0,"enemies":"Lagavulin","floor":7.0,"turns":4.0},{"damage":8.0,"enemies":"Gremlin Nob","floor":8.0,"turns":3.0},{"damage":0.0,"enemies":"Lagavulin","floor":10.0,"turns":3.0},{"damage":6.0,"enemies":"3 Sentries","floor":11.0,"turns":3.0},{"damage":12.0,"enemies":"Jaw Worm","floor":12.0,"turns":3.0},{"damage":0.0,"enemies":"Lagavulin","floor":13.0,"turns":4.0},{"damage":4.0,"enemies":"3 Sentries","floor":14.0,"turns":2.0},{"damage":3.0,"enemies":"The Guardian","floor":16.0,"turns":3.0},{"damage":0.0,"enemies":"Spheric Guardian","floor":18.0,"turns":3.0},{"damage":11.0,"enemies":"2 Thieves","floor":22.0,"turns":2.0},{"damage":7.0,"enemies":"Book of Stabbing","floor":23.0,"turns":2.0},{"damage":0.0,"enemies":"Gremlin Leader","floor":24.0,"turns":2.0},{"damage":0.0,"enemies":"Slavers","floor":25.0,"turns":1.0},{"damage":0.0,"enemies":"Book of Stabbing","floor":27.0,"turns":1.0},{"damage":0.0,"enemies":"Slavers","floor":28.0,"turns":1.0},{"damage":0.0,"enemies":"Gremlin Leader","floor":29.0,"turns":1.0},{"damage":0.0,"enemies":"Book of Stabbing","floor":30.0,"turns":1.0},{"damage":0.0,"enemies":"Gremlin Leader","floor":31.0,"turns":1.0},{"damage":0.0,"enemies":"Collector","floor":33.0,"turns":1.0},{"damage":0.0,"enemies":"Orb Walker","floor":35.0,"turns":1.0},{"damage":0.0,"enemies":"Reptomancer","floor":40.0,"turns":1.0},{"damage":0.0,"enemies":"Giant Head","floor":42.0,"turns":1.0},{"damage":0.0,"enemies":"Nemesis","floor":44.0,"turns":1.0},{"damage":0.0,"enemies":"Reptomancer","floor":45.0,"turns":1.0},{"damage":0.0,"enemies":"Nemesis","floor":46.0,"turns":1.0},{"damage":0.0,"enemies":"3 Shapes","floor":48.0,"turns":1.0},{"damage":0.0,"enemies":"Time Eater","floor":50.0,"turns":2.0},{"damage":0.0,"enemies":"Shield and Spear","floor":54.0,"turns":1.0},{"damage":0,"enemies":"The Heart","floor":55,"turns":1}],"seed_played":"8337493701707725433","potions_obtained":[{"floor":1.0,"key":"Strength Potion"},{"floor":7.0,"key":"DistilledChaos"},{"floor":11.0,"key":"Ancient Potion"},{"floor":12.0,"key":"Dexterity Potion"},{"floor":23.0,"key":"Energy Potion"},{"floor":24.0,"key":"Energy Potion"},{"floor":35.0,"key":"GamblersBrew"},{"floor":40.0,"key":"DuplicationPotion"}],"is_trial":true,"path_per_floor":["M","$","?","M","$","E","E","E","T","E","E","M","E","E","R","B",null,"M","?","T","$","M","E","E","E","T","E","E","E","E","E","R","B",null,"M","$","?","T","?","E","R","E","T","E","E","E","R","M","R","B",null,"R","$","E","B"],"character_chosen":"IRONCLAD","items_purchased":["Glacier","Acrobatics","Prepared","Finesse","Brimstone","Footwork","Offering","Panache","CeramicFish","Strange Spoon","Calipers","Charon\u0027s Ashes","Nunchaku","Ancient Tea Set","Letter Opener","Singing Bowl","Omamori","Incense Burner","Oddly Smooth Stone","TheAbacus","Bag of Marbles","Bag of Preparation","Strawberry","Blood Vial","Bird Faced Urn","Regal Pillow","Toxic Egg 2","Pen Nib","Ice Cream","Art of War","Molten Egg 2","MealTicket","PreservedInsect","StrikeDummy","Red Skull","Question Card","Eternal Feather","Mercury Hourglass","InkBottle","Meat on the Bone","ClockworkSouvenir"],"campfire_rested":0,"item_purchase_floors":[2,2,2,2,5,5,21,21,21,21,21,21,21,21,21,21,21,21,21,36,36,36,36,36,36,36,36,36,36,36,36,36,36,36,36,36,36,36,36,36,53],"current_hp_per_floor":[80,80,80,80,80,80,80,78,78,90,94,92,102,106,106,110,110,114,114,114,114,119,123,125,125,125,131,139,145,151,153,153,159,159,163,170,170,170,161,175,175,181,181,187,193,199,199,203,203,207,207,207,207,209,209,209],"gold":883,"neow_bonus":"","is_daily":false,"chose_seed":false,"campfire_upgraded":0,"win_rate":0.0,"timestamp":1614287622,"path_taken":["M","$","?","?","?","E","E","E","T","E","E","?","E","E","R","BOSS","M","?","?","$","?","E","E","E","T","E","?","E","E","E","R","BOSS","M","$","?","?","?","E","R","E","T","E","E","E","R","?","R","BOSS","R","$","E","BOSS"],"items_purchased_type":["Card","Card","Card","Card","Relic","Card","Card","Card","Relic","Relic","Relic","Relic","Relic","Relic","Relic","Relic","Relic","Relic","Relic","Relic","Relic","Relic","Relic","Relic","Relic","Relic","Relic","Relic","Relic","Relic","Relic","Relic","Relic","Relic","Relic","Relic","Relic","Relic","Relic","Relic","Relic"],"build_version":"2020-12-22","purchased_purges":2,"victory":false,"max_hp_per_floor":[80,80,80,80,80,80,80,80,80,90,94,98,102,106,106,110,110,114,114,114,114,119,123,125,125,125,131,139,145,151,153,153,159,159,163,170,170,170,161,175,175,181,181,187,193,199,199,203,203,207,207,207,207,209,209,209],"relic_stats":{"Gremlin Horn":[5,8],"CeramicFish":72,"Ginger":[0],"Whetstone":["Glass Knife","Feed"],"Boot":[0],"Blood Vial":0,"Centennial Puzzle":[15],"Lizard Tail":0,"Sundial":[14],"Prayer Wheel":5,"MealTicket":0,"Kunai":[18],"counters":[32,62],"Blue Candle":[0],"Eternal Feather":0,"Charon\u0027s Ashes":[206],"Pen Nib":[1],"Letter Opener":[140],"Question Card":8,"Shuriken":[8],"Bird Faced Urn":[0],"Black Star":19,"obtain_stats":[{"Ice Cream":36,"Calipers":21,"Gremlin Horn":29,"CeramicFish":21,"Vajra":30,"Ginger":19,"Whetstone":23,"Bottled Tornado":8,"Boot":8,"Blood Vial":36,"Centennial Puzzle":9,"Lizard Tail":42,"HornCleat":29,"Sundial":10,"Strawberry":36,"Prayer Wheel":11,"MealTicket":36,"Fusion Hammer":0,"Kunai":6,"Toxic Egg 2":36,"Girya":0,"Pear":10,"Blue Candle":7,"Dead Branch":44,"Oddly Smooth Stone":21,"Eternal Feather":36,"Charon\u0027s Ashes":21,"Pen Nib":36,"Letter Opener":21,"Question Card":36,"Du-Vu Doll":28,"SlaversCollar":34,"Brimstone":5,"Shuriken":28,"Bird Faced Urn":36,"Molten Egg 2":36,"Black Star":8,"StrikeDummy":36,"Unceasing Top":38,"Meat on the Bone":36,"Lantern":26,"Regal Pillow":36,"Singing Bowl":21,"Torii":43,"Magic Flower":13,"Mango":40,"StoneCalendar":44,"Incense Burner":21,"Bag of Preparation":23,"Smiling Mask":5,"Ancient Tea Set":21,"Burning Blood":0,"ClockworkSouvenir":53,"SsserpentHead":35,"Nunchaku":21,"Matryoshka":25,"TheAbacus":36,"Mummified Hand":25,"Tiny Chest":21,"Red Skull":36,"InkBottle":36,"Paper Frog":24,"Potion Belt":23,"Self Forming Clay":20,"Circlet":45,"Thread and Needle":27,"The Courier":2,"PreservedInsect":36,"Omamori":21,"Orichalcum":13,"MawBank":31,"White Beast Statue":11,"Mercury Hourglass":36,"Strange Spoon":21,"Anchor":27,"CaptainsWheel":40,"Ornamental Fan":26,"Turnip":38,"Bag of Marbles":36,"Art of War":36,"Bottled Lightning":0,"Membership Card":2,"Champion Belt":42,"Toy Ornithopter":3,"FossilizedHelix":14,"TungstenRod":24},{"Ice Cream":23,"Calipers":12,"Gremlin Horn":19,"CeramicFish":12,"Vajra":20,"Ginger":12,"Whetstone":14,"Bottled Tornado":5,"Boot":5,"Blood Vial":23,"Centennial Puzzle":5,"Lizard Tail":25,"HornCleat":19,"Sundial":6,"Strawberry":23,"Prayer Wheel":7,"MealTicket":23,"Fusion Hammer":0,"Kunai":3,"Toxic Egg 2":23,"Girya":0,"Pear":6,"Blue Candle":4,"Dead Branch":26,"Oddly Smooth Stone":12,"Eternal Feather":23,"Charon\u0027s Ashes":12,"Pen Nib":23,"Letter Opener":12,"Question Card":23,"Du-Vu Doll":18,"SlaversCollar":22,"Brimstone":2,"Shuriken":18,"Bird Faced Urn":23,"Molten Egg 2":23,"Black Star":5,"StrikeDummy":23,"Unceasing Top":23,"Meat on the Bone":23,"Lantern":16,"Regal Pillow":23,"Singing Bowl":12,"Torii":25,"Magic Flower":9,"Mango":24,"StoneCalendar":26,"Incense Burner":12,"Bag of Preparation":14,"Smiling Mask":2,"Ancient Tea Set":12,"Burning Blood":0,"ClockworkSouvenir":30,"SsserpentHead":23,"Nunchaku":12,"Matryoshka":16,"TheAbacus":23,"Mummified Hand":16,"Tiny Chest":12,"Red Skull":23,"InkBottle":23,"Paper Frog":15,"Potion Belt":14,"Self Forming Clay":12,"Circlet":27,"Thread and Needle":17,"The Courier":1,"PreservedInsect":23,"Omamori":12,"Orichalcum":9,"MawBank":21,"White Beast Statue":7,"Mercury Hourglass":23,"Strange Spoon":12,"Anchor":17,"CaptainsWheel":24,"Ornamental Fan":16,"Turnip":23,"Bag of Marbles":23,"Art of War":23,"Bottled Lightning":0,"Membership Card":1,"Champion Belt":25,"Toy Ornithopter":1,"FossilizedHelix":10,"TungstenRod":15},{"Ice Cream":52,"Calipers":38,"Gremlin Horn":48,"CeramicFish":38,"Vajra":49,"Ginger":38,"Whetstone":42,"Bottled Tornado":17,"Boot":17,"Blood Vial":52,"Centennial Puzzle":17,"Lizard Tail":54,"HornCleat":48,"Sundial":20,"Strawberry":52,"Prayer Wheel":23,"MealTicket":52,"Fusion Hammer":0,"Kunai":10,"Toxic Egg 2":52,"Girya":0,"Pear":20,"Blue Candle":14,"Dead Branch":55,"Oddly Smooth Stone":38,"Eternal Feather":52,"Charon\u0027s Ashes":38,"Pen Nib":52,"Letter Opener":38,"Question Card":52,"Du-Vu Doll":47,"SlaversCollar":51,"Brimstone":5,"Shuriken":47,"Bird Faced Urn":52,"Molten Egg 2":52,"Black Star":15,"StrikeDummy":52,"Unceasing Top":52,"Meat on the Bone":52,"Lantern":45,"Regal Pillow":52,"Singing Bowl":38,"Torii":54,"Magic Flower":30,"Mango":53,"StoneCalendar":55,"Incense Burner":38,"Bag of Preparation":42,"Smiling Mask":5,"Ancient Tea Set":38,"Burning Blood":0,"ClockworkSouvenir":60,"SsserpentHead":52,"Nunchaku":38,"Matryoshka":45,"TheAbacus":52,"Mummified Hand":45,"Tiny Chest":38,"Red Skull":52,"InkBottle":52,"Paper Frog":44,"Potion Belt":42,"Self Forming Clay":38,"Circlet":56,"Thread and Needle":46,"The Courier":2,"PreservedInsect":52,"Omamori":38,"Orichalcum":30,"MawBank":50,"White Beast Statue":23,"Mercury Hourglass":52,"Strange Spoon":38,"Anchor":46,"CaptainsWheel":53,"Ornamental Fan":45,"Turnip":52,"Bag of Marbles":52,"Art of War":52,"Bottled Lightning":0,"Membership Card":2,"Champion Belt":54,"Toy Ornithopter":2,"FossilizedHelix":32,"TungstenRod":44}],"Unceasing Top":[0],"Meat on the Bone":0,"Regal Pillow":0,"Singing Bowl":32,"Torii":0,"Magic Flower":[2],"StoneCalendar":[0],"Bag of Preparation":[38],"Smiling Mask":-10,"Burning Blood":31,"SsserpentHead":200,"Nunchaku":[5],"TheAbacus":[48],"Mummified Hand":[169],"Tiny Chest":1,"InkBottle":[9],"Self Forming Clay":[6],"PreservedInsect":404,"Orichalcum":[24],"MawBank":60,"Mercury Hourglass":[48],"Ornamental Fan":[40],"Turnip":[0],"Art of War":[1],"Champion Belt":[12],"Toy Ornithopter":0,"TungstenRod":0},"card_choices":[{"not_picked":["Storm","Steam"],"picked":"Auto Shields","floor":1.0},{"not_picked":["Rupture","Deadly Poison"],"picked":"Thunderclap","floor":4.0},{"not_picked":["Burst","Berserk"],"picked":"A Thousand Cuts","floor":6.0},{"not_picked":["Bludgeon","Exhume"],"picked":"Glass Knife","floor":7.0},{"not_picked":["Chrysalis","Biased Cognition"],"picked":"Sadistic Nature","floor":8.0},{"not_picked":["A Thousand Cuts","Feed"],"picked":"Tools of the Trade","floor":10.0},{"not_picked":["Thinking Ahead","Barricade"],"picked":"Storm of Steel","floor":11.0},{"not_picked":["Battle Trance","Stack"],"picked":"Warcry","floor":12.0},{"not_picked":["Skim","Sweeping Beam","Anger"],"picked":"SKIP","floor":12.0},{"not_picked":["Envenom","Fiend Fire"],"picked":"Panache","floor":13.0},{"not_picked":["Corruption","All For One"],"picked":"Mayhem","floor":14.0},{"not_picked":["Thunder Strike","Magnetism"],"picked":"Reaper","floor":16.0},{"not_picked":["Barrage","Backflip","Dagger Spray"],"picked":"SKIP","floor":18.0},{"not_picked":["Streamline","Clash","Havoc"],"picked":"SKIP","floor":18.0},{"not_picked":["Barrage","Dagger Spray"],"picked":"Backflip","floor":18.0},{"not_picked":["Streamline","Clash","Havoc"],"picked":"SKIP","floor":18.0},{"not_picked":["Blood for Blood","Rupture+1","Reckless Charge"],"picked":"Singing Bowl","floor":22.0},{"not_picked":["Hello World+1","Underhanded Strike"],"picked":"Shrug It Off+1","floor":22.0},{"not_picked":["Amplify","Reboot"],"picked":"Echo Form","floor":23.0},{"not_picked":["Feed","Barricade","Brutality"],"picked":"Singing Bowl","floor":24.0},{"not_picked":["Corpse Explosion","Bullet Time"],"picked":"Seek","floor":25.0},{"not_picked":["Fiend Fire","Brutality","Fission"],"picked":"Singing Bowl","floor":27.0},{"not_picked":["Biased Cognition","Echo Form"],"picked":"Mayhem","floor":28.0},{"not_picked":["Machine Learning","Metamorphosis","Offering"],"picked":"Singing Bowl","floor":29.0},{"not_picked":["Glass Knife","Brutality","Echo Form"],"picked":"Singing Bowl","floor":30.0},{"not_picked":["Immolate","Fiend Fire","Phantasmal Killer"],"picked":"Singing Bowl","floor":31.0},{"not_picked":["Biased Cognition","Berserk","Amplify"],"picked":"Singing Bowl","floor":33.0},{"not_picked":["Bouncing Flask+1","Quick Slash+1","Acrobatics"],"picked":"Singing Bowl","floor":35.0},{"not_picked":["Blur","Discovery","Searing Blow"],"picked":"Singing Bowl","floor":35.0},{"not_picked":["Fiend Fire+1","Limit Break+1","Tools of the Trade"],"picked":"Juggernaut","floor":40.0},{"not_picked":["Thinking Ahead+1","Seek+1","Violence+1","Bludgeon+1"],"picked":"Singing Bowl","floor":42.0},{"not_picked":["Panache","Violence+1","Machine Learning","The Bomb+1"],"picked":"Singing Bowl","floor":44.0},{"not_picked":["Amplify+1","Echo Form","Apotheosis+1","Glass Knife+1"],"picked":"Singing Bowl","floor":45.0},{"not_picked":["Secret Technique+1","Exhume+1","Die Die Die+1","Rainbow+1"],"picked":"Singing Bowl","floor":46.0},{"not_picked":["Noxious Fumes","Bouncing Flask+1","Power Through+1","Warcry+1"],"picked":"Singing Bowl","floor":48.0},{"not_picked":["Backflip+1","Turbo+1","Blood for Blood+1","Perfected Strike+1"],"picked":"Singing Bowl","floor":48.0},{"not_picked":["Glass Knife+1","Doppelganger+1","Thunder Strike+1","Apotheosis+1"],"picked":"Singing Bowl","floor":54.0}],"player_experience":662298,"relics_obtained":[{"floor":6.0,"key":"Kunai"},{"floor":7.0,"key":"Blue Candle"},{"floor":8.0,"key":"Boot"},{"floor":8.0,"key":"Bottled Tornado"},{"floor":9.0,"key":"Centennial Puzzle"},{"floor":10.0,"key":"Pear"},{"floor":10.0,"key":"Sundial"},{"floor":11.0,"key":"Prayer Wheel"},{"floor":11.0,"key":"White Beast Statue"},{"floor":13.0,"key":"Magic Flower"},{"floor":13.0,"key":"Orichalcum"},{"floor":14.0,"key":"Girya"},{"floor":14.0,"key":"FossilizedHelix"},{"floor":20.0,"key":"Self Forming Clay"},{"floor":23.0,"key":"Whetstone"},{"floor":23.0,"key":"Potion Belt"},{"floor":24.0,"key":"Paper Frog"},{"floor":24.0,"key":"TungstenRod"},{"floor":25.0,"key":"Matryoshka"},{"floor":25.0,"key":"Mummified Hand"},{"floor":26.0,"key":"Ornamental Fan"},{"floor":26.0,"key":"Lantern"},{"floor":27.0,"key":"Thread and Needle"},{"floor":27.0,"key":"Anchor"},{"floor":28.0,"key":"Du-Vu Doll"},{"floor":28.0,"key":"Shuriken"},{"floor":29.0,"key":"Gremlin Horn"},{"floor":29.0,"key":"HornCleat"},{"floor":30.0,"key":"Vajra"},{"floor":30.0,"key":"Bottled Lightning"},{"floor":31.0,"key":"MawBank"},{"floor":31.0,"key":"The Courier"},{"floor":38.0,"key":"Unceasing Top"},{"floor":38.0,"key":"Turnip"},{"floor":40.0,"key":"Mango"},{"floor":40.0,"key":"CaptainsWheel"},{"floor":42.0,"key":"Champion Belt"},{"floor":42.0,"key":"Lizard Tail"},{"floor":43.0,"key":"Torii"},{"floor":44.0,"key":"Dead Branch"},{"floor":44.0,"key":"StoneCalendar"},{"floor":45.0,"key":"Circlet"},{"floor":45.0,"key":"Circlet"},{"floor":46.0,"key":"Circlet"},{"floor":46.0,"key":"Circlet"},{"floor":54.0,"key":"Circlet"},{"floor":54.0,"key":"Circlet"}],"event_choices":[{"damage_healed":0.0,"max_hp_gain":0.0,"max_hp_loss":0.0,"gold_gain":0.0,"event_name":"WeMeetAgain","player_choice":"Gave Potion","floor":3.0,"gold_loss":0.0,"damage_taken":0.0,"relics_obtained":["Toy Ornithopter"]},{"damage_healed":0.0,"max_hp_gain":0.0,"max_hp_loss":0.0,"gold_gain":0.0,"event_name":"The Mausoleum","player_choice":"Opened","floor":19.0,"gold_loss":0.0,"damage_taken":0.0,"relics_obtained":["Ginger"]},{"cards_removed":["Seek"],"damage_healed":0.0,"max_hp_gain":0.0,"max_hp_loss":0.0,"gold_gain":0.0,"event_name":"Falling","player_choice":"Removed Skill","floor":37.0,"gold_loss":0.0,"damage_taken":0.0},{"damage_healed":0.0,"max_hp_gain":0.0,"max_hp_loss":9.0,"gold_gain":0.0,"event_name":"Winding Halls","player_choice":"Max HP","floor":39.0,"gold_loss":0.0,"damage_taken":0.0}],"is_beta":false,"boss_relics":[{"not_picked":["Calling Bell","Busted Crown"],"picked":"Fusion Hammer"},{"not_picked":["Astrolabe","Velvet Choker"],"picked":"SlaversCollar"}],"items_purged_floors":[2,21],"is_endless":false,"potions_floor_spawned":[1,7,11,12,13,14,16,18,22,23,24,25,27,28,29,30,31,33,35,40,42,44,45,46,48,54],"killed_by":"The Heart","ascension_level":1}}