{"host":"2d69zsihwnsihkt1","time":1614216102,"event":{"mods":["AchievementEnabler","Act Like it!","BaseMod","Better Altar","Better Note","Better Skull","Bossed Relics","Colored Map","Colored Powertips","Curses Come First","Displayed Cursed Tome","Googly Eyes","Hermit","Minty Spire (QoL Compilation)","Rare Cards Sparkle","Relic Stats","Replay The Spire","Robot Space Explorer","Shapeshifter Mod","Shop Mod","StSLib","The Forsaken","The Hayseed","The Runesmith"],"gold_per_floor":[114,151,164,182,128,128,128,144,144,156,156,156,156,172,172,267,267,282,292,309,156,166,193,193,133,133,133,133,164,183,65,65,162,162,175,194,211,64,78,78,78,108,108,108,108,121,149,161,173,185],"floor_reached":51,"language":"ENG","playtime":4262,"items_purged":["Sickly"],"score":1243,"play_id":"37d384f6-b922-4300-b01b-ab3a8c9e4bc2","local_time":"20210224192142","is_ascension_mode":true,"campfire_choices":[{"floor":6.0,"key":"REST"},{"data":"theForsaken:DarkBarrier","floor":13.0,"key":"SMITH"},{"data":"Amnesia","floor":15.0,"key":"PURGE"},{"data":"theForsaken:TearsOfSunlight","floor":24.0,"key":"SMITH"},{"data":"theForsaken:SacredOath","floor":32.0,"key":"SMITH"},{"data":"CommonCold","floor":40.0,"key":"PURGE"},{"data":"theForsaken:Mantra","floor":44.0,"key":"SMITH"},{"floor":49,"key":"REST"}],"circlet_count":0,"master_deck":["AscendersBane","theForsaken:Smite","theForsaken:PreciseStrike","theForsaken:SolarFlare","theForsaken:DefensiveStance+1","theForsaken:DefensiveStance+1","theForsaken:DarkBarrier+1","theForsaken:TearsOfSunlight+1","theForsaken:Terrorize","theForsaken:DefensiveStance","theForsaken:Horror","theForsaken:FountainOfLife","theForsaken:DesperatePlea","theForsaken:HymnOfRest","theForsaken:SacredOath","theForsaken:SacredOath+1","theForsaken:Mantra+1","theForsaken:BountifulSunlight+1","theForsaken:AncientWords","theForsaken:Terrorize+1","theForsaken:Horror+1"],"relics":["theForsaken:JudgementScales","Peace Pipe","Pocketwatch","Kunai","Painkiller Herb","Bottled Tornado","Durian","Juzu Bracelet","Kintsugi","Molten Egg 2","Replay:Accelerometer","MawBank"],"acts_visited":["Exordium","TheCity","TheBeyond"],"potions_floor_usage":[50],"damage_taken":[{"damage":8.0,"enemies":"2 Louse","floor":1.0,"turns":3.0},{"damage":10.0,"enemies":"Small Slimes","floor":3.0,"turns":4.0},{"damage":0.0,"enemies":"Cultist","floor":4.0,"turns":4.0},{"damage":0.0,"enemies":"3 Louse","floor":8.0,"turns":2.0},{"damage":4.0,"enemies":"Blue Slaver","floor":10.0,"turns":5.0},{"damage":0.0,"enemies":"2 Fungi Beasts","floor":14.0,"turns":2.0},{"damage":0.0,"enemies":"Slime Boss","floor":16.0,"turns":10.0},{"damage":0.0,"enemies":"2 Thieves","floor":18.0,"turns":4.0},{"damage":4.0,"enemies":"Shell Parasite","floor":19.0,"turns":7.0},{"damage":24.0,"enemies":"Centurion and Healer","floor":20.0,"turns":8.0},{"damage":7.0,"enemies":"Snake Plant","floor":22.0,"turns":7.0},{"damage":29.0,"enemies":"Slavers","floor":23.0,"turns":6.0},{"damage":5.0,"enemies":"Gremlin Leader","floor":29.0,"turns":8.0},{"damage":8.0,"enemies":"Shelled Parasite and Fungi","floor":30.0,"turns":7.0},{"damage":0.0,"enemies":"Automaton","floor":33.0,"turns":11.0},{"damage":0.0,"enemies":"Orb Walker","floor":35.0,"turns":5.0},{"damage":13.0,"enemies":"3 Shapes","floor":36.0,"turns":7.0},{"damage":0.0,"enemies":"Spire Growth","floor":37.0,"turns":6.0},{"damage":0.0,"enemies":"Transient","floor":39.0,"turns":5.0},{"damage":57.0,"enemies":"Giant Head","floor":42.0,"turns":10.0},{"damage":51.0,"enemies":"4 Shapes","floor":46.0,"turns":9.0},{"damage":30.0,"enemies":"Nemesis","floor":47.0,"turns":13.0},{"damage":1,"enemies":"Time Eater","floor":50,"turns":13}],"seed_played":"-6923164967319359602","potions_obtained":[{"floor":3.0,"key":"Swift Potion"},{"floor":4.0,"key":"Swift Potion"},{"floor":10.0,"key":"Weak Potion"},{"floor":20.0,"key":"theForsaken:FearPotion"},{"floor":33.0,"key":"Dexterity Potion"},{"floor":35.0,"key":"Elixir"},{"floor":46.0,"key":"Explosive Potion"}],"is_trial":false,"path_per_floor":["M","?","M","M","$","R","?","M","T","M","T","?","R","M","R","B",null,"?","?","?","T","?","E","T","?","T","?","?","E","?","T","T","B",null,"?","?","?","T","?","T","T","E","T","T","?","?","E","?","T","B",null],"character_chosen":"THE_FORSAKEN","items_purchased":["theForsaken:DefensiveStance+1","theForsaken:DefensiveStance","theForsaken:Horror","theForsaken:SacredOath","theForsaken:AncientWords"],"campfire_rested":2,"item_purchase_floors":[5,21,21,31,38],"current_hp_per_floor":[53,27,22,25,25,44,44,44,44,40,40,65,65,65,65,65,65,65,65,55,55,65,39,39,39,44,44,44,68,72,72,72,74,74,74,74,78,78,80,80,80,56,56,56,56,90,90,61,88,92],"gold":197,"neow_bonus":"TRANSFORM_CARD","is_daily":false,"chose_seed":false,"campfire_upgraded":4,"win_rate":0.0,"timestamp":1614216102,"path_taken":["M","?","M","?","$","R","?","M","T","M","?","?","R","M","R","BOSS","?","?","?","T","?","E","T","?","T","?","?","E","?","T","T","BOSS","?","?","?","T","?","T","?","E","T","T","?","?","E","?","T","BOSS"],"items_purchased_type":["Card","Card","Card","Card","Card"],"build_version":"2020-12-22","purchased_purges":1,"victory":true,"max_hp_per_floor":[65,65,65,65,65,65,65,65,65,65,65,65,65,65,65,65,65,65,65,65,65,65,65,65,65,70,70,70,70,72,72,72,74,74,74,74,78,78,80,80,80,84,84,84,84,90,90,90,90,92],"relic_stats":{"Peace Pipe":2,"counters":[23,156],"Juzu Bracelet":1,"Kunai":[17],"MawBank":48,"obtain_stats":[{"Peace Pipe":2,"Replay:Accelerometer":43,"Painkiller Herb":17,"Molten Egg 2":42,"Durian":26,"Juzu Bracelet":29,"Kunai":11,"Bottled Tornado":23,"Kintsugi":34,"theForsaken:JudgementScales":0,"MawBank":47,"Pocketwatch":9},{"Peace Pipe":1,"Replay:Accelerometer":20,"Painkiller Herb":7,"Molten Egg 2":20,"Durian":12,"Juzu Bracelet":13,"Kunai":5,"Bottled Tornado":12,"Kintsugi":15,"theForsaken:JudgementScales":0,"MawBank":22,"Pocketwatch":4},{"Peace Pipe":3,"Replay:Accelerometer":121,"Painkiller Herb":30,"Molten Egg 2":121,"Durian":62,"Juzu Bracelet":70,"Kunai":18,"Bottled Tornado":62,"Kintsugi":88,"theForsaken:JudgementScales":0,"MawBank":143,"Pocketwatch":13}],"Pocketwatch":[316]},"card_choices":[{"not_picked":["theForsaken:ShieldBash","theForsaken:WordsOfPestilence","theForsaken:Thunderbolt"],"picked":"SKIP","floor":1.0},{"not_picked":["theForsaken:ShieldBash","theForsaken:InspiringBlow"],"picked":"theForsaken:SolarFlare","floor":2.0},{"not_picked":["theForsaken:CowardsBrand","theForsaken:FuryStrikes"],"picked":"theForsaken:DefensiveStance","floor":3.0},{"not_picked":["theForsaken:NobleSacrifice","theForsaken:PanicDive","theForsaken:BottledPlague"],"picked":"SKIP","floor":4.0},{"not_picked":["theForsaken:PanicDive","theForsaken:Eulogy","theForsaken:Temperance"],"picked":"SKIP","floor":8.0},{"not_picked":["theForsaken:PowerUp","theForsaken:BlightOfFamine"],"picked":"theForsaken:DarkBarrier","floor":10.0},{"not_picked":["theForsaken:Backlash","theForsaken:Thunderbolt","theForsaken:CreepingInfection"],"picked":"SKIP","floor":14.0},{"not_picked":["theForsaken:Purification","theForsaken:DarkRift"],"picked":"theForsaken:TearsOfSunlight","floor":16.0},{"not_picked":["theForsaken:Thunderbolt","theForsaken:PanicDive","theForsaken:RainingSunlight+1"],"picked":"SKIP","floor":18.0},{"not_picked":["theForsaken:Backlash","theForsaken:ShieldBash","theForsaken:ChargeAttack"],"picked":"SKIP","floor":19.0},{"not_picked":["theForsaken:BindingThorns","theForsaken:Thunderbolt+1"],"picked":"theForsaken:Terrorize","floor":20.0},{"not_picked":["theForsaken:PanicDive","theForsaken:WordsOfPestilence","theForsaken:HorrifyingStrike"],"picked":"SKIP","floor":22.0},{"not_picked":["theForsaken:BlindFaith","theForsaken:Bolster"],"picked":"theForsaken:FountainOfLife","floor":23.0},{"not_picked":["theForsaken:Backlash","theForsaken:Enfeeble","theForsaken:WardingHymn+1"],"picked":"SKIP","floor":29.0},{"not_picked":["theForsaken:RainingSunlight","theForsaken:PowerUp","theForsaken:Parry"],"picked":"SKIP","floor":30.0},{"not_picked":["theForsaken:SpreadingPlague","theForsaken:Prudence"],"picked":"theForsaken:Mantra","floor":33.0},{"not_picked":["theForsaken:HymnOfPatience+1","theForsaken:CreepingInfection","theForsaken:BattleHymn"],"picked":"SKIP","floor":35.0},{"not_picked":["theForsaken:BottledPlague","theForsaken:Riposte"],"picked":"theForsaken:BountifulSunlight+1","floor":36.0},{"not_picked":["theForsaken:HymnOfPatience+1","theForsaken:ScorchingSunlight","theForsaken:NobleSacrifice+1"],"picked":"SKIP","floor":37.0},{"not_picked":["theForsaken:NobleSacrifice+1","theForsaken:BlindFaith"],"picked":"theForsaken:Terrorize+1","floor":39.0},{"not_picked":["theForsaken:StoreUp+1","theForsaken:PowerUp"],"picked":"theForsaken:Horror","floor":42.0},{"not_picked":["theForsaken:WordsOfPestilence+1","theForsaken:RainingSunlight+1","theForsaken:Devotion"],"picked":"SKIP","floor":46.0},{"not_picked":["theForsaken:WordOfPower+1","theForsaken:SacrificeSoul+1","theForsaken:ScorchingSunlight+1"],"picked":"SKIP","floor":47.0}],"player_experience":1931625,"relics_obtained":[{"floor":2.0,"key":"Peace Pipe"},{"floor":9.0,"key":"Pocketwatch"},{"floor":11.0,"key":"Kunai"},{"floor":23.0,"key":"Bottled Tornado"},{"floor":26.0,"key":"Durian"},{"floor":29.0,"key":"Juzu Bracelet"},{"floor":42.0,"key":"Molten Egg 2"},{"floor":43.0,"key":"Replay:Accelerometer"},{"floor":47.0,"key":"MawBank"}],"event_choices":[{"damage_healed":0.0,"max_hp_gain":0.0,"max_hp_loss":0.0,"gold_gain":0.0,"cards_transformed":["theForsaken:TheForsaken_Defend","theForsaken:TheForsaken_Strike"],"event_name":"Drug Dealer","player_choice":"Became Test Subject","floor":27.0,"gold_loss":0.0,"damage_taken":0.0,"cards_obtained":["theForsaken:DesperatePlea","theForsaken:HymnOfRest"]},{"damage_healed":0.0,"max_hp_gain":0.0,"max_hp_loss":0.0,"gold_gain":0.0,"cards_transformed":["theForsaken:TheForsaken_Defend"],"event_name":"Transmorgrifier","player_choice":"Transformed","floor":28.0,"gold_loss":0.0,"damage_taken":0.0,"cards_obtained":["theForsaken:ShieldBash"]},{"damage_healed":0.0,"max_hp_gain":0.0,"max_hp_loss":0.0,"gold_gain":0.0,"event_name":"SecretPortal","player_choice":"Ignored","floor":45.0,"gold_loss":0.0,"damage_taken":0.0},{"damage_healed":0.0,"max_hp_gain":0.0,"max_hp_loss":0.0,"gold_gain":0.0,"event_name":"betterSkull:BetterSkull","player_choice":"UP UP ","floor":48.0,"gold_loss":0.0,"damage_taken":33.0,"cards_upgraded":["theForsaken:DefensiveStance","theForsaken:Horror"],"relics_obtained":[]}],"is_beta":false,"boss_relics":[{"not_picked":["Runesmith:UraniumAnvil","Ectoplasm"],"picked":"Painkiller Herb"},{"not_picked":["Empty Cage","ReplayTheSpireMod:DimensionalGlitch"],"picked":"Kintsugi"}],"items_purged_floors":[38],"is_endless":false,"potions_floor_spawned":[3,4,10,20,33,35,36,46],"ascension_level":10}}