{"host":"bikm2o78umlg9iwk","time":1614268442,"event":{"mods":["AchievementEnabler","BaseMod","Colored Map","Colored Powertips","Googly Eyes","Highlight Path","Minty Spire (QoL Compilation)","Quick Restart","Relic Stats"],"gold_per_floor":[110,110,130,200,212,246,265,265,265,58,70,99,99,128,128,204,204,221,221,235,252,263,263,20,20,20,38,38,63,63,63,63,137,137,155,28,53,63,63,63,77,77,77,90,120,120,145,163,163,163,163],"floor_reached":52,"language":"ENG","playtime":9188,"items_purged":["Strike_G"],"score":2200,"play_id":"09fdea06-006c-43c7-a66b-16b70e4ccee4","local_time":"20210225165402","is_ascension_mode":true,"campfire_choices":[{"floor":15.0,"key":"REST"},{"data":"Predator","floor":23.0,"key":"SMITH"},{"data":"Wraith Form v2","floor":25.0,"key":"SMITH"},{"floor":30.0,"key":"REST"},{"data":"Deadly Poison","floor":32.0,"key":"SMITH"},{"data":"Blade Dance","floor":40.0,"key":"SMITH"},{"floor":46.0,"key":"REST"},{"data":"Flying Knee","floor":49.0,"key":"SMITH"}],"circlet_count":0,"master_deck":["AscendersBane","Strike_G","Strike_G","Defend_G","Defend_G","Defend_G","Defend_G","Defend_G","Survivor","Neutralize+1","Predator+1","Blade Dance+1","Deadly Poison+1","Crippling Poison+1","Masterful Stab","Noxious Fumes","Dodge and Roll+1","Night Terror+1","Venomology+1","Dodge and Roll+1","Predator+1","Flying Knee+1","Wraith Form v2+1","Outmaneuver+1","PiercingWail+1","Adrenaline+1","Terror+1","Footwork+1","Catalyst+1","Bouncing Flask+1"],"relics":["Ring of the Snake","Thread and Needle","InkBottle","Toxic Egg 2","Shuriken","Art of War","FaceOfCleric","Blue Candle","Snecko Eye","OrangePellets","Frozen Egg 2","Bottled Lightning","Empty Cage","CaptainsWheel","The Specimen","Dream Catcher","Snake Skull"],"acts_visited":["TheCity","TheBeyond"],"potions_floor_usage":[51],"damage_taken":[{"damage":0.0,"enemies":"2 Louse","floor":1.0,"turns":4.0},{"damage":0.0,"enemies":"Jaw Worm","floor":3.0,"turns":3.0},{"damage":0.0,"enemies":"Cultist","floor":5.0,"turns":3.0},{"damage":34.0,"enemies":"Gremlin Nob","floor":6.0,"turns":4.0},{"damage":0.0,"enemies":"Red Slaver","floor":7.0,"turns":3.0},{"damage":0.0,"enemies":"Blue Slaver","floor":11.0,"turns":3.0},{"damage":0.0,"enemies":"Lagavulin","floor":12.0,"turns":7.0},{"damage":0.0,"enemies":"3 Sentries","floor":14.0,"turns":7.0},{"damage":12.0,"enemies":"Slime Boss","floor":16.0,"turns":8.0},{"damage":11.0,"enemies":"Shell Parasite","floor":18.0,"turns":4.0},{"damage":0.0,"enemies":"3 Byrds","floor":20.0,"turns":4.0},{"damage":7.0,"enemies":"Cultist and Chosen","floor":21.0,"turns":6.0},{"damage":4.0,"enemies":"3 Cultists","floor":22.0,"turns":5.0},{"damage":3.0,"enemies":"Snake Plant","floor":27.0,"turns":6.0},{"damage":13.0,"enemies":"Book of Stabbing","floor":29.0,"turns":5.0},{"damage":0.0,"enemies":"Automaton","floor":33.0,"turns":12.0},{"damage":8.0,"enemies":"Orb Walker","floor":35.0,"turns":3.0},{"damage":6.0,"enemies":"Mind Bloom Boss Battle","floor":37.0,"turns":10.0},{"damage":0.0,"enemies":"3 Shapes","floor":38.0,"turns":4.0},{"damage":9.0,"enemies":"Spire Growth","floor":41.0,"turns":7.0},{"damage":0.0,"enemies":"Writhing Mass","floor":44.0,"turns":4.0},{"damage":4.0,"enemies":"Giant Head","floor":45.0,"turns":8.0},{"damage":0.0,"enemies":"Nemesis","floor":47.0,"turns":5.0},{"damage":0.0,"enemies":"Sphere and 2 Shapes","floor":48.0,"turns":4.0},{"damage":23.0,"enemies":"Awakened One","floor":50.0,"turns":16.0},{"damage":0,"enemies":"Time Eater","floor":51,"turns":7}],"seed_played":"1542402546858977591","potions_obtained":[{"floor":1.0,"key":"Dexterity Potion"},{"floor":3.0,"key":"Ancient Potion"},{"floor":14.0,"key":"Poison Potion"},{"floor":22.0,"key":"SkillPotion"},{"floor":27.0,"key":"ColorlessPotion"},{"floor":33.0,"key":"Weak Potion"},{"floor":35.0,"key":"LiquidMemories"},{"floor":44.0,"key":"FairyPotion"}],"is_trial":false,"path_per_floor":["M","?","M","T","M","E","M","?","T","$","M","E","?","E","R","B",null,"M","?","M","M","M","R","$","R","T","M","$","E","R","?","R","B",null,"M","$","?","M","?","R","M","?","T","M","E","R","E","M","R","B","B",null],"character_chosen":"THE_SILENT","items_purchased":["Noxious Fumes","Dodge and Roll+1","Wraith Form v2","OrangePellets","Footwork+1","Catalyst+1"],"campfire_rested":3,"item_purchase_floors":[10,10,24,24,36,36],"current_hp_per_floor":[59,54,54,54,54,20,20,20,20,20,20,20,20,21,41,30,59,49,49,50,44,41,41,41,41,41,39,39,27,49,49,49,50,69,62,62,57,58,58,58,64,64,64,65,62,77,78,79,79,57,58],"gold":163,"neow_bonus":"UPGRADE_CARD","is_daily":false,"chose_seed":false,"campfire_upgraded":5,"win_rate":0.0,"timestamp":1614268442,"path_taken":["M","?","M","?","M","E","M","?","T","$","M","E","?","E","R","BOSS","M","?","M","M","M","R","$","R","T","?","?","E","R","?","R","BOSS","M","$","?","M","?","R","M","?","T","?","E","R","E","M","R","BOSS","BOSS"],"items_purchased_type":["Card","Card","Card","Relic","Card","Card"],"build_version":"2020-12-22","purchased_purges":1,"victory":true,"max_hp_per_floor":[66,66,66,66,66,66,66,66,66,66,66,66,66,67,67,68,68,69,69,70,71,72,72,72,72,72,73,73,74,74,74,74,75,75,76,76,77,78,78,78,79,75,75,76,77,77,78,79,79,80,81],"relic_stats":{"OrangePellets":[30],"Dream Catcher":1,"FaceOfCleric":19,"counters":[26,152],"Shuriken":[39],"Blue Candle":[0],"Snecko Eye":[145,134,154,120],"Snake Skull":[56],"Art of War":[31],"obtain_stats":[{"The Specimen":43,"Blue Candle":14,"Thread and Needle":2,"Snake Skull":47,"Frozen Egg 2":26,"Empty Cage":34,"OrangePellets":24,"CaptainsWheel":37,"Dream Catcher":45,"FaceOfCleric":13,"Shuriken":9,"Snecko Eye":17,"Art of War":12,"Bottled Lightning":29,"Toxic Egg 2":6,"InkBottle":4,"Ring of the Snake":0},{"The Specimen":20,"Blue Candle":8,"Thread and Needle":1,"Snake Skull":23,"Frozen Egg 2":13,"Empty Cage":16,"OrangePellets":13,"CaptainsWheel":18,"Dream Catcher":22,"FaceOfCleric":7,"Shuriken":5,"Snecko Eye":9,"Art of War":7,"Bottled Lightning":15,"Toxic Egg 2":4,"InkBottle":2,"Ring of the Snake":0},{"The Specimen":108,"Blue Candle":34,"Thread and Needle":4,"Snake Skull":125,"Frozen Egg 2":61,"Empty Cage":84,"OrangePellets":61,"CaptainsWheel":97,"Dream Catcher":120,"FaceOfCleric":27,"Shuriken":17,"Snecko Eye":42,"Art of War":27,"Bottled Lightning":72,"Toxic Egg 2":14,"InkBottle":7,"Ring of the Snake":0}],"InkBottle":[53],"Ring of the Snake":[52]},"card_choices":[{"not_picked":["Flying Knee","Catalyst"],"picked":"Predator","floor":1.0},{"not_picked":["Expertise","Flechettes"],"picked":"Blade Dance","floor":3.0},{"not_picked":["Sucker Punch","Underhanded Strike"],"picked":"Deadly Poison","floor":5.0},{"not_picked":["Poisoned Stab","Acrobatics+1"],"picked":"Crippling Poison+1","floor":6.0},{"not_picked":["Leg Sweep+1","Dagger Spray"],"picked":"Masterful Stab","floor":7.0},{"not_picked":["Masterful Stab","Tactician+1","Underhanded Strike"],"picked":"SKIP","floor":11.0},{"not_picked":["Flechettes","Predator","Unload"],"picked":"SKIP","floor":12.0},{"not_picked":["Quick Slash","Dodge and Roll+1"],"picked":"Night Terror+1","floor":14.0},{"not_picked":["Storm of Steel+1","A Thousand Cuts"],"picked":"Venomology+1","floor":16.0},{"not_picked":["Deadly Poison+1","Expertise+1"],"picked":"Dodge and Roll+1","floor":18.0},{"not_picked":["Dagger Throw","Expertise+1"],"picked":"Predator","floor":20.0},{"not_picked":["Deadly Poison+1","Prepared+1"],"picked":"Flying Knee","floor":21.0},{"not_picked":["Deflect+1","Underhanded Strike"],"picked":"Envenom","floor":22.0},{"not_picked":["Poisoned Stab","Bane","Quick Slash"],"picked":"SKIP","floor":27.0},{"not_picked":["Underhanded Strike","Poisoned Stab"],"picked":"Outmaneuver+1","floor":29.0},{"not_picked":["Storm of Steel+1","Phantasmal Killer+1"],"picked":"Adrenaline+1","floor":33.0},{"not_picked":["PiercingWail+1","Noxious Fumes+1"],"picked":"Terror+1","floor":35.0},{"not_picked":["Flying Knee","Deflect+1","Outmaneuver+1"],"picked":"SKIP","floor":38.0},{"not_picked":["Accuracy+1","Backflip+1"],"picked":"Bouncing Flask+1","floor":41.0},{"not_picked":["Flying Knee","Flechettes","Dash"],"picked":"SKIP","floor":44.0},{"not_picked":["Tools of the Trade+1","Outmaneuver+1","Deadly Poison+1"],"picked":"SKIP","floor":45.0},{"not_picked":["Reflex+1","Venomology+1","Prepared+1"],"picked":"SKIP","floor":47.0},{"not_picked":["Dagger Throw+1","Noxious Fumes+1","Deadly Poison+1"],"picked":"SKIP","floor":48.0}],"player_experience":1702925,"relics_obtained":[{"floor":4.0,"key":"InkBottle"},{"floor":6.0,"key":"Toxic Egg 2"},{"floor":9.0,"key":"Shuriken"},{"floor":12.0,"key":"Art of War"},{"floor":14.0,"key":"Blue Candle"},{"floor":26.0,"key":"Frozen Egg 2"},{"floor":29.0,"key":"Bottled Lightning"},{"floor":37.0,"key":"CaptainsWheel"},{"floor":43.0,"key":"The Specimen"},{"floor":45.0,"key":"Dream Catcher"},{"floor":47.0,"key":"Snake Skull"}],"event_choices":[{"damage_healed":0.0,"max_hp_gain":0.0,"max_hp_loss":0.0,"gold_gain":0.0,"event_name":"Scrap Ooze","player_choice":"Success","floor":2.0,"gold_loss":0.0,"damage_taken":5.0,"relics_obtained":["Thread and Needle"]},{"damage_healed":0.0,"max_hp_gain":0.0,"max_hp_loss":0.0,"gold_gain":0.0,"event_name":"Liars Game","player_choice":"Ignored","floor":8.0,"gold_loss":0.0,"damage_taken":0.0},{"damage_healed":0.0,"max_hp_gain":0.0,"max_hp_loss":0.0,"gold_gain":0.0,"event_name":"FaceTrader","player_choice":"Trade","floor":13.0,"gold_loss":0.0,"damage_taken":0.0,"relics_obtained":["FaceOfCleric"]},{"damage_healed":0.0,"max_hp_gain":0.0,"max_hp_loss":0.0,"gold_gain":0.0,"event_name":"Upgrade Shrine","player_choice":"Upgraded","floor":19.0,"gold_loss":0.0,"damage_taken":0.0,"cards_upgraded":["Predator"]},{"damage_healed":0.0,"max_hp_gain":0.0,"max_hp_loss":0.0,"gold_gain":0.0,"event_name":"The Library","player_choice":"Read","floor":31.0,"gold_loss":0.0,"damage_taken":0.0,"cards_obtained":["PiercingWail"]},{"damage_healed":0.0,"max_hp_gain":0.0,"max_hp_loss":0.0,"gold_gain":0.0,"event_name":"MindBloom","player_choice":"Fight","floor":37.0,"gold_loss":0.0,"damage_taken":0.0},{"cards_removed":["Envenom"],"damage_healed":0.0,"max_hp_gain":0.0,"max_hp_loss":0.0,"gold_gain":0.0,"event_name":"Falling","player_choice":"Removed Power","floor":39.0,"gold_loss":0.0,"damage_taken":0.0},{"damage_healed":0.0,"max_hp_gain":0.0,"max_hp_loss":4.0,"gold_gain":0.0,"event_name":"Winding Halls","player_choice":"Max HP","floor":42.0,"gold_loss":0.0,"damage_taken":0.0}],"is_beta":false,"boss_relics":[{"not_picked":["Ring of the Serpent","Pandora\u0027s Box"],"picked":"Snecko Eye"},{"not_picked":["Tiny House","Black Star"],"picked":"Empty Cage"}],"items_purged_floors":[10],"is_endless":false,"potions_floor_spawned":[1,3,14,22,27,33,35,44,47],"ascension_level":20}}