{"host":"zdahj580pq9zy75i","time":1614217591,"event":{"mods":["AchievementEnabler","BaseMod","Bestiary","Colored Map","Minty Spire (QoL Compilation)","Relic Stats","StSLib","ojb\u0027s Info Mod: The sequel"],"gold_per_floor":[112,112,132,149,28,58,68,68,68,400,418,428,428,461,461,566,566,583,500,518,262,262,262,290,290,290,290,290,290],"floor_reached":28,"language":"ENG","playtime":1821,"items_purged":[],"score":463,"play_id":"b808b485-d0b1-4edb-a82e-beca33d0fcae","local_time":"20210224204631","is_ascension_mode":true,"campfire_choices":[{"data":"Fasting2","floor":15,"key":"SMITH"},{"floor":23,"key":"RECALL"},{"floor":25,"key":"REST"}],"circlet_count":0,"master_deck":["Strike_P","Strike_P","Strike_P","Strike_P","Defend_P","Defend_P","Defend_P","Eruption","Vigilance","Tantrum","FollowUp","BowlingBash","Fasting2+1","Prostrate","EmptyFist","TalkToTheHand","Indignation","Meditate","Discovery","Blasphemy","EmptyBody","Flash of Steel","Evaluate+1","TalkToTheHand"],"relics":["PureWater","Pantograph","Turnip","Old Coin","Bronze Scales","Fusion Hammer","Toxic Egg 2","Ginger","Darkstone Periapt"],"acts_visited":["Exordium","TheCity"],"potions_floor_usage":[6,16,24],"damage_taken":[{"damage":16,"enemies":"Jaw Worm","floor":1,"turns":4},{"damage":0,"enemies":"Cultist","floor":3,"turns":2},{"damage":0,"enemies":"Small Slimes","floor":4,"turns":2},{"damage":40,"enemies":"Lagavulin","floor":6,"turns":5},{"damage":0,"enemies":"3 Louse","floor":7,"turns":3},{"damage":0,"enemies":"Gremlin Nob","floor":10,"turns":2},{"damage":10,"enemies":"Red Slaver","floor":11,"turns":2},{"damage":0,"enemies":"Exordium Thugs","floor":12,"turns":3},{"damage":0,"enemies":"Lagavulin","floor":14,"turns":4},{"damage":0,"enemies":"Slime Boss","floor":16,"turns":3},{"damage":11,"enemies":"Spheric Guardian","floor":18,"turns":3},{"damage":0,"enemies":"Shell Parasite","floor":20,"turns":2},{"damage":37,"enemies":"Book of Stabbing","floor":24,"turns":4},{"damage":57,"enemies":"Centurion and Healer","floor":28,"turns":4}],"seed_played":"-5643523149310919860","potions_obtained":[{"floor":3,"key":"BottledMiracle"},{"floor":10,"key":"FearPotion"},{"floor":12,"key":"Explosive Potion"},{"floor":18,"key":"SmokeBomb"},{"floor":24,"key":"SkillPotion"}],"is_trial":false,"path_per_floor":["M","?","M","M","$","E","M","?","T","E","M","M","?","E","R","B",null,"M","$","M","$","?","R","E","R","T","?","M"],"character_chosen":"WATCHER","items_purchased":["Fasting2","Fire Potion","Flash of Steel","Toxic Egg 2"],"campfire_rested":1,"item_purchase_floors":[5,5,19,21],"current_hp_per_floor":[56,56,56,56,56,16,16,42,42,42,32,32,32,32,32,57,74,63,63,63,63,63,63,26,49,49,49,0,0],"gold":290,"neow_bonus":"TEN_PERCENT_HP_BONUS","is_daily":false,"chose_seed":false,"campfire_upgraded":1,"win_rate":0.0,"timestamp":1614217591,"path_taken":["M","?","M","M","$","E","?","?","T","E","M","M","?","E","R","BOSS","M","?","M","$","?","R","E","R","T","?","M"],"items_purchased_type":["Card","Potion","Card","Relic"],"build_version":"2020-12-22","purchased_purges":0,"victory":false,"max_hp_per_floor":[79,79,79,79,79,79,79,79,79,79,79,79,79,79,79,79,79,79,79,79,79,79,79,79,79,79,79,79,79],"relic_stats":{"Darkstone Periapt":0,"counters":[14,43],"Pantograph":25,"Bronze Scales":[33],"Turnip":[9],"Ginger":[0],"obtain_stats":[{"Darkstone Periapt":26,"Pantograph":6,"Bronze Scales":14,"Turnip":9,"Fusion Hammer":17,"Ginger":24,"PureWater":0,"Toxic Egg 2":21,"Old Coin":10},{"Darkstone Periapt":13,"Pantograph":4,"Bronze Scales":9,"Turnip":5,"Fusion Hammer":10,"Ginger":13,"PureWater":0,"Toxic Egg 2":12,"Old Coin":6},{"Darkstone Periapt":39,"Pantograph":13,"Bronze Scales":27,"Turnip":16,"Fusion Hammer":30,"Ginger":39,"PureWater":0,"Toxic Egg 2":35,"Old Coin":18}]},"card_choices":[{"not_picked":["Prostrate","Halt"],"picked":"Tantrum","floor":1},{"not_picked":["Consecrate","CrushJoints"],"picked":"FollowUp","floor":3},{"not_picked":["WheelKick","Evaluate"],"picked":"BowlingBash","floor":4},{"not_picked":["Judgement","CrushJoints"],"picked":"Prostrate","floor":6},{"not_picked":["Perseverance","ClearTheMind"],"picked":"EmptyFist","floor":7},{"not_picked":["JustLucky","WaveOfTheHand","Conclude"],"picked":"SKIP","floor":10},{"not_picked":["Protect","FollowUp"],"picked":"TalkToTheHand","floor":11},{"not_picked":["FollowUp","CrushJoints"],"picked":"Indignation","floor":12},{"not_picked":["DeceiveReality","WindmillStrike","SashWhip"],"picked":"SKIP","floor":14},{"not_picked":["Ragnarok","Scrawl"],"picked":"Blasphemy","floor":16},{"not_picked":["ReachHeaven+1","FollowUp"],"picked":"EmptyBody","floor":18},{"not_picked":["Study","LikeWater"],"picked":"Evaluate+1","floor":20},{"not_picked":["SashWhip","Evaluate+1","InnerPeace+1"],"picked":"SKIP","floor":24}],"player_experience":809673,"relics_obtained":[{"floor":6,"key":"Pantograph"},{"floor":9,"key":"Turnip"},{"floor":10,"key":"Old Coin"},{"floor":14,"key":"Bronze Scales"},{"floor":24,"key":"Ginger"},{"floor":26,"key":"Darkstone Periapt"}],"event_choices":[{"cards_removed":["Defend_P"],"damage_healed":0,"gold_gain":0,"player_choice":"Purged","damage_taken":0,"max_hp_gain":0,"max_hp_loss":0,"event_name":"Purifier","floor":2,"gold_loss":0},{"damage_healed":26,"gold_gain":0,"player_choice":"Banana","damage_taken":0,"max_hp_gain":0,"max_hp_loss":0,"event_name":"Big Fish","floor":8,"gold_loss":0},{"damage_healed":0,"gold_gain":0,"player_choice":"2 cards matched","damage_taken":0,"max_hp_gain":0,"max_hp_loss":0,"event_name":"Match and Keep!","floor":13,"gold_loss":0,"cards_obtained":["Meditate","Discovery"]},{"damage_healed":0,"gold_gain":0,"player_choice":"Ignored","damage_taken":0,"max_hp_gain":0,"max_hp_loss":0,"event_name":"Ghosts","floor":22,"gold_loss":0},{"damage_healed":0,"gold_gain":0,"player_choice":"Read","damage_taken":0,"max_hp_gain":0,"max_hp_loss":0,"event_name":"The Library","floor":27,"gold_loss":0,"cards_obtained":["TalkToTheHand"]}],"is_beta":false,"boss_relics":[{"not_picked":["Empty Cage","Busted Crown"],"picked":"Fusion Hammer"}],"items_purged_floors":[],"is_endless":false,"potions_floor_spawned":[3,10,12,14,18,24],"killed_by":"Centurion and Healer","ascension_level":6}}