{"host":"9l1knhxfturzliqa","time":1614244062,"event":{"mods":["AchievementEnabler","BaseMod","Colored Map","Colored Powertips","DeckTracker","Highlight Path","Keyboard Shortcuts","Minty Spire (QoL Compilation)","Random Character Button"],"gold_per_floor":[119,29,29,47,22,56,67,67,67,142,156,168,178,197,197,274,274,292,310,320,336,251,279,279,296,319,342,61,82,82,106,106,191,191,217,244,264,273,97,97,135,135,135,135,154,205,17,39,39,39,39,39,11,11,11],"floor_reached":54,"language":"KOR","playtime":5116,"items_purged":["Writhe"],"score":1336,"play_id":"fc8f3645-2047-4c2a-b836-a3440c8e5f00","local_time":"20210225180742","is_ascension_mode":true,"campfire_choices":[{"data":"Zap","floor":8.0,"key":"SMITH"},{"data":"Streamline","floor":15.0,"key":"SMITH"},{"data":"Aggregate","floor":30.0,"key":"SMITH"},{"data":"Steam Power","floor":32.0,"key":"SMITH"},{"floor":40,"key":"RECALL"},{"data":"Transmutation","floor":42,"key":"SMITH"},{"data":"Chill","floor":49,"key":"SMITH"},{"data":"Stack","floor":52,"key":"SMITH"}],"circlet_count":0,"master_deck":["AscendersBane","Strike_B","Strike_B","Strike_B","Defend_B","Defend_B","Defend_B","Defend_B","Zap+1","Dualcast","Streamline+1","BootSequence","Leap","Hologram","Scrape","Aggregate+1","Self Repair","Hologram","Steam","Leap","Echo Form","Go for the Eyes+1","Compile Driver+1","Beam Cell","Gash+1","Self Repair","Melter","Beam Cell","Gash","Leap","Stack+1","Steam Power+1","Core Surge","Rip and Tear+1","Dark Shackles","Transmutation+1","Purity","Undo+1","Chill+1","Hologram","Rebound","Conserve Battery","Go for the Eyes","Leap"],"relics":["FrozenCore","NeowsBlessing","Lizard Tail","Dead Branch","Nuclear Battery","Blue Candle","Art of War","CeramicFish","Membership Card","Whetstone","Pantograph","Bag of Marbles","Letter Opener","OrangePellets","DataDisk"],"acts_visited":["Exordium","TheCity","TheBeyond","TheEnding"],"potions_floor_usage":[35,41,41,50,54],"damage_taken":[{"damage":0.0,"enemies":"Cultist","floor":1.0,"turns":1.0},{"damage":0.0,"enemies":"2 Louse","floor":4.0,"turns":1.0},{"damage":0.0,"enemies":"Gremlin Nob","floor":6.0,"turns":1.0},{"damage":0.0,"enemies":"Small Slimes","floor":7.0,"turns":3.0},{"damage":0.0,"enemies":"2 Fungi Beasts","floor":11.0,"turns":3.0},{"damage":2.0,"enemies":"3 Louse","floor":12.0,"turns":3.0},{"damage":12.0,"enemies":"Exordium Wildlife","floor":13.0,"turns":4.0},{"damage":0.0,"enemies":"Blue Slaver","floor":14.0,"turns":2.0},{"damage":35.0,"enemies":"Slime Boss","floor":16.0,"turns":8.0},{"damage":19.0,"enemies":"3 Byrds","floor":18.0,"turns":5.0},{"damage":22.0,"enemies":"Chosen","floor":19.0,"turns":4.0},{"damage":6.0,"enemies":"Shelled Parasite and Fungi","floor":20.0,"turns":4.0},{"damage":13.0,"enemies":"Centurion and Healer","floor":21.0,"turns":10.0},{"damage":36.0,"enemies":"Book of Stabbing","floor":23.0,"turns":6.0},{"damage":5.0,"enemies":"Snecko","floor":25.0,"turns":8.0},{"damage":6.0,"enemies":"Snake Plant","floor":27.0,"turns":4.0},{"damage":12.0,"enemies":"3 Cultists","floor":29.0,"turns":6.0},{"damage":0.0,"enemies":"Snecko","floor":31.0,"turns":6.0},{"damage":69.0,"enemies":"Champ","floor":33.0,"turns":11.0},{"damage":39,"enemies":"3 Darklings","floor":35,"turns":6},{"damage":0,"enemies":"Orb Walker","floor":37,"turns":2},{"damage":10,"enemies":"Giant Head","floor":41,"turns":9},{"damage":4,"enemies":"Spire Growth","floor":45,"turns":7},{"damage":9,"enemies":"Sphere and 2 Shapes","floor":46,"turns":4},{"damage":23,"enemies":"Maw","floor":48,"turns":10},{"damage":42,"enemies":"Donu and Deca","floor":50,"turns":11},{"damage":72,"enemies":"Shield and Spear","floor":54,"turns":6}],"seed_played":"-7385064809332007577","potions_obtained":[{"floor":4.0,"key":"ColorlessPotion"},{"floor":11.0,"key":"Regen Potion"},{"floor":12.0,"key":"Explosive Potion"},{"floor":14.0,"key":"AttackPotion"},{"floor":20.0,"key":"LiquidBronze"},{"floor":23.0,"key":"Strength Potion"},{"floor":25.0,"key":"Weak Potion"},{"floor":33.0,"key":"ColorlessPotion"},{"floor":35,"key":"EntropicBrew"},{"floor":45,"key":"Strength Potion"},{"floor":46,"key":"SteroidPotion"}],"is_trial":false,"path_per_floor":["M","$","?","M","$","E","M","R","T","?","M","M","M","M","R","B",null,"M","M","M","M","?","E","?","M","T","M","$","M","R","M","R","B",null,"M","?","M","?","$","R","E","R","T","?","M","M","$","M","R","B",null,"R","$","E"],"character_chosen":"DEFECT","items_purchased":["BootSequence","Hologram","Membership Card","Whetstone","Gash","Leap","Pantograph","OrangePellets","DataDisk","Conserve Battery","Go for the Eyes","Fire Potion"],"campfire_rested":0,"item_purchase_floors":[2,5,28,28,28,28,39,47,47,47,47,53],"current_hp_per_floor":[64,64,57,57,57,57,57,57,57,46,46,44,39,39,39,11,56,44,41,42,43,43,14,38,40,40,41,41,57,57,76,76,14,61,43,33,33,48,48,48,59,59,59,59,69,67,67,51,51,41,67,67,67,0,0],"gold":11,"neow_bonus":"THREE_ENEMY_KILL","is_daily":false,"chose_seed":false,"campfire_upgraded":7,"win_rate":0.0,"timestamp":1614244062,"path_taken":["M","?","?","M","$","E","M","R","T","?","M","M","M","M","R","BOSS","M","M","M","M","?","E","?","M","T","M","?","M","R","M","R","BOSS","M","?","M","?","$","R","E","R","T","?","M","?","$","M","R","BOSS","R","$","E"],"items_purchased_type":["Card","Card","Relic","Relic","Card","Card","Relic","Relic","Relic","Card","Card","Potion"],"build_version":"2020-12-22","purchased_purges":1,"victory":false,"max_hp_per_floor":[71,71,71,71,71,71,71,71,71,71,71,71,71,71,71,71,71,71,71,71,71,71,71,76,76,76,76,76,76,76,76,76,76,76,76,76,76,76,76,76,76,76,76,76,76,76,76,76,76,76,76,76,76,76,76],"card_choices":[{"not_picked":["Beam Cell","Go for the Eyes"],"picked":"Streamline","floor":1.0},{"not_picked":["Doom and Gloom","Ball Lightning"],"picked":"Leap","floor":4.0},{"not_picked":["Steam","Go for the Eyes"],"picked":"Scrape","floor":6.0},{"not_picked":["Redo","Compile Driver"],"picked":"Aggregate","floor":7.0},{"not_picked":["Rebound","Barrage"],"picked":"Self Repair","floor":11.0},{"not_picked":["Recycle","Barrage"],"picked":"Hologram","floor":12.0},{"not_picked":["Streamline","Ball Lightning"],"picked":"Steam","floor":13.0},{"not_picked":["Barrage","Self Repair"],"picked":"Leap","floor":14.0},{"not_picked":["Biased Cognition","Hyperbeam"],"picked":"Echo Form","floor":16.0},{"not_picked":["Gash","Streamline"],"picked":"Go for the Eyes","floor":18.0},{"not_picked":["Tempest+1","Ball Lightning"],"picked":"Compile Driver","floor":19.0},{"not_picked":["Streamline","Hologram"],"picked":"Beam Cell","floor":20.0},{"not_picked":["Force Field","Creative AI"],"picked":"Gash+1","floor":21.0},{"not_picked":["Glacier","Streamline"],"picked":"Self Repair","floor":23.0},{"not_picked":["Sweeping Beam","Ball Lightning"],"picked":"Melter","floor":25.0},{"not_picked":["Barrage+1","Go for the Eyes"],"picked":"Beam Cell","floor":27.0},{"not_picked":["Steam","Heatsinks"],"picked":"Stack","floor":29.0},{"not_picked":["Static Discharge+1","Ball Lightning"],"picked":"Steam Power","floor":31.0},{"not_picked":["Machine Learning","Electrodynamics"],"picked":"Core Surge","floor":33.0},{"not_picked":["Sunder","Doom and Gloom+1"],"picked":"Rip and Tear+1","floor":35},{"not_picked":["Flash of Steel","Impatience"],"picked":"Dark Shackles","floor":36},{"not_picked":["HandOfGreed","Purity"],"picked":"Transmutation","floor":36},{"not_picked":["Dark Shackles","Impatience"],"picked":"Purity","floor":36},{"not_picked":["Streamline","Conserve Battery"],"picked":"Undo+1","floor":37},{"not_picked":["Doom and Gloom","Reprogram"],"picked":"Chill","floor":41},{"not_picked":["Coolheaded+1","Cold Snap"],"picked":"Hologram","floor":45},{"not_picked":["Sweeping Beam+1","Hello World"],"picked":"Rebound","floor":46},{"not_picked":["Steam Power","Multi-Cast"],"picked":"Leap","floor":48}],"player_experience":740343,"relics_obtained":[{"floor":6.0,"key":"Lizard Tail"},{"floor":9.0,"key":"Dead Branch"},{"floor":23.0,"key":"Art of War"},{"floor":26.0,"key":"CeramicFish"},{"floor":41,"key":"Bag of Marbles"}],"event_choices":[{"cards_removed":["Strike_B"],"damage_healed":0.0,"max_hp_gain":0.0,"max_hp_loss":0.0,"gold_gain":0.0,"event_name":"Golden Wing","player_choice":"Card Removal","floor":3.0,"gold_loss":0.0,"damage_taken":7.0},{"damage_healed":0.0,"max_hp_gain":0.0,"max_hp_loss":0.0,"gold_gain":75.0,"event_name":"World of Goop","player_choice":"Gather Gold","floor":10.0,"gold_loss":0.0,"damage_taken":11.0},{"damage_healed":0.0,"max_hp_gain":0.0,"max_hp_loss":0.0,"gold_gain":0.0,"event_name":"Addict","player_choice":"Obtained Relic","floor":22.0,"gold_loss":85.0,"damage_taken":0.0,"relics_obtained":["Blue Candle"]},{"damage_healed":0.0,"max_hp_gain":5.0,"max_hp_loss":0.0,"gold_gain":0.0,"event_name":"Forgotten Altar","player_choice":"Shed Blood","floor":24.0,"gold_loss":0.0,"damage_taken":25.0},{"damage_healed":0,"gold_gain":0,"player_choice":"Memory 3","damage_taken":10,"max_hp_gain":0,"max_hp_loss":0,"event_name":"SensoryStone","floor":36,"gold_loss":0},{"damage_healed":15,"gold_gain":0,"player_choice":"Writhe","damage_taken":0,"max_hp_gain":0,"max_hp_loss":0,"event_name":"Winding Halls","floor":38,"gold_loss":0,"cards_obtained":["Writhe"]},{"damage_healed":0,"gold_gain":0,"player_choice":"Gave Potion","damage_taken":0,"relics_obtained":["Letter Opener"],"max_hp_gain":0,"max_hp_loss":0,"event_name":"WeMeetAgain","floor":44,"gold_loss":0}],"is_beta":false,"boss_relics":[{"not_picked":["Cursed Key","Empty Cage"],"picked":"Nuclear Battery"},{"not_picked":["Astrolabe","Snecko Eye"],"picked":"FrozenCore"}],"items_purged_floors":[39],"is_endless":false,"potions_floor_spawned":[4,11,12,14,20,23,25,33,35,45,46],"killed_by":"Shield and Spear","ascension_level":17}}