{"host":"fs9fti79x98y0ceq","time":1614267275,"event":{"mods":["AchievementEnabler","BaseMod","Colored Map","Custom Start","DeckTracker","Hermit","KOR Keyword Fix","Minty Spire (QoL Compilation)","Relic Stats","StSLib","SuperFastMode","everything is the same but u backflip on backflip"],"gold_per_floor":[112,112,112,112,130,130,149,167,167,188,211,211,386,157,157,256,256,280,205,205,219,242,242,275,304,351,385,385,414,161,184,184,291,336,350,379,408,69,93,93,145,145,168,501,551,576,394,414,414,414],"floor_reached":51,"language":"KOR","playtime":1951,"items_purged":["Doubt","Strike_P","Vigilance","Ragnarok"],"score":1238,"play_id":"1a970bb3-8096-4757-93c4-0f80c36df5c1","local_time":"20210226003435","is_ascension_mode":true,"campfire_choices":[{"data":"Eruption","floor":6,"key":"SMITH"},{"floor":12,"key":"REST"},{"data":"TalkToTheHand","floor":15,"key":"SMITH"},{"floor":23,"key":"RECALL"},{"floor":32,"key":"REST"},{"floor":40,"key":"REST"},{"floor":42,"key":"REST"},{"floor":49,"key":"REST"}],"circlet_count":0,"master_deck":["AscendersBane","Eruption+1","FlurryOfBlows+1","Meditate+1","TalkToTheHand+1","PathToVictory+1","Vault+1","Scrawl+1","WaveOfTheHand+1","Evaluate+1","Adaptation","DeusExMachina+1","Pray+1","Perseverance+1","FearNoEvil","Wallop","PathToVictory+1","Sanctity+1","PathToVictory+1","Pray+1"],"relics":["PureWater","Thread and Needle","Toxic Egg 2","Letter Opener","Fusion Hammer","CeramicFish","Oddly Smooth Stone","Pantograph","Art of War","Pandora\u0027s Box","Membership Card","InkBottle","Ornamental Fan","Pen Nib","Incense Burner","TungstenRod","Lantern"],"acts_visited":["Exordium","TheCity","TheBeyond"],"potions_floor_usage":[10,11,31],"damage_taken":[{"damage":3,"enemies":"2 Louse","floor":1,"turns":3},{"damage":8,"enemies":"Jaw Worm","floor":5,"turns":9},{"damage":0,"enemies":"Small Slimes","floor":7,"turns":3},{"damage":8,"enemies":"3 Louse","floor":8,"turns":4},{"damage":11,"enemies":"Exordium Thugs","floor":10,"turns":6},{"damage":6,"enemies":"Exordium Wildlife","floor":11,"turns":5},{"damage":11,"enemies":"Hexaghost","floor":16,"turns":9},{"damage":0,"enemies":"Spheric Guardian","floor":18,"turns":3},{"damage":7,"enemies":"Shell Parasite","floor":21,"turns":4},{"damage":2,"enemies":"Sentry and Sphere","floor":22,"turns":4},{"damage":3,"enemies":"Slavers","floor":24,"turns":6},{"damage":2,"enemies":"Shelled Parasite and Fungi","floor":25,"turns":4},{"damage":6,"enemies":"Book of Stabbing","floor":27,"turns":7},{"damage":0,"enemies":"Snake Plant","floor":29,"turns":4},{"damage":0,"enemies":"Chosen and Byrds","floor":31,"turns":4},{"damage":21,"enemies":"Champ","floor":33,"turns":9},{"damage":17,"enemies":"3 Darklings","floor":35,"turns":3},{"damage":0,"enemies":"Orb Walker","floor":36,"turns":2},{"damage":0,"enemies":"3 Darklings","floor":37,"turns":2},{"damage":0,"enemies":"Transient","floor":39,"turns":6},{"damage":19,"enemies":"Reptomancer","floor":41,"turns":5},{"damage":0,"enemies":"2 Orb Walkers","floor":45,"turns":3},{"damage":0,"enemies":"Mind Bloom Boss Battle","floor":46,"turns":3},{"damage":13,"enemies":"Jaw Worm Horde","floor":48,"turns":3},{"damage":36,"enemies":"Time Eater","floor":50,"turns":6}],"seed_played":"525903241809271557","potions_obtained":[{"floor":1,"key":"LiquidMemories"},{"floor":8,"key":"Swift Potion"},{"floor":11,"key":"Ancient Potion"},{"floor":18,"key":"Energy Potion"},{"floor":22,"key":"FearPotion"},{"floor":25,"key":"EntropicBrew"},{"floor":31,"key":"CultistPotion"},{"floor":33,"key":"BlessingOfTheForge"}],"is_trial":false,"path_per_floor":["M","?","?","?","M","R","M","M","T","M","M","R","?","$","R","B",null,"M","?","?","M","M","R","E","M","T","E","?","M","$","M","R","B",null,"M","M","M","$","M","R","E","R","T","?","?","?","$","M","R","B",null],"character_chosen":"WATCHER","items_purchased":["Vault+1","Art of War","Membership Card","InkBottle","Lantern","Pray+1"],"campfire_rested":5,"item_purchase_floors":[14,30,38,38,47,47],"current_hp_per_floor":[58,51,56,40,32,32,32,24,24,13,7,27,27,27,27,16,54,54,54,54,47,45,45,42,40,40,34,34,34,34,34,54,46,62,45,45,45,45,45,65,46,66,66,66,66,67,67,54,67,31],"gold":414,"neow_bonus":"ONE_RARE_RELIC","is_daily":false,"chose_seed":false,"campfire_upgraded":2,"win_rate":0.0,"timestamp":1614267275,"path_taken":["M","?","?","?","?","R","M","M","T","M","M","R","?","$","R","BOSS","M","?","?","M","M","R","E","?","T","E","?","M","$","M","R","BOSS","M","M","M","$","?","R","E","R","T","?","?","?","$","M","R","BOSS"],"items_purchased_type":["Card","Relic","Relic","Relic","Relic","Card"],"build_version":"2020-12-22","purchased_purges":4,"victory":true,"max_hp_per_floor":[62,62,67,67,67,67,67,67,67,67,67,67,67,67,67,67,67,67,67,67,67,67,67,67,67,67,67,67,67,67,67,67,67,67,67,67,67,67,67,67,67,67,67,67,67,67,67,67,67,67],"relic_stats":{"counters":[25,117],"Ornamental Fan":[8],"CeramicFish":108,"Pantograph":14,"Pandora\u0027s Box":["Pray","Ragnarok","Perseverance","FearNoEvil","Wallop"],"Pen Nib":[1],"Art of War":[4],"Letter Opener":[533],"obtain_stats":[{"Lantern":47,"Golden Idol":4,"CeramicFish":24,"Oddly Smooth Stone":26,"Thread and Needle":0,"Pen Nib":43,"Incense Burner":45,"Letter Opener":9,"Ornamental Fan":41,"Pantograph":27,"Pandora\u0027s Box":34,"Fusion Hammer":17,"Art of War":30,"Membership Card":38,"PureWater":0,"Toxic Egg 2":2,"InkBottle":38,"TungstenRod":46},{"Lantern":23,"Golden Idol":1,"CeramicFish":11,"Oddly Smooth Stone":12,"Thread and Needle":0,"Pen Nib":21,"Incense Burner":22,"Letter Opener":4,"Ornamental Fan":21,"Pantograph":13,"Pandora\u0027s Box":16,"Fusion Hammer":7,"Art of War":14,"Membership Card":19,"PureWater":0,"Toxic Egg 2":1,"InkBottle":19,"TungstenRod":23},{"Lantern":108,"Golden Idol":3,"CeramicFish":56,"Oddly Smooth Stone":60,"Thread and Needle":0,"Pen Nib":102,"Incense Burner":105,"Letter Opener":19,"Ornamental Fan":102,"Pantograph":67,"Pandora\u0027s Box":84,"Fusion Hammer":39,"Art of War":71,"Membership Card":91,"PureWater":0,"Toxic Egg 2":3,"InkBottle":91,"TungstenRod":108}],"InkBottle":[18],"TungstenRod":4},"card_choices":[{"not_picked":["Worship","WindmillStrike","Halt"],"picked":"SKIP","floor":1},{"not_picked":["Consecrate","EmptyBody+1"],"picked":"FlurryOfBlows","floor":5},{"not_picked":["SignatureMove","BowlingBash"],"picked":"Meditate+1","floor":7},{"not_picked":["EmptyMind+1","Halt+1"],"picked":"TalkToTheHand","floor":8},{"not_picked":["EmptyBody+1","Weave","SashWhip"],"picked":"SKIP","floor":10},{"not_picked":["Crescendo+1","CrushJoints"],"picked":"PathToVictory+1","floor":11},{"not_picked":["Blasphemy+1","Judgement+1"],"picked":"Scrawl+1","floor":16},{"not_picked":["ThirdEye+1","Study","Meditate+1"],"picked":"SKIP","floor":18},{"not_picked":["CutThroughFate","WreathOfFlame+1","Pray+1"],"picked":"SKIP","floor":21},{"not_picked":["ClearTheMind+1","FollowUp"],"picked":"WaveOfTheHand+1","floor":22},{"not_picked":["Protect+1","Weave","FlyingSleeves"],"picked":"SKIP","floor":24},{"not_picked":["DeceiveReality+1","Halt+1"],"picked":"Evaluate+1","floor":25},{"not_picked":["FollowUp","Ragnarok","Crescendo+1"],"picked":"SKIP","floor":27},{"not_picked":["Wireheading","Halt+1"],"picked":"Adaptation","floor":29},{"not_picked":["FollowUp","SashWhip","Indignation+1"],"picked":"SKIP","floor":31},{"not_picked":["Wish+1","ConjureBlade+1"],"picked":"DeusExMachina+1","floor":33},{"not_picked":["SashWhip+1","JustLucky","BowlingBash"],"picked":"SKIP","floor":35},{"not_picked":["Study+1","EmptyFist+1"],"picked":"PathToVictory+1","floor":36},{"not_picked":["Indignation+1","FlurryOfBlows"],"picked":"Sanctity+1","floor":37},{"not_picked":["Tantrum+1","Weave","LikeWater"],"picked":"SKIP","floor":39},{"not_picked":["Swivel+1","Collect+1"],"picked":"PathToVictory+1","floor":41},{"not_picked":["Alpha+1","Halt+1","Crescendo+1"],"picked":"SKIP","floor":48}],"player_experience":420993,"relics_obtained":[{"floor":9,"key":"Letter Opener"},{"floor":24,"key":"CeramicFish"},{"floor":26,"key":"Oddly Smooth Stone"},{"floor":27,"key":"Pantograph"},{"floor":41,"key":"Ornamental Fan"},{"floor":43,"key":"Pen Nib"},{"floor":45,"key":"Incense Burner"},{"floor":46,"key":"TungstenRod"}],"event_choices":[{"damage_healed":0,"gold_gain":0,"player_choice":"Success","damage_taken":7,"relics_obtained":["Toxic Egg 2"],"max_hp_gain":0,"max_hp_loss":0,"event_name":"Scrap Ooze","floor":2,"gold_loss":0},{"damage_healed":0,"gold_gain":0,"player_choice":"Donut","damage_taken":0,"max_hp_gain":5,"max_hp_loss":0,"event_name":"Big Fish","floor":3,"gold_loss":0},{"damage_healed":0,"gold_gain":0,"player_choice":"Take Damage","damage_taken":16,"relics_obtained":["Golden Idol"],"max_hp_gain":0,"max_hp_loss":0,"event_name":"Golden Idol","floor":4,"gold_loss":0},{"damage_healed":0,"gold_gain":175,"player_choice":"AGREE","damage_taken":0,"max_hp_gain":0,"max_hp_loss":0,"event_name":"Liars Game","floor":13,"gold_loss":0,"cards_obtained":["Doubt"]},{"cards_removed":["Strike_P"],"damage_healed":0,"gold_gain":0,"player_choice":"Gave Gold","damage_taken":0,"max_hp_gain":0,"max_hp_loss":0,"event_name":"Beggar","floor":19,"gold_loss":75},{"damage_healed":0,"gold_gain":0,"player_choice":"Upgraded","damage_taken":0,"max_hp_gain":0,"max_hp_loss":0,"event_name":"Upgrade Shrine","floor":20,"gold_loss":0,"cards_upgraded":["FlurryOfBlows"]},{"cards_removed":["Defend_P"],"damage_healed":0,"gold_gain":0,"player_choice":"Purged","damage_taken":0,"max_hp_gain":0,"max_hp_loss":0,"event_name":"Purifier","floor":28,"gold_loss":0},{"damage_healed":0,"gold_gain":333,"player_choice":"Gave Idol","damage_taken":0,"max_hp_gain":0,"max_hp_loss":0,"event_name":"The Moai Head","floor":44,"relics_lost":["Golden Idol"],"gold_loss":0},{"damage_healed":0,"gold_gain":0,"player_choice":"Fight","damage_taken":0,"max_hp_gain":0,"max_hp_loss":0,"event_name":"Mysterious Sphere","floor":45,"gold_loss":0},{"damage_healed":0,"gold_gain":0,"player_choice":"Fight","damage_taken":0,"max_hp_gain":0,"max_hp_loss":0,"event_name":"MindBloom","floor":46,"gold_loss":0}],"is_beta":false,"boss_relics":[{"not_picked":["Cursed Key","Calling Bell"],"picked":"Fusion Hammer"},{"not_picked":["Philosopher\u0027s Stone","Snecko Eye"],"picked":"Pandora\u0027s Box"}],"items_purged_floors":[14,30,38,47],"is_endless":false,"potions_floor_spawned":[1,8,11,18,22,25,31,33,37,39,48],"ascension_level":14}}