{"host":"iljn8z24jf01458o","time":1614266032,"event":{"mods":["AchievementEnabler","BaseMod","Colored Map","Colored Powertips","Duelist Mod","GifTheSpireLib","Minty Spire (QoL Compilation)","Quick Restart","Replay The Spire","StSLib","The IronCluck","everything is the same but u backflip on backflip"],"gold_per_floor":[117,67,67,10,31,75,99,99,99,140,140,182,201,226,226,361,361,353,58,81,115,139,139,179,179,179,427,427,427],"floor_reached":28,"language":"ENG","playtime":1161,"items_purged":[],"score":363,"play_id":"9a37accd-bf35-48ba-8c32-b37a7da8510b","local_time":"20210225101352","is_ascension_mode":true,"campfire_choices":[{"data":"Neutralize","floor":8,"key":"SMITH"},{"data":"Noxious Fumes","floor":15,"key":"SMITH"},{"floor":23,"key":"REST"},{"data":"Prepared","floor":25,"key":"SMITH"}],"circlet_count":0,"master_deck":["Strike_G","Strike_G","Strike_G","Strike_G","Strike_G","Defend_G","Defend_G","Defend_G","Defend_G","Survivor","Neutralize+1","Prepared+1","Footwork+1","Bane","Backflip","Dagger Throw","CommonCold","Noxious Fumes+1","After Image","Deadly Poison+1","Deadly Poison","Catalyst"],"relics":["Ring of the Snake","NeowsBlessing","Golden Idol","Kunai","Bottled Lightning","PreservedInsect","Ring of Panic","CeramicFish","Snake Skull","Replay:Bronze Core","Nunchaku","Sling","Blood Vial","White Beast Statue","Singing Bowl"],"acts_visited":["Exordium","TheCity"],"potions_floor_usage":[10,10,16,28],"damage_taken":[{"damage":0,"enemies":"Small Slimes","floor":1,"turns":1},{"damage":0,"enemies":"Jaw Worm","floor":5,"turns":1},{"damage":0,"enemies":"3 Sentries","floor":6,"turns":1},{"damage":7,"enemies":"2 Louse","floor":7,"turns":3},{"damage":17,"enemies":"Lagavulin","floor":10,"turns":14},{"damage":9,"enemies":"3 Sentries","floor":12,"turns":7},{"damage":0,"enemies":"Large Slime","floor":13,"turns":6},{"damage":23,"enemies":"The Guardian","floor":16,"turns":10},{"damage":14,"enemies":"2 Thieves","floor":18,"turns":5},{"damage":18,"enemies":"Chosen","floor":21,"turns":5},{"damage":6,"enemies":"Centurion and Healer","floor":22,"turns":8},{"damage":3,"enemies":"theDuelist:KaibaA2","floor":24,"turns":4},{"damage":44,"enemies":"Masked Bandits","floor":28,"turns":5}],"seed_played":"-3765870112961755981","potions_obtained":[{"floor":5,"key":"PowerPotion"},{"floor":6,"key":"SteroidPotion"},{"floor":7,"key":"ColorlessPotion"},{"floor":16,"key":"Milkshake"},{"floor":18,"key":"PowerPotion"},{"floor":22,"key":"Energy Potion"}],"is_trial":false,"path_per_floor":["M","?","?","$","M","E","M","R","T","E","?","E","M","T","R","B",null,"M","$","T","M","M","R","E","R","T","?","?"],"character_chosen":"THE_SILENT","items_purchased":["Footwork+1","Nunchaku","Sling"],"campfire_rested":1,"item_purchase_floors":[4,19,19],"current_hp_per_floor":[63,63,63,63,63,63,56,56,56,39,39,30,30,30,30,7,51,37,37,37,21,17,36,35,35,35,37,0,0],"gold":427,"neow_bonus":"THREE_ENEMY_KILL","is_daily":false,"chose_seed":false,"campfire_upgraded":3,"win_rate":0.0,"timestamp":1614266032,"path_taken":["M","?","?","?","M","E","M","R","T","E","?","E","M","?","R","BOSS","M","$","?","?","?","R","E","R","T","?","?"],"items_purchased_type":["Card","Relic","Relic"],"build_version":"2020-12-22","purchased_purges":0,"victory":false,"max_hp_per_floor":[70,70,65,65,65,65,65,65,65,65,65,65,65,65,65,65,65,65,65,65,65,65,65,65,65,65,67,67,67],"card_choices":[{"not_picked":["Calculated Gamble","Sneak Up"],"picked":"Prepared","floor":1},{"not_picked":["Tactician","Deadly Poison","Dagger Throw"],"picked":"SKIP","floor":5},{"not_picked":["Prepared","Outmaneuver"],"picked":"Bane","floor":6},{"not_picked":["Sucker Punch","Outmaneuver"],"picked":"Backflip","floor":7},{"not_picked":["Sneak Up","Doppelganger"],"picked":"Dagger Throw","floor":10},{"not_picked":["Dagger Throw","Underhanded Strike"],"picked":"Noxious Fumes","floor":12},{"not_picked":["Accuracy","Underhanded Strike","Caltrops"],"picked":"SKIP","floor":13},{"not_picked":["Night Terror","Corpse Explosion"],"picked":"After Image","floor":16},{"not_picked":["Leg Sweep","Skewer"],"picked":"Deadly Poison+1","floor":18},{"not_picked":["Flechettes","Outmaneuver"],"picked":"Deadly Poison","floor":21},{"not_picked":["Draining Mist","Masterful Stab+1"],"picked":"Catalyst","floor":22},{"not_picked":["Underhanded Strike+1","Dagger Throw","Bane"],"picked":"SKIP","floor":24},{"not_picked":["Deflect","Tactician+1","Skewer"],"picked":"Singing Bowl","floor":27}],"player_experience":304817,"relics_obtained":[{"floor":6,"key":"Kunai"},{"floor":9,"key":"Bottled Lightning"},{"floor":10,"key":"PreservedInsect"},{"floor":11,"key":"Ring of Panic"},{"floor":12,"key":"CeramicFish"},{"floor":14,"key":"Snake Skull"},{"floor":20,"key":"Blood Vial"},{"floor":24,"key":"White Beast Statue"},{"floor":26,"key":"Singing Bowl"}],"event_choices":[{"cards_removed":["Defend_G"],"damage_healed":0,"gold_gain":0,"player_choice":"Card Removal","damage_taken":0,"max_hp_gain":0,"max_hp_loss":0,"event_name":"The Cleric","floor":2,"gold_loss":50},{"damage_healed":0,"gold_gain":0,"player_choice":"Lose Max HP","damage_taken":0,"relics_obtained":["Golden Idol"],"max_hp_gain":0,"max_hp_loss":5,"event_name":"Golden Idol","floor":3,"gold_loss":0},{"damage_healed":0,"gold_gain":0,"player_choice":"Fought Bandits","damage_taken":0,"max_hp_gain":0,"max_hp_loss":0,"event_name":"Masked Bandits","floor":28,"gold_loss":0}],"is_beta":false,"boss_relics":[{"not_picked":["Kintsugi","Snecko Eye"],"picked":"Replay:Bronze Core"}],"items_purged_floors":[],"is_endless":false,"potions_floor_spawned":[5,6,7,16,18,22],"killed_by":"Masked Bandits","ascension_level":6}}