{"host":"gsef4mntx4mq50d0","time":1614232438,"event":{"mods":["Act Like it!","Arknights","Aspiration","BaseMod","Block Reminder","Colored Map","Downfall","GifTheSpireLib","Hallownest","HololiveMod","Hubris","Infinite Spire","MarisaÅiñ∂âJÅ@ñÇóùçπÅj","Minty Spire (QoL Compilation)","SIMod","StSLib","The Alterego","The Bug Knight","The Exalted","The Forsaken","The Servant 0.9.4","TheSwordswoman"],"gold_per_floor":[109,109,109,109,120,151,48,48,48],"floor_reached":8,"language":"ENG","playtime":1113,"items_purged":[],"score":56,"play_id":"eb478933-b3d5-4e95-b00b-7a6e78946467","local_time":"20210225155358","is_ascension_mode":true,"campfire_choices":[],"circlet_count":0,"master_deck":["HollowMod:NailStrikeStart","HollowMod:NailStrikeStart","HollowMod:NailStrikeStart","HollowMod:NailStrikeStart","HollowMod:QuickDashStart","HollowMod:QuickDashStart","HollowMod:QuickDashStart","HollowMod:QuickDashStart+1","HollowMod:FocusHealStart","HollowMod:PogoStrike","HollowMod:TaintedHusks","Good Instincts","HollowMod:SoulSplash","HollowMod:CloakDash","HollowMod:RadiancesLament","HollowMod:CloakDash","HollowMod:ChannelNail"],"relics":["HollowMod:VesselMask","aspiration:Nostalgia","Ring of the Snake","Hallownest:DreamNailRelic","Tiny Chest"],"acts_visited":["Hallownest:Greenpath"],"potions_floor_usage":[8],"damage_taken":[{"damage":2,"enemies":"2_ Uuma","floor":1,"turns":4},{"damage":16,"enemies":"Hallownest:2_MossCreeps","floor":5,"turns":5},{"damage":37,"enemies":"Hallownest:eliteMossKnight","floor":6,"turns":12},{"damage":45,"enemies":"Hallownest:eliteVengeflyKing","floor":8,"turns":9}],"seed_played":"-6240514109724488498","potions_obtained":[{"floor":5,"key":"AttackPotion"}],"is_trial":false,"path_per_floor":["M","?","?","?","M","E","$","E"],"character_chosen":"THE_BUGKNIGHT","items_purchased":["HollowMod:CloakDash","HollowMod:ChannelNail"],"campfire_rested":0,"item_purchase_floors":[7,7],"current_hp_per_floor":[75,75,75,75,59,34,34,0,0],"gold":48,"neow_bonus":"NOSTALGIA","is_daily":false,"chose_seed":false,"campfire_upgraded":0,"win_rate":0.0,"timestamp":1614232438,"path_taken":["M","?","?","?","M","E","?","E"],"items_purchased_type":["Card","Card"],"build_version":"2020-12-22","purchased_purges":0,"victory":false,"max_hp_per_floor":[75,75,75,75,75,75,75,75,75],"card_choices":[{"not_picked":["HollowMod:InfectedCysts","HollowMod:DoubleDash"],"picked":"HollowMod:TaintedHusks","floor":1},{"not_picked":["Discovery","Dark Shackles"],"picked":"Good Instincts","floor":3},{"not_picked":["HollowMod:GrimmsGift","HollowMod:ChannelNail"],"picked":"HollowMod:SoulSplash","floor":3},{"not_picked":["HollowMod:HowlingWraiths","HollowMod:BlackTendrils"],"picked":"HollowMod:CloakDash","floor":5},{"not_picked":["HollowMod:NewJinnsSoul","HollowMod:CloakDash"],"picked":"HollowMod:RadiancesLament","floor":6}],"player_experience":184661,"relics_obtained":[{"floor":6,"key":"Tiny Chest"}],"event_choices":[],"is_beta":false,"boss_relics":[],"items_purged_floors":[],"is_endless":false,"potions_floor_spawned":[5],"killed_by":"Hallownest:eliteVengeflyKing","ascension_level":1}}