{"host":"sim2kxx81cjsn49b","time":1614275440,"event":{"mods":["ATMod(阿瑾Mod)","BaseMod","Minty Spire (QoL Compilation)","Reliquary","RumiaBox-露米娅的神秘盒子","StSLib","TestMod","Waifu the Spire","【功能Mod】混沌之环修复补丁"],"gold_per_floor":[114,114,138,148,158,158,174,193,193,193,226,151,170,188,188,265,265,275,275,295,295,295,327,327,357,357,385,285,295,308,308,308,381,381,398,410,410,1409,1457,1485,1485,1485,1485,1498,1514,1540,1558,1589,1589,1589,1589,1589,1589,617,652,652],"floor_reached":57,"language":"ZHS","playtime":1471,"items_purged":["Strike_B","Strike_B","Strike_B"],"score":3379,"play_id":"2e7cd4bc-72e6-4a68-b31f-c56fb7d4fcaa","local_time":"20210226015040","is_ascension_mode":true,"campfire_choices":[{"data":"Redo","floor":6.0,"key":"SMITH"},{"data":"Ball Lightning","floor":10.0,"key":"SMITH"},{"data":"Ball Lightning","floor":15.0,"key":"SMITH"},{"data":"AT_StudyProgram","floor":24.0,"key":"SMITH"},{"data":"White Noise","floor":32.0,"key":"SMITH"},{"data":"AT_RobotInSpace","floor":42,"key":"SMITH"},{"floor":49,"key":"RECALL"},{"data":"Creative AI","floor":53,"key":"SMITH"}],"circlet_count":0,"master_deck":["AscendersBane","Strike_B+1","Defend_B","Defend_B","Defend_B+1","Defend_B","Zap","Dualcast","AT_DarkMatter","Ball Lightning+1","Redo+1","AT_StudyProgram+1","Ball Lightning+1","Core Surge","Coolheaded","Skim","Biased Cognition","Glacier","Defragment","White Noise+1","AT_DarkMatter","Echo Form","Fission","Tempest","AT_DarkMatter","AT_RobotInSpace+1","Creative AI+1","Hologram","Biased Cognition+1","Cold Snap","Turbo"],"relics":["Cracked Core","testmod-TestBox","AT_ATBox","testmod-ArcanaOfDestiny","NeowsBlessing","SecretRecord","SecretRecord","SecretRecord","SecretRecord","testmod-IntensifyImprint","TungstenRod","SecretRecord","Frozen Egg 2","AT_RedTearstoneRing","TheAbacus","reliquary:GummyVitamins","testmod-ConstraintPeriapt","Pantograph"],"acts_visited":["Exordium","TheCity","TheBeyond","TheEnding"],"potions_floor_usage":[48,50],"damage_taken":[{"damage":0.0,"enemies":"Cultist","floor":1.0,"turns":1.0},{"damage":0.0,"enemies":"Jaw Worm","floor":4.0,"turns":1.0},{"damage":0.0,"enemies":"2 Louse","floor":5.0,"turns":1.0},{"damage":0.0,"enemies":"Looter","floor":7.0,"turns":3.0},{"damage":0.0,"enemies":"Blue Slaver","floor":8.0,"turns":1.0},{"damage":0.0,"enemies":"Gremlin Nob","floor":11.0,"turns":2.0},{"damage":4.0,"enemies":"Exordium Wildlife","floor":13.0,"turns":2.0},{"damage":4.0,"enemies":"2 Fungi Beasts","floor":14.0,"turns":2.0},{"damage":0.0,"enemies":"The Guardian","floor":16.0,"turns":7.0},{"damage":0.0,"enemies":"3 Byrds","floor":18.0,"turns":1.0},{"damage":0.0,"enemies":"2 Thieves","floor":20.0,"turns":2.0},{"damage":0.0,"enemies":"Slavers","floor":23.0,"turns":2.0},{"damage":0.0,"enemies":"Gremlin Leader","floor":25.0,"turns":3.0},{"damage":12.0,"enemies":"Slavers","floor":27.0,"turns":2.0},{"damage":0.0,"enemies":"3 Cultists","floor":29.0,"turns":2.0},{"damage":0.0,"enemies":"Snake Plant","floor":30.0,"turns":2.0},{"damage":0.0,"enemies":"Automaton","floor":33.0,"turns":2.0},{"damage":0.0,"enemies":"3 Darklings","floor":35.0,"turns":4.0},{"damage":7.0,"enemies":"3 Shapes","floor":36.0,"turns":1.0},{"damage":16.0,"enemies":"2 Orb Walkers","floor":39.0,"turns":2.0},{"damage":0.0,"enemies":"Nemesis","floor":40.0,"turns":3.0},{"damage":0,"enemies":"Jaw Worm Horde","floor":44,"turns":1},{"damage":0,"enemies":"4 Shapes","floor":45,"turns":1},{"damage":0,"enemies":"Giant Head","floor":46,"turns":3},{"damage":0,"enemies":"Sphere and 2 Shapes","floor":47,"turns":2},{"damage":0,"enemies":"Nemesis","floor":48,"turns":1},{"damage":12,"enemies":"Donu and Deca","floor":50,"turns":3},{"damage":1,"enemies":"Time Eater","floor":51,"turns":5},{"damage":0,"enemies":"Shield and Spear","floor":55,"turns":1},{"damage":12,"enemies":"The Heart","floor":56,"turns":6}],"seed_played":"-4815636245736504808","potions_obtained":[{"floor":4.0,"key":"Energy Potion"},{"floor":5.0,"key":"DistilledChaos"},{"floor":23.0,"key":"EntropicBrew"},{"floor":25.0,"key":"testmod-EscapePotion"}],"is_trial":false,"path_per_floor":["M","?","T","M","M","R","M","M","T","R","E","$","M","M","R","B",null,"M","?","M","?","?","E","R","E","T","E","$","M","M","?","R","B",null,"M","M","?","?","?","E","T","R","T","M","M","E","M","E","R","B","B",null,"R","$","E","B",null],"character_chosen":"DEFECT","items_purchased":["TheAbacus","reliquary:GummyVitamins","testmod-ConstraintPeriapt","ColorlessPotion"],"campfire_rested":0,"item_purchase_floors":[54,54,54,54],"current_hp_per_floor":[64,43,43,43,43,43,43,43,43,43,43,43,39,35,35,35,62,62,42,42,42,42,42,42,42,42,30,30,30,30,30,30,30,65,65,58,58,58,42,42,42,42,42,42,42,42,42,42,42,30,29,64,64,64,66,70],"gold":652,"neow_bonus":"THREE_ENEMY_KILL","is_daily":false,"chose_seed":false,"campfire_upgraded":7,"win_rate":0.0,"timestamp":1614275440,"path_taken":["M","?","?","M","M","R","M","M","T","R","E","$","?","M","R","BOSS","M","?","M","?","?","E","R","E","T","E","$","M","M","?","R","BOSS","M","M","?","?","?","E","?","R","T","M","?","E","M","E","R","BOSS","BOSS","R","$","E","BOSS"],"items_purchased_type":["Relic","Relic","Relic","Potion"],"build_version":"2020-12-22","purchased_purges":3,"victory":true,"max_hp_per_floor":[71,71,71,71,71,71,71,71,71,71,71,71,71,71,71,71,71,71,76,76,76,76,76,76,76,76,76,76,76,76,76,76,76,76,76,76,76,76,76,76,76,76,76,76,76,76,76,76,76,76,76,76,76,76,76,76],"card_choices":[{"not_picked":["Melter","AT_DarkMatter"],"picked":"Ball Lightning","floor":1.0},{"not_picked":["Conserve Battery","Undo","Cold Snap"],"picked":"SKIP","floor":4.0},{"not_picked":["Go for the Eyes","Streamline"],"picked":"Redo","floor":5.0},{"not_picked":["Doom and Gloom","Beam Cell"],"picked":"AT_StudyProgram","floor":7.0},{"not_picked":["Amplify","Cold Snap"],"picked":"Ball Lightning","floor":8.0},{"not_picked":["Sunder","Sweeping Beam"],"picked":"Core Surge","floor":11.0},{"not_picked":["Force Field","Rebound"],"picked":"Coolheaded","floor":13.0},{"not_picked":["Steam","Rebound"],"picked":"Skim","floor":14.0},{"not_picked":["Fission","Hyperbeam"],"picked":"Biased Cognition","floor":16.0},{"not_picked":["Skim","Sunder"],"picked":"Glacier","floor":18.0},{"not_picked":["Barrage","BootSequence+1","Beam Cell"],"picked":"SKIP","floor":20.0},{"not_picked":["AT_RobotInSpace","Turbo"],"picked":"White Noise","floor":23.0},{"not_picked":["Rebound","Go for the Eyes"],"picked":"AT_DarkMatter","floor":25.0},{"not_picked":["Ball Lightning","Go for the Eyes"],"picked":"Echo Form","floor":27.0},{"not_picked":["Coolheaded","Go for the Eyes","Compile Driver"],"picked":"SKIP","floor":29.0},{"not_picked":["Beam Cell","Leap","Ball Lightning"],"picked":"SKIP","floor":30.0},{"not_picked":["Thunder Strike","All For One"],"picked":"Fission","floor":33.0},{"not_picked":["Skim+1","Stack"],"picked":"Tempest","floor":35.0},{"not_picked":["AT_HeatAcrobatics","Auto Shields+1"],"picked":"AT_DarkMatter","floor":36.0},{"not_picked":["Barrage","Ball Lightning"],"picked":"AT_RobotInSpace","floor":39.0},{"not_picked":["Amplify","Leap+1"],"picked":"Creative AI","floor":40.0},{"not_picked":["Rebound","Compile Driver","Leap"],"picked":"SKIP","floor":44},{"not_picked":["Gash+1","Turbo+1"],"picked":"Hologram","floor":45},{"not_picked":["Lockon","Blizzard+1"],"picked":"Biased Cognition+1","floor":46},{"not_picked":["Sweeping Beam","Barrage+1"],"picked":"Cold Snap","floor":47},{"not_picked":["Go for the Eyes","AT_RobotInSpace","Beam Cell+1"],"picked":"SKIP","floor":48},{"not_picked":["Redo","Hello World+1"],"picked":"Turbo","floor":55}],"player_experience":648011,"relics_obtained":[{"floor":1.0,"key":"AddBug"},{"floor":3.0,"key":"testmod-LifeArmor"},{"floor":9.0,"key":"White Beast Statue"},{"floor":11.0,"key":"reliquary:PurpleTingedLeaf"},{"floor":13.0,"key":"SecretRecord"},{"floor":18.0,"key":"SecretRecord"},{"floor":23.0,"key":"AT_GoldPhoenixTree"},{"floor":25.0,"key":"AT_TimeSand"},{"floor":26.0,"key":"AT_DeathDance"},{"floor":27.0,"key":"PreservedInsect"},{"floor":30.0,"key":"SecretRecord"},{"floor":39.0,"key":"testmod-IntensifyImprint"},{"floor":40.0,"key":"TungstenRod"},{"floor":41,"key":"SecretRecord"},{"floor":46,"key":"Frozen Egg 2"},{"floor":48,"key":"AT_RedTearstoneRing"},{"floor":55,"key":"Pantograph"}],"event_choices":[{"damage_healed":0.0,"max_hp_gain":0.0,"max_hp_loss":0.0,"gold_gain":0.0,"event_name":"Shining Light","player_choice":"Entered Light","floor":2.0,"gold_loss":0.0,"damage_taken":21.0,"cards_upgraded":["Defend_B","Strike_B"]},{"damage_healed":0.0,"max_hp_gain":5.0,"max_hp_loss":0.0,"gold_gain":0.0,"event_name":"Forgotten Altar","player_choice":"Shed Blood","floor":19.0,"gold_loss":0.0,"damage_taken":25.0},{"damage_healed":0.0,"max_hp_gain":0.0,"max_hp_loss":0.0,"gold_gain":0.0,"event_name":"Ghosts","player_choice":"Ignored","floor":21.0,"gold_loss":0.0,"damage_taken":0.0},{"damage_healed":0.0,"max_hp_gain":0.0,"max_hp_loss":0.0,"gold_gain":0.0,"event_name":"The Library","player_choice":"Read","floor":22.0,"gold_loss":0.0,"damage_taken":0.0,"cards_obtained":["Defragment"]},{"damage_healed":0.0,"max_hp_gain":0.0,"max_hp_loss":0.0,"gold_gain":0.0,"event_name":"Vampires","player_choice":"Ignored","floor":31.0,"gold_loss":0.0,"damage_taken":0.0},{"damage_healed":0.0,"max_hp_gain":0.0,"max_hp_loss":0.0,"gold_gain":0.0,"event_name":"Tomb of Lord Red Mask","player_choice":"Ignored","floor":37.0,"gold_loss":0.0,"damage_taken":0.0},{"damage_healed":0.0,"max_hp_gain":0.0,"max_hp_loss":0.0,"gold_gain":999.0,"event_name":"恩洛斯的盘子","player_choice":"Sell","floor":38.0,"relics_lost":["AddBug"],"gold_loss":0.0,"damage_taken":0.0},{"damage_healed":0.0,"max_hp_gain":0.0,"max_hp_loss":0.0,"gold_gain":0.0,"event_name":"Mysterious Sphere","player_choice":"Fight","floor":39.0,"gold_loss":0.0,"damage_taken":0.0}],"is_beta":false,"boss_relics":[{"not_picked":["testmod-BloodSacrificeSpiritualization","testmod-Fanaticism"],"picked":"Empty Cage"},{"not_picked":["Velvet Choker","testmod-KeyOfTheVoid"],"picked":"testmod-DeterminationOfClimber"}],"items_purged_floors":[12,28,54],"is_endless":false,"potions_floor_spawned":[4,5,7,14,23,25,29,33,36,40,44,46],"ascension_level":20}}