{"host":"h7dgy2mp13cbhzus","time":1614226552,"event":{"mods":["Act Like it!","BaseMod","GifTheSpireLib","Minty Spire (QoL Compilation)","Relic Stats","StSLib"],"gold_per_floor":[110,110,110,57,78,112,131,162,162,162,176,200,225,73,73,163,163,184,184,199,224,224,224],"floor_reached":22,"language":"ENG","playtime":878,"items_purged":["Strike_R"],"score":376,"play_id":"ad2e1ff6-33c0-4e18-9a88-778226ccd9a5","local_time":"20210224221552","is_ascension_mode":true,"campfire_choices":[{"floor":10.0,"key":"REST"},{"floor":15.0,"key":"REST"}],"circlet_count":0,"master_deck":["AscendersBane","Strike_R","Strike_R","Strike_R","Defend_R","Defend_R","Defend_R","Defend_R","Bash","Dropkick","Shrug It Off","Combust","Exhume","Clothesline","Blood for Blood","Spot Weakness","Impervious","Sword Boomerang","Disarm","Impervious"],"relics":["SlaversCollar","Golden Idol","Thread and Needle","Sundial","Lizard Tail","Fusion Hammer"],"acts_visited":["Exordium","TheCity"],"potions_floor_usage":[20],"damage_taken":[{"damage":4.0,"enemies":"Jaw Worm","floor":1.0,"turns":5.0},{"damage":2.0,"enemies":"Cultist","floor":5.0,"turns":4.0},{"damage":17.0,"enemies":"Lagavulin","floor":6.0,"turns":6.0},{"damage":3.0,"enemies":"Small Slimes","floor":7.0,"turns":3.0},{"damage":22.0,"enemies":"Gremlin Nob","floor":8.0,"turns":4.0},{"damage":7.0,"enemies":"Red Slaver","floor":11.0,"turns":6.0},{"damage":3.0,"enemies":"Looter","floor":12.0,"turns":3.0},{"damage":2.0,"enemies":"2 Fungi Beasts","floor":13.0,"turns":3.0},{"damage":19.0,"enemies":"The Guardian","floor":16.0,"turns":10.0},{"damage":20,"enemies":"Shell Parasite","floor":18,"turns":5},{"damage":30,"enemies":"3 Byrds","floor":20,"turns":6},{"damage":8,"enemies":"Centurion and Healer","floor":21,"turns":5},{"damage":12,"enemies":"Sentry and Sphere","floor":22,"turns":3}],"seed_played":"-5880833583781504920","potions_obtained":[{"floor":1.0,"key":"SkillPotion"},{"floor":11.0,"key":"Fruit Juice"},{"floor":13.0,"key":"Ancient Potion"},{"floor":18,"key":"SkillPotion"},{"floor":21,"key":"ElixirPotion"}],"is_trial":false,"path_per_floor":["M","?","?","$","M","E","M","E","T","R","M","M","M","$","R","B",null,"M","?","M","M","M"],"character_chosen":"IRONCLAD","items_purchased":["BloodPotion","Spot Weakness"],"campfire_rested":2,"item_purchase_floors":[4,14],"current_hp_per_floor":[64,64,38,38,36,19,16,9,9,31,24,21,19,19,48,29,67,47,47,17,9,40,40],"gold":224,"neow_bonus":"BOSS_RELIC","is_daily":false,"chose_seed":false,"campfire_upgraded":0,"win_rate":0.0,"timestamp":1614226552,"path_taken":["M","?","?","?","?","E","M","E","T","R","M","M","M","$","R","BOSS","M","?","M","?","M"],"items_purchased_type":["Potion","Card"],"build_version":"2020-12-22","purchased_purges":1,"victory":false,"max_hp_per_floor":[75,75,75,75,75,75,75,75,75,75,75,75,75,75,80,80,80,80,80,80,80,80,80],"relic_stats":{"Lizard Tail":40,"counters":[13,63],"Golden Idol":64,"Sundial":[6],"obtain_stats":[{"SlaversCollar":0,"Lizard Tail":9,"Golden Idol":3,"Sundial":8,"Thread and Needle":6,"Fusion Hammer":17,"Burning Blood":0},{"SlaversCollar":0,"Lizard Tail":5,"Golden Idol":1,"Sundial":5,"Thread and Needle":3,"Fusion Hammer":9,"Burning Blood":0},{"SlaversCollar":0,"Lizard Tail":22,"Golden Idol":5,"Sundial":22,"Thread and Needle":15,"Fusion Hammer":44,"Burning Blood":0}]},"card_choices":[{"not_picked":["Pommel Strike","Thunderclap"],"picked":"Dropkick","floor":1.0},{"not_picked":["Clothesline","Heavy Blade"],"picked":"Shrug It Off","floor":5.0},{"not_picked":["Sword Boomerang","Headbutt"],"picked":"Combust","floor":6.0},{"not_picked":["Anger","Whirlwind","Thunderclap"],"picked":"SKIP","floor":7.0},{"not_picked":["Thunderclap","Cleave","Combust"],"picked":"SKIP","floor":8.0},{"not_picked":["Sword Boomerang","Twin Strike"],"picked":"Exhume","floor":11.0},{"not_picked":["Whirlwind","Clothesline","Shrug It Off"],"picked":"SKIP","floor":12.0},{"not_picked":["Whirlwind","Shrug It Off"],"picked":"Clothesline","floor":12.0},{"not_picked":["Iron Wave","Flex"],"picked":"Blood for Blood","floor":13.0},{"not_picked":["Offering","Demon Form"],"picked":"Impervious","floor":16.0},{"not_picked":["Perfected Strike","Flex"],"picked":"Sword Boomerang","floor":18},{"not_picked":["Shrug It Off","Iron Wave"],"picked":"Disarm","floor":20},{"not_picked":["Disarm+1","Perfected Strike"],"picked":"Impervious","floor":21}],"player_experience":619668,"relics_obtained":[{"floor":6.0,"key":"Thread and Needle"},{"floor":8.0,"key":"Sundial"},{"floor":9.0,"key":"Lizard Tail"}],"event_choices":[{"damage_healed":0.0,"max_hp_gain":0.0,"max_hp_loss":0.0,"gold_gain":0.0,"event_name":"Scrap Ooze","player_choice":"Fled","floor":2.0,"gold_loss":0.0,"damage_taken":0.0},{"damage_healed":0.0,"max_hp_gain":0.0,"max_hp_loss":0.0,"gold_gain":0.0,"event_name":"Golden Idol","player_choice":"Take Damage","floor":3.0,"gold_loss":0.0,"damage_taken":26.0,"relics_obtained":["Golden Idol"]},{"cards_removed":["Strike_R"],"damage_healed":0,"gold_gain":0,"player_choice":"Offered Basic","damage_taken":0,"max_hp_gain":0,"max_hp_loss":0,"event_name":"Bonfire Elementals","floor":19,"gold_loss":0}],"is_beta":false,"boss_relics":[{"not_picked":["Cursed Key","SacredBark"],"picked":"Fusion Hammer"}],"items_purged_floors":[14],"is_endless":false,"potions_floor_spawned":[1,11,13,18,21],"killed_by":"Sentry and Sphere","ascension_level":18}}