{"host":"uceopoba4zvqsgiy","time":1614211855,"event":{"mods":["2.2 Compatiblity","Act Like it!","BaseMod","Better Skull","Better Third Choice","Elementarium","Evolution","GifTheSpireLib","Hermit","Humility","Infinite Spire","Jorbs\u0027s Wanderer Trilogy","Marked Mod","Minty Spire (QoL Compilation)","Potionbrewer","Reliquary","Replay The Spire","Robot Space Explorer","Shade Mod","Spicy Shops","StS++","StSLib","Stuff the Spire","The Blue Laboratory","The Caster","The Cursed","The Dragon Tamer","The Dragonkin","The Hierophant","The Judge","The Jungle","TheSurvivalist","Wandering Minibosses"],"gold_per_floor":[116,116,116,116,291,291,318,318,372,44,77,77,2,2,2,20,20],"floor_reached":16,"language":"ENG","playtime":859,"items_purged":[],"score":153,"play_id":"756ef65c-92c7-4e39-b728-4e8d08023312","local_time":"20210225104055","is_ascension_mode":true,"campfire_choices":[{"data":"WordoMod:Unchained","floor":6,"key":"SMITH"},{"floor":8,"key":"REST"},{"floor":15,"key":"REST"}],"circlet_count":0,"master_deck":["WordoMod:Unchained+1","WordoMod:Unchained","WordoMod:Unchained","WordoMod:Unchained","WordoMod:DefendCard","WordoMod:DefendCard","WordoMod:DefendCard","WordoMod:Accursed","WordoMod:IllWill","WordoMod:Sacrilege","Burn","Doubt","WordoMod:EndOfTheWorld","ReplayTheSpireMod:Doomed","WordoMod:ConjureTheDamned","StuffTheSpire:CuriosityCurse","WordoMod:Cataclysm"],"relics":["WordoMod:Obsidian","WordoMod:Effigy","EVO:Axolotl","infinitespire:Lucky Rock","PreservedInsect","infinitespire:Midas Blood","Replay:Bottled Steam"],"acts_visited":["Exordium"],"potions_floor_usage":[],"damage_taken":[{"damage":0,"enemies":"2 Louse","floor":1,"turns":1},{"damage":50,"enemies":"3 Sentries","floor":7,"turns":6},{"damage":37,"enemies":"Lagavulin","floor":11,"turns":4},{"damage":48,"enemies":"The Guardian","floor":16,"turns":5}],"seed_played":"3057251730143372609","potions_obtained":[{"floor":11,"key":"SteroidPotion"}],"is_trial":false,"path_per_floor":["M","?","$","?","?","R","E","R","T","$","E","?","$","?","R","B"],"character_chosen":"JUDGE_CLASS","items_purchased":["WordoMod:EndOfTheWorld","WordoMod:Cataclysm"],"campfire_rested":2,"item_purchase_floors":[10,13],"current_hp_per_floor":[68,68,68,68,68,68,18,44,44,44,7,7,7,22,48,0,0],"gold":20,"neow_bonus":"TWENTY_PERCENT_HP_BONUS","is_daily":false,"chose_seed":false,"campfire_upgraded":1,"win_rate":0.0,"timestamp":1614211855,"path_taken":["M","?","?","?","?","R","E","R","T","$","E","?","$","?","R","BOSS"],"items_purchased_type":["Card","Card"],"build_version":"2020-12-22","purchased_purges":0,"victory":false,"max_hp_per_floor":[89,89,89,89,89,89,89,89,89,89,89,89,89,89,89,89,89],"card_choices":[{"not_picked":["WordoMod:Sickness","WordoMod:ScatterAshes"],"picked":"WordoMod:Sacrilege","floor":1},{"not_picked":["WordoMod:ShackleGuard","WordoMod:ScatterAshes","WordoMod:Repent"],"picked":"SKIP","floor":7},{"not_picked":["Shame","ReplayTheSpireMod:Splinters"],"picked":"ReplayTheSpireMod:Doomed","floor":11},{"not_picked":["WordoMod:SurgicalPrecision","WordoMod:CurseBuckler"],"picked":"WordoMod:ConjureTheDamned","floor":11}],"player_experience":1883019,"relics_obtained":[{"floor":7,"key":"infinitespire:Lucky Rock"},{"floor":9,"key":"PreservedInsect"},{"floor":11,"key":"infinitespire:Midas Blood"}],"event_choices":[{"cards_removed":["WordoMod:DefendCard"],"damage_healed":0,"gold_gain":0,"player_choice":"Purged","damage_taken":0,"max_hp_gain":0,"max_hp_loss":0,"event_name":"Purifier","floor":2,"gold_loss":0},{"damage_healed":68,"gold_gain":0,"player_choice":"Embrace Burn","damage_taken":0,"max_hp_gain":0,"max_hp_loss":89,"event_name":"betterThird:BetterShining","floor":4,"gold_loss":0},{"damage_healed":0,"gold_gain":175,"player_choice":"AGREE","damage_taken":116,"max_hp_gain":0,"max_hp_loss":0,"event_name":"betterThird:BetterSerpent","floor":5,"gold_loss":0}],"is_beta":false,"boss_relics":[],"items_purged_floors":[],"is_endless":false,"potions_floor_spawned":[11],"killed_by":"The Guardian","ascension_level":5,"is_humility":true}}