{"host":"nb3r5a3er9rrnn3n","time":1614229187,"event":{"mods":["BaseMod","Colored Map","Downfall","Minty Spire (QoL Compilation)","Relic Stats","Spire Arcade","StSLib"],"gold_per_floor":[349,364,384,384,397,417,417,443,343,387,9,118,118,155,181,294,294,294,317,341,368,495,102,102,116,155,78,98,130,30,72,90,196,196,196,212,212,262,482,514,514,514,514,555,574,588,623,523,549,549,549,586,51,51,51,51],"floor_reached":57,"language":"ENG","playtime":4918,"items_purged":["downfall:Aged","Slimebound:Schlurp+1","Slimebound:CorrosiveSpit","Slimebound:LevelUp"],"score":2015,"play_id":"8b00224d-93b9-4c82-b5eb-99a93e005d7b","local_time":"20210225155947","is_ascension_mode":true,"campfire_choices":[{"floor":1,"key":"RECALL"},{"data":"Slimebound:Repurpose","floor":9,"key":"SMITH"},{"data":"Slimebound:FirmFortitude","floor":13,"key":"SMITH"},{"data":"Slimebound:MassRepurpose","floor":18,"key":"SMITH"},{"data":"Slimebound:FormOfPuddle","floor":30,"key":"SMITH"},{"data":"Slimebound:FormOfPuddle","floor":35,"key":"SMITH"},{"data":"Slimebound:MegaLick","floor":42,"key":"SMITH"},{"data":"Slimebound:OneTwoCombo","floor":48,"key":"SMITH"},{"data":"Slimebound:Darklings","floor":54,"key":"SMITH"}],"circlet_count":0,"master_deck":["AscendersBane","Slimebound:Defend_Slimebound","Slimebound:Defend_Slimebound","Slimebound:Defend_Slimebound","Slimebound:Defend_Slimebound","Slimebound:Split+1","Slimebound:MegaLick+1","Slimebound:SplitAcid","Slimebound:Repurpose+1","Slimebound:FormOfPuddle+1","Slimebound:FirmFortitude+1","Slimebound:SplitBruiser","Slimebound:FormOfPuddle+1","Slimebound:Prepare","Slimebound:MassRepurpose+1","Slimebound:Recollect","Slimebound:ForwardTackle+1","Slimebound:SplitBruiser","Slimebound:Prepare+1","Slimebound:DisruptingSlam","Slimebound:Recycling","Slimebound:Darklings+1","Slimebound:PressTheAttack+1","Slimebound:RallyTheTroops","Slimebound:SlimeBarrage","Slimebound:LivingWall+1","Slimebound:FirmFortitude","Slimebound:SplitAcid+1","Slimebound:SlimeBrawl","Slimebound:OneTwoCombo+1","Slimebound:FormOfPuddle","Slimebound:SlimeBrawl"],"relics":["Slimebound:AbsorbEndCombat","CeramicFish","downfall:HeartBlessingRed","Boot","FossilizedHelix","Toy Ornithopter","Slimebound:SlimedTailRelic","Black Star","MutagenicStrength","Vajra","Meat on the Bone","PreservedInsect","Strawberry","Happy Flower","downfall:HeartBlessingBlue","Lantern","bronze:BronzeIdol","Empty Cage","Unceasing Top","Mummified Hand","Gambling Chip","Gremlin Horn","The Courier","Slimebound:PotencyRelic","Bag of Marbles","Smiling Mask","Blood Vial","downfall:HeartBlessingGreen","Pear","bronze:DecasWashers","Slimebound:AggressiveSlimeRelic","Thread and Needle","Nunchaku"],"acts_visited":["Exordium","TheCity","TheBeyond","TheEnding"],"potions_floor_usage":[19,22,26,26,44,46,56,56],"damage_taken":[{"damage":5,"enemies":"Jaw Worm","floor":2,"turns":3},{"damage":7,"enemies":"Small Slimes","floor":5,"turns":5},{"damage":3,"enemies":"Cultist","floor":6,"turns":3},{"damage":5,"enemies":"Red Slaver","floor":8,"turns":5},{"damage":18,"enemies":"3 Sentries","floor":10,"turns":4},{"damage":0,"enemies":"downfall:FleeingMerchant","floor":11,"turns":4},{"damage":13,"enemies":"downfall:LadyInBlue","floor":12,"turns":9},{"damage":0,"enemies":"Gremlin Nob","floor":14,"turns":3},{"damage":0,"enemies":"Lots of Slimes","floor":15,"turns":1},{"damage":12,"enemies":"SI_SHIV_ARCHETYPE","floor":16,"turns":8},{"damage":0,"enemies":"Spheric Guardian","floor":19,"turns":5},{"damage":10,"enemies":"downfall:LooterAlt2","floor":20,"turns":5},{"damage":3,"enemies":"Snake Plant","floor":21,"turns":4},{"damage":23,"enemies":"downfall:Augmenter","floor":22,"turns":6},{"damage":0,"enemies":"downfall:FleeingMerchant","floor":23,"turns":4},{"damage":0,"enemies":"Centurion and Healer","floor":25,"turns":6},{"damage":40,"enemies":"Slavers","floor":26,"turns":6},{"damage":6,"enemies":"downfall:FleeingMerchant","floor":27,"turns":4},{"damage":13,"enemies":"Shelled Parasite and Fungi","floor":28,"turns":3},{"damage":11,"enemies":"Book of Stabbing","floor":29,"turns":5},{"damage":18,"enemies":"Slavers","floor":31,"turns":4},{"damage":3,"enemies":"Snake Plant","floor":32,"turns":3},{"damage":47,"enemies":"DF_ARCHETYPE_CLAW","floor":33,"turns":7},{"damage":0,"enemies":"3 Darklings","floor":36,"turns":4},{"damage":0,"enemies":"3 Darklings","floor":38,"turns":5},{"damage":0,"enemies":"downfall:FleeingMerchant","floor":39,"turns":1},{"damage":0,"enemies":"Giant Head","floor":40,"turns":6},{"damage":0,"enemies":"Nemesis","floor":44,"turns":5},{"damage":0,"enemies":"3 Shapes","floor":45,"turns":2},{"damage":0,"enemies":"Spire Growth","floor":46,"turns":5},{"damage":0,"enemies":"Giant Head","floor":47,"turns":4},{"damage":0,"enemies":"Maw","floor":49,"turns":4},{"damage":4,"enemies":"WA_ARCHETYPE_DIVINITY","floor":50,"turns":7},{"damage":0,"enemies":"downfall:CharBossMerchant","floor":52,"turns":4},{"damage":3,"enemies":"downfall:NeowBoss","floor":55,"turns":11},{"damage":72,"enemies":"downfall:NeowBossFinal","floor":56,"turns":9}],"seed_played":"-409062282455014852","potions_obtained":[{"floor":2,"key":"AttackPotion"},{"floor":3,"key":"SteroidPotion"},{"floor":5,"key":"FairyPotion"},{"floor":12,"key":"Block Potion"},{"floor":12,"key":"PowerPotion"},{"floor":20,"key":"Slimebound:SlimyTonguePotion"},{"floor":22,"key":"Weak Potion"},{"floor":25,"key":"DuplicationPotion"},{"floor":26,"key":"Ancient Potion"},{"floor":32,"key":"LiquidBronze"},{"floor":33,"key":"Regen Potion"},{"floor":38,"key":"Guardian:BlockOnCardUsePotion"},{"floor":45,"key":"Block Potion"},{"floor":46,"key":"Slimebound:SlimedPotion"},{"floor":49,"key":"Swift Potion"}],"is_trial":false,"path_per_floor":["R","M","?","?","M","M","T","M","R","E","$","?","R","E","M","B",null,"R","M","M","M","?","$","T","M","E","$","M","E","R","E","M","B",null,"R","M","?","?","$","E","T","R","T","E","M","M","E","R","M","B",null,"E","$","R","B","B",null],"character_chosen":"SLIMEBOUND","items_purchased":["FossilizedHelix","Slimebound:Darklings","Vajra","Slimebound:SlimeBarrage","Slimebound:AggressiveSlimeRelic","Thread and Needle","Nunchaku"],"campfire_rested":0,"item_purchase_floors":[11,23,23,27,53,53,53],"current_hp_per_floor":[44,47,47,47,44,49,49,50,50,40,46,41,41,43,43,35,58,58,65,59,60,48,52,52,60,32,42,43,41,51,47,48,19,66,66,68,68,70,70,74,74,74,74,81,81,82,82,82,82,78,81,92,92,92,91,55],"gold":51,"neow_bonus":"TWO_FIFTY_GOLD","is_daily":false,"chose_seed":false,"campfire_upgraded":8,"win_rate":0.0,"timestamp":1614229187,"path_taken":["R","M","?","?","?","M","T","M","R","E","$","?","R","E","M","BOSS","R","M","M","?","?","$","T","M","E","$","M","E","R","E","M","BOSS","R","M","?","?","$","E","T","R","?","E","?","M","E","R","M","BOSS","E","$","R","BOSS","BOSS"],"items_purchased_type":["Relic","Card","Relic","Card","Relic","Relic","Relic"],"build_version":"2020-12-22","purchased_purges":4,"victory":true,"max_hp_per_floor":[65,65,65,65,65,65,65,65,65,65,65,65,65,65,65,65,65,65,65,65,65,65,65,65,65,65,65,65,72,82,82,82,82,82,82,82,82,82,82,82,82,82,82,82,82,82,82,82,82,82,82,92,92,92,92,92],"relic_stats":{"Happy Flower":[27],"Gremlin Horn":[6,6],"counters":[36,168],"CeramicFish":225,"PreservedInsect":485,"Boot":[25],"Smiling Mask":70,"Blood Vial":2,"Nunchaku":[2],"Mummified Hand":[13],"Gambling Chip":[30],"Black Star":7,"obtain_stats":[{"Lantern":31,"Gremlin Horn":41,"CeramicFish":7,"Vajra":23,"downfall:HeartBlessingGreen":48,"Boot":10,"Empty Cage":34,"Smiling Mask":47,"Blood Vial":47,"Nunchaku":53,"downfall:HeartBlessingBlue":30,"Mummified Hand":40,"Strawberry":29,"Gambling Chip":40,"Slimebound:AggressiveSlimeRelic":53,"Pear":52,"downfall:HeartBlessingRed":9,"Happy Flower":29,"bronze:DecasWashers":52,"Thread and Needle":53,"PreservedInsect":26,"The Courier":43,"bronze:BronzeIdol":31,"Slimebound:PotencyRelic":44,"MutagenicStrength":22,"Slimebound:AbsorbEndCombat":0,"Black Star":17,"Bag of Marbles":44,"FossilizedHelix":11,"Toy Ornithopter":12,"Slimebound:SlimedTailRelic":14,"Unceasing Top":38,"Meat on the Bone":26},{"Lantern":21,"Gremlin Horn":27,"CeramicFish":3,"Vajra":15,"downfall:HeartBlessingGreen":31,"Boot":5,"Empty Cage":23,"Smiling Mask":31,"Blood Vial":31,"Nunchaku":34,"downfall:HeartBlessingBlue":20,"Mummified Hand":27,"Strawberry":20,"Gambling Chip":27,"Slimebound:AggressiveSlimeRelic":34,"Pear":34,"downfall:HeartBlessingRed":4,"Happy Flower":20,"bronze:DecasWashers":34,"Thread and Needle":34,"PreservedInsect":17,"The Courier":27,"bronze:BronzeIdol":21,"Slimebound:PotencyRelic":28,"MutagenicStrength":14,"Slimebound:AbsorbEndCombat":0,"Black Star":10,"Bag of Marbles":28,"FossilizedHelix":6,"Toy Ornithopter":7,"Slimebound:SlimedTailRelic":8,"Unceasing Top":25,"Meat on the Bone":17},{"Lantern":95,"Gremlin Horn":119,"CeramicFish":11,"Vajra":67,"downfall:HeartBlessingGreen":133,"Boot":20,"Empty Cage":104,"Smiling Mask":133,"Blood Vial":133,"Nunchaku":148,"downfall:HeartBlessingBlue":91,"Mummified Hand":119,"Strawberry":91,"Gambling Chip":119,"Slimebound:AggressiveSlimeRelic":148,"Pear":148,"downfall:HeartBlessingRed":16,"Happy Flower":91,"bronze:DecasWashers":148,"Thread and Needle":148,"PreservedInsect":79,"The Courier":119,"bronze:BronzeIdol":95,"Slimebound:PotencyRelic":123,"MutagenicStrength":63,"Slimebound:AbsorbEndCombat":0,"Black Star":43,"Bag of Marbles":123,"FossilizedHelix":24,"Toy Ornithopter":33,"Slimebound:SlimedTailRelic":35,"Unceasing Top":112,"Meat on the Bone":79}],"Toy Ornithopter":35,"Unceasing Top":[1],"Meat on the Bone":60},"card_choices":[{"not_picked":["Slimebound:Dissolve","Slimebound:LeechEnergy"],"picked":"Slimebound:Schlurp","floor":2},{"not_picked":["Slimebound:PressTheAttack","Slimebound:ComboTackle"],"picked":"Slimebound:MegaLick","floor":5},{"not_picked":["Slimebound:SamplingLick","Slimebound:SplitLeeching"],"picked":"Slimebound:SplitAcid","floor":6},{"not_picked":["Slimebound:PressTheAttack","Slimebound:LeechEnergy"],"picked":"Slimebound:Repurpose","floor":8},{"not_picked":["Slimebound:PressTheAttack","Slimebound:SlimeSpikes"],"picked":"Slimebound:FormOfPuddle","floor":10},{"not_picked":["Slimebound:HauntingLick","Slimebound:Gluttony"],"picked":"Slimebound:FirmFortitude","floor":11},{"not_picked":["Slimebound:SplitMire","Slimebound:GoopSpray"],"picked":"Slimebound:SplitBruiser","floor":12},{"not_picked":["Slimebound:OozeBath","Slimebound:ProtectTheBoss"],"picked":"Slimebound:FormOfPuddle","floor":14},{"not_picked":["Slimebound:GoopSpray","Slimebound:Schlurp"],"picked":"Slimebound:Prepare","floor":15},{"not_picked":["Slimebound:DouseInSlime","Slimebound:RallyTheTroops"],"picked":"Slimebound:MassRepurpose","floor":16},{"not_picked":["Slimebound:Equalize","Slimebound:AcidTongue"],"picked":"Slimebound:Recollect","floor":19},{"not_picked":["Slimebound:RollThrough","Slimebound:ProtectTheBoss+1"],"picked":"Slimebound:ForwardTackle+1","floor":20},{"not_picked":["Slimebound:GoopSpray","Slimebound:SamplingLick"],"picked":"Slimebound:SplitBruiser","floor":21},{"not_picked":["Slimebound:SplitSpecialist","Slimebound:FinishingTackle"],"picked":"Slimebound:Prepare+1","floor":22},{"not_picked":["Slimebound:SplitMire","Slimebound:ServeAndProtect"],"picked":"Slimebound:Recycling","floor":23},{"not_picked":["Slimebound:HungryTackle","Slimebound:SplitMire","Slimebound:BestDefense"],"picked":"SKIP","floor":25},{"not_picked":["Slimebound:ServeAndProtect","Slimebound:SplitAcid"],"picked":"Slimebound:PressTheAttack+1","floor":26},{"not_picked":["Slimebound:SplitMire","Slimebound:PressTheAttack+1"],"picked":"Slimebound:RallyTheTroops","floor":27},{"not_picked":["Slimebound:LeadByExample+1","Slimebound:FlameTackle","Slimebound:ComboTackle"],"picked":"SKIP","floor":28},{"not_picked":["Slimebound:ForwardTackle+1","Slimebound:DisruptingSlam","Slimebound:WasteNot"],"picked":"SKIP","floor":29},{"not_picked":["Slimebound:Dissolve+1","Slimebound:Gluttony"],"picked":"Slimebound:LivingWall+1","floor":31},{"not_picked":["Slimebound:DisruptingSlam+1","Slimebound:RollThrough","Slimebound:SplitMire"],"picked":"SKIP","floor":32},{"not_picked":["Slimebound:CheckThePlaybook","Slimebound:RallyTheTroops"],"picked":"Slimebound:FirmFortitude","floor":33},{"not_picked":["Slimebound:SplitAcid","Slimebound:BestDefense+1","Slimebound:ComboTackle"],"picked":"SKIP","floor":36},{"not_picked":["Slimebound:SplitMire","Slimebound:ItLooksTasty+1","Slimebound:Recollect"],"picked":"SKIP","floor":39},{"not_picked":["Slimebound:PressTheAttack+1","Slimebound:Schlurp+1","Slimebound:ServeAndProtect+1"],"picked":"SKIP","floor":40},{"not_picked":["Slimebound:ItLooksTasty+1","Slimebound:RainOfGoop+1"],"picked":"Slimebound:SplitAcid+1","floor":44},{"not_picked":["Slimebound:GoopSpray+1","Slimebound:Schlurp+1"],"picked":"Slimebound:SlimeBrawl","floor":45},{"not_picked":["Slimebound:SlimeSpikes","Slimebound:LeadByExample","Slimebound:ProtectTheBoss+1"],"picked":"SKIP","floor":46},{"not_picked":["Slimebound:BestDefense+1","Slimebound:LeechingTouch+1"],"picked":"Slimebound:OneTwoCombo","floor":47},{"not_picked":["Slimebound:SamplingLick","Slimebound:SlimeSpikes"],"picked":"Slimebound:FormOfPuddle","floor":49},{"not_picked":["Slimebound:SamplingLick+1","Slimebound:LivingWall"],"picked":"Slimebound:SlimeBrawl","floor":52}],"player_experience":2068695,"relics_obtained":[{"floor":7,"key":"CeramicFish"},{"floor":10,"key":"Boot"},{"floor":12,"key":"Toy Ornithopter"},{"floor":14,"key":"Slimebound:SlimedTailRelic"},{"floor":22,"key":"MutagenicStrength"},{"floor":26,"key":"Meat on the Bone"},{"floor":26,"key":"PreservedInsect"},{"floor":29,"key":"Strawberry"},{"floor":29,"key":"Happy Flower"},{"floor":31,"key":"Lantern"},{"floor":31,"key":"bronze:BronzeIdol"},{"floor":38,"key":"Unceasing Top"},{"floor":40,"key":"Mummified Hand"},{"floor":40,"key":"Gambling Chip"},{"floor":41,"key":"Gremlin Horn"},{"floor":43,"key":"The Courier"},{"floor":44,"key":"Slimebound:PotencyRelic"},{"floor":44,"key":"Bag of Marbles"},{"floor":47,"key":"Smiling Mask"},{"floor":47,"key":"Blood Vial"},{"floor":52,"key":"Pear"},{"floor":52,"key":"bronze:DecasWashers"}],"event_choices":[],"is_beta":false,"boss_relics":[{"not_picked":["Astrolabe","Velvet Choker"],"picked":"Black Star"},{"not_picked":["Calling Bell","Slimebound:TarBlob"],"picked":"Empty Cage"}],"items_purged_floors":[11,23,39,53],"is_endless":false,"potions_floor_spawned":[2,5,8,12,14,16,20,22,25,26,32,33,38,40,45,46,49],"ascension_level":10}}