{"host":"wbn3xdfsa5pc2kse","time":1614272411,"event":{"mods":["AchievementEnabler","BaseMod","Bestiary","Colored Map","Colored Powertips","Curses Come First","Highlight Path","Minty Spire (QoL Compilation)","Permanent Neow","Rare Cards Sparkle","Relic Stats","StSLib"],"gold_per_floor":[113,133,153,166,178,178,209,81,81,81,91,91,104,136,136,213,213,231,231,246,246,246,246,275,275,300,319,319,354,147,157,157,234,234,251,30,48,48,65,90,90,100,100,126,136,154,181,181,181,181,181,181,102,134,134],"floor_reached":56,"language":"ZHT","playtime":2386,"items_purged":["Strike_G","Strike_G+1","Strike_G+1"],"score":2240,"play_id":"df63d126-ed11-4fae-8e48-6956273973fa","local_time":"20210226010011","is_ascension_mode":true,"campfire_choices":[{"data":"Blade Dance","floor":6.0,"key":"SMITH"},{"data":"Dagger Throw","floor":10.0,"key":"SMITH"},{"data":"Heel Hook","floor":12.0,"key":"SMITH"},{"floor":15.0,"key":"REST"},{"data":"1","floor":23.0,"key":"LIFT"},{"data":"2","floor":25.0,"key":"LIFT"},{"data":"3","floor":28.0,"key":"LIFT"},{"floor":32.0,"key":"REST"},{"data":"After Image","floor":41,"key":"SMITH"},{"floor":49,"key":"RECALL"},{"data":"Well Laid Plans","floor":52,"key":"SMITH"}],"circlet_count":0,"master_deck":["AscendersBane","Strike_G+1","Strike_G+1","Defend_G+1","Defend_G+1","Defend_G+1","Defend_G+1","Defend_G+1","Survivor","Neutralize+1","Dagger Throw+1","Heel Hook+1","Blade Dance+1","Escape Plan","Tactician","Terror","Prepared","Blade Dance","Calculated Gamble+1","Adrenaline+1","CurseOfTheBell","Cloak And Dagger+1","Infinite Blades+1","Dodge and Roll+1","Venomology+1","Cloak And Dagger+1","Backflip+1","Accuracy+1","Blade Dance+1","After Image+1","Cloak And Dagger+1","Reflex+1","Prepared+1","Deflect+1","Well Laid Plans+1","PiercingWail+1","Acrobatics+1","Leg Sweep+1","Blur+1","Acrobatics+1"],"relics":["Ring of the Snake","Centennial Puzzle","Blue Candle","Toxic Egg 2","Calling Bell","Orichalcum","Ninja Scroll","Girya","Enchiridion","Potion Belt","Ancient Tea Set","SlaversCollar","Vajra","Pear","Ornamental Fan","Letter Opener","Art of War"],"acts_visited":["Exordium","TheCity","TheBeyond","TheEnding"],"potions_floor_usage":[40,40,40,42,42,42,45,47,47,50,54,54,54,54,54,55,55,55,55,55],"damage_taken":[{"damage":0.0,"enemies":"Cultist","floor":1.0,"turns":5.0},{"damage":2.0,"enemies":"Small Slimes","floor":2.0,"turns":4.0},{"damage":5.0,"enemies":"2 Louse","floor":3.0,"turns":3.0},{"damage":13.0,"enemies":"Lots of Slimes","floor":4.0,"turns":5.0},{"damage":0.0,"enemies":"Red Slaver","floor":5.0,"turns":3.0},{"damage":16.0,"enemies":"Gremlin Nob","floor":7.0,"turns":3.0},{"damage":0.0,"enemies":"Exordium Wildlife","floor":11.0,"turns":3.0},{"damage":7.0,"enemies":"Lots of Slimes","floor":13.0,"turns":4.0},{"damage":7.0,"enemies":"Lagavulin","floor":14.0,"turns":5.0},{"damage":18.0,"enemies":"The Guardian","floor":16.0,"turns":15.0},{"damage":3.0,"enemies":"2 Thieves","floor":18.0,"turns":3.0},{"damage":0.0,"enemies":"Spheric Guardian","floor":20.0,"turns":2.0},{"damage":3.0,"enemies":"Book of Stabbing","floor":24.0,"turns":6.0},{"damage":0.0,"enemies":"Snake Plant","floor":27.0,"turns":5.0},{"damage":4.0,"enemies":"Gremlin Leader","floor":29.0,"turns":3.0},{"damage":0.0,"enemies":"3 Cultists","floor":31.0,"turns":3.0},{"damage":30.0,"enemies":"Automaton","floor":33.0,"turns":9.0},{"damage":0.0,"enemies":"3 Shapes","floor":35.0,"turns":6.0},{"damage":0,"enemies":"Orb Walker","floor":37,"turns":3},{"damage":5,"enemies":"Maw","floor":39,"turns":6},{"damage":6,"enemies":"Nemesis","floor":40,"turns":3},{"damage":13,"enemies":"Writhing Mass","floor":42,"turns":5},{"damage":0,"enemies":"Giant Head","floor":44,"turns":4},{"damage":2,"enemies":"4 Shapes","floor":45,"turns":3},{"damage":0,"enemies":"Jaw Worm Horde","floor":46,"turns":4},{"damage":0,"enemies":"Reptomancer","floor":47,"turns":5},{"damage":4,"enemies":"Donu and Deca","floor":50,"turns":4},{"damage":0,"enemies":"Shield and Spear","floor":54,"turns":6},{"damage":43,"enemies":"The Heart","floor":55,"turns":8}],"seed_played":"5898902529530387113","potions_obtained":[{"floor":1.0,"key":"Weak Potion"},{"floor":4.0,"key":"LiquidMemories"},{"floor":5.0,"key":"FearPotion"},{"floor":16.0,"key":"Fire Potion"},{"floor":20.0,"key":"AttackPotion"},{"floor":29.0,"key":"SneckoOil"},{"floor":31.0,"key":"SpeedPotion"},{"floor":35.0,"key":"Fruit Juice"},{"floor":44,"key":"Energy Potion"},{"floor":45,"key":"EntropicBrew"},{"floor":47,"key":"BlessingOfTheForge"}],"is_trial":false,"path_per_floor":["M","M","M","M","M","R","E","$","T","R","M","R","M","E","R","B",null,"M","?","M","?","?","R","E","R","T","M","R","E","$","M","R","B",null,"M","$","M","T","M","E","R","M","T","E","M","M","E","?","R","B",null,"R","$","E","B",null],"character_chosen":"THE_SILENT","items_purchased":["Fire Potion","Backflip+1","Accuracy","Reflex+1","Prepared+1","Blur+1"],"campfire_rested":2,"item_purchase_floors":[8,30,30,36,36,53],"current_hp_per_floor":[59,57,52,39,39,39,23,23,23,23,23,23,16,9,28,10,52,49,49,49,28,28,28,25,25,25,25,25,21,21,21,40,10,52,57,57,57,57,52,46,46,33,43,43,41,41,41,41,41,37,70,70,70,70,27],"gold":134,"neow_bonus":"UPGRADE_CARD","is_daily":false,"chose_seed":false,"campfire_upgraded":5,"win_rate":0.0,"timestamp":1614272411,"path_taken":["M","M","M","M","M","R","E","$","T","R","M","R","?","E","R","BOSS","M","?","M","?","?","R","E","R","T","M","R","E","$","M","R","BOSS","M","?","?","?","M","E","R","M","T","E","M","M","E","?","R","BOSS","R","$","E","BOSS"],"items_purchased_type":["Potion","Card","Card","Card","Card","Card"],"build_version":"2020-12-22","purchased_purges":3,"victory":true,"max_hp_per_floor":[66,66,66,66,66,66,66,66,66,66,66,66,66,66,66,66,66,66,66,66,66,66,66,66,66,66,66,66,66,66,66,66,66,66,71,71,71,71,71,71,71,71,81,81,81,81,81,81,81,81,81,81,81,81,81],"relic_stats":{"Centennial Puzzle":[37],"counters":[29,138],"Ornamental Fan":[164],"Blue Candle":[1],"Art of War":[0],"Letter Opener":[132],"Orichalcum":[12],"obtain_stats":[{"Potion Belt":26,"Girya":17,"Pear":43,"Blue Candle":9,"Enchiridion":21,"Vajra":40,"Letter Opener":47,"Orichalcum":17,"Ancient Tea Set":29,"Calling Bell":17,"SlaversCollar":34,"Centennial Puzzle":7,"Ninja Scroll":17,"Ornamental Fan":44,"Art of War":54,"Toxic Egg 2":14,"Ring of the Snake":0},{"Potion Belt":13,"Girya":10,"Pear":22,"Blue Candle":6,"Enchiridion":12,"Vajra":21,"Letter Opener":26,"Orichalcum":10,"Ancient Tea Set":15,"Calling Bell":10,"SlaversCollar":17,"Centennial Puzzle":6,"Ninja Scroll":10,"Ornamental Fan":23,"Art of War":28,"Toxic Egg 2":9,"Ring of the Snake":0},{"Potion Belt":61,"Girya":50,"Pear":104,"Blue Candle":23,"Enchiridion":55,"Vajra":99,"Letter Opener":120,"Orichalcum":50,"Ancient Tea Set":69,"Calling Bell":50,"SlaversCollar":81,"Centennial Puzzle":23,"Ninja Scroll":50,"Ornamental Fan":108,"Art of War":130,"Toxic Egg 2":35,"Ring of the Snake":0}],"Ring of the Snake":[41]},"card_choices":[{"not_picked":["Eviscerate","Flying Knee"],"picked":"Dagger Throw","floor":1.0},{"not_picked":["Prepared","Deadly Poison"],"picked":"Heel Hook","floor":2.0},{"not_picked":["Dagger Throw","Cloak And Dagger"],"picked":"Blade Dance","floor":3.0},{"not_picked":["Outmaneuver","Crippling Poison"],"picked":"Escape Plan","floor":4.0},{"not_picked":["Crippling Poison","Skewer"],"picked":"Tactician","floor":5.0},{"not_picked":["Quick Slash","Tools of the Trade"],"picked":"Terror","floor":7.0},{"not_picked":["Expertise","Flying Knee"],"picked":"Prepared","floor":11.0},{"not_picked":["Poisoned Stab","Outmaneuver"],"picked":"Blade Dance","floor":13.0},{"not_picked":["Bouncing Flask+1","Crippling Poison+1"],"picked":"Calculated Gamble+1","floor":14.0},{"not_picked":["A Thousand Cuts","Doppelganger+1"],"picked":"Adrenaline+1","floor":16.0},{"not_picked":["Deadly Poison+1","Prepared+1"],"picked":"Cloak And Dagger+1","floor":18.0},{"not_picked":["Dodge and Roll+1","Heel Hook+1"],"picked":"Infinite Blades+1","floor":20.0},{"not_picked":["Backstab","Sucker Punch","Infinite Blades+1"],"picked":"SKIP","floor":24.0},{"not_picked":["PiercingWail+1","Underhanded Strike"],"picked":"Cloak And Dagger+1","floor":27.0},{"not_picked":["Sucker Punch","Catalyst+1","Corpse Explosion+1"],"picked":"SKIP","floor":29.0},{"not_picked":["Flying Knee","Masterful Stab"],"picked":"Blade Dance+1","floor":31.0},{"not_picked":["Corpse Explosion+1","Storm of Steel+1"],"picked":"After Image","floor":33.0},{"not_picked":["Quick Slash","Backstab+1"],"picked":"Cloak And Dagger+1","floor":35.0},{"not_picked":["All Out Attack","Quick Slash"],"picked":"Deflect+1","floor":37},{"not_picked":["Slice","Blade Dance+1"],"picked":"Well Laid Plans","floor":39},{"not_picked":["Doppelganger+1","Sucker Punch","Dash"],"picked":"SKIP","floor":40},{"not_picked":["Prepared+1","Masterful Stab+1"],"picked":"PiercingWail+1","floor":42},{"not_picked":["Distraction+1","Dodge and Roll+1","Slice"],"picked":"SKIP","floor":44},{"not_picked":["Outmaneuver+1","Dagger Spray+1"],"picked":"Acrobatics+1","floor":45},{"not_picked":["Concentrate+1","Terror+1","Quick Slash"],"picked":"SKIP","floor":46},{"not_picked":["Corpse Explosion+1","Doppelganger+1"],"picked":"Leg Sweep+1","floor":47},{"not_picked":["Dagger Throw+1","Crippling Poison+1"],"picked":"Acrobatics+1","floor":54}],"player_experience":885246,"relics_obtained":[{"floor":7.0,"key":"Centennial Puzzle"},{"floor":9.0,"key":"Blue Candle"},{"floor":14.0,"key":"Toxic Egg 2"},{"floor":17.0,"key":"Orichalcum"},{"floor":17.0,"key":"Ninja Scroll"},{"floor":17.0,"key":"Girya"},{"floor":21.0,"key":"Enchiridion"},{"floor":26.0,"key":"Potion Belt"},{"floor":29.0,"key":"Ancient Tea Set"},{"floor":40,"key":"Vajra"},{"floor":43,"key":"Pear"},{"floor":44,"key":"Ornamental Fan"},{"floor":47,"key":"Letter Opener"},{"floor":54,"key":"Art of War"}],"event_choices":[{"damage_healed":0.0,"max_hp_gain":0.0,"max_hp_loss":0.0,"gold_gain":0.0,"event_name":"Back to Basics","player_choice":"Simplicity","floor":19.0,"gold_loss":0.0,"damage_taken":0.0,"cards_upgraded":["Strike_G","Strike_G","Strike_G","Strike_G","Defend_G","Defend_G","Defend_G","Defend_G","Defend_G"]},{"damage_healed":0.0,"max_hp_gain":0.0,"max_hp_loss":0.0,"gold_gain":0.0,"event_name":"Cursed Tome","player_choice":"Obtained Book","floor":21.0,"gold_loss":0.0,"damage_taken":21.0},{"damage_healed":0.0,"max_hp_gain":0.0,"max_hp_loss":0.0,"gold_gain":0.0,"event_name":"Match and Keep!","player_choice":"2 cards matched","floor":22.0,"gold_loss":0.0,"damage_taken":0.0,"cards_obtained":["Dodge and Roll","Venomology"]},{"damage_healed":0,"gold_gain":0,"player_choice":"Upgraded","damage_taken":0,"max_hp_gain":0,"max_hp_loss":0,"event_name":"Upgrade Shrine","floor":48,"gold_loss":0,"cards_upgraded":["Accuracy"]}],"is_beta":false,"boss_relics":[{"not_picked":["Ring of the Serpent","Tiny House"],"picked":"Calling Bell"},{"not_picked":["HoveringKite","Sozu"],"picked":"SlaversCollar"}],"items_purged_floors":[8,30,36],"is_endless":false,"potions_floor_spawned":[1,4,5,13,16,20,29,31,35,44,45,47],"ascension_level":16}}