{"host":"gm50ke85n5jz306u","time":1614289948,"event":{"mods":["AchievementEnabler","AlwaysNeverKeys","Aspiration","BaseMod","Beaked The Cultist","Bestiary","Better Altar","Better Match","Better Note","Better Sensory Stone","Better Skull","Better Third Choice","Better Vampires","Better-Laid Plans","BetterRewards","Colored Powertips","Curses Come First","DNKmod","Defuse TimeMaze Blight","Disable Question Mark Monsters","Displayed Cursed Tome","Downfall","Emptier Cage","Extra Virgin Snecko Oil","Filter the Spire","Friendly Minions","Gremlin Skip","Hermit","Hubris","Hyrulean Relics","Ironclad Rager","Koishi","Lobotomy","Marisa????????","Marked Mod","Minty Spire (QoL Compilation)","Permanent Neow","Poor People Problems","Quick Restart","Reimu??????","Relic Filter Mod","Relic Sorter","Remove Card Discount Mod","Reorder Act Four","Replay The Spire","Shop Mod","StSLib","Synergy Search","Td1madao Mod","The Administrix","The Animator","The Blue Laboratory","The Bug Knight","The Construct","The Cursed","The Disciple","The Hierophant","The Necromancer","The Runesmith","The Senshi","The Servant 0.9.4","Thieving Mod","Transform Curses","WarShipGirlsR/????R mod"],"gold_per_floor":[10016,10026,9153,9166,8423,8449,8449,8489,8563,8563,8019,8019,8019,8039,8039,8128,8128,8152,8168,8168,8188,7760,7795,7795,7795,7795,7795,7811,7836,7875,7107,7107,7202,7202,7220,7278,7278,6456,6472,6472,6488,6511,6511,6511,6511,6554,6554,6567,6017,6032,6032,6032],"floor_reached":53,"language":"ENG","playtime":3148,"items_purged":["ICR:ProbingStrike","Runesmith:Defend_RS","Bash","Strike_R","Strike_R","Demon Form+1","Injury","Strike_R","Strike_R","Strike_R","Defend_R","Defend_R","Iron Wave+1","Pommel Strike+1","Metallicize+1","Metallicize+1","Metallicize+1","Defend_R+1","Defend_R+1","Sword Boomerang+1"],"score":1712,"play_id":"3a0cf1b3-5521-46c0-9401-8cb39f8e151c","local_time":"20210225225228","is_ascension_mode":true,"campfire_choices":[{"data":"Barricade","floor":10.0,"key":"SMITH"},{"data":"Demon Form","floor":12.0,"key":"SMITH"},{"data":"Metallicize","floor":15.0,"key":"SMITH"},{"data":"ICR:VitalStrike","floor":24,"key":"SMITH"},{"data":"Iron Wave","floor":27,"key":"SMITH"},{"floor":40,"key":"REST"},{"data":"Headbutt","floor":51,"key":"SMITH"}],"circlet_count":0,"master_deck":["AscendersBane","Barricade+1","Shrug It Off+1","Shrug It Off+1","Limit Break+1","ICR:VitalStrike+1","Berserk+1","Sword Boomerang+1","Entrench+1","Entrench+1","Shrug It Off+1","Panacea+1","Headbutt+1"],"relics":["Burning Blood","Kunai","aspiration:Lifesprig","Nunchaku","InkBottle","Happy Flower","Pocketwatch","aspiration:MobileForge","TheAbacus","Red Skull","Akabeko","CatCart","Lantern","hubris:Icosahedron","Anchor","MerchantsRug","Sling","Gambling Chip","RuthlessExorcism:ReiMu","ClockworkSouvenir","Blue Doll","Magic Flower","Potion Belt","Cauldron","Golden Idol","War Paint","Frozen Egg 2","Toxic Egg 2","beaked:SacredDeck","Lee\u0027s Waffle","Replay:Bottled Eggs","Blood Vial","Gremlin Food","Guide Book","Golden Egg"],"acts_visited":["Exordium","TheCity","TheBeyond"],"potions_floor_usage":[19,21,23,23,23,33,36,39],"damage_taken":[{"damage":12.0,"enemies":"Jaw Worm","floor":1.0,"turns":5.0},{"damage":6.0,"enemies":"Small Slimes","floor":2.0,"turns":4.0},{"damage":0.0,"enemies":"Cultist","floor":4.0,"turns":3.0},{"damage":18.0,"enemies":"3 Sentries","floor":6.0,"turns":6.0},{"damage":0.0,"enemies":"Lagavulin","floor":8.0,"turns":4.0},{"damage":5.0,"enemies":"Red Slaver","floor":14.0,"turns":3.0},{"damage":0.0,"enemies":"The Guardian","floor":16.0,"turns":9.0},{"damage":0.0,"enemies":"Chosen","floor":18.0,"turns":5.0},{"damage":0,"enemies":"Chosen and Byrds","floor":19,"turns":5},{"damage":24,"enemies":"3 Cultists","floor":21,"turns":5},{"damage":45,"enemies":"Slavers","floor":23,"turns":7},{"damage":22,"enemies":"Snake Plant","floor":28,"turns":4},{"damage":1,"enemies":"Centurion and Healer","floor":29,"turns":4},{"damage":0,"enemies":"Book of Stabbing","floor":30,"turns":5},{"damage":24,"enemies":"Collector","floor":33,"turns":9},{"damage":7,"enemies":"3 Shapes","floor":35,"turns":5},{"damage":1,"enemies":"Orin","floor":36,"turns":7},{"damage":1,"enemies":"3 Darklings","floor":39,"turns":7},{"damage":10,"enemies":"Spire Growth","floor":41,"turns":6},{"damage":0,"enemies":"3 Darklings","floor":42,"turns":6},{"damage":0,"enemies":"HollowMod:StalkingDevout","floor":46,"turns":5},{"damage":0,"enemies":"Spire Growth","floor":48,"turns":4},{"damage":0,"enemies":"Jaw Worm Horde","floor":50,"turns":4},{"damage":0,"enemies":"Awakened One","floor":52,"turns":8}],"seed_played":"-1922755465873401249","potions_obtained":[{"floor":5.0,"key":"Swift Potion"},{"floor":5.0,"key":"Guardian:BlockOnCardUsePotion"},{"floor":14.0,"key":"Adrenaline Potion"},{"floor":29,"key":"SmokeBomb"},{"floor":39,"key":"PowerPotion"},{"floor":42,"key":"blueLaboratory:BottledHope"}],"is_trial":false,"path_per_floor":["M","M","$","M","$","E","?","E","T","R","$","R","?","M","R","B",null,"M","M","?","M","$","E","R","?","T","R","M","M","E","$","R","B",null,"M","?","?","$","M","R","M","M","T","PTL","PTL","E","?","M","$","M","R","B",null],"character_chosen":"IRONCLAD","items_purchased":["Metallicize","Brimstone","aspiration:Lifesprig","Magic Flower","Iron Wave","Fire Potion","blueLaboratory:IronCompound","Potion Belt","Blue Doll","Cauldron","Pommel Strike+1","Fire Potion","MerchantsRug","ClockworkSouvenir","Red Skull","War Paint","Energy Potion","Akabeko","Sword Boomerang","Lee\u0027s Waffle","SteroidPotion","FearPotion","InkBottle","Blood Vial","Entrench+1","TheAbacus","Explosive Potion","Strength Potion","Metallicize+1","Gambling Chip","Gremlin Food","Guide Book","blueLaboratory:EmptyBottle","Lantern","Anchor","Sling","Swift Potion"],"campfire_rested":1,"item_purchase_floors":[3,3,3,3,3,3,3,5,5,5,5,5,5,11,11,11,11,22,22,22,22,22,31,31,31,31,31,31,38,38,38,38,38,49,49,49,49],"current_hp_per_floor":[62,62,62,71,71,62,36,45,45,45,45,45,45,49,49,58,71,75,75,75,60,82,46,46,46,46,46,33,41,50,50,74,62,77,82,82,82,82,82,82,81,82,82,82,82,82,82,82,82,82,82,82],"gold":6032,"neow_bonus":"THREE_RARE_CARDS","is_daily":false,"chose_seed":false,"campfire_upgraded":6,"win_rate":0.0,"timestamp":1614289948,"path_taken":["M","M","$","M","$","E","?","E","T","R","$","R","?","M","R","BOSS","M","M","?","M","$","E","R","?","T","R","?","M","E","?","R","BOSS","M","?","?","$","M","R","M","M","T","PTL","PTL","E","?","M","$","M","R","BOSS"],"items_purchased_type":["Card","Relic","Relic","Relic","Card","Potion","Potion","Relic","Relic","Relic","Card","Potion","Relic","Relic","Relic","Relic","Potion","Relic","Card","Relic","Potion","Potion","Relic","Relic","Card","Relic","Potion","Potion","Card","Relic","Relic","Relic","Potion","Card","Relic","Relic","Potion"],"build_version":"2020-12-22","purchased_purges":20,"victory":true,"max_hp_per_floor":[75,75,75,75,75,75,75,75,75,75,75,75,75,75,75,75,75,75,75,75,75,82,82,82,82,82,82,82,82,82,82,82,82,82,82,82,82,82,82,82,82,82,82,82,82,82,82,82,82,82,82,82],"card_choices":[{"not_picked":["Eclipse","Brutality"],"picked":"Barricade","floor":0.0},{"not_picked":["Wild Strike","Sentinel","Warcry"],"picked":"SKIP","floor":1.0},{"not_picked":["Warcry","Fire Breathing","ReplayTheSpireMod:Muscle Training"],"picked":"SKIP","floor":2.0},{"not_picked":["Thunderclap","Flex","Battle Trance"],"picked":"SKIP","floor":4.0},{"not_picked":["Burning Pact","Wild Strike"],"picked":"Demon Form","floor":6.0},{"not_picked":["ReplayTheSpireMod:Corrosion Curse","Evolve"],"picked":"Shrug It Off","floor":8.0},{"not_picked":["hubris:SharpeningStone+1","Bloodletting+1"],"picked":"Shrug It Off+1","floor":14.0},{"not_picked":["Demon Form+1","Replay:Many Hands+1"],"picked":"Limit Break+1","floor":16.0},{"not_picked":["Life Link+1","Power Through+1","Cleave"],"picked":"SKIP","floor":18.0},{"not_picked":["Pommel Strike","Flame Barrier+1","Feel No Pain+1"],"picked":"SKIP","floor":19},{"not_picked":["Thunderclap","Spot Weakness+1"],"picked":"Berserk+1","floor":21},{"not_picked":["Disarm+1","Wild Strike","Clash"],"picked":"SKIP","floor":23},{"not_picked":["Clash","Defy Death+1","Blood for Blood"],"picked":"SKIP","floor":28},{"not_picked":["Pommel Strike","Carnage"],"picked":"Sword Boomerang","floor":29},{"not_picked":["Wild Strike+1","Brutality+1"],"picked":"Metallicize+1","floor":30},{"not_picked":["Twin Strike","Perfected Strike","Second Wind+1"],"picked":"SKIP","floor":35},{"not_picked":["Dark Embrace+1","Anger","Havoc+1"],"picked":"SKIP","floor":39},{"not_picked":["Dark Embrace+1","Anger","Havoc+1"],"picked":"SKIP","floor":39},{"not_picked":["Disarm+1","Wild Strike","Run Through"],"picked":"SKIP","floor":41},{"not_picked":["Warcry+1","Armaments+1"],"picked":"Shrug It Off+1","floor":42},{"not_picked":["Clothesline+1","ReplayTheSpireMod:Limb From Limb","Heavy Blade+1"],"picked":"SKIP","floor":46},{"not_picked":["hubris:EnhanceAbility+1","Forethought+1"],"picked":"Panacea+1","floor":47},{"not_picked":["Clash+1","hubris:SharpeningStone+1","Twin Strike"],"picked":"SKIP","floor":48},{"not_picked":["Warcry+1","ReplayTheSpireMod:Stacked+1"],"picked":"Headbutt","floor":50}],"player_experience":493363,"relics_obtained":[{"floor":6.0,"key":"Nunchaku"},{"floor":8.0,"key":"Pocketwatch"},{"floor":9.0,"key":"Frozen Egg 2"},{"floor":23,"key":"RuthlessExorcism:ReiMu"},{"floor":26,"key":"Replay:Bottled Eggs"},{"floor":30,"key":"Happy Flower"},{"floor":36,"key":"CatCart"},{"floor":43,"key":"Kunai"},{"floor":46,"key":"Golden Egg"}],"event_choices":[{"damage_healed":0.0,"max_hp_gain":0.0,"max_hp_loss":0.0,"gold_gain":0.0,"event_name":"Golden Idol","player_choice":"Take Damage","floor":7.0,"gold_loss":0.0,"damage_taken":26.0,"relics_obtained":["Golden Idol"]},{"damage_healed":0,"gold_gain":0,"player_choice":"Ignored","damage_taken":0,"max_hp_gain":0,"max_hp_loss":0,"event_name":"betterNote:BetterNote","floor":20,"gold_loss":0,"cards_obtained":["Apotheosis"]},{"damage_healed":0,"gold_gain":0,"player_choice":"Upgraded","damage_taken":0,"max_hp_gain":0,"max_hp_loss":0,"event_name":"Upgrade Shrine","floor":25,"gold_loss":0,"cards_upgraded":["Sword Boomerang"]},{"damage_healed":0,"gold_gain":0,"player_choice":"Fight","damage_taken":0,"max_hp_gain":0,"max_hp_loss":0,"event_name":"OrinTheCat","floor":36,"gold_loss":0},{"damage_healed":0,"gold_gain":3,"player_choice":"1","damage_taken":0,"max_hp_gain":0,"max_hp_loss":0,"event_name":"betterStone:BetterStone","floor":47,"gold_loss":0}],"is_beta":false,"boss_relics":[{"not_picked":["SacredBark","aspiration:RandomNobGenerator"],"picked":"beaked:SacredDeck"},{"not_picked":["Pandora\u0027s Box","Astrolabe"],"picked":"aspiration:MobileForge"}],"items_purged_floors":[3,3,3,3,5,22,22,22,22,22,22,22,31,31,38,38,38,49,49,49],"is_endless":false,"potions_floor_spawned":[8,14,18,29,33,35,39,42],"ascension_level":17}}