{"host":"fnndj664xgd3vavt","time":1614217614,"event":{"mods":["AchievementEnabler","BaseMod","Colored Powertips","DeckTracker","Downfall","Hermit","Highlight Path","Infinite Spire","Marisa????????","Minty Spire (QoL Compilation)","Quick Restart","Random Character Button","Replay The Spire","StSLib","The Cursed","The Servant 0.9.4"],"gold_per_floor":[99,115,131,147,147,190,190,190,175,189,97,121,121,123,137,237,237,237,259,259,259,278,278,278,299,105,127,127,127,147,158,177,283,283,283,297,310,405,405,423,423,90,90,119,137,160,181,212,231,235,235,235],"floor_reached":50,"language":"ENG","playtime":3277,"items_purged":[],"score":560,"play_id":"b1a1fd8d-532e-48c3-8e1f-31721e805f5e","local_time":"20210224204654","is_ascension_mode":true,"campfire_choices":[{"floor":1.0,"key":"DIG"},{"floor":8.0,"key":"REST"},{"floor":13.0,"key":"REST"},{"data":"Guardian:Suspension","floor":18.0,"key":"SMITH"},{"data":"Guardian:BaubleBeam","floor":35,"key":"SMITH"},{"data":"expansioncontent:QuickStudy","floor":43,"key":"SMITH"}],"circlet_count":0,"master_deck":["Guardian:Strike_Guardian","Guardian:Strike_Guardian","Guardian:Strike_Guardian","Guardian:Strike_Guardian","Guardian:Defend_Guardian","Guardian:Defend_Guardian","Guardian:Defend_Guardian","Guardian:Defend_Guardian","Guardian:CurlUp","Guardian:TwinSlam","Discovery+1","Guardian:TemporalStrike","Guardian:Suspension+1","Guardian:Suspension","downfall:Bewildered","expansioncontent:QuickStudy+1","Guardian:BronzeOrb+1","Guardian:PiercingHide+1","Guardian:TimeCapacitor","Guardian:BaubleBeam+1","Guardian:PrismaticBeam+1","Guardian:TimeSifter","Guardian:CrystalBeam+1","Guardian:Gem_Orange","Guardian:Repulse+1","Guardian:Gem_Crimson","Guardian:Suspension+1"],"relics":["Guardian:ModeShifter","infinitespire:Midas Blood","Divine Protection","Pet Ghost","downfall:ShatteredFragment","sneckomod:BabySnecko","Nloth\u0027s Gift","infinitespire:Broken Mirror","SlaversCollar","Guardian:DefensiveModeMoreBlock","Ring of Misfortune","ReplayTheSpireMod:Ring of Collecting","Ring of Fury","Question Card","infinitespire:Magic Flask","Ring of Panic","Replay:Rubber Ducky","Replay:Wax Seal"],"acts_visited":["Exordium","TheCity","TheBeyond"],"potions_floor_usage":[50,50,50],"damage_taken":[{"damage":0.0,"enemies":"Small Slimes","floor":2.0,"turns":4.0},{"damage":0.0,"enemies":"2 Louse","floor":3.0,"turns":3.0},{"damage":10.0,"enemies":"Cultist","floor":4.0,"turns":5.0},{"damage":52.0,"enemies":"Lagavulin","floor":6.0,"turns":11.0},{"damage":0.0,"enemies":"downfall:FleeingMerchant","floor":9.0,"turns":4.0},{"damage":0.0,"enemies":"downfall:LooterAlt","floor":10.0,"turns":4.0},{"damage":1.0,"enemies":"downfall:FleeingMerchant","floor":11.0,"turns":4.0},{"damage":12.0,"enemies":"3 Louse","floor":12.0,"turns":5.0},{"damage":0.0,"enemies":"Lots of Slimes","floor":15.0,"turns":3.0},{"damage":2.0,"enemies":"SI_SHIV_ARCHETYPE","floor":16.0,"turns":10.0},{"damage":7.0,"enemies":"Shell Parasite","floor":19.0,"turns":5.0},{"damage":0,"enemies":"downfall:LooterAlt2","floor":22,"turns":6},{"damage":8,"enemies":"Sentry and Sphere","floor":25,"turns":5},{"damage":0,"enemies":"downfall:FleeingMerchant","floor":26,"turns":4},{"damage":16,"enemies":"Shelled Parasite and Fungi","floor":27,"turns":6},{"damage":8,"enemies":"Snake Plant","floor":30,"turns":6},{"damage":0,"enemies":"Centurion and Healer","floor":31,"turns":5},{"damage":10,"enemies":"3 Cultists","floor":32,"turns":6},{"damage":28,"enemies":"WA_ARCHETYPE_CALM","floor":33,"turns":15},{"damage":6,"enemies":"3 Shapes","floor":36,"turns":4},{"damage":0,"enemies":"3 Darklings","floor":37,"turns":4},{"damage":21,"enemies":"Transient","floor":40,"turns":5},{"damage":0,"enemies":"Nemesis","floor":44,"turns":5},{"damage":0,"enemies":"4 Shapes","floor":45,"turns":6},{"damage":12,"enemies":"Writhing Mass","floor":47,"turns":3},{"damage":12,"enemies":"Giant Head","floor":48,"turns":8},{"damage":3,"enemies":"Spire Growth","floor":49,"turns":4},{"damage":67,"enemies":"IC_BLOCK_ARCHETYPE","floor":50,"turns":4}],"seed_played":"-224299757040972379","potions_obtained":[{"floor":3.0,"key":"Block Potion"},{"floor":6.0,"key":"Guardian:AcceleratePotion"},{"floor":10.0,"key":"Doom Potion"},{"floor":40,"key":"ColorlessPotion"}],"is_trial":false,"path_per_floor":["R","M","M","M","?","E","T","R","$","M","$","M","R","?","M","B",null,"R","M","?","?","M","?","T","M","$","M","?","?","M","M","M","B",null,"R","M","M","?","?","M","T","?","R","E","M","T","M","E","M","B"],"character_chosen":"GUARDIAN","items_purchased":["Guardian:Gem_Purple","expansioncontent:QuickStudy"],"campfire_rested":2,"item_purchase_floors":[11,26],"current_hp_per_floor":[80,80,80,70,70,18,18,42,42,42,41,29,53,29,29,27,80,80,73,73,73,73,73,73,65,65,49,49,49,41,41,31,3,80,80,74,74,54,54,33,33,90,90,90,90,90,78,66,63,0,0,0],"gold":235,"neow_bonus":"RANDOM_COLORLESS","is_daily":false,"chose_seed":false,"campfire_upgraded":3,"win_rate":0.0,"timestamp":1614217614,"path_taken":["R","M","M","M","?","E","T","R","$","M","$","M","R","?","M","BOSS","R","M","?","?","M","?","T","?","$","M","?","?","M","?","M","BOSS","R","M","M","?","?","M","T","?","R","E","M","?","M","E","M","BOSS"],"items_purchased_type":["Card","Card"],"build_version":"2020-12-22","purchased_purges":0,"victory":false,"max_hp_per_floor":[80,80,80,80,80,80,80,80,80,80,80,80,80,80,80,80,80,80,80,80,80,80,80,80,80,80,80,80,80,80,80,80,80,80,80,80,80,80,80,80,80,90,90,90,90,90,90,90,90,90,90,90],"card_choices":[{"not_picked":["Deep Breath","Good Instincts"],"picked":"Discovery","floor":0.0},{"not_picked":["Guardian:SpikerProtocol","Guardian:ShieldSpikes"],"picked":"Guardian:TemporalStrike","floor":2.0},{"not_picked":["Guardian:VentSteam","Guardian:Recover"],"picked":"Guardian:Gem_Green","floor":3.0},{"not_picked":["Guardian:PiercingHide","Guardian:Planning"],"picked":"Guardian:Gem_Cyan","floor":4.0},{"not_picked":["Guardian:BodySlam","Guardian:EvasiveProtocol"],"picked":"Guardian:Gem_Cyan","floor":6.0},{"not_picked":["Guardian:TemporalStrike","Guardian:WalkerClaw"],"picked":"Guardian:Gem_Crimson","floor":9.0},{"not_picked":["Guardian:FloatingOrbs","Guardian:PrimingBeam"],"picked":"Guardian:Suspension","floor":10.0},{"not_picked":["Guardian:Gem_Green","Guardian:Harden"],"picked":"Guardian:Suspension","floor":11.0},{"not_picked":["Guardian:SentryBeam","Guardian:Planning"],"picked":"Guardian:Gem_Synthetic","floor":12.0},{"not_picked":["Guardian:ArmoredProtocol","Guardian:Incinerate","Guardian:Gem_Cyan"],"picked":"SKIP","floor":15.0},{"not_picked":["Guardian:GatlingBeam","Guardian:StasisField"],"picked":"Guardian:Gem_Orange","floor":16.0},{"not_picked":["Guardian:TemporalStrike","Guardian:CrystalBeam+1"],"picked":"Guardian:Gem_Purple","floor":19},{"not_picked":["Guardian:DecasProtection","Guardian:ArmoredProtocol","Guardian:SpikerProtocol+1"],"picked":"SKIP","floor":22},{"not_picked":["Guardian:FloatingOrbs","Guardian:GuardianWhirl"],"picked":"Guardian:Gem_Cyan","floor":25},{"not_picked":["Guardian:VentSteam","Guardian:ConstructionForm","Guardian:Recover"],"picked":"SKIP","floor":26},{"not_picked":["Guardian:TemporalShield+1","Guardian:Gem_Red"],"picked":"Guardian:Gem_Blue","floor":27},{"not_picked":["Guardian:BronzeArmor","Guardian:TemporalShield"],"picked":"Guardian:BronzeOrb+1","floor":30},{"not_picked":["Guardian:TimeCapacitor","Guardian:TemporalShield+1"],"picked":"Guardian:PiercingHide+1","floor":31},{"not_picked":["Guardian:Gem_Blue","Guardian:TemporalShield"],"picked":"Guardian:TimeCapacitor","floor":32},{"not_picked":["Guardian:GatlingBeam","Guardian:ConstructionForm"],"picked":"Guardian:BaubleBeam","floor":33},{"not_picked":["Guardian:CrystalBeam","Guardian:WalkerClaw+1","Guardian:PolyBeam"],"picked":"SKIP","floor":36},{"not_picked":["Guardian:Reroute+1","Guardian:Harden+1"],"picked":"Guardian:PrismaticBeam+1","floor":37},{"not_picked":["Guardian:TemporalShield+1","Guardian:Gem_Lightblue"],"picked":"Guardian:TimeSifter","floor":38},{"not_picked":["Guardian:VentSteam+1","Guardian:Incinerate+1"],"picked":"Guardian:CrystalBeam+1","floor":40},{"not_picked":["Guardian:GatlingBeam","Guardian:BaubleBeam","Guardian:BronzeArmor"],"picked":"Guardian:Gem_Orange","floor":44},{"not_picked":["Guardian:TimeCapacitor","Guardian:PolyBeam","Guardian:Gem_Green"],"picked":"Guardian:Repulse+1","floor":45},{"not_picked":["Guardian:Harden+1","Guardian:Gem_Cyan","Guardian:FuturePlans"],"picked":"Guardian:Gem_Crimson","floor":47},{"not_picked":["Guardian:Emergency+1","Guardian:Gem_Cyan","Guardian:Planning"],"picked":"Guardian:Suspension+1","floor":48},{"not_picked":["Guardian:FloatingOrbs","Guardian:Gem_Cyan","Guardian:MultiBeam","Guardian:Gem_Blue"],"picked":"SKIP","floor":49}],"player_experience":340441,"relics_obtained":[{"floor":1.0,"key":"infinitespire:Midas Blood"},{"floor":6.0,"key":"Divine Protection"},{"floor":7.0,"key":"Pet Ghost"},{"floor":24,"key":"infinitespire:Broken Mirror"},{"floor":38,"key":"Guardian:DefensiveModeMoreBlock"},{"floor":39,"key":"Ring of Misfortune"},{"floor":39,"key":"ReplayTheSpireMod:Ring of Collecting"},{"floor":41,"key":"Ring of Fury"},{"floor":41,"key":"Question Card"},{"floor":44,"key":"infinitespire:Magic Flask"},{"floor":46,"key":"Ring of Panic"},{"floor":46,"key":"Replay:Rubber Ducky"},{"floor":48,"key":"Replay:Wax Seal"}],"event_choices":[],"is_beta":false,"boss_relics":[{"not_picked":["Pandora\u0027s Box","ChewingGum"],"picked":"Replay:Bronze Core"},{"not_picked":["Honey Jar","Empty Cage"],"picked":"SlaversCollar"}],"items_purged_floors":[],"is_endless":false,"potions_floor_spawned":[3,6,10,12,16,31,32,33,40,47,48],"killed_by":"IC_BLOCK_ARCHETYPE","ascension_level":1}}