{"host":"dj20jyxj5yo6mk8a","time":1614256684,"event":{"mods":["AchievementEnabler","BaseMod","BetterRewards","Card Forge","Evolution","Gold Saver","Minty Spire (QoL Compilation)","Reliquary","Replay The Spire","StSLib","SuperFastMode","Uncapped"],"gold_per_floor":[956,800,800,800,800,835,848,877,877,908,1008,1034,1054,1083,1083,1185,1185,1198,1055,1055,899,912,946,964,996,1022,1034,1067,1080,1100,1115,1115,1220,1220,1234,1234,1254,1254,1265,1293,1293,1327,1327,1327,1327,1343,1374,1387,1387,1387],"floor_reached":51,"language":"ENG","playtime":2070,"items_purged":[],"score":1534,"play_id":"77c18f45-81ec-4f3f-a5ff-5aecf3a12822","local_time":"20210225093804","is_ascension_mode":true,"campfire_choices":[{"floor":15,"key":"REST"},{"floor":32,"key":"DIG"},{"floor":41,"key":"DIG"},{"floor":45,"key":"DIG"},{"floor":49,"key":"DIG"}],"circlet_count":0,"master_deck":["Strike_G+1","Strike_G+1","Strike_G+1","Strike_G+1","Swift Strike+1","Sadistic Nature+1","RitualDagger+1","LiveForever+1","Dramatic Entrance+1","Discovery+1","Dark Shackles+1","Dark Echo+1","BecomeAlmighty+1","White Noise+1","White Noise+1","BecomeAlmighty+1","Discovery+1","Dramatic Entrance+1","LiveForever+1","Scorching Beam+1","Poisoned Strike+1","Swift Strike+1","Sadistic Nature+1","White Noise+1","LiveForever+1","White Noise+1","LiveForever+1","White Noise+1","LiveForever+1","Poisoned Strike+1","Sadistic Nature+1","Poisoned Strike+1","Sadistic Nature+1","Accuracy+1","Leap+1","Beam Cell+1","Cloak And Dagger+1","Deadly Poison+1","Deadly Poison+1","Distraction+1","LiveForever+1","ReplayTheSpireMod:Exploit Weakness+1","A Thousand Cuts+1"],"relics":["Ring of the Snake","Hammer of Thor","Seething Fire","Anvil of the Gods","EVO:Axolotl","ReplayFunnel","ReplayTheSpireMod:Ninjato","Replay:Bottled Steam","Omamori","Ornamental Fan","Ancient Tea Set","Orichalcum","Calling Bell","Regal Pillow","Counterbalance","Sling","Molten Egg 2","DollysMirror","Frozen Egg 2","Replay:Accelerometer","Art of War","CaptainsWheel","Akabeko","Shovel","Bag of Marbles","Juzu Bracelet","reliquary:TatteredRug","Anchor","reliquary:JackalopeAntler"],"acts_visited":["Exordium","TheCity","TheBeyond"],"potions_floor_usage":[],"damage_taken":[{"damage":0,"enemies":"Small Slimes","floor":1,"turns":1},{"damage":0,"enemies":"Lagavulin","floor":6,"turns":3},{"damage":0,"enemies":"Jaw Worm","floor":7,"turns":1},{"damage":0,"enemies":"3 Sentries","floor":8,"turns":2},{"damage":0,"enemies":"Gremlin Nob","floor":10,"turns":2},{"damage":9,"enemies":"Replay:BlueRogue","floor":12,"turns":4},{"damage":0,"enemies":"Cultist","floor":13,"turns":1},{"damage":0,"enemies":"Lagavulin","floor":14,"turns":3},{"damage":0,"enemies":"Fading Forest","floor":16,"turns":9},{"damage":0,"enemies":"2 Thieves","floor":18,"turns":1},{"damage":0,"enemies":"Spheric Guardian","floor":22,"turns":1},{"damage":0,"enemies":"Replay:Snechameleon","floor":23,"turns":3},{"damage":0,"enemies":"Centurion and Healer","floor":24,"turns":3},{"damage":2,"enemies":"Gremlin Leader","floor":25,"turns":2},{"damage":0,"enemies":"Chosen and Byrds","floor":27,"turns":1},{"damage":0,"enemies":"Book of Stabbing","floor":28,"turns":3},{"damage":0,"enemies":"3 Cultists","floor":29,"turns":3},{"damage":0,"enemies":"Snecko","floor":30,"turns":2},{"damage":0,"enemies":"Centurion and Healer","floor":31,"turns":3},{"damage":0,"enemies":"Champ","floor":33,"turns":7},{"damage":8,"enemies":"3 Shapes","floor":35,"turns":1},{"damage":0,"enemies":"3 Darklings","floor":37,"turns":2},{"damage":0,"enemies":"Maw","floor":39,"turns":5},{"damage":0,"enemies":"Reptomancer","floor":40,"turns":4},{"damage":3,"enemies":"R_Hoarder","floor":42,"turns":5},{"damage":6,"enemies":"Spire Growth","floor":46,"turns":3},{"damage":0,"enemies":"Nemesis","floor":47,"turns":5},{"damage":0,"enemies":"Jaw Worm Horde","floor":48,"turns":1},{"damage":13,"enemies":"Replay:Hell Engine","floor":50,"turns":7}],"seed_played":"2652276708617165139","potions_obtained":[],"is_trial":false,"path_per_floor":["M","$","?","?","?","E","M","E","T","E","?","E","M","E","R","B",null,"M","$","T","$","M","E","M","E","T","M","E","M","M","M","R","B",null,"M","?","M","?","M","E","R","E","T","?","R","M","E","M","R","B",null],"character_chosen":"THE_SILENT","items_purchased":["ReplayFunnel","Sling","DollysMirror"],"campfire_rested":1,"item_purchase_floors":[2,19,21],"current_hp_per_floor":[63,63,63,63,63,63,63,63,63,63,63,54,54,54,70,70,70,70,70,70,70,70,70,70,68,68,68,68,68,68,68,68,68,70,62,62,62,62,62,62,62,59,59,59,59,53,53,53,53,40],"gold":1387,"neow_bonus":"HUNDRED_GOLD","is_daily":false,"chose_seed":false,"campfire_upgraded":0,"win_rate":0.0,"timestamp":1614256684,"path_taken":["M","$","?","?","?","E","M","E","T","E","?","E","M","E","R","BOSS","M","$","?","$","M","E","?","E","T","?","E","M","M","M","R","BOSS","M","?","?","?","M","E","R","E","T","?","R","M","E","M","R","BOSS"],"items_purchased_type":["Relic","Relic","Relic"],"build_version":"2020-12-22","purchased_purges":0,"victory":true,"max_hp_per_floor":[70,70,70,70,70,70,70,70,70,70,70,70,70,70,70,70,70,70,70,70,70,70,70,70,70,70,70,70,70,70,70,70,70,70,70,70,70,70,70,70,70,70,70,70,70,70,70,70,70,70],"card_choices":[{"not_picked":["Eviscerate","Outmaneuver"],"picked":"Accuracy","floor":1},{"not_picked":["Expertise","Deflect","Flying Knee"],"picked":"SKIP","floor":6},{"not_picked":["ReplayTheSpireMod:Tripwire","Slice"],"picked":"Cloak And Dagger","floor":7},{"not_picked":["Dagger Spray","Bane"],"picked":"Deadly Poison","floor":8},{"not_picked":["Flying Knee","Reflex"],"picked":"Deadly Poison","floor":10},{"not_picked":["ReplayTheSpireMod:Speed Training","Backflip"],"picked":"Distraction","floor":12},{"not_picked":["Deadly Poison","Underhanded Strike","Sucker Punch"],"picked":"SKIP","floor":13},{"not_picked":["Slice","Cloak And Dagger","Dash"],"picked":"SKIP","floor":14},{"not_picked":["Sneak Up+1","Dagger Throw","Outmaneuver"],"picked":"SKIP","floor":18},{"not_picked":["Underhanded Strike+1","Acrobatics"],"picked":"ReplayTheSpireMod:Exploit Weakness+1","floor":22},{"not_picked":["Hidden Blade","ReplayTheSpireMod:Tripwire","Endless Agony+1"],"picked":"SKIP","floor":23},{"not_picked":["ReplayTheSpireMod:Tripwire+1","Skewer+1","PiercingWail"],"picked":"SKIP","floor":24},{"not_picked":["Sucker Punch+1","Outmaneuver+1","Fluid Movement+1"],"picked":"SKIP","floor":25},{"not_picked":["Backflip","PiercingWail+1","Wraith Form v2+1"],"picked":"SKIP","floor":27},{"not_picked":["Dash+1","Prepared","Backflip"],"picked":"SKIP","floor":28},{"not_picked":["Replay:Poison Smokescreen","PiercingWail","Hidden Blade"],"picked":"SKIP","floor":29},{"not_picked":["Prepared","Accuracy+1","Skewer+1"],"picked":"SKIP","floor":30},{"not_picked":["Eviscerate+1","Sneak Up","Poisoned Stab+1"],"picked":"SKIP","floor":31},{"not_picked":["Glass Knife+1","Atom Bomb+1"],"picked":"A Thousand Cuts+1","floor":33},{"not_picked":["Terror","Acrobatics+1","Slice+1"],"picked":"SKIP","floor":35},{"not_picked":["Calculated Gamble+1","Dodge and Roll+1","Cloak And Dagger+1"],"picked":"SKIP","floor":37},{"not_picked":["Infinite Blades+1","Bouncing Flask+1","Outmaneuver+1"],"picked":"SKIP","floor":39},{"not_picked":["Slice+1","PiercingWail","Corpse Explosion"],"picked":"SKIP","floor":40},{"not_picked":["Bane+1","Fluid Movement+1","Dodge and Roll+1"],"picked":"SKIP","floor":42},{"not_picked":["Sucker Punch+1","Bouncing Flask","Endless Agony+1"],"picked":"SKIP","floor":46},{"not_picked":["Acrobatics+1","Finisher+1","Sucker Punch+1"],"picked":"SKIP","floor":47},{"not_picked":["Finisher+1","Distraction","Acrobatics+1"],"picked":"SKIP","floor":48}],"player_experience":139272,"relics_obtained":[{"floor":6,"key":"Replay:Bottled Steam"},{"floor":8,"key":"Omamori"},{"floor":9,"key":"Ornamental Fan"},{"floor":10,"key":"reliquary:FerryPass"},{"floor":12,"key":"Ancient Tea Set"},{"floor":14,"key":"Orichalcum"},{"floor":17,"key":"Regal Pillow"},{"floor":17,"key":"Counterbalance"},{"floor":20,"key":"Molten Egg 2"},{"floor":23,"key":"Frozen Egg 2"},{"floor":25,"key":"Replay:Accelerometer"},{"floor":26,"key":"Art of War"},{"floor":28,"key":"CaptainsWheel"},{"floor":32,"key":"Akabeko"},{"floor":40,"key":"Shovel"},{"floor":41,"key":"Bag of Marbles"},{"floor":43,"key":"Juzu Bracelet"},{"floor":45,"key":"reliquary:TatteredRug"},{"floor":47,"key":"Anchor"},{"floor":49,"key":"reliquary:JackalopeAntler"}],"event_choices":[{"damage_healed":0,"gold_gain":0,"player_choice":"Box","damage_taken":0,"relics_obtained":["ReplayTheSpireMod:Ninjato"],"max_hp_gain":0,"max_hp_loss":0,"event_name":"Big Fish","floor":3,"gold_loss":0,"cards_obtained":["Regret"]},{"damage_healed":0,"gold_gain":100,"player_choice":"Gold","damage_taken":0,"max_hp_gain":0,"max_hp_loss":0,"event_name":"Wheel of Change","floor":11,"gold_loss":0},{"damage_healed":0,"gold_gain":0,"player_choice":"Ignored","damage_taken":0,"max_hp_gain":0,"max_hp_loss":0,"event_name":"Accursed Blacksmith","floor":36,"gold_loss":0},{"damage_healed":0,"gold_gain":0,"player_choice":"Ignored","damage_taken":0,"max_hp_gain":0,"max_hp_loss":0,"event_name":"Tomb of Lord Red Mask","floor":38,"gold_loss":0},{"damage_healed":0,"gold_gain":0,"player_choice":"Ignored","damage_taken":0,"max_hp_gain":0,"max_hp_loss":0,"event_name":"Purifier","floor":44,"gold_loss":0}],"is_beta":false,"boss_relics":[{"not_picked":["Pandora\u0027s Box","SlaversCollar"],"picked":"Calling Bell"},{"not_picked":["ReplayTheSpireMod:DimensionalGlitch","Abe\u0027s Treasure","Snecko Scales"]}],"items_purged_floors":[],"is_endless":false,"potions_floor_spawned":[1,6,12,14,27,28,29,30,35,39,40,46,48],"ascension_level":8}}