{"host":"ndpbn7fqb3wjbd7p","time":1614225409,"event":{"mods":["AchievementEnabler","Act Like it!","AlwaysNeverKeys","BaseMod","Better Vampires","Block Reminder","Colored Powertips","DeckTracker","Defuse TimeMaze Blight","Friendly Minions","Highlight Path","MarisaÅiñ∂âJÅ@ñÇóùçπÅj","Minty Spire (QoL Compilation)","Permanent Neow","StSLib","SuperFastMode","Synergy Search","Unceasing Turn Reminder","Wandering Minibosses"],"gold_per_floor":[113,113,38,52,52,52,79,104,104,104,122,139,139,157,157,157,157],"floor_reached":16,"language":"ENG","playtime":493,"items_purged":["Defend_P"],"score":135,"play_id":"b5f5eca9-a82b-4075-8562-ba31234600cb","local_time":"20210225045649","is_ascension_mode":true,"campfire_choices":[{"data":"Swivel","floor":6,"key":"SMITH"},{"data":"Defend_P","floor":10,"key":"PURGE"},{"data":"TalkToTheHand","floor":15,"key":"SMITH"}],"circlet_count":0,"master_deck":["Strike_P+1","Strike_P","Strike_P+1","Strike_P","Defend_P","Vigilance","Swivel+1","TalkToTheHand+1","FollowUp"],"relics":["PureWater","Bag of Marbles","Kunai","Peace Pipe","Frozen Egg 2"],"acts_visited":["Exordium"],"potions_floor_usage":[8,12],"damage_taken":[{"damage":2,"enemies":"2 Louse","floor":1,"turns":4},{"damage":3,"enemies":"Jaw Worm","floor":4,"turns":6},{"damage":29,"enemies":"Lagavulin","floor":8,"turns":5},{"damage":0,"enemies":"Small Slimes","floor":11,"turns":3},{"damage":0,"enemies":"Blue Slaver","floor":12,"turns":3},{"damage":0,"enemies":"Looter","floor":14,"turns":3},{"damage":18,"enemies":"Slime Boss","floor":16,"turns":3}],"seed_played":"8635712436143693456","potions_obtained":[{"floor":1,"key":"GamblersBrew"},{"floor":4,"key":"Strength Potion"}],"is_trial":false,"path_per_floor":["M","?","$","M","?","R","T","E","T","R","M","M","?","M","R","B"],"character_chosen":"WATCHER","items_purchased":[],"campfire_rested":0,"item_purchase_floors":[],"current_hp_per_floor":[63,63,63,60,47,47,47,18,18,18,18,18,11,11,11,0,0],"gold":157,"neow_bonus":"REMOVE_TWO","is_daily":false,"chose_seed":false,"campfire_upgraded":2,"win_rate":0.0,"timestamp":1614225409,"path_taken":["M","?","$","M","?","R","?","E","T","R","M","?","?","M","R","BOSS"],"items_purchased_type":[],"build_version":"2020-12-22","purchased_purges":1,"victory":false,"max_hp_per_floor":[65,65,65,65,65,65,65,65,65,65,65,65,65,65,65,65,65],"card_choices":[{"not_picked":["FollowUp","WheelKick"],"picked":"Swivel","floor":1},{"not_picked":["SashWhip","ClearTheMind","FlurryOfBlows"],"picked":"SKIP","floor":4},{"not_picked":["CrushJoints","Adaptation"],"picked":"TalkToTheHand","floor":8},{"not_picked":["Crescendo","Vengeance","CrushJoints"],"picked":"SKIP","floor":11},{"not_picked":["Consecrate","Protect","Nirvana"],"picked":"SKIP","floor":12},{"not_picked":["WindmillStrike","Adaptation+1"],"picked":"FollowUp","floor":14}],"player_experience":1218644,"relics_obtained":[{"floor":7,"key":"Bag of Marbles"},{"floor":8,"key":"Kunai"},{"floor":9,"key":"Peace Pipe"}],"event_choices":[{"damage_healed":0,"gold_gain":0,"player_choice":"Ignored","damage_taken":0,"max_hp_gain":0,"max_hp_loss":0,"event_name":"Liars Game","floor":2,"gold_loss":0},{"damage_healed":0,"gold_gain":0,"player_choice":"Entered Light","damage_taken":13,"max_hp_gain":0,"max_hp_loss":0,"event_name":"Shining Light","floor":5,"gold_loss":0,"cards_upgraded":["Strike_P","Strike_P"]},{"damage_healed":0,"gold_gain":0,"player_choice":"Success","damage_taken":7,"relics_obtained":["Frozen Egg 2"],"max_hp_gain":0,"max_hp_loss":0,"event_name":"Scrap Ooze","floor":13,"gold_loss":0}],"is_beta":false,"boss_relics":[],"items_purged_floors":[3],"is_endless":false,"potions_floor_spawned":[1,4],"killed_by":"Slime Boss","ascension_level":7}}