{"host":"73bw5seuoedfmnty","time":1614216894,"event":{"mods":["AchievementEnabler","Ascension Reborn","Aspiration","Bard","BaseMod","Challenge The Spire","Conspire","Curses Come First","Custom Start","Downfall","Emptier Cage","Gremlin Mod","Halation","Infinite Spire","Marked Mod","Minty Spire (QoL Compilation)","Permanent Neow","Reliquary","Replay The Spire","Robot Space Explorer","Somnambulant","Spikes Relics","StSLib","The Cursed","The Disciple","The Senshi","thorton"],"gold_per_floor":[109,124,137,137,21,21,50,50,103,103,103],"floor_reached":10,"language":"ENG","playtime":1418,"items_purged":[],"score":66,"play_id":"47f18cb6-a75a-4b33-9fe0-221bdb372a05","local_time":"20210224173454","is_ascension_mode":true,"campfire_choices":[{"data":"Slimebound:Prepare","floor":6,"key":"SMITH"},{"data":"Dagger Spray","floor":8,"key":"SMITH"}],"circlet_count":0,"master_deck":["Strike_G","Strike_G","Strike_G","Strike_G","Defend_G","Defend_G","Defend_G","Defend_G","Defend_G","Survivor","Neutralize","Dagger Spray+1","Replay:Poison Smokescreen","ReplayTheSpireMod:Speed Training","Slimebound:Prepare+1","PlatinumSkin","Choke"],"relics":["Ring of the Snake","aspiration:Nostalgia","m_SlimeRing","conspire:DeflatedDodgeball","MealTicket"],"acts_visited":["Exordium"],"potions_floor_usage":[7],"damage_taken":[{"damage":1,"enemies":"Cultist","floor":1,"turns":4},{"damage":0,"enemies":"Jaw Worm","floor":2,"turns":7},{"damage":1,"enemies":"2 Louse","floor":3,"turns":2},{"damage":14,"enemies":"Replay:BlueRogue","floor":7,"turns":11},{"damage":54,"enemies":"Gremlin Nob","floor":10,"turns":5}],"seed_played":"7751667903575260554","potions_obtained":[{"floor":3,"key":"GamblersBrew"},{"floor":7,"key":"Milkshake"}],"is_trial":false,"path_per_floor":["M","M","M","?","$","R","E","R","T","E"],"character_chosen":"THE_SILENT","items_purchased":["Slimebound:Prepare","PlatinumSkin"],"campfire_rested":0,"item_purchase_floors":[5,5],"current_hp_per_floor":[69,69,68,68,68,68,54,54,54,0,0],"gold":103,"neow_bonus":"NOSTALGIA","is_daily":false,"chose_seed":false,"campfire_upgraded":2,"win_rate":0.0,"timestamp":1614216894,"path_taken":["M","M","M","?","$","R","E","R","T","E"],"items_purchased_type":["Card","Card"],"build_version":"2020-12-22","purchased_purges":0,"victory":false,"max_hp_per_floor":[70,70,70,70,70,70,70,70,70,70,70],"card_choices":[{"not_picked":["Outmaneuver","Sucker Punch"],"picked":"Dagger Spray","floor":1},{"not_picked":["Dagger Throw","Cloak And Dagger"],"picked":"Replay:Poison Smokescreen","floor":2},{"not_picked":["ShadowRift","Quick Slash"],"picked":"ReplayTheSpireMod:Speed Training","floor":3},{"not_picked":["Masterful Stab","Doppelganger"],"picked":"Choke","floor":7}],"player_experience":123232,"relics_obtained":[{"floor":7,"key":"conspire:DeflatedDodgeball"},{"floor":9,"key":"MealTicket"}],"event_choices":[{"cards_removed":["Strike_G"],"damage_healed":0,"gold_gain":0,"player_choice":"Purged","damage_taken":0,"max_hp_gain":0,"max_hp_loss":0,"event_name":"Purifier","floor":4,"gold_loss":0}],"is_beta":false,"boss_relics":[],"items_purged_floors":[],"is_endless":false,"potions_floor_spawned":[3,7],"killed_by":"Gremlin Nob","ascension_level":0}}