{"host":"w9njud19qyl0lpz1","time":1614259495,"event":{"mods":["BaseMod","Infinite Spire","Minty Spire (QoL Compilation)","StSLib"],"gold_per_floor":[12,32,42,25,25,25,60,60,84,99,99,110,124,49,49,150,150,167,187,187,198,212,212,159,171,171,186,186,203,203,213,213,213,213],"floor_reached":33,"language":"ENG","playtime":9892,"items_purged":["Regret","Defend_B"],"score":255,"play_id":"99a33213-c720-4189-8a29-8c164daf4518","local_time":"20210225082455","is_ascension_mode":false,"campfire_choices":[{"data":"Fusion","floor":6.0,"key":"SMITH"},{"floor":8.0,"key":"REST"},{"data":"White Noise","floor":15,"key":"SMITH"},{"floor":23,"key":"REST"},{"floor":30,"key":"REST"},{"data":"infinitespire:Oblivion","floor":32,"key":"SMITH"}],"circlet_count":0,"master_deck":["Strike_B","Strike_B","Strike_B","Strike_B","Defend_B","Defend_B","Zap","Dualcast","Leap","Fusion+1","Tempest","Lockon","Hologram","White Noise+1","BootSequence","Reboot","Self Repair","Ball Lightning","Double Energy","Barrage","Electrodynamics","infinitespire:Oblivion+1"],"relics":["Cracked Core","Incense Burner","Orichalcum","Tiny Chest","MealTicket","Gremlin Horn","Bottled Lightning"],"acts_visited":["Exordium","TheCity"],"potions_floor_usage":[21,21,25,29,33],"damage_taken":[{"damage":1.0,"enemies":"Jaw Worm","floor":1.0,"turns":4.0},{"damage":2.0,"enemies":"infinitespire:Voidling","floor":2.0,"turns":3.0},{"damage":0.0,"enemies":"2 Louse","floor":3.0,"turns":2.0},{"damage":2.0,"enemies":"Exordium Thugs","floor":4.0,"turns":4.0},{"damage":33.0,"enemies":"Gremlin Nob","floor":7.0,"turns":5.0},{"damage":4.0,"enemies":"Red Slaver","floor":10.0,"turns":3.0},{"damage":3.0,"enemies":"3 Louse","floor":12.0,"turns":3.0},{"damage":2.0,"enemies":"Exordium Wildlife","floor":13.0,"turns":3.0},{"damage":25,"enemies":"Slime Boss","floor":16,"turns":13},{"damage":26,"enemies":"3 Byrds","floor":18,"turns":5},{"damage":10,"enemies":"Chosen","floor":19,"turns":5},{"damage":14,"enemies":"3 Cultists","floor":21,"turns":6},{"damage":24,"enemies":"Snecko","floor":22,"turns":6},{"damage":12,"enemies":"Centurion and Healer","floor":25,"turns":6},{"damage":18,"enemies":"Snake Plant","floor":27,"turns":5},{"damage":9,"enemies":"Shelled Parasite and Fungi","floor":29,"turns":3},{"damage":0,"enemies":"Centurion and Healer","floor":31,"turns":4},{"damage":112,"enemies":"Automaton","floor":33,"turns":12}],"seed_played":"7323395578989512428","potions_obtained":[{"floor":3.0,"key":"SkillPotion"},{"floor":7.0,"key":"SteroidPotion"},{"floor":10.0,"key":"EssenceOfSteel"},{"floor":13,"key":"Fruit Juice"},{"floor":19,"key":"Fire Potion"},{"floor":21,"key":"SteroidPotion"},{"floor":27,"key":"FearPotion"},{"floor":29,"key":"Ancient Potion"}],"is_trial":false,"path_per_floor":["M","M","M","M","?","R","E","R","T","M","?","M","M","$","R","B",null,"M","M","T","M","M","R","$","M","T","M","AVR","M","R","M","R","B"],"character_chosen":"DEFECT","items_purchased":["Barrage"],"campfire_rested":3,"item_purchase_floors":[24],"current_hp_per_floor":[74,75,75,73,73,73,40,62,62,58,58,55,53,68,68,43,75,49,46,46,39,22,44,59,54,54,43,43,41,63,63,63,0,0],"gold":213,"neow_bonus":"ONE_RARE_RELIC","is_daily":false,"chose_seed":false,"campfire_upgraded":3,"win_rate":0.0,"timestamp":1614259495,"path_taken":["M","M","M","M","?","R","E","R","T","M","?","M","?","$","R","BOSS","M","M","?","M","M","R","?","?","T","M","AVR","M","R","M","R","BOSS"],"items_purchased_type":["Card"],"build_version":"2020-12-22","purchased_purges":2,"victory":false,"max_hp_per_floor":[75,75,75,75,75,75,75,75,75,75,75,75,75,75,75,75,75,75,75,75,75,75,75,75,75,75,75,75,75,75,75,75,80,80],"card_choices":[{"not_picked":["Compile Driver","Stack"],"picked":"Leap","floor":1.0},{"not_picked":["Hyperbeam","Heatsinks","Steam"],"picked":"SKIP","floor":2.0},{"not_picked":["Leap","Defragment"],"picked":"Fusion","floor":3.0},{"not_picked":["Hologram","Stack"],"picked":"Tempest","floor":4.0},{"not_picked":["Capacitor","Go for the Eyes"],"picked":"Lockon","floor":7.0},{"not_picked":["Hello World","Rebound"],"picked":"Hologram","floor":10.0},{"not_picked":["Reprogram","Coolheaded"],"picked":"BootSequence","floor":12.0},{"not_picked":["Compile Driver","Cold Snap","Hologram"],"picked":"SKIP","floor":13},{"not_picked":["Amplify","Hyperbeam"],"picked":"Reboot","floor":16},{"not_picked":["Static Discharge","Chill"],"picked":"Self Repair","floor":18},{"not_picked":["Coolheaded+1","Redo"],"picked":"Ball Lightning","floor":19},{"not_picked":["Leap","Redo","Reprogram+1"],"picked":"SKIP","floor":21},{"not_picked":["Lockon","Stack"],"picked":"Double Energy","floor":22},{"not_picked":["Heatsinks","Redo"],"picked":"Electrodynamics","floor":25},{"not_picked":["Go for the Eyes","Conserve Battery","Compile Driver"],"picked":"SKIP","floor":27},{"not_picked":["Go for the Eyes","Conserve Battery","Compile Driver"],"picked":"SKIP","floor":27},{"not_picked":["Hologram","Cold Snap","White Noise"],"picked":"SKIP","floor":29},{"not_picked":["Cold Snap","Double Energy","Hello World"],"picked":"SKIP","floor":31}],"player_experience":2537418,"relics_obtained":[{"floor":7.0,"key":"Tiny Chest"},{"floor":9.0,"key":"MealTicket"},{"floor":20,"key":"Gremlin Horn"},{"floor":26,"key":"Bottled Lightning"}],"event_choices":[{"damage_healed":0.0,"max_hp_gain":0.0,"max_hp_loss":0.0,"gold_gain":0.0,"event_name":"Big Fish","player_choice":"Box","floor":5.0,"gold_loss":0.0,"damage_taken":0.0,"relics_obtained":["Orichalcum"],"cards_obtained":["Regret"]},{"damage_healed":0.0,"max_hp_gain":0.0,"max_hp_loss":0.0,"gold_gain":0.0,"cards_transformed":["Defend_B"],"event_name":"Transmorgrifier","player_choice":"Transformed","floor":11.0,"gold_loss":0.0,"damage_taken":0.0,"cards_obtained":["White Noise"]}],"is_beta":false,"boss_relics":[{"not_picked":["Fusion Hammer","Ectoplasm","Sozu"]}],"items_purged_floors":[14,28],"is_endless":false,"potions_floor_spawned":[3,7,10,13,19,21,27,29],"killed_by":"Automaton","ascension_level":0}}