{"host":"9qgbal69wq5palas","time":1614286209,"event":{"mods":["2.2 Compatiblity","Abigail Mod","AchievementEnabler","Act Like it!","Aspiration","Astrologer","Bartender","BaseMod","Better Altar","Better Note","Better Skull","Better Third Choice","Colored Powertips","Hallownest","Hermit","Highlight Path","Hubris","Infinite Spire","Jorbs\u0027s Wanderer Trilogy","Koishi","Lobotomy","Minty Spire (QoL Compilation)","Potionbrewer","Quick Restart","Random Character Button","Replay The Spire","Shade Mod","Shop Mod","Spicy Shops","StSLib","The Animator","The Bug Knight","The Cursed","The Disciple","The Exalted","The Hierophant","The Necromancer","The Servant 0.9.4","Wandering Minibosses"],"gold_per_floor":[111,14,25,233,249,277,277,277,277],"floor_reached":8,"language":"ENG","playtime":340,"items_purged":[],"score":64,"play_id":"0a9a9df0-b9ef-447c-ba96-0fb1affa4496","local_time":"20210225215009","is_ascension_mode":true,"campfire_choices":[{"data":"potionbrewer:Toxicity","floor":7,"key":"SMITH"}],"circlet_count":0,"master_deck":["potionbrewer:PotionbrewerStrike","potionbrewer:PotionbrewerStrike","potionbrewer:PotionbrewerStrike","potionbrewer:PotionbrewerStrike","potionbrewer:PotionbrewerDefend","potionbrewer:PotionbrewerDefend","potionbrewer:PotionbrewerDefend","potionbrewer:PotionbrewerDefend","potionbrewer:Collect","potionbrewer:ChemicalSpill","potionbrewer:ChemicalWeapons","potionbrewer:Toxicity+1","potionbrewer:TestFormula","potionbrewer:TestFormula"],"relics":["potionbrewer:PotionKit","NeowsBlessing","Bromod:ArcaneConsequence","infinitespire:EmpoweringShard"],"acts_visited":["Exordium"],"potions_floor_usage":[],"damage_taken":[{"damage":0,"enemies":"Small Slimes","floor":1,"turns":1},{"damage":0,"enemies":"Cultist","floor":3,"turns":1},{"damage":0,"enemies":"2 Louse","floor":5,"turns":1},{"damage":36,"enemies":"Gremlin Nob","floor":6,"turns":5},{"damage":0,"enemies":"3 Sentries","floor":8,"turns":1}],"seed_played":"5483844463821042174","potions_obtained":[{"floor":5,"key":"potionbrewer:BoundlessPotion"}],"is_trial":false,"path_per_floor":["M","?","M","?","M","E","R","E"],"character_chosen":"POTIONBREWER","items_purchased":[],"campfire_rested":0,"item_purchase_floors":[],"current_hp_per_floor":[75,75,75,45,45,9,9,9,9],"gold":277,"neow_bonus":"THREE_ENEMY_KILL","is_daily":false,"chose_seed":false,"campfire_upgraded":1,"win_rate":0.0,"timestamp":1614286209,"path_taken":["M","?","?","?","M","E","R","E"],"items_purchased_type":[],"build_version":"2020-12-22","purchased_purges":0,"victory":false,"max_hp_per_floor":[75,75,75,75,75,75,75,75,75],"card_choices":[{"not_picked":["potionbrewer:WizBang","potionbrewer:FortifiedSerum","potionbrewer:ExplosiveReaction"],"picked":"SKIP","floor":1},{"not_picked":["potionbrewer:UnstableFormula","potionbrewer:TestSubject"],"picked":"potionbrewer:ChemicalWeapons","floor":3},{"not_picked":["potionbrewer:UnstableFormula","potionbrewer:FortifiedSerum"],"picked":"potionbrewer:Toxicity","floor":4},{"not_picked":["potionbrewer:UnstableFormula","potionbrewer:TimeBomb"],"picked":"potionbrewer:TestFormula","floor":5},{"not_picked":["potionbrewer:CrossReference","potionbrewer:Shovel"],"picked":"potionbrewer:TestFormula","floor":6}],"player_experience":2821230,"relics_obtained":[{"floor":6,"key":"infinitespire:EmpoweringShard"}],"event_choices":[{"damage_healed":0,"gold_gain":0,"player_choice":"Paid Gold","damage_taken":0,"relics_obtained":["Bromod:ArcaneConsequence"],"max_hp_gain":0,"max_hp_loss":0,"event_name":"WeMeetAgain","floor":2,"gold_loss":97}],"is_beta":false,"boss_relics":[],"items_purged_floors":[],"is_endless":false,"potions_floor_spawned":[5],"killed_by":"3 Sentries","ascension_level":3}}