{"host":"Vegetablebread","time":1614288073,"event":{"mods":["BaseMod","Bestiary","Minty Spire (QoL Compilation)","Relic Stats","Slay the Relics Exporter","StSLib"],"gold_per_floor":[112,122,122,136,155,155,190,190,214,10,40,40,100,156,156,259,259,297,316,72,72,72,124,163,196,196,196,196,196,224,281,281,385,385,448,50,92,314,389,419,463,520,545,603,194,208,227,245,245,245,270,270,270,1,59,59],"floor_reached":57,"language":"ENG","playtime":18323,"items_purged":["Bite","Bash"],"score":2861,"play_id":"5a3c3b13-35a9-4a2d-8adb-ec69b0f8f1a5","local_time":"20210225132113","is_ascension_mode":true,"campfire_choices":[{"data":"Wild Strike","floor":6.0,"key":"SMITH"},{"data":"Shrug It Off","floor":8.0,"key":"SMITH"},{"data":"HandOfGreed","floor":12.0,"key":"SMITH"},{"data":"True Grit","floor":15.0,"key":"SMITH"},{"data":"Demon Form","floor":27,"key":"SMITH"},{"floor":29,"key":"REST"},{"data":"Entrench","floor":32,"key":"SMITH"},{"floor":49,"key":"RECALL"},{"floor":53,"key":"REST"}],"circlet_count":0,"master_deck":["AscendersBane","Defend_R+1","True Grit+1","Feed+1","Hemokinesis","Wild Strike+1","Shrug It Off+1","Carnage","Clothesline","HandOfGreed+1","Power Through","Demon Form+1","Fiend Fire","Second Wind+1","Dark Embrace+1","Bite","Bite","True Grit+1","Reaper","Entrench+1","Exhume","Fire Breathing+1","PanicButton+1","HandOfGreed+1","Exhume","Battle Trance","Pummel+1","Limit Break","Warcry+1","Second Wind","Power Through","Fiend Fire","Dark Shackles","Shrug It Off","Second Wind","Flame Barrier","Power Through","Sentinel","Offering","Blind","Sentinel"],"relics":["Burning Blood","Orichalcum","Juzu Bracelet","Incense Burner","Sozu","Strange Spoon","Potion Belt","Prayer Wheel","Ornamental Fan","War Paint","Red Mask","Astrolabe","Orrery","Pocketwatch","Dead Branch","Happy Flower","Bag of Preparation","Anchor","Red Skull"],"acts_visited":["Exordium","TheCity","TheBeyond","TheEnding"],"potions_floor_usage":[30],"damage_taken":[{"damage":6.0,"enemies":"Small Slimes","floor":1.0,"turns":4.0},{"damage":2.0,"enemies":"2 Louse","floor":2.0,"turns":4.0},{"damage":2.0,"enemies":"Cultist","floor":4.0,"turns":3.0},{"damage":2.0,"enemies":"Large Slime","floor":5.0,"turns":2.0},{"damage":24.0,"enemies":"3 Sentries","floor":7.0,"turns":7.0},{"damage":18.0,"enemies":"Gremlin Nob","floor":11.0,"turns":4.0},{"damage":4.0,"enemies":"3 Louse","floor":13.0,"turns":5.0},{"damage":14.0,"enemies":"Lagavulin","floor":14.0,"turns":6.0},{"damage":16,"enemies":"Slime Boss","floor":16,"turns":9},{"damage":16,"enemies":"2 Thieves","floor":18,"turns":4},{"damage":16,"enemies":"Shell Parasite","floor":19,"turns":4},{"damage":17,"enemies":"Slavers","floor":23,"turns":7},{"damage":21,"enemies":"Snake Plant","floor":24,"turns":4},{"damage":33,"enemies":"Gremlin Leader","floor":25,"turns":7},{"damage":24,"enemies":"Book of Stabbing","floor":30,"turns":5},{"damage":12,"enemies":"Masked Bandits","floor":31,"turns":8},{"damage":32,"enemies":"Automaton","floor":33,"turns":9},{"damage":4,"enemies":"3 Shapes","floor":35,"turns":7},{"damage":10,"enemies":"Orb Walker","floor":37,"turns":4},{"damage":24,"enemies":"Mind Bloom Boss Battle","floor":39,"turns":13},{"damage":37,"enemies":"Giant Head","floor":40,"turns":7},{"damage":6,"enemies":"3 Darklings","floor":41,"turns":5},{"damage":16,"enemies":"Reptomancer","floor":42,"turns":7},{"damage":5,"enemies":"Giant Head","floor":44,"turns":6},{"damage":0,"enemies":"Writhing Mass","floor":46,"turns":6},{"damage":0,"enemies":"Spire Growth","floor":47,"turns":4},{"damage":10,"enemies":"Maw","floor":48,"turns":5},{"damage":31,"enemies":"Time Eater","floor":50,"turns":10},{"damage":72,"enemies":"Awakened One","floor":51,"turns":16},{"damage":59,"enemies":"Shield and Spear","floor":55,"turns":19},{"damage":79,"enemies":"The Heart","floor":56,"turns":12}],"seed_played":"-4124708855343574886","potions_obtained":[{"floor":5.0,"key":"Fire Potion"},{"floor":7.0,"key":"LiquidBronze"},{"floor":14.0,"key":"Dexterity Potion"},{"floor":16,"key":"BloodPotion"}],"is_trial":false,"path_per_floor":["M","M","?","M","M","R","E","R","T","$","E","R","M","E","R","B",null,"M","M","$","?","?","E","M","E","T","R","?","R","E","?","R","B",null,"M","$","M","?","?","E","M","E","T","E","$","M","M","M","R","B","B",null,"R","$","E","B",null],"character_chosen":"IRONCLAD","items_purchased":["HandOfGreed","Dark Embrace","Strange Spoon","Orrery","Limit Break","Fiend Fire","Dark Shackles","Shrug It Off","Offering","Blind"],"campfire_rested":2,"item_purchase_floors":[10,20,20,36,36,45,45,45,54,54],"current_hp_per_floor":[71,74,52,60,68,68,54,54,54,54,46,46,52,44,44,38,83,77,67,67,67,67,71,60,45,45,45,24,48,36,54,54,48,78,92,92,92,92,86,87,96,88,88,91,91,96,96,98,98,80,61,90,100,100,100,27],"gold":59,"neow_bonus":"TRANSFORM_TWO_CARDS","is_daily":false,"chose_seed":false,"campfire_upgraded":6,"win_rate":0.0,"timestamp":1614288073,"path_taken":["M","M","?","M","M","R","E","R","T","$","E","R","M","E","R","BOSS","M","M","$","?","?","E","M","E","T","R","?","R","E","?","R","BOSS","M","$","M","?","?","E","M","E","T","E","?","M","M","M","R","BOSS","BOSS","R","$","E","BOSS"],"items_purchased_type":["Card","Card","Relic","Relic","Card","Card","Card","Card","Card","Card"],"build_version":"2020-12-18","purchased_purges":2,"victory":true,"max_hp_per_floor":[71,74,74,78,82,82,86,86,86,86,90,90,94,94,94,98,98,102,102,102,102,71,75,75,75,75,75,80,80,84,88,88,88,88,92,92,92,92,96,96,96,96,96,96,96,96,96,100,100,100,100,100,100,100,100,100],"relic_stats":{"Happy Flower":[26],"counters":[31,213],"Astrolabe":["Fire Breathing","PanicButton","HandOfGreed"],"Dead Branch":[364],"Juzu Bracelet":1,"Bag of Preparation":[16],"Orichalcum":[306],"War Paint":["Defend_R","Second Wind"],"Burning Blood":166,"Sozu":8,"Strange Spoon":[93],"Ornamental Fan":[52],"Prayer Wheel":6,"obtain_stats":[{"Potion Belt":23,"Happy Flower":42,"Astrolabe":34,"Dead Branch":40,"Juzu Bracelet":11,"Incense Burner":14,"Bag of Preparation":43,"Orichalcum":7,"War Paint":30,"Burning Blood":0,"Sozu":17,"Strange Spoon":20,"Anchor":44,"Ornamental Fan":26,"Orrery":36,"Prayer Wheel":25,"Red Mask":31,"Red Skull":55,"Pocketwatch":39},{"Potion Belt":12,"Happy Flower":23,"Astrolabe":17,"Dead Branch":21,"Juzu Bracelet":6,"Incense Burner":8,"Bag of Preparation":23,"Orichalcum":5,"War Paint":15,"Burning Blood":0,"Sozu":9,"Strange Spoon":11,"Anchor":24,"Ornamental Fan":14,"Orrery":18,"Prayer Wheel":14,"Red Mask":16,"Red Skull":30,"Pocketwatch":20},{"Potion Belt":59,"Happy Flower":135,"Astrolabe":92,"Dead Branch":123,"Juzu Bracelet":24,"Incense Burner":35,"Bag of Preparation":135,"Orichalcum":20,"War Paint":75,"Burning Blood":0,"Sozu":44,"Strange Spoon":52,"Anchor":141,"Ornamental Fan":70,"Orrery":99,"Prayer Wheel":70,"Red Mask":83,"Red Skull":201,"Pocketwatch":116}],"Pocketwatch":[178]},"card_choices":[{"not_picked":["Perfected Strike","Cleave"],"picked":"Hemokinesis","floor":1.0},{"not_picked":["Perfected Strike","Dark Embrace"],"picked":"Wild Strike","floor":2.0},{"not_picked":["Clothesline","Cleave"],"picked":"Shrug It Off","floor":4.0},{"not_picked":["Pommel Strike","Combust"],"picked":"Carnage","floor":5.0},{"not_picked":["Dark Embrace","Perfected Strike"],"picked":"Clothesline","floor":7.0},{"not_picked":["Havoc","Sword Boomerang"],"picked":"Power Through","floor":11.0},{"not_picked":["Dual Wield","Cleave","Wild Strike"],"picked":"SKIP","floor":13.0},{"not_picked":["Blood for Blood","Wild Strike"],"picked":"Demon Form","floor":14.0},{"not_picked":["Double Tap","Barricade"],"picked":"Fiend Fire","floor":16},{"not_picked":["Clash","Body Slam","Twin Strike"],"picked":"SKIP","floor":18},{"not_picked":["Pummel","Dual Wield"],"picked":"Second Wind","floor":19},{"not_picked":["Metallicize","Flex","Headbutt"],"picked":"SKIP","floor":23},{"not_picked":["Warcry+1","Dark Embrace"],"picked":"True Grit+1","floor":24},{"not_picked":["Thunderclap","Cleave","Clothesline"],"picked":"SKIP","floor":25},{"not_picked":["Clash","Dark Embrace"],"picked":"Reaper","floor":30},{"not_picked":["Thunderclap","Wild Strike"],"picked":"Entrench","floor":31},{"not_picked":["Reaper","Feed"],"picked":"Exhume","floor":33},{"not_picked":["Cleave+1","Anger","Warcry"],"picked":"SKIP","floor":35},{"not_picked":["Reckless Charge","Flex","Clash"],"picked":"SKIP","floor":35},{"not_picked":["Dual Wield","Fire Breathing+1"],"picked":"Exhume","floor":36},{"not_picked":["Anger+1","Seeing Red"],"picked":"Battle Trance","floor":36},{"not_picked":["Pommel Strike","Flex"],"picked":"Pummel+1","floor":36},{"not_picked":["Sentinel","Heavy Blade","Bludgeon"],"picked":"SKIP","floor":37},{"not_picked":["True Grit","Pommel Strike","Sword Boomerang"],"picked":"SKIP","floor":37},{"not_picked":["Sentinel","Heavy Blade","Bludgeon"],"picked":"SKIP","floor":37},{"not_picked":["True Grit","Pommel Strike","Sword Boomerang"],"picked":"SKIP","floor":37},{"not_picked":["Sentinel","Heavy Blade","Bludgeon"],"picked":"SKIP","floor":37},{"not_picked":["True Grit","Pommel Strike","Sword Boomerang"],"picked":"SKIP","floor":37},{"not_picked":["Wild Strike","Uppercut"],"picked":"Warcry+1","floor":40},{"not_picked":["Pommel Strike","Anger+1"],"picked":"Second Wind","floor":41},{"not_picked":["Evolve+1","Dark Embrace"],"picked":"Power Through","floor":41},{"not_picked":["Berserk","Iron Wave","Clothesline"],"picked":"SKIP","floor":42},{"not_picked":["Heavy Blade","Perfected Strike","Metallicize"],"picked":"SKIP","floor":44},{"not_picked":["Entrench","Clothesline"],"picked":"Second Wind","floor":46},{"not_picked":["Berserk","Burning Pact"],"picked":"Flame Barrier","floor":46},{"not_picked":["Rampage","Sword Boomerang"],"picked":"Power Through","floor":47},{"not_picked":["Flex+1","Dark Embrace","Heavy Blade"],"picked":"SKIP","floor":47},{"not_picked":["Flex+1","Dark Embrace","Heavy Blade"],"picked":"SKIP","floor":47},{"not_picked":["Thunderclap","Evolve"],"picked":"Sentinel","floor":48},{"not_picked":["Flame Barrier","True Grit","Headbutt+1"],"picked":"SKIP","floor":48},{"not_picked":["Havoc","Sever Soul"],"picked":"Sentinel","floor":55}],"player_experience":10615806,"relics_obtained":[{"floor":7.0,"key":"Orichalcum"},{"floor":11.0,"key":"Juzu Bracelet"},{"floor":14.0,"key":"Incense Burner"},{"floor":23,"key":"Potion Belt"},{"floor":25,"key":"Prayer Wheel"},{"floor":26,"key":"Ornamental Fan"},{"floor":30,"key":"War Paint"},{"floor":31,"key":"Red Mask"},{"floor":39,"key":"Pocketwatch"},{"floor":40,"key":"Dead Branch"},{"floor":42,"key":"Happy Flower"},{"floor":43,"key":"Bag of Preparation"},{"floor":44,"key":"Anchor"},{"floor":55,"key":"Red Skull"}],"event_choices":[{"damage_healed":0.0,"max_hp_gain":0.0,"max_hp_loss":0.0,"gold_gain":0.0,"event_name":"Shining Light","player_choice":"Entered Light","floor":3.0,"gold_loss":0.0,"damage_taken":22.0,"cards_upgraded":["Strike_R","Feed"]},{"damage_healed":0,"gold_gain":0,"player_choice":"Upgraded","damage_taken":0,"max_hp_gain":0,"max_hp_loss":0,"event_name":"Upgrade Shrine","floor":21,"gold_loss":0,"cards_upgraded":["Dark Embrace"]},{"damage_healed":0,"gold_gain":0,"player_choice":"Became a vampire","damage_taken":0,"max_hp_gain":0,"max_hp_loss":31,"event_name":"Vampires","floor":22,"gold_loss":0,"cards_obtained":["Bite","Bite","Bite","Bite","Bite"]},{"damage_healed":0,"gold_gain":0,"player_choice":"Shed Blood","damage_taken":26,"max_hp_gain":5,"max_hp_loss":0,"event_name":"Forgotten Altar","floor":28,"gold_loss":0},{"damage_healed":0,"gold_gain":0,"player_choice":"Fought Bandits","damage_taken":0,"max_hp_gain":0,"max_hp_loss":0,"event_name":"Masked Bandits","floor":31,"gold_loss":0},{"damage_healed":0,"gold_gain":222,"player_choice":"Wore Mask","damage_taken":0,"max_hp_gain":0,"max_hp_loss":0,"event_name":"Tomb of Lord Red Mask","floor":38,"gold_loss":0},{"damage_healed":0,"gold_gain":0,"player_choice":"Fight","damage_taken":0,"max_hp_gain":0,"max_hp_loss":0,"event_name":"MindBloom","floor":39,"gold_loss":0}],"is_beta":true,"boss_relics":[{"not_picked":["SacredBark","Runic Dome"],"picked":"Sozu"},{"not_picked":["Calling Bell","Black Blood"],"picked":"Astrolabe"}],"items_purged_floors":[36,45],"is_endless":false,"potions_floor_spawned":[5,7,14,16,18,23,31,33,40,41,42,48],"ascension_level":20}}