{"host":"p5axfb00mxhraew6","time":1614256868,"event":{"mods":["100% Spire Juice","Abigail Mod","Act Like it!","BaseMod","CapriCore","Friendly Minions","GifTheSpireLib","Jedi Mod","KomeijiMod","Library of Ruina","MarisaÅiñ∂âJÅ@ñÇóùçπÅj","Minty Spire (QoL Compilation)","Prisma Mod","ReimuÅiîé??öÎÅj","RemiliaÅiÂQïƒ‰ª?Åj","SOSÅiézîb?îVéqÅj","StSLib","Td1madao Mod","The Alterego","The Immortal","The Problem Sleuth","Yakumo Yukari mod"],"gold_per_floor":[113,132,150,150,163,194,194,219,242,242,282,282,282,26,26,146,146,169,12,36,49,49,84,84,118,143,143,242,256,6,29,29,155,155,173,13,26,50,119,119,163,163,163,163,232,270,294,335,335,335,335,335,0,31,31],"floor_reached":56,"language":"ENG","playtime":4043,"items_purged":["LightAttack","LightAttack"],"score":1433,"play_id":"4566af20-157b-484a-b05f-9b5cae77e53b","local_time":"20210225214108","is_ascension_mode":false,"campfire_choices":[{"data":"CrackOfDawn","floor":7,"key":"SMITH"},{"data":"WillOfThePrescript","floor":10,"key":"SMITH"},{"data":"SuanNi","floor":15,"key":"SMITH"},{"data":"ForTheFamily","floor":24,"key":"SMITH"},{"data":"Commandeering","floor":32,"key":"SMITH"},{"floor":40,"key":"RECALL"},{"data":"BlazingStrike","floor":42,"key":"SMITH"},{"floor":49,"key":"DIG"},{"floor":52,"key":"DIG"}],"circlet_count":0,"master_deck":["Dodge","LightDefense","LightDefense","LightDefense","LightDefense","ChargeAndCover","FocusedStrikes","CrackOfDawn+1","WillBeTasty","Gamble","SuanNi+1","Outburst","WillOfThePrescript+1","NightInTheBackstreets","SilentNight","Commandeering+1","ForTheFamily+1","ScatteringSlash","Unlock1+1","BlazingStrike+1","AbsorbImpact","HardRehearsal","Tttonst+1","Eject","CleanUp","SunsetBlade+1","GuidanceOfTheGears+1","SharpSwipe+1","Execute_lor+1","Quickness+1","Quickness+1","BiAn+1","SturdyDefense+1","Apotheosis+1","Wallop_lor","ScatteringSlash+1"],"relics":["PageOfLibrarian","Golden Idol","PageOfTodaysShyLook","Blood Vial","Art of War","Dream Catcher","HornCleat","Philosopher\u0027s Stone","theSleuth:SaltedMelon","theSleuth:SaltedMelon","PageOfThreeBirds","ScarletDevilRocket","PageOfBloodbath","MutagenicStrength","Toxic Egg 2","Busted Crown","CatCart","Shuriken","theSleuth:Tectrixcalibur","Shovel","PageOfNothingThere","Mastiff:ReiMu","PageOfQueenBee","White Beast Statue","Strawberry"],"acts_visited":["Exordium","TheCity","TheBeyond","TheEnding"],"potions_floor_usage":[6,11,21,23,39,39,39,39,41,50,55],"damage_taken":[{"damage":0,"enemies":"Small Slimes","floor":1,"turns":5},{"damage":0,"enemies":"2 Louse","floor":2,"turns":4},{"damage":2,"enemies":"Jaw Worm","floor":3,"turns":2},{"damage":2,"enemies":"Red Slaver","floor":5,"turns":3},{"damage":8,"enemies":"Gremlin Nob","floor":6,"turns":3},{"damage":0,"enemies":"Gremlin Gang","floor":8,"turns":1},{"damage":0,"enemies":"Lagavulin","floor":11,"turns":3},{"damage":0,"enemies":"Hexaghost","floor":16,"turns":7},{"damage":2,"enemies":"Shell Parasite","floor":18,"turns":3},{"damage":0,"enemies":"2 Thieves","floor":20,"turns":3},{"damage":0,"enemies":"3 Cultists","floor":21,"turns":4},{"damage":26,"enemies":"Gremlin Leader","floor":23,"turns":6},{"damage":17,"enemies":"Slavers","floor":25,"turns":5},{"damage":7,"enemies":"Snake Plant","floor":29,"turns":3},{"damage":0,"enemies":"Snecko","floor":31,"turns":3},{"damage":10,"enemies":"Champ","floor":33,"turns":14},{"damage":0,"enemies":"Orb Walker","floor":35,"turns":3},{"damage":0,"enemies":"3 Darklings","floor":37,"turns":5},{"damage":22,"enemies":"Writhing Mass","floor":38,"turns":5},{"damage":22,"enemies":"Orin","floor":39,"turns":9},{"damage":29,"enemies":"Giant Head","floor":41,"turns":9},{"damage":7,"enemies":"2 Orb Walkers","floor":45,"turns":5},{"damage":6,"enemies":"Nemesis","floor":46,"turns":5},{"damage":1,"enemies":"Sphere and 2 Shapes","floor":47,"turns":4},{"damage":8,"enemies":"Reptomancer","floor":48,"turns":6},{"damage":8,"enemies":"Time Eater","floor":50,"turns":11},{"damage":17,"enemies":"Shield and Spear","floor":54,"turns":7},{"damage":8,"enemies":"The Heart","floor":55,"turns":5}],"seed_played":"2093999201670415161","potions_obtained":[{"floor":2,"key":"Fire Potion"},{"floor":3,"key":"DistilledChaos"},{"floor":6,"key":"Energy Potion"},{"floor":21,"key":"SpeedPotion"},{"floor":25,"key":"BlessingOfTheForge"},{"floor":29,"key":"Dexterity Potion"},{"floor":37,"key":"SpeedPotion"},{"floor":38,"key":"EntropicBrew"},{"floor":41,"key":"SkillPotion"},{"floor":47,"key":"ColorlessPotion"},{"floor":48,"key":"Block Potion"},{"floor":54,"key":"Fire Potion"}],"is_trial":false,"path_per_floor":["M","M","M","?","M","E","R","M","T","R","E","?","?","$","R","B",null,"M","$","M","M","?","E","R","E","T","?","?","M","$","M","R","B",null,"M","$","M","M","?","R","E","R","T","?","?","E","M","E","R","B",null,"R","$","E","B",null],"character_chosen":"Librarian","items_purchased":["HornCleat","ForTheFamily","Toxic Egg 2","CleanUp","Apotheosis+1","Wallop_lor"],"campfire_rested":0,"item_purchase_floors":[14,19,30,36,53,53],"current_hp_per_floor":[60,60,58,58,58,50,50,50,50,50,52,45,38,38,38,44,73,71,71,73,73,73,49,51,40,40,40,40,37,37,39,41,37,77,77,77,77,72,64,66,62,64,64,64,59,57,60,62,64,67,89,91,91,81,76],"gold":31,"neow_bonus":"TRANSFORM_CARD","is_daily":false,"chose_seed":false,"campfire_upgraded":6,"win_rate":0.0,"timestamp":1614256868,"path_taken":["M","M","M","?","M","E","R","M","T","R","E","?","?","$","R","BOSS","M","$","M","M","?","E","R","E","T","?","?","?","?","M","R","BOSS","M","$","?","M","?","R","E","R","T","?","?","E","M","E","R","BOSS","R","$","E","BOSS"],"items_purchased_type":["Relic","Card","Relic","Card","Card","Card"],"build_version":"2020-12-22","purchased_purges":2,"victory":true,"max_hp_per_floor":[81,68,70,65,73,73,73,73,73,73,73,73,73,73,73,73,73,73,73,73,73,73,73,75,75,75,75,75,75,75,75,77,77,77,77,77,77,77,77,79,85,87,87,87,87,87,87,87,89,89,89,91,91,98,98],"card_choices":[{"not_picked":["EnergyShield","GrazeTheGrass","LossOfSenses","UnavoidableGaze","Standoff","RapidGashes","Unlock1","GuidanceOfTheGears"],"picked":"CrackOfDawn","floor":1},{"not_picked":["ViolentFlame","Reload","MirageStorm","AsThePrescriptOrders","Quickness","SinglePointStab","DesperateStruggle","GaleKick"],"picked":"WillBeTasty","floor":2},{"not_picked":["GrazeTheGrass","Laceration","Rewind","BattleCommand","WrathOfTorment","Wallop_lor","YoureAHindrance","ExtremeEdge"],"picked":"Gamble","floor":3},{"not_picked":["Thrust","ExtractFuel","Creak","SnakesPrey","EnergyCycle","Multislash","QuickSuppression","NightInTheBackstreets"],"picked":"SuanNi","floor":5},{"not_picked":["GrazeTheGrass","ViolentFlame","StrongStrike","FlashOfSunup","Multislash","Eliminate","SerpentSwordTechnique","SkyClearingCut"],"picked":"Outburst","floor":6},{"not_picked":["BackAttack","ConcentratedFire","UpbeatPerformance","BackstreetsDash","Leap_lor","Fence","FleetEdge","TieShanKao"],"picked":"WillOfThePrescript","floor":8},{"not_picked":["HighKick","SunsetBlade","SparkingSpear","HiddenBlade","Observe","ViolentFlame","BladeWhirl","MindPrepared"],"picked":"NightInTheBackstreets","floor":11},{"not_picked":["Suppress","FlamingDragonFist"],"picked":"SilentNight","floor":16},{"not_picked":["PreemptiveStrike+1","ExtractFuel+1","RulesOfTheBackstreets","Eliminate","AsThePrescriptOrders","SerpentSwordTechnique+1","IronWall+1","FrontalAssault+1"],"picked":"Commandeering","floor":18},{"not_picked":["Diversion","RatsGuideToSurvival","Reload","UpbeatPerformance","FleetEdge","YoureAHindrance","Rewind","LossOfSenses+1"],"picked":"ScatteringSlash","floor":20},{"not_picked":["ForTheFamily","ExtractFuel","QuickSuppression+1","LeRegole","Eject","Pound","SparkingSpear","PreemptiveStrike+1","JiaoTu"],"picked":"SKIP","floor":21},{"not_picked":["UndertakePrescript","ViolentFlame","GreatSerpentsImpact","GroundSmash","SerpentSwordTechnique","RhinoRam","Collision","Rewind"],"picked":"Unlock1+1","floor":23},{"not_picked":["Outburst","GaleKick+1","NightInTheBackstreets","PinpointShot+1","Parry2+1","GoinFirst","HiddenBlade","StrikeDown"],"picked":"BlazingStrike","floor":25},{"not_picked":["Reload","Faith","StrikeDown","BattleCommand","MultiHit","GuidanceOfTheGears","SharpSwipe","RepressedFlesh"],"picked":"AbsorbImpact","floor":29},{"not_picked":["ViolentFlame","EndlessBattle","EnergyConversion","Riposte","GuardingStance+1","WillOfThePrescript+1","QuickAttack","BattleCommand+1"],"picked":"HardRehearsal","floor":31},{"not_picked":["TrashDisposal","SilentNight"],"picked":"Tttonst+1","floor":33},{"not_picked":["EnergyShield+1","ClassAndRespect+1","ViolentFlame+1","LawAndOrder","StructuralAnalysis+1","SerpentSwordTechnique+1"],"picked":"Eject","floor":35},{"not_picked":["BayonetCombat+1","FendThisOffIfYouCan","UnavoidableGaze+1","GreatSerpentsImpact+1","DevastatingThrash+1","StrongStrike"],"picked":"SunsetBlade+1","floor":37},{"not_picked":["Overcharge+1","Gamble","FeatherShield+1","MultiBlock+1","EndlessBattle","Parry+1"],"picked":"GuidanceOfTheGears+1","floor":38},{"not_picked":["PreemptiveStrike","SunsetBlade","EnergyStrike","FrontalAssault+1","SuppressingShot+1","QuickAttack"],"picked":"SharpSwipe+1","floor":39},{"not_picked":["AGoldenOpportunity+1","Mutilate+1","EnergyShield+1","TheRedNotes+1","FrontalAssault+1","Thrust+1"],"picked":"Execute_lor+1","floor":41},{"not_picked":["Wallop_lor+1","TendonChords+1","FleshFillet","FierceOnslaught+1","StrongStrike+1","SuppressingShot"],"picked":"Quickness+1","floor":45},{"not_picked":["Cruelty","FormingStorm","BiAn+1","Mutilate","ICanCookAnything","HighKick"],"picked":"Quickness+1","floor":46},{"not_picked":["Standoff","SnakesPrey+1","Struggle+1","UnavoidableGaze+1","Retaliate","HeavyPeaks"],"picked":"BiAn+1","floor":47},{"not_picked":["Overcharge+1","RapidGashes+1","EndlessBattle","DaringDecision","Reload+1","SerpentSwordTechnique+1"],"picked":"SturdyDefense+1","floor":48},{"not_picked":["SuppressingShot+1","Laceration+1","AutomatedMovement+1","PreemptiveStrike","FlyingSword","HighKick"],"picked":"ScatteringSlash+1","floor":54}],"player_experience":1263360,"relics_obtained":[{"floor":6,"key":"PageOfTodaysShyLook"},{"floor":9,"key":"Blood Vial"},{"floor":11,"key":"Art of War"},{"floor":23,"key":"PageOfThreeBirds"},{"floor":25,"key":"ScarletDevilRocket"},{"floor":26,"key":"PageOfBloodbath"},{"floor":39,"key":"CatCart"},{"floor":41,"key":"Shuriken"},{"floor":45,"key":"Shovel"},{"floor":46,"key":"PageOfNothingThere"},{"floor":48,"key":"Mastiff:ReiMu"},{"floor":49,"key":"PageOfQueenBee"},{"floor":52,"key":"White Beast Statue"},{"floor":54,"key":"Strawberry"}],"event_choices":[{"damage_healed":0,"gold_gain":0,"player_choice":"Lose Max HP","damage_taken":0,"relics_obtained":["Golden Idol"],"max_hp_gain":0,"max_hp_loss":5,"event_name":"Golden Idol","floor":4,"gold_loss":0},{"cards_removed":["UndertakePrescript"],"damage_healed":0,"gold_gain":0,"player_choice":"Card Removal","damage_taken":7,"max_hp_gain":0,"max_hp_loss":0,"event_name":"Golden Wing","floor":12,"gold_loss":0},{"damage_healed":0,"gold_gain":0,"player_choice":"Success","damage_taken":7,"relics_obtained":["Dream Catcher"],"max_hp_gain":0,"max_hp_loss":0,"event_name":"Scrap Ooze","floor":13,"gold_loss":0},{"damage_healed":0,"gold_gain":0,"player_choice":"Inject Mutagens","damage_taken":0,"relics_obtained":["MutagenicStrength"],"max_hp_gain":0,"max_hp_loss":0,"event_name":"Drug Dealer","floor":27,"gold_loss":0},{"damage_healed":0,"gold_gain":99,"player_choice":"Stole From Cult","damage_taken":0,"max_hp_gain":0,"max_hp_loss":0,"event_name":"Nest","floor":28,"gold_loss":0},{"damage_healed":0,"gold_gain":0,"player_choice":"Fight","damage_taken":0,"max_hp_gain":0,"max_hp_loss":0,"event_name":"OrinTheCat","floor":39,"gold_loss":0},{"damage_healed":0,"gold_gain":0,"player_choice":"Fight","damage_taken":0,"max_hp_gain":0,"max_hp_loss":0,"event_name":"Mysterious Sphere","floor":45,"gold_loss":0}],"is_beta":false,"boss_relics":[{"not_picked":["jedi:battlestandard","Snecko Eye"],"picked":"Philosopher\u0027s Stone"},{"not_picked":["SacredBark","Runic Pyramid"],"picked":"Busted Crown"}],"items_purged_floors":[19,53],"is_endless":false,"potions_floor_spawned":[2,3,6,21,25,29,37,38,41,47,48,54],"ascension_level":0}}