{"host":"iirf6tm60n5v4e3j","time":1614242686,"event":{"mods":["Act Like it!","BaseMod","Gensokyo","Marisa????????","Minty Spire (QoL Compilation)","StSLib","The Marked"],"gold_per_floor":[115,115,115,129,146,181,181,25,25,52,52,80,98,112,112,207,207,220,320,335,335,347,375,375,388,442,454,483,78,90,90,90,192,192,202,202,213,231,231,259,279,306,306,85,113,113,148,148,148,148,148,148,31,62,62],"floor_reached":56,"language":"ENG","playtime":4468,"items_purged":["Strike_MRS"],"score":1955,"play_id":"86edd56c-12cd-4439-97ea-1f9ecbb9ca33","local_time":"20210225004446","is_ascension_mode":true,"campfire_choices":[{"data":"Gensokyo:MarisaTwilightSpark","floor":7.0,"key":"SMITH"},{"data":"SprinkleStarSeal","floor":11.0,"key":"SMITH"},{"data":"OortCloud","floor":15.0,"key":"SMITH"},{"data":"Gensokyo:Doppelganger","floor":32.0,"key":"SMITH"},{"floor":46.0,"key":"RECALL"},{"floor":49,"key":"REST"},{"data":"CollectingQuirk","floor":52,"key":"SMITH"}],"circlet_count":0,"master_deck":["AscendersBane","Strike_MRS","Strike_MRS","Strike_MRS","Defend_MRS","Defend_MRS","Defend_MRS","Defend_MRS","MasterSpark","UpSweep","Gensokyo:MarisaTwilightSpark+1","PowerUp","SprinkleStarSeal+1","OneTimeOff","OortCloud+1","BinaryStars","GalacticHalo","FairyDestructionRay","PropBag","CasketOfStar","AlicesGift","Singularity+1","Gensokyo:MenInBlack","SporeBomb","Gensokyo:Doppelganger+1","MillisecondPulsars","PowerUp+1","CollectingQuirk+1","EarthLightRay+1","Gensokyo:DreamlikeParadise","PowerUp+1","PowerUp","PropBag","GravityBeat+1"],"relics":["MiniHakkero","NeowsBlessing","Gensokyo:Justice","Blue Candle","Lantern","Ornamental Fan","MealTicket","Mercury Hourglass","Ginger","Black Star","Torii","Unceasing Top","Blood Vial","Shuriken","HandmadeGrimoire","Meat on the Bone","Art of War","StoneCalendar","BreadOfAWashokuLover","SimpleLauncher","Sozu","Frozen Egg 2","Bronze Scales","Darkstone Periapt","CaptainsWheel","Oddly Smooth Stone","The Courier","Potion Belt","Du-Vu Doll","Centennial Puzzle","Calipers","Nunchaku","Boot","Anchor"],"acts_visited":["Exordium","Gensokyo:Gensokyo","Gensokyo:Gensokyoer","TheEnding"],"potions_floor_usage":[],"damage_taken":[{"damage":0.0,"enemies":"Gensokyo:Python","floor":1.0,"turns":1.0},{"damage":0.0,"enemies":"Gensokyo:3_Fairies","floor":4.0,"turns":1.0},{"damage":0.0,"enemies":"Gensokyo:Gryphon","floor":5.0,"turns":1.0},{"damage":0.0,"enemies":"Gensokyo:Mamizou","floor":6.0,"turns":6.0},{"damage":35.0,"enemies":"Gensokyo:Aya","floor":10.0,"turns":5.0},{"damage":0.0,"enemies":"Gensokyo:Cirno","floor":12.0,"turns":5.0},{"damage":0.0,"enemies":"Gensokyo:LivingMonolith","floor":13.0,"turns":2.0},{"damage":3.0,"enemies":"Gensokyo:Kitsune","floor":14.0,"turns":2.0},{"damage":7.0,"enemies":"Gensokyo:Kokoro","floor":16.0,"turns":12.0},{"damage":0.0,"enemies":"Gensokyo:2_Gloops","floor":18.0,"turns":4.0},{"damage":13.0,"enemies":"Gensokyo:2_Gloops","floor":19.0,"turns":13.0},{"damage":0.0,"enemies":"Gensokyo:Chomper","floor":20.0,"turns":6.0},{"damage":45.0,"enemies":"Gensokyo:Slime_Group","floor":22.0,"turns":6.0},{"damage":3.0,"enemies":"Gensokyo:Tenshi","floor":23.0,"turns":5.0},{"damage":0.0,"enemies":"Gensokyo:Monolith_and_Dog","floor":25.0,"turns":5.0},{"damage":11.0,"enemies":"Gensokyo:Chomper_and_Gloop","floor":27.0,"turns":4.0},{"damage":1.0,"enemies":"Gensokyo:Koishi","floor":28.0,"turns":4.0},{"damage":1.0,"enemies":"Gensokyo:Swordslinger","floor":30.0,"turns":5.0},{"damage":10.0,"enemies":"Gensokyo:Eternal_Rivals","floor":33.0,"turns":9.0},{"damage":0.0,"enemies":"Gensokyo:AncientGuardian","floor":35.0,"turns":2.0},{"damage":0.0,"enemies":"Gensokyo:3_Bats","floor":37.0,"turns":3.0},{"damage":37.0,"enemies":"Gensokyo:Rafflesia","floor":38.0,"turns":4.0},{"damage":30.0,"enemies":"Gensokyo:Rafflesia","floor":39.0,"turns":7.0},{"damage":9.0,"enemies":"Gensokyo:Kasen","floor":40.0,"turns":4.0},{"damage":16.0,"enemies":"Gensokyo:SeedOfUnknown","floor":41.0,"turns":5.0},{"damage":0.0,"enemies":"Gensokyo:Doremy","floor":42.0,"turns":4.0},{"damage":28.0,"enemies":"Gensokyo:Marisa","floor":45.0,"turns":3.0},{"damage":7.0,"enemies":"Gensokyo:Doremy","floor":47.0,"turns":4.0},{"damage":1,"enemies":"Gensokyo:Yuyuko","floor":50,"turns":5},{"damage":0,"enemies":"Shield and Spear","floor":54,"turns":2},{"damage":58,"enemies":"The Heart","floor":55,"turns":8}],"seed_played":"7459361042819639139","potions_obtained":[{"floor":1.0,"key":"SpeedPotion"},{"floor":5.0,"key":"Ancient Potion"},{"floor":10.0,"key":"SteroidPotion"},{"floor":14.0,"key":"SteroidPotion"},{"floor":18.0,"key":"BottledSpark"},{"floor":22.0,"key":"FearPotion"},{"floor":27.0,"key":"Weak Potion"},{"floor":28.0,"key":"DuplicationPotion"},{"floor":30.0,"key":"Energy Potion"},{"floor":33.0,"key":"EssenceOfSteel"}],"is_trial":false,"path_per_floor":["M","?","?","M","M","E","R","$","T","E","R","E","M","M","R","B",null,"M","?","M","?","M","E","T","M","T","M","E","COS","M","?","R","B",null,"M","?","M","M","?","E","M","E","T","$","E","R","E","?","R","B",null,"R","$","E","B",null],"character_chosen":"MARISA","items_purchased":["Lantern","Oddly Smooth Stone","Nunchaku"],"campfire_rested":1,"item_purchase_floors":[8,44,53],"current_hp_per_floor":[68,68,68,68,68,68,68,68,68,33,33,33,33,30,30,23,62,62,49,51,51,8,7,7,21,21,24,37,37,40,40,40,45,62,65,65,68,41,41,40,45,60,60,68,40,40,42,15,35,35,60,60,68,68,49],"gold":62,"neow_bonus":"THREE_ENEMY_KILL","is_daily":false,"chose_seed":false,"campfire_upgraded":5,"win_rate":0.0,"timestamp":1614242686,"path_taken":["M","?","?","?","M","E","R","$","T","E","R","E","M","M","R","BOSS","M","?","M","?","M","E","?","?","T","?","E","COS","M","?","R","BOSS","M","?","M","M","?","E","M","E","T","$","E","R","E","?","R","BOSS","R","$","E","BOSS"],"items_purchased_type":["Relic","Relic","Relic"],"build_version":"2020-12-22","purchased_purges":1,"victory":true,"max_hp_per_floor":[75,75,75,75,75,75,75,75,75,75,75,75,75,75,75,75,75,75,75,75,75,75,75,75,75,75,75,75,75,75,68,68,68,68,68,68,68,68,68,68,68,68,68,68,68,68,68,68,68,68,68,68,68,68,81],"card_choices":[{"not_picked":["MagicAbsorber","DragonMeteor"],"picked":"GalacticHalo","floor":1.0},{"not_picked":["EventHorizon","GrandCross"],"picked":"PowerUp","floor":4.0},{"not_picked":["ShootingEcho","DC"],"picked":"FairyDestructionRay","floor":5.0},{"not_picked":["MeteoricShower","DragonMeteor","EventHorizon"],"picked":"SKIP","floor":6.0},{"not_picked":["PulseMagic","DC"],"picked":"SprinkleStarSeal","floor":10.0},{"not_picked":["SuperPerseids","StarlightTyphoon"],"picked":"OneTimeOff","floor":12.0},{"not_picked":["ShootingEcho","DoubleSpark"],"picked":"OortCloud","floor":13.0},{"not_picked":["6A","LuminesStrike"],"picked":"TreasureHunter","floor":14.0},{"not_picked":["JA","BigCrunch"],"picked":"BinaryStars","floor":16.0},{"not_picked":["LuminesStrike+1","SuperPerseids+1"],"picked":"GalacticHalo","floor":18.0},{"not_picked":["GravityBeat","EventHorizon"],"picked":"FairyDestructionRay","floor":19.0},{"not_picked":["IllusionStar+1","NonDirectionalLaser"],"picked":"PropBag","floor":20.0},{"not_picked":["MagicAbsorber","6A+1"],"picked":"CasketOfStar","floor":22.0},{"not_picked":["OpenUniverse","DC","IllusionStar"],"picked":"SKIP","floor":23.0},{"not_picked":["OneTimeOff+1","StarlightTyphoon"],"picked":"AlicesGift","floor":25.0},{"not_picked":["WitchLeyline","DarkSpark+1","GalacticHalo"],"picked":"SKIP","floor":27.0},{"not_picked":["MilkyWay","GravityBeat"],"picked":"Singularity+1","floor":28.0},{"not_picked":["StarDustReverie","DarkMatter"],"picked":"SporeBomb","floor":30.0},{"not_picked":["Gensokyo:LochNessMonster","Gensokyo:TekeTeke"],"picked":"Gensokyo:Doppelganger","floor":31.0},{"not_picked":["ManaRampage","JA"],"picked":"MillisecondPulsars","floor":33.0},{"not_picked":["RefractionSpark+1","StarBarrage"],"picked":"PowerUp+1","floor":35.0},{"not_picked":["NonDirectionalLaser+1","IllusionStar+1"],"picked":"EarthLightRay+1","floor":37.0},{"not_picked":["LuminesStrike+1","Acceleration","Robbery+1"],"picked":"SKIP","floor":38.0},{"not_picked":["Gensokyo:UnlikelyAid","Gensokyo:MorningStar"],"picked":"Gensokyo:DreamlikeParadise","floor":39.0},{"not_picked":["OneTimeOff","WitchLeyline"],"picked":"PowerUp+1","floor":40.0},{"not_picked":["EnergyRecoil","WitchLeyline","ShootingEcho"],"picked":"SKIP","floor":41.0},{"not_picked":["ShootingEcho+1","TreasureHunter"],"picked":"PowerUp","floor":42.0},{"not_picked":["MysteriousBeam","DoubleSpark"],"picked":"PropBag","floor":45.0},{"not_picked":["DarkMatter+1","PowerUp+1"],"picked":"GravityBeat+1","floor":47},{"not_picked":["IllusionStar+1","SprinkleStarSeal+1","EventHorizon+1"],"picked":"SKIP","floor":54}],"player_experience":228196,"relics_obtained":[{"floor":6.0,"key":"Blue Candle"},{"floor":9.0,"key":"Ornamental Fan"},{"floor":10.0,"key":"MealTicket"},{"floor":12.0,"key":"Mercury Hourglass"},{"floor":16.0,"key":"Ginger"},{"floor":19.0,"key":"Torii"},{"floor":19.0,"key":"Unceasing Top"},{"floor":19.0,"key":"Blood Vial"},{"floor":23.0,"key":"Shuriken"},{"floor":23.0,"key":"HandmadeGrimoire"},{"floor":24.0,"key":"Meat on the Bone"},{"floor":26.0,"key":"Art of War"},{"floor":28.0,"key":"StoneCalendar"},{"floor":28.0,"key":"BreadOfAWashokuLover"},{"floor":40.0,"key":"Frozen Egg 2"},{"floor":40.0,"key":"Bronze Scales"},{"floor":42.0,"key":"Darkstone Periapt"},{"floor":42.0,"key":"CaptainsWheel"},{"floor":45.0,"key":"The Courier"},{"floor":45.0,"key":"Potion Belt"},{"floor":47,"key":"Du-Vu Doll"},{"floor":47,"key":"Centennial Puzzle"},{"floor":54,"key":"Boot"},{"floor":54,"key":"Anchor"}],"event_choices":[],"is_beta":false,"boss_relics":[{"not_picked":["Runic Pyramid","Ectoplasm"],"picked":"Black Star"},{"not_picked":["BewitchedHakkero","Astrolabe"],"picked":"Sozu"}],"items_purged_floors":[44],"is_endless":false,"potions_floor_spawned":[1,5,10,14,18,22,27,28,30,33,38,45,47],"ascension_level":10}}