{"host":"b5616rc011fmdz76","time":1614291007,"event":{"mods":["AchievementEnabler","BaseMod","Duelist Mod","GifTheSpireLib","Hermit","Infinite Spire","Minty Spire (QoL Compilation)","Replay The Spire","StSLib","The Cursed","The Necromancer","The Servant 0.9.4","???Mod??????Boss"],"gold_per_floor":[116,131,55,55,72,72,104,104,104,123,141,159,56,56,56,160,160,170,170,170,182,194,223,223,223,223,223,240,165,178,192,192,192,192],"floor_reached":33,"language":"PTB","playtime":2937,"items_purged":[],"score":269,"play_id":"315dfa0e-bead-4560-b6d1-5d7f4006a755","local_time":"20210225191007","is_ascension_mode":false,"campfire_choices":[{"data":"hermit:Quickdraw","floor":6.0,"key":"SMITH"},{"data":"hermit:Glare","floor":8.0,"key":"SMITH"},{"floor":15.0,"key":"REST"},{"floor":24.0,"key":"REST"},{"data":"infinitespire:Oblivion","floor":24.0,"key":"SMITH"},{"data":"hermit:FatalDesire","floor":27.0,"key":"SMITH"},{"floor":32,"key":"REST"},{"data":"RitualDagger","floor":32,"key":"SMITH"}],"circlet_count":0,"master_deck":["hermit:Strike_Hermit","hermit:Strike_Hermit+1","hermit:Strike_Hermit","hermit:Strike_Hermit","hermit:Defend_Hermit+1","hermit:Defend_Hermit","hermit:Defend_Hermit+1","hermit:Defend_Hermit","hermit:Snapshot","hermit:Covet","hermit:Glare+1","hermit:Showdown","hermit:Quickdraw+1","hermit:LowProfile","hermit:Snipe","hermit:Shortfuse","hermit:HighCaliber","hermit:Coalescence","hermit:Quickdraw","hermit:Cheat","hermit:HeroicBravado","hermit:TakeAim","infinitespire:Starlight","infinitespire:Oblivion+1","hermit:Deadeye","hermit:FatalDesire+1","hermit:Ricochet+1","RitualDagger+1","hermit:ItchyTrigger","hermit:CalledShot+1","hermit:Vantage"],"relics":["hermit:Momento","infinitespire:CheckeredPen","Centennial Puzzle","Ring of Chaos","infinitespire:Magic Flask","infinitespire:EmpoweringShard"],"acts_visited":["Exordium","TheCity"],"potions_floor_usage":[33],"damage_taken":[{"damage":8.0,"enemies":"Small Slimes","floor":1.0,"turns":3.0},{"damage":1.0,"enemies":"Cultist","floor":2.0,"turns":3.0},{"damage":0.0,"enemies":"Jaw Worm","floor":5.0,"turns":2.0},{"damage":8.0,"enemies":"Replay:BlueRogue","floor":7.0,"turns":6.0},{"damage":8.0,"enemies":"3 Louse","floor":10.0,"turns":3.0},{"damage":4.0,"enemies":"Red Slaver","floor":11.0,"turns":3.0},{"damage":0.0,"enemies":"Looter","floor":12.0,"turns":2.0},{"damage":60.0,"enemies":"Fading Forest","floor":16.0,"turns":11.0},{"damage":15.0,"enemies":"Shell Parasite","floor":18.0,"turns":5.0},{"damage":6.0,"enemies":"Chosen","floor":21.0,"turns":4.0},{"damage":11.0,"enemies":"Sentry and Sphere","floor":22.0,"turns":4.0},{"damage":17.0,"enemies":"Replay:Snechameleon","floor":23.0,"turns":5.0},{"damage":10.0,"enemies":"Snake Plant","floor":28.0,"turns":4.0},{"damage":24.0,"enemies":"3 Cultists","floor":30.0,"turns":5.0},{"damage":26,"enemies":"Cultist and Chosen","floor":31,"turns":6},{"damage":67,"enemies":"Pondfish","floor":33,"turns":8}],"seed_played":"8707168477861006646","potions_obtained":[{"floor":1.0,"key":"PowerPotion"},{"floor":2.0,"key":"Explosive Potion"},{"floor":4.0,"key":"Death Potion"},{"floor":4.0,"key":"Energy Potion"},{"floor":7.0,"key":"FearPotion"},{"floor":16.0,"key":"Fire Potion"},{"floor":22.0,"key":"LiquidMemories"},{"floor":23.0,"key":"SkillPotion"},{"floor":30.0,"key":"SmokeBomb"},{"floor":31,"key":"SteroidPotion"}],"is_trial":false,"path_per_floor":["M","M","$","?","M","R","E","R","T","M","M","M","$","?","R","B",null,"M","AVR","?","M","M","E","R","?","T","R","M","?","M","M","R","B"],"character_chosen":"HERMIT","items_purchased":["hermit:Quickdraw","hermit:LowProfile","hermit:Quickdraw","hermit:Cheat"],"campfire_rested":3,"item_purchase_floors":[3,3,13,13],"current_hp_per_floor":[67,66,66,66,66,66,58,58,58,50,46,46,46,31,53,3,75,60,60,60,64,63,56,75,69,69,69,59,59,45,29,51,0,0],"gold":192,"neow_bonus":"RANDOM_EVENT","is_daily":false,"chose_seed":false,"campfire_upgraded":5,"win_rate":0.0,"timestamp":1614291007,"path_taken":["M","M","$","?","M","R","E","R","T","M","M","?","$","?","R","BOSS","M","AVR","?","M","?","E","R","?","T","R","M","?","M","M","R","BOSS"],"items_purchased_type":["Card","Card","Card","Card"],"build_version":"2020-12-22","purchased_purges":0,"victory":false,"max_hp_per_floor":[75,75,75,75,75,75,75,75,75,75,75,75,75,75,75,75,75,75,75,75,75,75,75,75,75,75,75,75,75,75,75,75,75,75],"card_choices":[{"not_picked":["hermit:Misfire","hermit:PistolWhip"],"picked":"hermit:Glare","floor":1.0},{"not_picked":["hermit:ItchyTrigger","hermit:LowProfile"],"picked":"hermit:Showdown","floor":2.0},{"not_picked":["hermit:Horror","hermit:Coalescence"],"picked":"hermit:Snipe","floor":5.0},{"not_picked":["hermit:Quickdraw","hermit:ShadowCloak"],"picked":"hermit:Shortfuse","floor":7.0},{"not_picked":["hermit:SprayPray","hermit:HeroicBravado"],"picked":"hermit:HighCaliber","floor":10.0},{"not_picked":["hermit:Roulette","hermit:Ricochet"],"picked":"hermit:TakeCover","floor":11.0},{"not_picked":["hermit:SprayPray","hermit:Ricochet"],"picked":"hermit:Coalescence","floor":12.0},{"not_picked":["hermit:FinalCanter","hermit:Dissolve"],"picked":"hermit:HeroicBravado","floor":16.0},{"not_picked":["hermit:Vantage","hermit:HighCaliber"],"picked":"hermit:TakeAim","floor":18.0},{"not_picked":["hermit:HoleUp+1","hermit:Manifest+1"],"picked":"hermit:Deadeye","floor":21.0},{"not_picked":["hermit:LowProfile","hermit:Snipe"],"picked":"hermit:FatalDesire","floor":22.0},{"not_picked":["hermit:Spite","hermit:SprayPray+1"],"picked":"hermit:Ricochet+1","floor":23.0},{"not_picked":["hermit:Midnight+1","hermit:TakeCover"],"picked":"hermit:ItchyTrigger","floor":28.0},{"not_picked":["hermit:Vantage","hermit:Dive+1"],"picked":"hermit:CalledShot+1","floor":30.0},{"not_picked":["hermit:Roulette","hermit:Manifest+1"],"picked":"hermit:Vantage","floor":31}],"player_experience":166430,"relics_obtained":[{"floor":7.0,"key":"infinitespire:CheckeredPen"},{"floor":9.0,"key":"Centennial Puzzle"},{"floor":23.0,"key":"infinitespire:Magic Flask"},{"floor":26.0,"key":"infinitespire:EmpoweringShard"}],"event_choices":[{"damage_healed":0.0,"max_hp_gain":0.0,"max_hp_loss":0.0,"gold_gain":0.0,"event_name":"Lab","player_choice":"Got Potions","floor":4.0,"gold_loss":0.0,"damage_taken":0.0},{"damage_healed":0.0,"max_hp_gain":0.0,"max_hp_loss":0.0,"gold_gain":0.0,"event_name":"Shining Light","player_choice":"Entered Light","floor":14.0,"gold_loss":0.0,"damage_taken":15.0,"cards_upgraded":["hermit:Strike_Hermit","hermit:Defend_Hermit"]},{"damage_healed":0.0,"max_hp_gain":0.0,"max_hp_loss":0.0,"gold_gain":0.0,"event_name":"NoteForYourself","player_choice":"Ignored","floor":20.0,"gold_loss":0.0,"damage_taken":0.0},{"damage_healed":0.0,"max_hp_gain":0.0,"max_hp_loss":0.0,"gold_gain":0.0,"event_name":"Nest","player_choice":"Joined the Cult","floor":25.0,"gold_loss":0.0,"damage_taken":6.0,"cards_obtained":["RitualDagger"]},{"cards_removed":["hermit:TakeCover"],"damage_healed":0.0,"max_hp_gain":0.0,"max_hp_loss":0.0,"gold_gain":0.0,"event_name":"Beggar","player_choice":"Gave Gold","floor":29.0,"gold_loss":75.0,"damage_taken":0.0}],"is_beta":false,"boss_relics":[{"not_picked":["Replay:Bronze Core","Coffee Dripper"],"picked":"Ring of Chaos"}],"items_purged_floors":[],"is_endless":false,"potions_floor_spawned":[1,2,7,16,22,23,30,31],"killed_by":"Pondfish","ascension_level":0}}