{"host":"hbrjinenk1akq1dy","time":1614266233,"event":{"mods":["AchievementEnabler","BaseMod","Bestiary","Colored Map","Colored Powertips","Curses Come First","Highlight Path","Minty Spire (QoL Compilation)","Permanent Neow","Quick Restart","StSLib","SuperFastMode"],"gold_per_floor":[118,134,209,221,273,273,301,301,301,326,344,378,407,438,450,540,552,576,588,600,641,568,580,619,631,643,672,704,716,753,161,161,236,236,250,7,17,33,44,44,79,79,79,112,112,38,55,74,74,74],"floor_reached":51,"language":"ENG","playtime":1638,"items_purged":["Strike_R"],"score":1266,"play_id":"0112cb11-effa-4a58-827a-c02e8dc612cb","local_time":"20210225231713","is_ascension_mode":true,"campfire_choices":[{"data":"Bash","floor":6.0,"key":"SMITH"},{"data":"Flame Barrier","floor":8.0,"key":"SMITH"},{"data":"Immolate","floor":15.0,"key":"SMITH"},{"data":"Double Tap","floor":23.0,"key":"SMITH"},{"floor":32.0,"key":"REST"},{"data":"Battle Trance","floor":40.0,"key":"SMITH"},{"data":"True Grit","floor":42.0,"key":"SMITH"},{"data":"Flame Barrier","floor":45.0,"key":"SMITH"},{"data":"Clothesline","floor":49.0,"key":"SMITH"}],"circlet_count":0,"master_deck":["AscendersBane","Strike_R","Strike_R","Strike_R","Strike_R","Defend_R","Defend_R","Defend_R","Defend_R","Bash+1","Immolate+1","Sword Boomerang","Disarm","Clothesline+1","Flame Barrier+1","Double Tap+1","Ghostly Armor","Pummel","Feed","Battle Trance+1","True Grit+1","Pommel Strike+1","Impervious","Pommel Strike+1","Parasite","Pommel Strike+1","Shrug It Off+1","Flame Barrier+1"],"relics":["Burning Blood","Bronze Scales","Strawberry","Blood Vial","Akabeko","MawBank","SlaversCollar","Enchiridion","Red Mask","Molten Egg 2","Bag of Preparation","Gremlin Horn","Question Card","CultistMask","Regal Pillow","Eternal Feather","Meat on the Bone","Snecko Eye","Membership Card","Pen Nib","Nunchaku","Mummified Hand","PreservedInsect","Lantern"],"acts_visited":["Exordium","TheCity","TheBeyond"],"potions_floor_usage":[50,50],"damage_taken":[{"damage":7.0,"enemies":"Small Slimes","floor":1.0,"turns":3.0},{"damage":9.0,"enemies":"Jaw Worm","floor":2.0,"turns":3.0},{"damage":1.0,"enemies":"Cultist","floor":4.0,"turns":3.0},{"damage":10.0,"enemies":"3 Sentries","floor":7.0,"turns":5.0},{"damage":16.0,"enemies":"Gremlin Nob","floor":10.0,"turns":3.0},{"damage":0.0,"enemies":"2 Fungi Beasts","floor":11.0,"turns":2.0},{"damage":17.0,"enemies":"Lagavulin","floor":12.0,"turns":5.0},{"damage":8.0,"enemies":"Large Slime","floor":13.0,"turns":4.0},{"damage":11.0,"enemies":"Lots of Slimes","floor":14.0,"turns":3.0},{"damage":41.0,"enemies":"Hexaghost","floor":16.0,"turns":9.0},{"damage":11.0,"enemies":"Shell Parasite","floor":18.0,"turns":6.0},{"damage":0.0,"enemies":"Masked Bandits","floor":21.0,"turns":2.0},{"damage":24.0,"enemies":"Gremlin Leader","floor":24.0,"turns":6.0},{"damage":20.0,"enemies":"Spheric Guardian","floor":27.0,"turns":4.0},{"damage":9.0,"enemies":"Chosen and Byrds","floor":28.0,"turns":5.0},{"damage":13.0,"enemies":"Slavers","floor":30.0,"turns":3.0},{"damage":66.0,"enemies":"Automaton","floor":33.0,"turns":10.0},{"damage":0.0,"enemies":"3 Darklings","floor":35.0,"turns":3.0},{"damage":0.0,"enemies":"Orb Walker","floor":37.0,"turns":2.0},{"damage":16.0,"enemies":"Transient","floor":38.0,"turns":5.0},{"damage":22.0,"enemies":"Writhing Mass","floor":39.0,"turns":5.0},{"damage":28.0,"enemies":"Nemesis","floor":41.0,"turns":7.0},{"damage":57.0,"enemies":"Giant Head","floor":44.0,"turns":7.0},{"damage":0.0,"enemies":"3 Darklings","floor":47.0,"turns":2.0},{"damage":0.0,"enemies":"Spire Growth","floor":48.0,"turns":3.0},{"damage":43,"enemies":"Donu and Deca","floor":50,"turns":7}],"seed_played":"-6677878016222987016","potions_obtained":[{"floor":2.0,"key":"Block Potion"},{"floor":4.0,"key":"FearPotion"},{"floor":10.0,"key":"Fire Potion"},{"floor":12.0,"key":"Fire Potion"},{"floor":18.0,"key":"BlessingOfTheForge"},{"floor":28.0,"key":"Weak Potion"},{"floor":33.0,"key":"Energy Potion"},{"floor":37.0,"key":"SkillPotion"},{"floor":39.0,"key":"AttackPotion"},{"floor":44.0,"key":"Energy Potion"},{"floor":47.0,"key":"AttackPotion"}],"is_trial":false,"path_per_floor":["M","M","?","M","T","R","E","R","T","E","M","E","M","M","R","B",null,"M","?","?","?","?","R","E","T","T","M","M","?","E","$","R","B",null,"M","$","M","M","M","R","E","R","T","E","R","$","M","M","R","B",null],"character_chosen":"IRONCLAD","items_purchased":["Eternal Feather","Pommel Strike+1","Meat on the Bone","Membership Card","Pen Nib","BloodPotion","Lantern"],"campfire_rested":1,"item_purchase_floors":[31,31,31,36,36,36,46],"current_hp_per_floor":[67,64,53,58,58,58,61,61,61,53,61,52,52,49,49,16,60,57,57,41,49,49,49,33,33,33,24,27,27,22,22,73,27,68,79,79,85,75,61,76,56,71,71,51,66,66,74,85,88,51],"gold":74,"neow_bonus":"THREE_RARE_CARDS","is_daily":false,"chose_seed":false,"campfire_upgraded":8,"win_rate":0.0,"timestamp":1614266233,"path_taken":["M","M","?","M","?","R","E","R","T","E","M","E","M","?","R","BOSS","M","?","?","?","?","R","E","?","T","M","M","?","E","$","R","BOSS","M","?","M","?","M","R","E","R","T","E","R","?","M","M","R","BOSS"],"items_purchased_type":["Relic","Card","Relic","Relic","Relic","Potion","Relic"],"build_version":"2020-12-22","purchased_purges":1,"victory":true,"max_hp_per_floor":[68,68,68,68,68,68,75,75,75,75,75,75,75,75,75,75,75,75,75,75,75,75,75,75,75,75,78,82,82,82,82,82,82,82,85,85,85,85,85,85,85,85,85,85,85,85,85,88,88,88],"card_choices":[{"not_picked":["Brutality","Fiend Fire"],"picked":"Immolate","floor":0.0},{"not_picked":["Cleave","Dark Embrace"],"picked":"Sword Boomerang","floor":1.0},{"not_picked":["Whirlwind","True Grit"],"picked":"Disarm","floor":2.0},{"not_picked":["Sword Boomerang","Entrench"],"picked":"Clothesline","floor":4.0},{"not_picked":["Thunderclap","Pommel Strike"],"picked":"Flame Barrier","floor":7.0},{"not_picked":["Havoc","Body Slam","Dropkick"],"picked":"SKIP","floor":10.0},{"not_picked":["Cleave","Iron Wave"],"picked":"Double Tap","floor":11.0},{"not_picked":["Sword Boomerang","Dual Wield"],"picked":"Ghostly Armor","floor":12.0},{"not_picked":["Blood for Blood","Body Slam","Rampage"],"picked":"SKIP","floor":13.0},{"not_picked":["Armaments","Sword Boomerang"],"picked":"Pummel","floor":14.0},{"not_picked":["Exhume","Fiend Fire"],"picked":"Feed","floor":16.0},{"not_picked":["Cleave","Thunderclap","Clothesline"],"picked":"SKIP","floor":18.0},{"not_picked":["Spot Weakness","Feel No Pain"],"picked":"Battle Trance","floor":21.0},{"not_picked":["Armaments","Rampage+1","Wild Strike+1"],"picked":"SKIP","floor":24.0},{"not_picked":["Burning Pact","Body Slam+1","Fire Breathing","Armaments+1"],"picked":"SKIP","floor":27.0},{"not_picked":["Body Slam+1","Heavy Blade+1","Sword Boomerang+1"],"picked":"True Grit","floor":28.0},{"not_picked":["Headbutt+1","Feel No Pain","Cleave+1","Whirlwind+1"],"picked":"SKIP","floor":30.0},{"not_picked":["Feed+1","Double Tap","Corruption"],"picked":"Impervious","floor":33.0},{"not_picked":["Sword Boomerang+1","Infernal Blade","Wild Strike+1","Perfected Strike+1"],"picked":"SKIP","floor":35.0},{"not_picked":["Iron Wave+1","True Grit","Body Slam+1","Perfected Strike+1"],"picked":"SKIP","floor":37.0},{"not_picked":["Shockwave","Wild Strike+1","Twin Strike+1"],"picked":"Pommel Strike+1","floor":38.0},{"not_picked":["Ghostly Armor","Juggernaut","Bloodletting"],"picked":"Pommel Strike+1","floor":39.0},{"not_picked":["Pummel+1","Dark Embrace+1","Rampage+1"],"picked":"Shrug It Off+1","floor":41.0},{"not_picked":["Perfected Strike+1","Shrug It Off","Disarm+1"],"picked":"Flame Barrier","floor":44.0},{"not_picked":["Body Slam+1","Warcry","Hemokinesis+1","Dropkick+1"],"picked":"SKIP","floor":47.0},{"not_picked":["Cleave+1","Perfected Strike+1","Feel No Pain","Havoc+1"],"picked":"SKIP","floor":48.0}],"player_experience":286450,"relics_obtained":[{"floor":5.0,"key":"Bronze Scales"},{"floor":7.0,"key":"Strawberry"},{"floor":9.0,"key":"Blood Vial"},{"floor":10.0,"key":"Akabeko"},{"floor":12.0,"key":"MawBank"},{"floor":20.0,"key":"Enchiridion"},{"floor":21.0,"key":"Red Mask"},{"floor":24.0,"key":"Bag of Preparation"},{"floor":25.0,"key":"Gremlin Horn"},{"floor":26.0,"key":"Question Card"},{"floor":30.0,"key":"Regal Pillow"},{"floor":41.0,"key":"Nunchaku"},{"floor":43.0,"key":"Mummified Hand"},{"floor":44.0,"key":"PreservedInsect"}],"event_choices":[{"damage_healed":0.0,"max_hp_gain":0.0,"max_hp_loss":0.0,"gold_gain":75.0,"event_name":"World of Goop","player_choice":"Gather Gold","floor":3.0,"gold_loss":0.0,"damage_taken":11.0},{"damage_healed":0.0,"max_hp_gain":0.0,"max_hp_loss":0.0,"gold_gain":0.0,"event_name":"Ghosts","player_choice":"Ignored","floor":19.0,"gold_loss":0.0,"damage_taken":0.0},{"damage_healed":0.0,"max_hp_gain":0.0,"max_hp_loss":0.0,"gold_gain":0.0,"event_name":"Cursed Tome","player_choice":"Obtained Book","floor":20.0,"gold_loss":0.0,"damage_taken":16.0},{"damage_healed":0.0,"max_hp_gain":0.0,"max_hp_loss":0.0,"gold_gain":0.0,"event_name":"Masked Bandits","player_choice":"Fought Bandits","floor":21.0,"gold_loss":0.0,"damage_taken":0.0},{"damage_healed":0.0,"max_hp_gain":0.0,"max_hp_loss":0.0,"gold_gain":0.0,"event_name":"Addict","player_choice":"Obtained Relic","floor":22.0,"gold_loss":85.0,"damage_taken":0.0,"relics_obtained":["Molten Egg 2"]},{"damage_healed":0.0,"max_hp_gain":0.0,"max_hp_loss":0.0,"gold_gain":0.0,"event_name":"FaceTrader","player_choice":"Trade","floor":29.0,"gold_loss":0.0,"damage_taken":0.0,"relics_obtained":["CultistMask"]}],"is_beta":false,"boss_relics":[{"not_picked":["Astrolabe","Mark of Pain"],"picked":"SlaversCollar"},{"not_picked":["Calling Bell","Runic Dome"],"picked":"Snecko Eye"}],"items_purged_floors":[31],"is_endless":false,"potions_floor_spawned":[2,4,10,12,18,28,33,37,39,44,47,48],"ascension_level":14}}