{"host":"l4lyu1jo6nvtq6u8","time":1614227582,"event":{"mods":["Act Like it!","Aspiration","BaseMod","Better Sensory Stone","Better Third Choice","CapriCore","Conspire","Curses Come First","Energized Spire","FetchMod","Gensokyo","Halation","Hubris","Infinite Spire","Jedi Mod","Marisa????????","Minty Spire (QoL Compilation)","Pale of the Ancients","Poor People Problems","Quick Restart","Random Character Button","RatMod","Relic Sorter","Replay The Spire","StSLib","The Construct","The Immortal","The Poker Player","Trackpad","Yakumo Yukari mod","egg","slay the spire mod where everything is the same but ironclad has a cowboy hat"],"gold_per_floor":[114,214,74,92,111,146,156,156,156,156,168,168,43,61,61,156,156,176,276,294,305,325,325,340,340,340,340,240,240,115,115,115],"floor_reached":31,"language":"ENG","playtime":1235,"items_purged":["construct:Strike_Gold","construct:Strike_Gold","construct:Strike_Gold"],"score":237,"play_id":"9845c232-9ca7-4e17-b183-8bea239ffbaf","local_time":"20210224223302","is_ascension_mode":false,"campfire_choices":[{"data":"construct:FlameCore","floor":8.0,"key":"SMITH"},{"data":"construct:FlameCore+1","floor":12.0,"key":"SMITH"},{"data":"construct:Autoturret","floor":15.0,"key":"SMITH"},{"data":"construct:Autoturret+1","floor":23,"key":"SMITH"},{"data":"construct:PointDefense","floor":25,"key":"SMITH"},{"data":"construct:PointDefense+1","floor":29,"key":"SMITH"}],"circlet_count":0,"master_deck":["construct:Strike_Gold","construct:Strike_Gold","construct:Defend_Gold","construct:Defend_Gold","construct:Defend_Gold","construct:Defend_Gold","construct:Defend_Gold","construct:AttackMode","construct:DefenseMode","construct:FlameCore+2","construct:OneWayMirror","Pot Of Greed","Pot Of Greed","construct:Tumble","construct:Autoturret+2","construct:BatteryCore","construct:Reinforce","construct:Hazardproof+1","construct:PointDefense+2","construct:Synchronize"],"relics":["construct:ClockworkPhoenix","jedi:matchstick","NeowsBlessing","Calipers","Grinning Jar","Bird Faced Urn","Painkiller Herb","conspire:GlowingRock","conspire:BottledYoYo","hubris:Towel"],"acts_visited":["Gensokyo:Gensokyo","Gensokyo:Gensokyoer"],"potions_floor_usage":[22,24,24],"damage_taken":[{"damage":0.0,"enemies":"Gensokyo:Python","floor":1.0,"turns":1.0},{"damage":0.0,"enemies":"Gensokyo:Gryphon","floor":4.0,"turns":1.0},{"damage":0.0,"enemies":"Gensokyo:3_Fairies","floor":5.0,"turns":2.0},{"damage":56.0,"enemies":"Gensokyo:Cirno","floor":6.0,"turns":10.0},{"damage":0.0,"enemies":"Gensokyo:VengefulSpirit","floor":7.0,"turns":5.0},{"damage":7.0,"enemies":"Gensokyo:Python_and_Kodama","floor":11.0,"turns":4.0},{"damage":17.0,"enemies":"Gensokyo:LivingMonolith","floor":14.0,"turns":5.0},{"damage":11.0,"enemies":"Gensokyo:Yukari","floor":16.0,"turns":9.0},{"damage":0.0,"enemies":"Gensokyo:Chomper","floor":18.0,"turns":6.0},{"damage":9.0,"enemies":"Gensokyo:Chomper","floor":19.0,"turns":7.0},{"damage":8.0,"enemies":"Gensokyo:CosmicMonolith","floor":20.0,"turns":8.0},{"damage":53.0,"enemies":"Gensokyo:3_Gloops","floor":21.0,"turns":8.0},{"damage":10,"enemies":"Gensokyo:Swordslinger","floor":22,"turns":9},{"damage":6,"enemies":"Gensokyo:Wraith","floor":24,"turns":7},{"damage":15,"enemies":"Gensokyo:Mirror_and_Dog","floor":31,"turns":1}],"seed_played":"4665760528467540700","potions_obtained":[{"floor":4.0,"key":"Dexterity Potion"},{"floor":6.0,"key":"Elixir"},{"floor":7.0,"key":"Dexterity Potion"},{"floor":16.0,"key":"ColorlessPotion"},{"floor":19.0,"key":"SpeedPotion"}],"is_trial":false,"path_per_floor":["M","?","?","M","M","E","M","R","T","?","M","R","$","M","R","B",null,"?","?","?","?","?","T","?","T","T","?","T","T","T","?"],"character_chosen":"THE_CONSTRUCT_MOD","items_purchased":["construct:Autoturret"],"campfire_rested":0,"item_purchase_floors":[13],"current_hp_per_floor":[85,85,85,85,85,29,29,29,29,38,31,31,31,16,16,7,85,85,76,70,19,13,13,11,11,11,11,11,11,11,0,0],"gold":115,"neow_bonus":"THREE_ENEMY_KILL","is_daily":false,"chose_seed":false,"campfire_upgraded":6,"win_rate":0.0,"timestamp":1614227582,"path_taken":["M","?","?","?","?","E","M","R","T","?","M","R","$","M","R","BOSS","?","?","?","?","?","T","?","T","T","?","T","T","?","?"],"items_purchased_type":["Card"],"build_version":"2020-12-22","purchased_purges":3,"victory":false,"max_hp_per_floor":[85,85,85,85,85,85,85,85,85,85,85,85,85,85,85,85,85,85,85,85,85,85,85,85,85,85,85,85,85,85,85,85],"card_choices":[{"not_picked":["construct:ClusterMines","construct:ShiftGuard"],"picked":"construct:FlameCore","floor":1.0},{"not_picked":["construct:ChargeShot","construct:ReactiveShield"],"picked":"construct:OneWayMirror","floor":4.0},{"not_picked":["construct:SweepLaser","construct:Analyze","construct:Stasis"],"picked":"SKIP","floor":5.0},{"not_picked":["construct:Boost","construct:Stasis","construct:OmegaCannon"],"picked":"SKIP","floor":6.0},{"not_picked":["construct:ClusterMines","construct:ModeShift","construct:SyphonStrike"],"picked":"SKIP","floor":7.0},{"not_picked":["construct:Construct_Overclock","construct:FierceBash"],"picked":"construct:Tumble","floor":11.0},{"not_picked":["construct:Electrocute","construct:GoldenBullet","construct:SaveState"],"picked":"SKIP","floor":14.0},{"not_picked":["construct:Reserves","construct:Bunker"],"picked":"construct:BatteryCore","floor":16.0},{"not_picked":["construct:ShiftStrike","construct:ChargeShot"],"picked":"construct:Reinforce","floor":18.0},{"not_picked":["construct:Backfire","construct:Versatility+1"],"picked":"construct:Hazardproof+1","floor":19.0},{"not_picked":["construct:SaveState","construct:Impenetrable","construct:Accumulate+1"],"picked":"SKIP","floor":20.0},{"not_picked":["construct:ScrapCannon+1","construct:SpinDrive"],"picked":"construct:PointDefense","floor":21.0},{"not_picked":["construct:Backup","construct:Versatility+1","construct:ModeShift"],"picked":"SKIP","floor":22},{"not_picked":["construct:Versatility+1","construct:Analyze"],"picked":"construct:Synchronize","floor":24}],"player_experience":569200,"relics_obtained":[{"floor":6.0,"key":"Grinning Jar"},{"floor":9.0,"key":"Bird Faced Urn"},{"floor":19.0,"key":"jedi:matchstick"},{"floor":19.0,"key":"conspire:GlowingRock"},{"floor":26,"key":"conspire:BottledYoYo"}],"event_choices":[],"is_beta":false,"boss_relics":[{"not_picked":["energizedSpire:CursedPentagram","trackpad:Coffee"],"picked":"Painkiller Herb"}],"items_purged_floors":[13,28,30],"is_endless":false,"potions_floor_spawned":[4,6,7,14,16,19,21],"killed_by":"Gensokyo:Mirror_and_Dog","ascension_level":0}}