{"host":"wshey5htrz8rni6u","time":1614265568,"event":{"mods":["2.2 Compatiblity","BaseMod","Block Reminder","Colored Map","Colored Powertips","Current Relic Mod","Curses Come First","Dark Map","Key Reminder","Keyboard Shortcuts","Minty Spire (QoL Compilation)","Potion Indicator Mod","Quick Restart","Random Character Button","Relic Sorter","Relic Stats","StSLib","SuperFastMode","Unceasing Turn Reminder","UnlockEverythingMod","Weighted Paths"],"gold_per_floor":[114,114,114,94,114,158,158,26,26,67,85,104,4,18,18,108,108,131,181,181,181,14,50,50,88,88,88,107,107,107,123,123,218,218,231,231,249,249,29,60,85,85,85,85,104,104,104,142,142,142,142,142,30,65,65,65],"floor_reached":55,"language":"ENG","playtime":2766,"items_purged":["Strike_G","Strike_G","Defend_G"],"score":1448,"play_id":"fa0698d2-07f9-49fa-9008-5a49ec57b85e","local_time":"20210225070608","is_ascension_mode":true,"campfire_choices":[{"data":"Neutralize","floor":7.0,"key":"SMITH"},{"data":"Crippling Poison","floor":15.0,"key":"SMITH"},{"floor":24.0,"key":"REST"},{"floor":27.0,"key":"REST"},{"floor":30.0,"key":"REST"},{"floor":32.0,"key":"REST"},{"floor":42.0,"key":"REST"},{"floor":44.0,"key":"RECALL"},{"floor":49,"key":"REST"},{"data":"Burst","floor":52,"key":"SMITH"}],"circlet_count":0,"master_deck":["AscendersBane","Defend_G","Defend_G","Defend_G","Survivor","Neutralize+1","Heel Hook","Crippling Poison+1","Blade Dance","Poisoned Stab","Bane","Sucker Punch","Leg Sweep","Masterful Stab","Corpse Explosion","Deflect","Bane","Catalyst","Leg Sweep","Distraction","Well Laid Plans+1","Noxious Fumes+1","Cloak And Dagger","Unload","Wraith Form v2+1","Caltrops","Bouncing Flask+1","Noxious Fumes","Cloak And Dagger","Dash","Backflip","Blur","Footwork+1","Burst+1","Bouncing Flask","Accuracy","Leg Sweep","Dodge and Roll"],"relics":["Ring of the Snake","NeowsBlessing","Golden Idol","Pen Nib","Question Card","Oddly Smooth Stone","SlaversCollar","OrangePellets","Gremlin Horn","Bottled Flame","Dream Catcher","Sozu","Meat on the Bone","Sundial","Potion Belt","Ninja Scroll"],"acts_visited":["Exordium","TheCity","TheBeyond","TheEnding"],"potions_floor_usage":[],"damage_taken":[{"damage":0.0,"enemies":"2 Louse","floor":1.0,"turns":1.0},{"damage":0.0,"enemies":"Cultist","floor":5.0,"turns":1.0},{"damage":0.0,"enemies":"Gremlin Nob","floor":6.0,"turns":1.0},{"damage":10.0,"enemies":"3 Sentries","floor":10.0,"turns":8.0},{"damage":0.0,"enemies":"Small Slimes","floor":11.0,"turns":2.0},{"damage":0.0,"enemies":"Blue Slaver","floor":12.0,"turns":4.0},{"damage":0.0,"enemies":"Looter","floor":14.0,"turns":3.0},{"damage":30.0,"enemies":"The Guardian","floor":16.0,"turns":10.0},{"damage":0.0,"enemies":"Spheric Guardian","floor":18.0,"turns":3.0},{"damage":18.0,"enemies":"Book of Stabbing","floor":23.0,"turns":7.0},{"damage":25.0,"enemies":"Slavers","floor":25.0,"turns":4.0},{"damage":6.0,"enemies":"3 Byrds","floor":28.0,"turns":3.0},{"damage":18.0,"enemies":"Shelled Parasite and Fungi","floor":31.0,"turns":8.0},{"damage":36.0,"enemies":"Automaton","floor":33.0,"turns":9.0},{"damage":0.0,"enemies":"3 Shapes","floor":35.0,"turns":5.0},{"damage":3.0,"enemies":"Orb Walker","floor":37.0,"turns":5.0},{"damage":43.0,"enemies":"Nemesis","floor":40.0,"turns":7.0},{"damage":21.0,"enemies":"Sphere and 2 Shapes","floor":41.0,"turns":6.0},{"damage":0,"enemies":"4 Shapes","floor":45,"turns":4},{"damage":17,"enemies":"Giant Head","floor":48,"turns":8},{"damage":44,"enemies":"Time Eater","floor":50,"turns":12},{"damage":31,"enemies":"Shield and Spear","floor":54,"turns":8},{"damage":50,"enemies":"The Heart","floor":55,"turns":3}],"seed_played":"5184629710802382976","potions_obtained":[{"floor":4.0,"key":"SpeedPotion"},{"floor":5.0,"key":"PowerPotion"},{"floor":16.0,"key":"Swift Potion"},{"floor":25.0,"key":"GhostInAJar"}],"is_trial":false,"path_per_floor":["M","?","?","?","M","E","R","$","T","E","M","M","$","M","R","B",null,"M","?","?","?","$","E","R","E","T","R","M","$","R","M","R","B",null,"M","?","M","?","$","E","M","R","T","R","M","T","?","E","R","B",null,"R","$","E","B"],"character_chosen":"THE_SILENT","items_purchased":["Poisoned Stab","OrangePellets","Noxious Fumes","Cloak And Dagger","Accuracy","Leg Sweep"],"campfire_rested":6,"item_purchase_floors":[8,22,39,39,53,53],"current_hp_per_floor":[59,52,52,52,52,52,52,52,52,42,42,42,42,42,42,12,48,48,48,48,48,48,30,48,23,23,41,35,35,53,35,53,17,49,49,70,67,67,67,24,15,36,36,36,36,36,36,31,52,20,58,58,58,39,0,0],"gold":65,"neow_bonus":"THREE_ENEMY_KILL","is_daily":false,"chose_seed":false,"campfire_upgraded":3,"win_rate":0.0,"timestamp":1614265568,"path_taken":["M","?","?","?","M","E","R","$","T","E","M","M","$","M","R","BOSS","M","?","?","?","?","E","R","E","T","R","M","$","R","M","R","BOSS","M","?","?","?","?","E","?","R","T","R","M","?","?","E","R","BOSS","R","$","E","BOSS"],"items_purchased_type":["Card","Relic","Card","Card","Card","Card"],"build_version":"2020-12-13","purchased_purges":3,"victory":false,"max_hp_per_floor":[66,66,60,60,60,60,60,60,60,60,60,60,60,60,60,60,60,60,60,60,60,60,60,60,60,60,60,60,60,60,60,60,60,60,60,70,70,70,70,70,70,70,70,70,70,70,70,70,70,70,70,70,70,70,70,70],"relic_stats":{"Sozu":3,"OrangePellets":[10],"Dream Catcher":5,"Gremlin Horn":[10,10],"counters":[23,122],"Golden Idol":151,"Sundial":[2],"Pen Nib":[22],"Question Card":23,"obtain_stats":[{"Potion Belt":48,"NeowsBlessing":0,"Gremlin Horn":23,"Golden Idol":3,"Oddly Smooth Stone":10,"Pen Nib":6,"Question Card":9,"keyreminder:keyreminder":6,"Sozu":34,"SlaversCollar":17,"OrangePellets":22,"Bottled Flame":25,"Dream Catcher":26,"Sundial":46,"Ninja Scroll":54,"Ring of the Snake":0,"Meat on the Bone":40},{"Potion Belt":20,"NeowsBlessing":0,"Gremlin Horn":10,"Golden Idol":1,"Oddly Smooth Stone":4,"Pen Nib":3,"Question Card":3,"keyreminder:keyreminder":3,"Sozu":14,"SlaversCollar":8,"OrangePellets":9,"Bottled Flame":11,"Dream Catcher":11,"Sundial":19,"Ninja Scroll":22,"Ring of the Snake":0,"Meat on the Bone":17},{"Potion Belt":99,"NeowsBlessing":0,"Gremlin Horn":40,"Golden Idol":1,"Oddly Smooth Stone":11,"Pen Nib":3,"Question Card":3,"keyreminder:keyreminder":3,"Sozu":64,"SlaversCollar":30,"OrangePellets":33,"Bottled Flame":44,"Dream Catcher":44,"Sundial":91,"Ninja Scroll":119,"Ring of the Snake":0,"Meat on the Bone":81}],"Ring of the Snake":[46],"Meat on the Bone":48},"card_choices":[{"not_picked":["Dodge and Roll","Acrobatics"],"picked":"Heel Hook","floor":1.0},{"not_picked":["Choke","Concentrate"],"picked":"Crippling Poison","floor":5.0},{"not_picked":["Acrobatics","Quick Slash"],"picked":"Blade Dance","floor":6.0},{"not_picked":["Underhanded Strike","Acrobatics","Cloak And Dagger"],"picked":"Bane","floor":10.0},{"not_picked":["Setup","Acrobatics","Deflect"],"picked":"Sucker Punch","floor":11.0},{"not_picked":["Cloak And Dagger","Acrobatics","Slice"],"picked":"Leg Sweep","floor":12.0},{"not_picked":["Calculated Gamble","Underhanded Strike","Concentrate"],"picked":"Masterful Stab","floor":14.0},{"not_picked":["Unload","Adrenaline","Night Terror"],"picked":"Corpse Explosion","floor":16.0},{"not_picked":["Outmaneuver","Choke","Bouncing Flask+1"],"picked":"Deflect","floor":18.0},{"not_picked":["Distraction","Leg Sweep","Quick Slash"],"picked":"Catalyst","floor":23.0},{"not_picked":["Catalyst","Deadly Poison","Skewer"],"picked":"Leg Sweep","floor":25.0},{"not_picked":["Cloak And Dagger","Outmaneuver","Backflip"],"picked":"Distraction","floor":27.0},{"not_picked":["Blade Dance","Terror","Backstab"],"picked":"Well Laid Plans+1","floor":28.0},{"not_picked":["Blade Dance","Dagger Throw","Outmaneuver"],"picked":"Noxious Fumes+1","floor":30.0},{"not_picked":["Poisoned Stab","Blade Dance","Dagger Throw"],"picked":"Cloak And Dagger","floor":31.0},{"not_picked":["Flechettes","PiercingWail","Backflip"],"picked":"Unload","floor":32.0},{"not_picked":["A Thousand Cuts","Phantasmal Killer","Grand Finale"],"picked":"Wraith Form v2","floor":33.0},{"not_picked":["Setup","Sucker Punch+1","Cloak And Dagger+1"],"picked":"Caltrops","floor":35.0},{"not_picked":["Bane","Poisoned Stab","Skewer"],"picked":"Bouncing Flask+1","floor":37.0},{"not_picked":["Noxious Fumes+1","Dagger Spray","Deadly Poison"],"picked":"Dash","floor":40.0},{"not_picked":["Deadly Poison","Dagger Throw","Cloak And Dagger"],"picked":"Backflip","floor":41.0},{"not_picked":["Deadly Poison","Backflip","Dagger Spray"],"picked":"Blur","floor":42.0},{"not_picked":["Dash","Deflect","Outmaneuver"],"picked":"Footwork+1","floor":45},{"not_picked":["Acrobatics","Masterful Stab","Calculated Gamble"],"picked":"Burst","floor":48},{"not_picked":["Backflip","Poisoned Stab","Finisher"],"picked":"Bouncing Flask","floor":49},{"not_picked":["Flying Knee","Slice","Dagger Spray"],"picked":"Dodge and Roll","floor":54}],"player_experience":215903,"relics_obtained":[{"floor":6.0,"key":"Pen Nib"},{"floor":9.0,"key":"Question Card"},{"floor":10.0,"key":"Oddly Smooth Stone"},{"floor":23.0,"key":"Gremlin Horn"},{"floor":25.0,"key":"Bottled Flame"},{"floor":26.0,"key":"Dream Catcher"},{"floor":40.0,"key":"Meat on the Bone"},{"floor":46,"key":"Sundial"},{"floor":48,"key":"Potion Belt"},{"floor":54,"key":"Ninja Scroll"}],"event_choices":[{"cards_removed":["Strike_G"],"damage_healed":0.0,"max_hp_gain":0.0,"max_hp_loss":0.0,"gold_gain":0.0,"event_name":"Golden Wing","player_choice":"Card Removal","floor":2.0,"gold_loss":0.0,"damage_taken":7.0},{"damage_healed":0.0,"max_hp_gain":0.0,"max_hp_loss":6.0,"gold_gain":0.0,"event_name":"Golden Idol","player_choice":"Lose Max HP","floor":3.0,"gold_loss":0.0,"damage_taken":0.0,"relics_obtained":["Golden Idol"]},{"damage_healed":0.0,"max_hp_gain":0.0,"max_hp_loss":0.0,"gold_gain":0.0,"event_name":"The Woman in Blue","player_choice":"Bought 1 Potion","floor":4.0,"gold_loss":0.0,"damage_taken":0.0},{"damage_healed":0.0,"max_hp_gain":0.0,"max_hp_loss":0.0,"gold_gain":50.0,"event_name":"Nest","player_choice":"Stole From Cult","floor":19.0,"gold_loss":0.0,"damage_taken":0.0},{"damage_healed":0.0,"max_hp_gain":0.0,"max_hp_loss":0.0,"gold_gain":0.0,"cards_transformed":["Strike_G","Strike_G"],"event_name":"Drug Dealer","player_choice":"Became Test Subject","floor":20.0,"gold_loss":0.0,"damage_taken":0.0,"cards_obtained":["Bane","Grand Finale"]},{"damage_healed":0.0,"max_hp_gain":0.0,"max_hp_loss":0.0,"gold_gain":0.0,"event_name":"Vampires","player_choice":"Ignored","floor":21.0,"gold_loss":0.0,"damage_taken":0.0},{"cards_removed":["Grand Finale"],"damage_healed":11.0,"max_hp_gain":10.0,"max_hp_loss":0.0,"gold_gain":0.0,"event_name":"Bonfire Elementals","player_choice":"Offered Rare","floor":36.0,"gold_loss":0.0,"damage_taken":0.0},{"damage_healed":0.0,"max_hp_gain":0.0,"max_hp_loss":0.0,"gold_gain":0.0,"event_name":"Upgrade Shrine","player_choice":"Upgraded","floor":38.0,"gold_loss":0.0,"damage_taken":0.0,"cards_upgraded":["Wraith Form v2"]},{"cards_removed":["Defend_G"],"damage_healed":0,"gold_gain":0,"player_choice":"Purged","damage_taken":0,"max_hp_gain":0,"max_hp_loss":0,"event_name":"Purifier","floor":47,"gold_loss":0}],"is_beta":false,"boss_relics":[{"not_picked":["Tiny House","Coffee Dripper"],"picked":"SlaversCollar"},{"not_picked":["HoveringKite","Cursed Key"],"picked":"Sozu"}],"items_purged_floors":[8,13,39],"is_endless":false,"potions_floor_spawned":[5,6,16,25,37,40,41],"killed_by":"The Heart","ascension_level":17}}