{"host":"ocllwaoi18j60ltd","time":1614251418,"event":{"mods":["BaseMod","DeckTracker","Minty Spire (QoL Compilation)","Permanent Neow","Quick Restart","StSLib","SuperFastMode"],"gold_per_floor":[111,111,111,122,122,122,154,173,199,36,47,47,81,94,94,166,166,184,132,82,96,114,114,129,129,184,223,235,264,276,305,317,405,417,441,473,500,512,524,524],"floor_reached":39,"language":"KOR","playtime":1567,"items_purged":["Defend_B","Meteor Strike+1"],"score":976,"play_id":"ec8b78a6-a80c-4a51-ba3e-6c61839be7e1","local_time":"20210225201018","is_ascension_mode":true,"campfire_choices":[{"data":"Consume","floor":6.0,"key":"SMITH"},{"floor":12.0,"key":"REST"},{"data":"Rainbow","floor":15.0,"key":"SMITH"},{"data":"Creative AI","floor":23.0,"key":"SMITH"},{"data":"Turbo","floor":25.0,"key":"SMITH"},{"floor":28.0,"key":"REST"},{"data":"Hologram","floor":30.0,"key":"SMITH"},{"data":"Coolheaded","floor":32.0,"key":"SMITH"}],"circlet_count":0,"master_deck":["AscendersBane","Defend_B+1","Defend_B","Zap+1","Dualcast","Consume+1","Ball Lightning","Rainbow+1","Turbo+1","Glacier","Coolheaded+1","Undo","Creative AI+1","Skim+1","Turbo+1","Heatsinks","Conserve Battery","Redo+1","Hologram+1","Biased Cognition","Panacea"],"relics":["Cracked Core","NeowsBlessing","Regal Pillow","DataDisk","Bottled Lightning","Astrolabe","Smiling Mask","MawBank","Question Card","Philosopher\u0027s Stone"],"acts_visited":["Exordium","TheCity","TheBeyond"],"potions_floor_usage":[37,39],"damage_taken":[{"damage":0.0,"enemies":"Jaw Worm","floor":1.0,"turns":1.0},{"damage":0.0,"enemies":"2 Louse","floor":4.0,"turns":1.0},{"damage":0.0,"enemies":"Lagavulin","floor":7.0,"turns":1.0},{"damage":4.0,"enemies":"Small Slimes","floor":8.0,"turns":3.0},{"damage":4.0,"enemies":"Exordium Thugs","floor":11.0,"turns":4.0},{"damage":3.0,"enemies":"3 Sentries","floor":13.0,"turns":10.0},{"damage":4.0,"enemies":"Lots of Slimes","floor":14.0,"turns":5.0},{"damage":0.0,"enemies":"Slime Boss","floor":16.0,"turns":10.0},{"damage":0.0,"enemies":"Spheric Guardian","floor":18.0,"turns":5.0},{"damage":21.0,"enemies":"Shell Parasite","floor":21.0,"turns":7.0},{"damage":1.0,"enemies":"Snecko","floor":22.0,"turns":5.0},{"damage":0.0,"enemies":"Centurion and Healer","floor":24.0,"turns":9.0},{"damage":22.0,"enemies":"Gremlin Leader","floor":27.0,"turns":9.0},{"damage":5.0,"enemies":"Snake Plant","floor":29.0,"turns":3.0},{"damage":8.0,"enemies":"Snecko","floor":31.0,"turns":5.0},{"damage":1.0,"enemies":"Champ","floor":33.0,"turns":12.0},{"damage":10.0,"enemies":"3 Shapes","floor":35.0,"turns":3.0},{"damage":36,"enemies":"3 Darklings","floor":36,"turns":6},{"damage":12,"enemies":"Writhing Mass","floor":37,"turns":5},{"damage":12,"enemies":"4 Shapes","floor":39,"turns":1}],"seed_played":"-6389287467505879457","potions_obtained":[{"floor":1.0,"key":"BlessingOfTheForge"},{"floor":7.0,"key":"Strength Potion"},{"floor":13.0,"key":"PotionOfCapacity"},{"floor":16.0,"key":"ColorlessPotion"},{"floor":18.0,"key":"FocusPotion"},{"floor":24.0,"key":"Ancient Potion"},{"floor":31.0,"key":"ColorlessPotion"},{"floor":37,"key":"Regen Potion"}],"is_trial":false,"path_per_floor":["M","?","?","M","?","R","E","M","T","$","M","R","E","M","R","B",null,"M","?","$","M","M","R","M","R","T","E","R","M","R","M","R","B",null,"M","M","M","?","M"],"character_chosen":"DEFECT","items_purchased":["Glacier"],"campfire_rested":2,"item_purchase_floors":[10],"current_hp_per_floor":[64,57,36,36,36,36,36,32,32,32,28,64,61,57,57,57,68,68,68,68,47,46,46,46,46,46,24,60,55,55,47,47,46,65,55,19,7,7,0,0],"gold":524,"neow_bonus":"THREE_ENEMY_KILL","is_daily":false,"chose_seed":false,"campfire_upgraded":6,"win_rate":0.0,"timestamp":1614251418,"path_taken":["M","?","?","M","?","R","E","M","T","$","M","R","E","M","R","BOSS","M","?","$","?","M","R","M","R","T","E","R","M","R","M","R","BOSS","M","M","M","?","M"],"items_purchased_type":["Card"],"build_version":"2020-12-22","purchased_purges":2,"victory":false,"max_hp_per_floor":[71,71,71,71,71,71,71,71,71,71,71,71,71,71,71,71,71,71,71,71,71,71,71,71,71,71,71,71,71,71,71,71,71,71,71,71,71,71,71,71],"card_choices":[{"not_picked":["BootSequence","Rebound"],"picked":"Consume","floor":1.0},{"not_picked":["Steam Power","Go for the Eyes"],"picked":"Ball Lightning","floor":4.0},{"not_picked":["Streamline","Barrage"],"picked":"Rainbow","floor":7.0},{"not_picked":["Redo","Compile Driver"],"picked":"Turbo","floor":8.0},{"not_picked":["Conserve Battery","Glacier"],"picked":"Coolheaded","floor":11.0},{"not_picked":["Hyperbeam","Chill"],"picked":"Undo","floor":13.0},{"not_picked":["Turbo","Darkness","Steam"],"picked":"SKIP","floor":14.0},{"not_picked":["Thunder Strike","Meteor Strike"],"picked":"Creative AI","floor":16.0},{"not_picked":["Loop","Redo"],"picked":"Heatsinks","floor":18.0},{"not_picked":["Consume","Genetic Algorithm+1"],"picked":"Conserve Battery","floor":21.0},{"not_picked":["Leap","Cold Snap"],"picked":"Redo+1","floor":22.0},{"not_picked":["Rebound","Chill"],"picked":"Hologram","floor":24.0},{"not_picked":["Hologram","BootSequence","Ball Lightning+1"],"picked":"SKIP","floor":27.0},{"not_picked":["Lockon","Steam Power","Fission","Chill"],"picked":"SKIP","floor":29.0},{"not_picked":["Consume","Barrage","Beam Cell","Leap"],"picked":"SKIP","floor":31.0},{"not_picked":["Meteor Strike","Rainbow","Thunder Strike"],"picked":"Biased Cognition","floor":33.0},{"not_picked":["Rebound","Turbo","Defragment","Gash+1"],"picked":"SKIP","floor":35.0},{"not_picked":["Gash","Hello World","Streamline","Ball Lightning+1"],"picked":"SKIP","floor":36},{"not_picked":["FTL","Defragment","Hologram","Consume"],"picked":"SKIP","floor":37},{"not_picked":["Enlightenment","Jack Of All Trades","Metamorphosis"],"picked":"Panacea","floor":38}],"player_experience":587809,"relics_obtained":[{"floor":7.0,"key":"Regal Pillow"},{"floor":9.0,"key":"DataDisk"},{"floor":13.0,"key":"Bottled Lightning"},{"floor":26.0,"key":"MawBank"},{"floor":27.0,"key":"Question Card"}],"event_choices":[{"cards_removed":["Strike_B"],"damage_healed":0.0,"max_hp_gain":0.0,"max_hp_loss":0.0,"gold_gain":0.0,"event_name":"Golden Wing","player_choice":"Card Removal","floor":2.0,"gold_loss":0.0,"damage_taken":7.0},{"damage_healed":0.0,"max_hp_gain":0.0,"max_hp_loss":0.0,"gold_gain":0.0,"event_name":"Shining Light","player_choice":"Entered Light","floor":3.0,"gold_loss":0.0,"damage_taken":21.0,"cards_upgraded":["Zap","Defend_B"]},{"cards_removed":["Strike_B"],"damage_healed":0.0,"max_hp_gain":0.0,"max_hp_loss":0.0,"gold_gain":0.0,"event_name":"Bonfire Elementals","player_choice":"Offered Basic","floor":5.0,"gold_loss":0.0,"damage_taken":0.0},{"damage_healed":0.0,"max_hp_gain":0.0,"max_hp_loss":0.0,"gold_gain":0.0,"event_name":"WeMeetAgain","player_choice":"Paid Gold","floor":19.0,"gold_loss":52.0,"damage_taken":0.0,"relics_obtained":["Smiling Mask"]},{"damage_healed":0,"gold_gain":0,"player_choice":"Memory 1","damage_taken":0,"max_hp_gain":0,"max_hp_loss":0,"event_name":"SensoryStone","floor":38,"gold_loss":0}],"is_beta":false,"boss_relics":[{"not_picked":["Busted Crown","Empty Cage"],"picked":"Astrolabe"},{"not_picked":["Nuclear Battery","Black Star"],"picked":"Philosopher\u0027s Stone"}],"items_purged_floors":[10,20],"is_endless":false,"potions_floor_spawned":[1,7,13,16,18,22,24,31,37],"killed_by":"4 Shapes","ascension_level":20}}