{"host":"d52brwsy6af8zvaq","time":1614270396,"event":{"mods":["AchievementEnabler","BaseMod","Bestiary","Highlight Path","Minty Spire (QoL Compilation)","Quick Restart","Relic Stats","ojb\u0027s Better Paths Mod"],"gold_per_floor":[114,132,146,146,146,194,226,226,226,249,249,264,264,264],"floor_reached":13,"language":"ENG","playtime":316,"items_purged":[],"score":174,"play_id":"db50e8af-11e4-4d70-99f4-b14c27888dd7","local_time":"20210225092636","is_ascension_mode":true,"campfire_choices":[{"data":"Streamline","floor":8,"key":"SMITH"},{"floor":11,"key":"REST"}],"circlet_count":0,"master_deck":["AscendersBane","Strike_B","Strike_B","Strike_B","Strike_B","Defend_B","Defend_B","Defend_B","Defend_B","Zap","Dualcast","Capacitor","Streamline+1","BootSequence","Melter","Ball Lightning","Lockon"],"relics":["Cracked Core","CeramicFish","Golden Idol","White Beast Statue"],"acts_visited":["Exordium"],"potions_floor_usage":[12,13],"damage_taken":[{"damage":0.0,"enemies":"2 Louse","floor":1.0,"turns":2.0},{"damage":14.0,"enemies":"Jaw Worm","floor":2.0,"turns":4.0},{"damage":7.0,"enemies":"Small Slimes","floor":3.0,"turns":3.0},{"damage":36.0,"enemies":"Gremlin Nob","floor":6.0,"turns":4.0},{"damage":16.0,"enemies":"Gremlin Gang","floor":7.0,"turns":5.0},{"damage":17,"enemies":"Lots of Slimes","floor":10,"turns":4},{"damage":2,"enemies":"Exordium Wildlife","floor":12,"turns":4},{"damage":0,"enemies":"3 Sentries","floor":13,"turns":2}],"seed_played":"-5917813830477117841","potions_obtained":[{"floor":3.0,"key":"FairyPotion"},{"floor":6.0,"key":"EssenceOfSteel"},{"floor":7,"key":"FocusPotion"},{"floor":10,"key":"Ancient Potion"},{"floor":12,"key":"SneckoOil"}],"is_trial":false,"path_per_floor":["M","M","M","?","?","E","M","R","T","M","R","M","E"],"character_chosen":"DEFECT","items_purchased":[],"campfire_rested":1,"item_purchase_floors":[],"current_hp_per_floor":[71,57,50,45,45,9,18,18,18,1,22,20,20,20],"gold":264,"neow_bonus":"TEN_PERCENT_HP_BONUS","is_daily":false,"chose_seed":false,"campfire_upgraded":1,"win_rate":0.0,"timestamp":1614270396,"path_taken":["M","M","M","?","?","E","M","R","T","M","R","M","E"],"items_purchased_type":[],"build_version":"2020-12-22","purchased_purges":0,"victory":false,"max_hp_per_floor":[78,78,78,78,71,71,71,71,71,71,71,71,71,71],"relic_stats":{"counters":[8,28],"Golden Idol":24,"CeramicFish":27,"obtain_stats":[{"Golden Idol":5,"CeramicFish":4,"Cracked Core":0,"White Beast Statue":6},{"Golden Idol":3,"CeramicFish":3,"Cracked Core":0,"White Beast Statue":4},{"Golden Idol":9,"CeramicFish":9,"Cracked Core":0,"White Beast Statue":13}]},"card_choices":[{"not_picked":["Beam Cell","Conserve Battery"],"picked":"Capacitor","floor":1.0},{"not_picked":["Redo","Leap"],"picked":"Streamline","floor":2.0},{"not_picked":["Turbo","Steam"],"picked":"BootSequence","floor":3.0},{"not_picked":["Force Field","Conserve Battery"],"picked":"Melter","floor":6.0},{"not_picked":["Reinforced Body","Sweeping Beam"],"picked":"Ball Lightning","floor":7},{"not_picked":["Steam","Hologram"],"picked":"Lockon","floor":10},{"not_picked":["Reprogram","Rebound","Redo"],"picked":"SKIP","floor":12}],"player_experience":2367488,"relics_obtained":[{"floor":6.0,"key":"White Beast Statue"}],"event_choices":[{"damage_healed":0.0,"max_hp_gain":0.0,"max_hp_loss":0.0,"gold_gain":0.0,"event_name":"Scrap Ooze","player_choice":"Success","floor":4.0,"gold_loss":0.0,"damage_taken":5.0,"relics_obtained":["CeramicFish"]},{"damage_healed":0.0,"max_hp_gain":0.0,"max_hp_loss":7.0,"gold_gain":0.0,"event_name":"Golden Idol","player_choice":"Lose Max HP","floor":5.0,"gold_loss":0.0,"damage_taken":0.0,"relics_obtained":["Golden Idol"]}],"is_beta":false,"boss_relics":[],"items_purged_floors":[],"is_endless":false,"potions_floor_spawned":[3,6,7,10,12],"killed_by":"3 Sentries","ascension_level":20}}