{"host":"yp3213dt42p7qr93","time":1614274196,"event":{"mods":["AchievementEnabler","BaseMod","Minty Spire (QoL Compilation)","Relic Stats"],"gold_per_floor":[111,111,135,135,151,190,190,190,190,190,223,223,257,282,282,402,402,422,337,337,262,282,317,317,340,340,373,373,413,426,465,465,584,584,598,676,696,98,112,112,153,216,266,266,281,614,614,614,614,614,614,614,64,98,98],"floor_reached":56,"language":"ENG","playtime":4385,"items_purged":["Strike_B","Parasite","Strike_B"],"score":1984,"play_id":"a8c18741-0856-42bf-bb6b-d254c13c58ab","local_time":"20210225122956","is_ascension_mode":true,"campfire_choices":[{"data":"Streamline","floor":7.0,"key":"SMITH"},{"floor":10.0,"key":"REST"},{"floor":15.0,"key":"REST"},{"data":"Biased Cognition","floor":24.0,"key":"SMITH"},{"data":"Sunder","floor":32.0,"key":"SMITH"},{"data":"Machine Learning","floor":40.0,"key":"SMITH"},{"floor":44,"key":"RECALL"},{"data":"Reinforced Body","floor":49,"key":"SMITH"},{"data":"Glacier","floor":52,"key":"SMITH"}],"circlet_count":0,"master_deck":["Strike_B","Strike_B","Defend_B","Defend_B","Defend_B","Defend_B","Zap","Dualcast","Ball Lightning+1","Capacitor+1","Glacier+1","Streamline+1","Reinforced Body+1","Biased Cognition+1","Core Surge","Sweeping Beam+1","Sunder+1","Chill","Undo+1","Chaos+1","Electrodynamics","Hologram+1","Doom and Gloom+1","Darkness+1","Machine Learning+1","All For One","Capacitor+1","Recycle+1","Meteor Strike","Static Discharge"],"relics":["Cracked Core","Du-Vu Doll","FossilizedHelix","Orichalcum","Pear","Mummified Hand","Toy Ornithopter","Anchor","Snecko Eye","Tiny Chest","Lantern","Toxic Egg 2","Dream Catcher","Art of War","Vajra","Cursed Key","Symbiotic Virus","ClockworkSouvenir","Omamori","Juzu Bracelet","TungstenRod","Bronze Scales","Strawberry","Happy Flower"],"acts_visited":["Exordium","TheCity","TheBeyond","TheEnding"],"potions_floor_usage":[50,54,55,55,55],"damage_taken":[{"damage":7.0,"enemies":"Jaw Worm","floor":1.0,"turns":3.0},{"damage":0.0,"enemies":"2 Louse","floor":3.0,"turns":1.0},{"damage":0.0,"enemies":"Small Slimes","floor":5.0,"turns":3.0},{"damage":16.0,"enemies":"3 Sentries","floor":6.0,"turns":6.0},{"damage":16.0,"enemies":"Gremlin Nob","floor":11.0,"turns":4.0},{"damage":0.0,"enemies":"Lagavulin","floor":13.0,"turns":6.0},{"damage":0.0,"enemies":"Slime Boss","floor":16.0,"turns":8.0},{"damage":0.0,"enemies":"Spheric Guardian","floor":18.0,"turns":3.0},{"damage":0.0,"enemies":"Shell Parasite","floor":22.0,"turns":5.0},{"damage":0.0,"enemies":"Slavers","floor":23.0,"turns":3.0},{"damage":0.0,"enemies":"Cultist and Chosen","floor":25.0,"turns":4.0},{"damage":0.0,"enemies":"Gremlin Leader","floor":27.0,"turns":7.0},{"damage":0.0,"enemies":"Book of Stabbing","floor":29.0,"turns":4.0},{"damage":0.0,"enemies":"3 Cultists","floor":30.0,"turns":3.0},{"damage":0.0,"enemies":"Gremlin Leader","floor":31.0,"turns":6.0},{"damage":3.0,"enemies":"Collector","floor":33.0,"turns":9.0},{"damage":0.0,"enemies":"3 Darklings","floor":35.0,"turns":2.0},{"damage":0.0,"enemies":"Orb Walker","floor":37.0,"turns":3.0},{"damage":0.0,"enemies":"4 Shapes","floor":39.0,"turns":3.0},{"damage":9.0,"enemies":"Reptomancer","floor":41.0,"turns":4.0},{"damage":12.0,"enemies":"Mind Bloom Boss Battle","floor":42.0,"turns":5.0},{"damage":0,"enemies":"Sphere and 2 Shapes","floor":45,"turns":4},{"damage":5,"enemies":"Donu and Deca","floor":50,"turns":7},{"damage":23,"enemies":"Shield and Spear","floor":54,"turns":4},{"damage":15,"enemies":"The Heart","floor":55,"turns":7}],"seed_played":"6585428858638962946","potions_obtained":[{"floor":3.0,"key":"DistilledChaos"},{"floor":6.0,"key":"Explosive Potion"},{"floor":11.0,"key":"FearPotion"},{"floor":18.0,"key":"EssenceOfSteel"},{"floor":20.0,"key":"LiquidMemories"},{"floor":20.0,"key":"EssenceOfDarkness"},{"floor":27.0,"key":"GamblersBrew"},{"floor":29.0,"key":"Weak Potion"},{"floor":31.0,"key":"SkillPotion"},{"floor":33.0,"key":"Strength Potion"},{"floor":35.0,"key":"Dexterity Potion"},{"floor":45,"key":"FocusPotion"},{"floor":54,"key":"CultistPotion"}],"is_trial":false,"path_per_floor":["M","?","M","?","M","E","R","?","T","R","E","?","E","T","R","B",null,"M","?","?","$","M","E","R","M","T","E","?","E","M","E","R","B",null,"M","T","M","$","M","R","E","?","T","R","M","?","?","T","R","B",null,"R","$","E","B",null],"character_chosen":"DEFECT","items_purchased":["ClockworkSouvenir","Omamori","Darkness+1","Machine Learning","Meteor Strike","Strawberry","DistilledChaos","Static Discharge"],"campfire_rested":2,"item_purchase_floors":[38,38,38,38,53,53,53,53],"current_hp_per_floor":[47,47,47,47,47,31,31,6,16,39,23,23,23,23,46,51,72,72,72,72,72,72,79,79,79,79,79,79,79,79,79,79,76,78,78,78,78,76,76,76,67,55,55,55,55,55,55,55,55,55,71,71,78,60,60],"gold":98,"neow_bonus":"ONE_RARE_RELIC","is_daily":false,"chose_seed":false,"campfire_upgraded":6,"win_rate":0.0,"timestamp":1614274196,"path_taken":["M","?","M","?","M","E","R","?","T","R","E","?","E","?","R","BOSS","M","?","?","$","M","E","R","?","T","E","?","E","M","E","R","BOSS","M","?","M","$","M","R","E","?","T","R","M","?","?","?","R","BOSS","R","$","E","BOSS"],"items_purchased_type":["Relic","Relic","Card","Card","Card","Relic","Potion","Card"],"build_version":"2020-12-22","purchased_purges":3,"victory":true,"max_hp_per_floor":[75,69,69,69,69,69,69,69,79,79,79,79,79,79,79,79,79,79,79,79,79,79,79,79,79,79,79,79,79,79,79,79,79,79,79,79,79,76,76,76,76,76,76,76,76,76,76,76,76,76,76,76,83,83,83],"relic_stats":{"Happy Flower":[2],"counters":[25,114],"Juzu Bracelet":0,"Orichalcum":[90],"Cursed Key":3,"Dream Catcher":0,"Mummified Hand":[110],"Bronze Scales":[128],"Snecko Eye":[150,143,151,129],"Tiny Chest":2,"Art of War":[9],"obtain_stats":[{"Lantern":23,"Vajra":31,"Juzu Bracelet":41,"Cursed Key":34,"ClockworkSouvenir":38,"Dream Catcher":27,"Mummified Hand":11,"Strawberry":53,"Tiny Chest":19,"Toxic Egg 2":26,"Cracked Core":0,"Pear":9,"Happy Flower":54,"Golden Idol":2,"Omamori":38,"Orichalcum":8,"Du-Vu Doll":0,"Anchor":14,"Bronze Scales":43,"Snecko Eye":17,"Art of War":29,"Symbiotic Virus":36,"FossilizedHelix":6,"Toy Ornithopter":13,"TungstenRod":42},{"Lantern":10,"Vajra":15,"Juzu Bracelet":20,"Cursed Key":16,"ClockworkSouvenir":18,"Dream Catcher":12,"Mummified Hand":5,"Strawberry":23,"Tiny Chest":8,"Toxic Egg 2":11,"Cracked Core":0,"Pear":4,"Happy Flower":24,"Golden Idol":1,"Omamori":18,"Orichalcum":4,"Du-Vu Doll":0,"Anchor":6,"Bronze Scales":21,"Snecko Eye":7,"Art of War":13,"Symbiotic Virus":17,"FossilizedHelix":4,"Toy Ornithopter":6,"TungstenRod":21},{"Lantern":42,"Vajra":66,"Juzu Bracelet":87,"Cursed Key":75,"ClockworkSouvenir":80,"Dream Catcher":53,"Mummified Hand":17,"Strawberry":103,"Tiny Chest":34,"Toxic Egg 2":46,"Cracked Core":0,"Pear":13,"Happy Flower":107,"Golden Idol":3,"Omamori":80,"Orichalcum":13,"Du-Vu Doll":0,"Anchor":23,"Bronze Scales":92,"Snecko Eye":31,"Art of War":57,"Symbiotic Virus":77,"FossilizedHelix":13,"Toy Ornithopter":23,"TungstenRod":92}],"Toy Ornithopter":37,"TungstenRod":30},"card_choices":[{"not_picked":["Coolheaded","Consume"],"picked":"Ball Lightning","floor":1.0},{"not_picked":["Leap","Melter"],"picked":"Capacitor","floor":3.0},{"not_picked":["Gash","Sweeping Beam"],"picked":"Glacier","floor":5.0},{"not_picked":["Go for the Eyes","Steam"],"picked":"Streamline","floor":6.0},{"not_picked":["Fusion","Chaos"],"picked":"Reinforced Body","floor":11.0},{"not_picked":["Chill","Gash"],"picked":"Biased Cognition","floor":13.0},{"not_picked":["Machine Learning","Creative AI"],"picked":"Core Surge","floor":16.0},{"not_picked":["Gash","Compile Driver","Tempest"],"picked":"SKIP","floor":18.0},{"not_picked":["Rebound","Leap"],"picked":"Sweeping Beam+1","floor":22.0},{"not_picked":["Reprogram","Compile Driver"],"picked":"Sunder","floor":23.0},{"not_picked":["Consume","Multi-Cast"],"picked":"Chill","floor":25.0},{"not_picked":["Chill+1","Compile Driver","Rebound"],"picked":"SKIP","floor":27.0},{"not_picked":["Redo+1","Compile Driver","Barrage"],"picked":"SKIP","floor":29.0},{"not_picked":["Turbo+1","Hologram+1"],"picked":"Undo+1","floor":30.0},{"not_picked":["Compile Driver+1","Barrage+1"],"picked":"Chaos+1","floor":31.0},{"not_picked":["Hyperbeam","All For One"],"picked":"Electrodynamics","floor":33.0},{"not_picked":["Compile Driver+1","Stack+1"],"picked":"Hologram+1","floor":35.0},{"not_picked":["Darkness+1","Storm+1"],"picked":"Doom and Gloom+1","floor":37.0},{"not_picked":["Redo+1","Barrage+1"],"picked":"All For One","floor":39.0},{"not_picked":["Storm+1","Conserve Battery+1","Barrage"],"picked":"SKIP","floor":41.0},{"not_picked":["Sweeping Beam+1","Hologram+1"],"picked":"Capacitor+1","floor":42.0},{"not_picked":["Compile Driver","Stack+1"],"picked":"Recycle+1","floor":45},{"not_picked":["Auto Shields+1","Reprogram+1","Barrage+1"],"picked":"SKIP","floor":54}],"player_experience":124946,"relics_obtained":[{"floor":6.0,"key":"FossilizedHelix"},{"floor":9.0,"key":"Pear"},{"floor":11.0,"key":"Mummified Hand"},{"floor":13.0,"key":"Toy Ornithopter"},{"floor":14.0,"key":"Anchor"},{"floor":23.0,"key":"Lantern"},{"floor":26.0,"key":"Toxic Egg 2"},{"floor":27.0,"key":"Dream Catcher"},{"floor":29.0,"key":"Art of War"},{"floor":31.0,"key":"Vajra"},{"floor":36.0,"key":"Symbiotic Virus"},{"floor":41.0,"key":"Juzu Bracelet"},{"floor":42.0,"key":"TungstenRod"},{"floor":43,"key":"Bronze Scales"},{"floor":54,"key":"Happy Flower"}],"event_choices":[{"damage_healed":0.0,"max_hp_gain":0.0,"max_hp_loss":6.0,"gold_gain":0.0,"event_name":"Golden Idol","player_choice":"Lose Max HP","floor":2.0,"gold_loss":0.0,"damage_taken":0.0,"relics_obtained":["Golden Idol"]},{"damage_healed":0.0,"max_hp_gain":0.0,"max_hp_loss":0.0,"gold_gain":0.0,"event_name":"Living Wall","player_choice":"Grow","floor":4.0,"gold_loss":0.0,"damage_taken":0.0,"cards_upgraded":["Ball Lightning"]},{"damage_healed":0.0,"max_hp_gain":0.0,"max_hp_loss":0.0,"gold_gain":0.0,"event_name":"Scrap Ooze","player_choice":"Success","floor":8.0,"gold_loss":0.0,"damage_taken":25.0,"relics_obtained":["Orichalcum"]},{"damage_healed":0.0,"max_hp_gain":0.0,"max_hp_loss":0.0,"gold_gain":0.0,"event_name":"Dead Adventurer","player_choice":"Searched \u00270\u0027 times","floor":12.0,"gold_loss":0.0,"damage_taken":0.0},{"damage_healed":0.0,"max_hp_gain":0.0,"max_hp_loss":0.0,"gold_gain":0.0,"event_name":"Addict","player_choice":"Obtained Relic","floor":19.0,"gold_loss":85.0,"damage_taken":0.0,"relics_obtained":["Tiny Chest"]},{"damage_healed":0.0,"max_hp_gain":0.0,"max_hp_loss":0.0,"gold_gain":0.0,"event_name":"Lab","player_choice":"Got Potions","floor":20.0,"gold_loss":0.0,"damage_taken":0.0},{"damage_healed":0.0,"max_hp_gain":0.0,"max_hp_loss":0.0,"gold_gain":0.0,"event_name":"Upgrade Shrine","player_choice":"Upgraded","floor":28.0,"gold_loss":0.0,"damage_taken":0.0,"cards_upgraded":["Capacitor"]},{"damage_healed":0.0,"max_hp_gain":0.0,"max_hp_loss":0.0,"gold_gain":0.0,"event_name":"MindBloom","player_choice":"Fight","floor":42.0,"gold_loss":0.0,"damage_taken":0.0},{"damage_healed":0,"gold_gain":333,"player_choice":"Gave Idol","damage_taken":0,"max_hp_gain":0,"max_hp_loss":0,"event_name":"The Moai Head","floor":46,"relics_lost":["Golden Idol"],"gold_loss":0},{"damage_healed":0,"gold_gain":0,"player_choice":"Ignored","damage_taken":0,"max_hp_gain":0,"max_hp_loss":0,"event_name":"Tomb of Lord Red Mask","floor":47,"gold_loss":0}],"is_beta":false,"boss_relics":[{"not_picked":["Black Star","FrozenCore"],"picked":"Snecko Eye"},{"not_picked":["Philosopher\u0027s Stone","Runic Pyramid"],"picked":"Cursed Key"}],"items_purged_floors":[21,38,53],"is_endless":false,"potions_floor_spawned":[3,6,11,18,27,29,31,33,35,37,45,54],"ascension_level":5}}