{"host":"mxr7fl53uuvtjusr","time":1614280120,"event":{"mods":["2.2 Compatiblity","AchievementEnabler","Act Like it!","BaseMod","BetterRewards","Block Reminder","Colored Map","Colored Powertips","Dark Map","GifTheSpireLib","Highlight Path","Library of Ruina","Library of Ruina Extra","Lobotomy","LobotomyExtend","Minty Spire (QoL Compilation)","Permanent Neow","Quick Restart","Rare Cards Sparkle","Replay The Spire","Shop Mod","Spicy Shops","StSLib"],"gold_per_floor":[110,124,138,212,212,212,225,225,225,243,243,243,256,256,267,11,11,109,109,109,36,51,150,150,150,178,178,178,178,198,198,81,101,101,205,205,218,218,272,288,306,306,326,326,326,336,75,86,66,8,8,8,8],"floor_reached":52,"language":"ENG","playtime":3473,"items_purged":["LightDefense"],"score":637,"play_id":"469a8546-327d-4f9e-925a-e4c4091eee2b","local_time":"20210225110840","is_ascension_mode":false,"campfire_choices":[{"data":"ExtremeEdge","floor":8.0,"key":"SMITH"},{"data":"SkyClearingCut","floor":12.0,"key":"SMITH"},{"data":"RhinoRam","floor":14.0,"key":"SMITH"},{"data":"GrazeTheGrass","floor":17.0,"key":"SMITH"},{"data":"Outburst","floor":25.0,"key":"SMITH"},{"data":"UnforgettableMelody","floor":27.0,"key":"SMITH"},{"floor":29.0,"key":"REST"},{"data":"SnakesPrey","floor":34.0,"key":"SMITH"},{"data":"SavageMode","floor":42,"key":"SMITH"},{"floor":51,"key":"REST"}],"circlet_count":0,"master_deck":["Dodge","LightDefense","LightAttack","LightAttack","LightAttack","LightDefense","LightDefense","ChargeAndCover","FocusedStrikes","Wellcheers","WillOfThePrescript","ShyLook","Standoff","MHz","SpiderBud","ExtremeEdge+1","UniverseFragment","SkyClearingCut+1","Funeral","RhinoRam+1","Variant","UnforgettableMelody+1","SturdyDefense","Laceration","Bloodbath","BizarreAttack","Laetitia","SteelKnuckles+1","Hallucinations","Execute_lor","SnakesPrey+1","LongBird","SavageMode+1","Faith+1","DespairKnight","FleetFootsteps","Multislash","Quickness","Regret"],"relics":["PageOfLibrarian","CogitoBucket","RabbitCall","LetterFromLob","Bottled Lightning","PageOfMercenary","Replay:Bronze Core","Snack Pack","PageOfUniverseFragment","ReplayTheSpireMod:CursedCoin","PageOfLittleHelper","Painkiller Herb","Lizard Tail","PageOfForsakenMurderer","PageOfBloodbath"],"acts_visited":["Exordium","TheCity","TheBeyond"],"potions_floor_usage":[41,43,48,48,52,52],"damage_taken":[{"damage":0.0,"enemies":"Small Slimes","floor":1.0,"turns":4.0},{"damage":3.0,"enemies":"2 Louse","floor":2.0,"turns":3.0},{"damage":0.0,"enemies":"Jaw Worm","floor":3.0,"turns":5.0},{"damage":3.0,"enemies":"Looter","floor":7.0,"turns":3.0},{"damage":2.0,"enemies":"Exordium Wildlife","floor":10.0,"turns":3.0},{"damage":0.0,"enemies":"Large Slime","floor":13.0,"turns":4.0},{"damage":0.0,"enemies":"Blue Slaver","floor":15.0,"turns":2.0},{"damage":29.0,"enemies":"Hexaghost","floor":18.0,"turns":4.0},{"damage":18.0,"enemies":"Spheric Guardian","floor":22.0,"turns":5.0},{"damage":4.0,"enemies":"Gremlin Leader","floor":26.0,"turns":6.0},{"damage":5.0,"enemies":"Shell Parasite","floor":30.0,"turns":5.0},{"damage":11.0,"enemies":"Snake Plant","floor":33.0,"turns":3.0},{"damage":39.0,"enemies":"Pondfish","floor":35.0,"turns":8.0},{"damage":1.0,"enemies":"3 Darklings","floor":37.0,"turns":3.0},{"damage":32.0,"enemies":"2 Orb Walkers","floor":39.0,"turns":4.0},{"damage":0.0,"enemies":"Orb Walker","floor":40.0,"turns":4.0},{"damage":22,"enemies":"Maw","floor":41,"turns":4},{"damage":20,"enemies":"Transient","floor":43,"turns":5},{"damage":22,"enemies":"4 Shapes","floor":46,"turns":4},{"damage":9,"enemies":"3 Darklings","floor":48,"turns":4},{"damage":101,"enemies":"Donu and Deca","floor":52,"turns":7}],"seed_played":"7200550019259543310","potions_obtained":[{"floor":1.0,"key":"Dexterity Potion"},{"floor":2.0,"key":"LifebloodPotion"},{"floor":15.0,"key":"ColorlessPotion"},{"floor":35.0,"key":"BlessingOfTheForge"},{"floor":40.0,"key":"DistilledChaos"},{"floor":41,"key":"Explosive Potion"},{"floor":46,"key":"Languid Potion"},{"floor":49,"key":"Regen Potion"}],"is_trial":false,"path_per_floor":["M","M","M","?","PTL","PTL","M","R","?","M","T","R","M","R","M","$","R","B",null,"M","$","M","?","?","R","E","R","T","R","M","?","$","M","R","B",null,"?","?","?","?","?","T","?","?","T","?","T","?","?","T","T","B"],"character_chosen":"Librarian","items_purchased":["PageOfMercenary","SturdyDefense","ReplayTheSpireMod:CursedCoin","Execute_lor","PageOfLittleHelper","PageOfForsakenMurderer","PageOfBloodbath"],"campfire_rested":2,"item_purchase_floors":[16,21,32,32,32,47,50],"current_hp_per_floor":[60,57,62,62,62,62,68,68,68,70,70,70,70,70,70,70,70,49,77,77,77,59,59,59,59,60,60,60,87,86,86,86,79,79,45,91,91,91,61,63,47,47,34,34,34,16,16,9,9,9,29,0,0],"gold":8,"neow_bonus":"","is_daily":false,"chose_seed":false,"campfire_upgraded":8,"win_rate":0.0,"timestamp":1614280120,"path_taken":["M","M","M","?","PTL","PTL","M","R","?","M","T","R","M","R","M","?","R","BOSS","M","$","M","?","?","R","E","R","T","R","M","?","?","M","R","BOSS","?","?","?","?","?","T","?","?","T","?","T","?","?","T","T","BOSS"],"items_purchased_type":["Relic","Card","Relic","Card","Relic","Relic","Relic"],"build_version":"2020-12-22","purchased_purges":1,"victory":false,"max_hp_per_floor":[65,62,76,76,76,76,76,76,76,70,70,70,77,77,77,77,77,77,77,77,77,77,77,77,77,91,91,91,91,91,91,91,91,91,91,91,91,91,91,91,91,91,91,91,91,62,62,68,68,68,68,68,68],"card_choices":[{"not_picked":["Freischutz","WallGazer","Scarecrow"],"picked":"Singing Bowl","floor":1.0},{"not_picked":["OldLady","BeautyBeast"],"picked":"Wellcheers","floor":1.0},{"not_picked":["CoordinatedAssault","NonstopAssault","SpearedSweep","EnergyCycle","SnakeSlit","EnergyStrike","KeepItFresh","FleshFillet"],"picked":"WillOfThePrescript","floor":1.0},{"not_picked":["GreedKing","VoidDream"],"picked":"ShyLook","floor":2.0},{"not_picked":["AsThePrescriptOrders","Rampage_lor","BackAttack","Preparation","SuppressingShot","SetFire","DesperateStruggle","TraceOfFumes"],"picked":"Standoff","floor":2.0},{"not_picked":["CherryBlossoms","OldLady"],"picked":"MHz","floor":3.0},{"not_picked":["GrazeTheGrass","SharpNails","AutomatedMovement","StrongStrike","UnavoidableGaze","WillOfThePrescript","PuppetBlockade","IdentifyWeakpoint"],"picked":"Outburst","floor":3.0},{"not_picked":["GalaxyChild","Murderer","PunishingBird"],"picked":"Singing Bowl","floor":7.0},{"not_picked":["WallGazer","Scarecrow"],"picked":"SpiderBud","floor":7.0},{"not_picked":["InkOver","MultiHit","Unlock1","RushDown","SnakesPrey","Wallop_lor","PreemptiveStrike","Overpower"],"picked":"ExtremeEdge","floor":7.0},{"not_picked":["CrumblingArmor","FairyFestival"],"picked":"UniverseFragment","floor":10.0},{"not_picked":["Faith","KeepItFresh","CutIn","SuppressingShot","Diversion","StartinOutLightly","Outburst","ShockRound"],"picked":"SkyClearingCut","floor":10.0},{"not_picked":["SnowQueen","CherryBlossoms","Murderer"],"picked":"Singing Bowl","floor":13.0},{"not_picked":["QueenOfHatred","Murderer"],"picked":"Funeral","floor":13.0},{"not_picked":["Parry","FervidEmotions","WillOfThePrescript","Cruelty","YouOnlyLiveOnce","Collision","NightInTheBackstreets","BattleCommand"],"picked":"RhinoRam","floor":13.0},{"not_picked":["VoidDream","Murderer","SilentOrchestra"],"picked":"Singing Bowl","floor":15.0},{"not_picked":["RushDown","Quickness","AutonomousRush","EmotionalTurbulence","BayonetCombat","FrontalAssault","GaleKick","DesperateStruggle"],"picked":"GrazeTheGrass","floor":15.0},{"not_picked":["MeatLantern","BigBird","BeautyBeast"],"picked":"Singing Bowl","floor":18.0},{"not_picked":["MeatLantern","CrumblingArmor"],"picked":"Variant","floor":18.0},{"not_picked":["Transpierce","SuanNi"],"picked":"UnforgettableMelody","floor":18.0},{"not_picked":["NakedNest","Porccubus"],"picked":"FieryBird","floor":22.0},{"not_picked":["StayCalm","CrackOfDawn","ViolentFlame+1","FleetEdge","EnergyShield+1","HighKick","FocusFire","Retaliate"],"picked":"Laceration","floor":22.0},{"not_picked":["BigBadWolf","PunishingBird"],"picked":"Bloodbath","floor":26.0},{"not_picked":["DevastatingThrash","SilentNight","FleetFootsteps","VenomousFangs","SinglePointStab","AsThePrescriptOrders","BackAttack","EmotionalTurbulence"],"picked":"BizarreAttack","floor":26.0},{"not_picked":["BigBadWolf","Mercenary","Freischutz"],"picked":"Singing Bowl","floor":30.0},{"not_picked":["FairyFestival","BeautyBeast"],"picked":"Laetitia","floor":30.0},{"not_picked":["BindingChains","Transpierce","Thrust+1","Parry","Collision","Retaliate","ConcentratedFire","IronWall"],"picked":"SteelKnuckles+1","floor":30.0},{"not_picked":["Yin","Rudolta","BlackSwan"],"picked":"Singing Bowl","floor":33.0},{"not_picked":["ButterflySlash","Parry","BiAn","StrikeDown","SmokingPipe","FocusFire","Eliminate+1","StructuralAnalysis+1"],"picked":"SnakesPrey","floor":33.0},{"not_picked":["LittleHelper","SingingMachine"],"picked":"LongBird","floor":35.0},{"not_picked":["Eradication","Castigation"],"picked":"SavageMode","floor":35.0},{"not_picked":["Woodsman","Murderer","BigBadWolf"],"picked":"Singing Bowl","floor":37.0},{"not_picked":["Rampage_lor","Eject+1","QuickAttack+1","SinglePointStab","SearingSword+1","FleetEdge+1","UncannyStrike+1","StructuralAnalysis+1"],"picked":"Faith+1","floor":37.0},{"not_picked":["BeautyBeast","Mercenary"],"picked":"DespairKnight","floor":39.0},{"not_picked":["Outburst+1","Endure+1","Leap_lor","Diversion","EnergyCycle","AbsorbImpact","Eliminate","SenseQuarry"],"picked":"FleetFootsteps","floor":39.0},{"not_picked":["BigBadWolf","Mercenary","CENSORED"],"picked":"Singing Bowl","floor":40.0},{"not_picked":["ExtractFuel+1","BulkyImpact","CircusKnives+1","Leap_lor","GreatSerpentsImpact+1","FocusFire","SkitterAway","SmokingPipe+1"],"picked":"BackAttack+1","floor":40.0},{"not_picked":["BodiesMountain","LaLuna","Scarecrow"],"picked":"Singing Bowl","floor":41},{"not_picked":["DimensionalRift","Ripple","ToOvercomeCrisis+1","FleetFootsteps","Multislash","SerpentSwordTechnique","WildCard+1","ClassAndRespect","FlashingStrike"],"picked":"SKIP","floor":41},{"not_picked":["MeltingLove","CENSORED","NakedNest"],"picked":"Singing Bowl","floor":43},{"not_picked":["Juggling","DesperateStruggle","EnergyCycle","IngredientHunt+1","UnavoidableGaze","FierceCharge+1","BackAttack","Gamble"],"picked":"Multislash","floor":43},{"not_picked":["CoordinatedAssault","TimeForALittleTest+1","EnergyCycle+1","StructuralAnalysis","SinglePointStab+1","Overcharge+1","FleetFootsteps","WildCard+1"],"picked":"Quickness","floor":46},{"not_picked":["BlueStar","Scarecrow","HappyTeddy"],"picked":"Singing Bowl","floor":48},{"not_picked":["DarkCloud+1","FeatherShield","LoosenUp","MindWhip+1","Rewind+1","SnakesPrey","RhinoRam+1","PinpointShot+1","BlazingStrike"],"picked":"SKIP","floor":48}],"player_experience":328345,"relics_obtained":[{"floor":3.0,"key":"LetterFromLob"},{"floor":11.0,"key":"Bottled Lightning"},{"floor":26.0,"key":"Snack Pack"},{"floor":28.0,"key":"PageOfUniverseFragment"},{"floor":39.0,"key":"Lizard Tail"}],"event_choices":[{"damage_healed":0.0,"max_hp_gain":0.0,"max_hp_loss":0.0,"gold_gain":74.0,"event_name":"Golden Wing","player_choice":"Gained Gold","floor":4.0,"gold_loss":0.0,"damage_taken":0.0},{"damage_healed":0.0,"max_hp_gain":0.0,"max_hp_loss":0.0,"gold_gain":99.0,"event_name":"Nest","player_choice":"Stole From Cult","floor":23.0,"gold_loss":0.0,"damage_taken":0.0},{"damage_healed":0.0,"max_hp_gain":0.0,"max_hp_loss":0.0,"gold_gain":0.0,"event_name":"Ghosts","player_choice":"Ignored","floor":24.0,"gold_loss":0.0,"damage_taken":0.0},{"damage_healed":0.0,"max_hp_gain":0.0,"max_hp_loss":0.0,"gold_gain":0.0,"event_name":"Cursed Tome","player_choice":"Ignored","floor":31.0,"gold_loss":0.0,"damage_taken":0.0},{"damage_healed":0.0,"max_hp_gain":0.0,"max_hp_loss":0.0,"gold_gain":0.0,"event_name":"Mysterious Sphere","player_choice":"Fight","floor":39.0,"gold_loss":0.0,"damage_taken":0.0},{"cards_removed":["FieryBird"],"damage_healed":0,"gold_gain":0,"player_choice":"Removed Skill","damage_taken":0,"max_hp_gain":0,"max_hp_loss":0,"event_name":"Falling","floor":44,"gold_loss":0},{"damage_healed":0,"gold_gain":0,"player_choice":"Bought 1 Potion","damage_taken":0,"max_hp_gain":0,"max_hp_loss":0,"event_name":"The Woman in Blue","floor":49,"gold_loss":0}],"is_beta":false,"boss_relics":[{"not_picked":["Fusion Hammer","ReplayTheSpireMod:DimensionalGlitch"],"picked":"Replay:Bronze Core"},{"not_picked":["Pandora\u0027s Box","Snecko Eye"],"picked":"Painkiller Herb"}],"items_purged_floors":[32],"is_endless":false,"potions_floor_spawned":[1,2,15,22,35,40,41,46],"killed_by":"Donu and Deca","ascension_level":0}}