{"host":"oi6p1guiqfwwvxym","time":1614224070,"event":{"mods":["BaseMod","Bestiary","Colored Map","Minty Spire (QoL Compilation)","Relic Stats"],"gold_per_floor":[114,21,21,41,54,86,86,86,86],"floor_reached":8,"language":"ENG","playtime":430,"items_purged":[],"score":112,"play_id":"f69801cf-2cf5-4ad1-828c-37ea90684a01","local_time":"20210224193430","is_ascension_mode":true,"campfire_choices":[{"floor":7,"key":"REST"}],"circlet_count":0,"master_deck":["AscendersBane","Strike_R","Strike_R","Defend_R","Defend_R","Defend_R","Defend_R","Bash","Flame Barrier","Heavy Blade","Whirlwind","Disarm","Ghostly Armor","Flex","Offering"],"relics":["Burning Blood","Ancient Tea Set"],"acts_visited":["Exordium"],"potions_floor_usage":[6,6,8],"damage_taken":[{"damage":12.0,"enemies":"Cultist","floor":1.0,"turns":4.0},{"damage":0,"enemies":"Jaw Worm","floor":4,"turns":5},{"damage":7,"enemies":"Small Slimes","floor":5,"turns":4},{"damage":45,"enemies":"Gremlin Nob","floor":6,"turns":5},{"damage":64,"enemies":"Lagavulin","floor":8,"turns":9}],"seed_played":"5249008510865028682","potions_obtained":[{"floor":1.0,"key":"Block Potion"},{"floor":6,"key":"FearPotion"}],"is_trial":false,"path_per_floor":["M","$","?","M","M","E","R","E"],"character_chosen":"IRONCLAD","items_purchased":["Disarm","AttackPotion"],"campfire_rested":1,"item_purchase_floors":[2,2],"current_hp_per_floor":[62,62,62,68,67,28,48,0,0],"gold":86,"neow_bonus":"TRANSFORM_TWO_CARDS","is_daily":false,"chose_seed":false,"campfire_upgraded":0,"win_rate":0.0,"timestamp":1614224070,"path_taken":["M","?","?","M","?","E","R","E"],"items_purchased_type":["Card","Potion"],"build_version":"2020-12-22","purchased_purges":0,"victory":false,"max_hp_per_floor":[68,68,68,68,68,68,68,68,68],"relic_stats":{"counters":[5,27],"obtain_stats":[{"Ancient Tea Set":6,"Burning Blood":0},{"Ancient Tea Set":4,"Burning Blood":0},{"Ancient Tea Set":18,"Burning Blood":0}],"Burning Blood":24},"card_choices":[{"not_picked":["Reckless Charge","Combust"],"picked":"Whirlwind","floor":1.0},{"not_picked":["Cleave","Dark Embrace"],"picked":"Ghostly Armor","floor":4},{"not_picked":["Body Slam","Rupture"],"picked":"Flex","floor":5},{"not_picked":["Iron Wave","Evolve"],"picked":"Offering","floor":6}],"player_experience":461451,"relics_obtained":[{"floor":6,"key":"Ancient Tea Set"}],"event_choices":[{"cards_removed":["Strike_R"],"damage_healed":0.0,"max_hp_gain":0.0,"max_hp_loss":0.0,"gold_gain":0.0,"event_name":"Bonfire Elementals","player_choice":"Offered Basic","floor":3.0,"gold_loss":0.0,"damage_taken":0.0}],"is_beta":false,"boss_relics":[],"items_purged_floors":[],"is_endless":false,"potions_floor_spawned":[1,6],"killed_by":"Lagavulin","ascension_level":20}}