{"host":"gm50ke85n5jz306u","time":1614273632,"event":{"mods":["AchievementEnabler","AlwaysNeverKeys","Aspiration","BaseMod","Beaked The Cultist","Bestiary","Better Altar","Better Match","Better Note","Better Sensory Stone","Better Skull","Better Third Choice","Better Vampires","Better-Laid Plans","BetterRewards","Colored Powertips","Curses Come First","DNKmod","Defuse TimeMaze Blight","Disable Question Mark Monsters","Displayed Cursed Tome","Downfall","Emptier Cage","Extra Virgin Snecko Oil","Filter the Spire","Friendly Minions","Gremlin Skip","Hermit","Hubris","Hyrulean Relics","Ironclad Rager","Koishi","Lobotomy","Marisa????????","Marked Mod","Minty Spire (QoL Compilation)","Permanent Neow","Poor People Problems","Quick Restart","Reimu??????","Relic Filter Mod","Relic Sorter","Remove Card Discount Mod","Reorder Act Four","Replay The Spire","Shop Mod","StSLib","Synergy Search","Td1madao Mod","The Administrix","The Animator","The Blue Laboratory","The Bug Knight","The Construct","The Cursed","The Disciple","The Hierophant","The Necromancer","The Runesmith","The Senshi","The Servant 0.9.4","Thieving Mod","Transform Curses","WarShipGirlsR/????R mod"],"gold_per_floor":[10015,10032,10032,9018,9018,9049,9049,9065,9065,9065,9065,9076,8211,8225,8225,8239,8239,8318,8318,8332,8342,7846,7861,7861,7861,7886,7886,7913,7941,7959,7220,7220,7236,7236,7310,7410,7428,7428,6627,6627,6646,6646,6656,6683,6731,6731,6238,6249,6279,5845,5845,5945],"floor_reached":53,"language":"ENG","playtime":2441,"items_purged":["Bash","Strike_R","Offering","Strike_R","Strike_R","Strike_R","Strike_R","Iron Wave","Twin Strike+1"],"score":1439,"play_id":"ecf3868c-2cb0-4ce7-a776-8b7adeab9192","local_time":"20210225182032","is_ascension_mode":true,"campfire_choices":[{"data":"Master of Strategy","floor":7,"key":"SMITH"},{"data":"Body Slam","floor":15,"key":"SMITH"},{"data":"Metallicize","floor":17,"key":"SMITH"},{"data":"Body Slam","floor":25,"key":"SMITH"},{"data":"Headbutt","floor":27,"key":"SMITH"},{"data":"Metallicize","floor":34,"key":"SMITH"},{"data":"Defend_R","floor":46,"key":"SMITH"},{"data":"Sword Boomerang","floor":51,"key":"SMITH"},{"data":"Defend_R","floor":51,"key":"SMITH"}],"circlet_count":0,"master_deck":["AscendersBane","Defend_R+1","Defend_R+1","Defend_R+1","Defend_R+1","Metallicize+1","Inflame+1","Sword Boomerang+1","Master of Strategy+1","Headbutt+1","Metallicize+1","Body Slam+1","Body Slam+1","Metallicize+1","Metallicize+1","Body Slam+1","Berserk+1","Sword Boomerang+1","Sword Boomerang+1"],"relics":["Burning Blood","hubris:Icosahedron","aspiration:Lifesprig","Snack Pack","Unceasing Top","Orichalcum","aspiration:FrozenJewel","ReplayFunnel","hubris:FunFungus","Mastiff:ReiMu","StoneCalendar","hubris:ChampionShield","Sling","Chemical X","Replay:Wanted Poster","Sozu","Replay:Mystery Machine","MerchantsRug","hubris:Teleporter","Blue Candle","Gremlin Food","Strawberry","PreservedInsect","Frozen Eye","Tiny Chest","Guide Book","Replay:Wax Seal","War Paint","Replay:Arrowhead","aspiration:HummingbirdHeart","hubris:TenFootPole"],"acts_visited":["Exordium","TheCity","TheBeyond"],"potions_floor_usage":[14],"damage_taken":[{"damage":6.0,"enemies":"2 Louse","floor":1.0,"turns":2.0},{"damage":10.0,"enemies":"Small Slimes","floor":2.0,"turns":3.0},{"damage":13,"enemies":"3 Sentries","floor":6,"turns":7},{"damage":0,"enemies":"Cultist","floor":8,"turns":3},{"damage":0,"enemies":"Large Slime","floor":12,"turns":5},{"damage":8,"enemies":"Exordium Thugs","floor":14,"turns":4},{"damage":11,"enemies":"Exordium Wildlife","floor":16,"turns":5},{"damage":20,"enemies":"Slime Boss","floor":18,"turns":7},{"damage":0,"enemies":"Spheric Guardian","floor":20,"turns":3},{"damage":25,"enemies":"2 Thieves","floor":21,"turns":5},{"damage":4,"enemies":"Centurion and Healer","floor":23,"turns":5},{"damage":14,"enemies":"HollowMod:Nosk","floor":26,"turns":6},{"damage":5,"enemies":"Book of Stabbing","floor":29,"turns":4},{"damage":11,"enemies":"Snake Plant","floor":30,"turns":4},{"damage":8,"enemies":"Snecko","floor":33,"turns":7},{"damage":67,"enemies":"Champ","floor":35,"turns":12},{"damage":0,"enemies":"Orb Walker","floor":37,"turns":4},{"damage":26,"enemies":"3 Shapes","floor":41,"turns":7},{"damage":16,"enemies":"Spire Growth","floor":43,"turns":4},{"damage":0,"enemies":"Nemesis","floor":44,"turns":3},{"damage":0,"enemies":"Sphere and 2 Shapes","floor":48,"turns":4},{"damage":13,"enemies":"Reptomancer","floor":49,"turns":4},{"damage":5,"enemies":"Donu and Deca","floor":52,"turns":8}],"seed_played":"6458365781233307384","potions_obtained":[{"floor":1.0,"key":"Milkshake"},{"floor":14,"key":"hexamod:SoulburnPotion"}],"is_trial":false,"path_per_floor":["M","M","?","$","?","E","R","M","T","PTL","PTL","M","$","M","R","M","R","B",null,"M","M","$","M","?","R","E","R","T","E","M","$","?","M","R","B",null,"M","?","$","?","M","T","M","E","T","R","$","M","E","$","R","B",null],"character_chosen":"IRONCLAD","items_purchased":["Blue Candle","Sling","aspiration:Lifesprig","Sword Boomerang+1","MerchantsRug","Master of Strategy","Replay:Mystery Machine","StoneCalendar","Chemical X","Ancient Potion","blueLaboratory:IronCompound","Metallicize","Snack Pack","ReplayFunnel","Cleave","Metallicize","Frozen Eye","Tiny Chest","hubris:Teleporter","Unceasing Top","hubris:FunFungus","Guide Book","Replay:Arrowhead","Orichalcum","Sword Boomerang","aspiration:HummingbirdHeart","hubris:TenFootPole"],"campfire_rested":0,"item_purchase_floors":[4,4,4,4,4,4,13,13,13,13,13,13,22,22,22,31,31,31,31,39,39,39,47,47,47,50,50],"current_hp_per_floor":[68,64,64,64,64,57,57,63,63,63,63,69,69,67,67,62,62,48,68,74,55,55,63,63,63,63,63,70,75,72,72,72,74,74,29,69,79,79,79,79,64,64,61,70,70,70,70,82,80,80,80,82],"gold":5945,"neow_bonus":"ONE_RANDOM_RARE_CARD","is_daily":false,"chose_seed":false,"campfire_upgraded":9,"win_rate":0.0,"timestamp":1614273632,"path_taken":["M","M","?","$","?","E","R","M","T","PTL","PTL","M","$","M","R","M","R","BOSS","M","M","$","M","?","R","E","R","T","E","M","$","?","M","R","BOSS","M","?","$","?","M","?","?","E","T","R","$","?","E","$","R","BOSS"],"items_purchased_type":["Relic","Relic","Relic","Card","Relic","Card","Relic","Relic","Relic","Potion","Potion","Card","Relic","Relic","Card","Card","Relic","Relic","Relic","Relic","Relic","Relic","Relic","Relic","Card","Relic","Relic"],"build_version":"2020-12-22","purchased_purges":9,"victory":true,"max_hp_per_floor":[75,75,75,75,75,75,75,75,75,75,75,75,75,75,75,75,75,75,75,75,75,75,75,75,75,75,75,82,82,82,82,82,82,82,82,82,82,82,82,82,82,82,82,82,82,82,82,82,82,82,82,82],"card_choices":[{"not_picked":["Sword Boomerang","Cleave"],"picked":"Metallicize","floor":1.0},{"not_picked":["Hemokinesis","Uppercut"],"picked":"Inflame","floor":2.0},{"not_picked":["Clash","Burning Pact"],"picked":"Twin Strike","floor":6},{"not_picked":["Pommel Strike","Fire Breathing"],"picked":"Headbutt","floor":8},{"not_picked":["Inflame","Dual Wield","Replay:Undeath\u0027s Touch"],"picked":"SKIP","floor":12},{"not_picked":["Perfected Strike","Clothesline"],"picked":"Body Slam","floor":14},{"not_picked":["Clash","Havoc"],"picked":"Iron Wave","floor":16},{"not_picked":["Sentinel","Perfected Strike","Carnage+1"],"picked":"SKIP","floor":20},{"not_picked":["Armaments","Perfected Strike","ReplayTheSpireMod:Strike From Hell"],"picked":"SKIP","floor":21},{"not_picked":["Combust","Clash"],"picked":"Body Slam","floor":23},{"not_picked":["Perfected Strike+1","Life Link","Flame Barrier"],"picked":"SKIP","floor":26},{"not_picked":["Bloodletting","ReplayTheSpireMod:Limb From Limb+1"],"picked":"Metallicize","floor":29},{"not_picked":["Massacre","Run Through","Iron Wave"],"picked":"SKIP","floor":30},{"not_picked":["Fiend Fire","Reckless Charge"],"picked":"Body Slam+1","floor":33},{"not_picked":["Corruption","Exhume"],"picked":"Berserk","floor":35},{"not_picked":["Replay:Undeath\u0027s Touch+1","Pommel Strike","Spot Weakness"],"picked":"SKIP","floor":37},{"not_picked":["ReplayTheSpireMod:Corrosion Curse","Evolve"],"picked":"Sword Boomerang+1","floor":41},{"not_picked":["ReplayTheSpireMod:Strike From Hell+1","Wild Strike","ReplayTheSpireMod:Limb From Limb"],"picked":"SKIP","floor":43},{"not_picked":["Havoc","Feel No Pain+1","Abandon"],"picked":"SKIP","floor":44},{"not_picked":["Iron Wave","Flame Barrier","Perfected Strike"],"picked":"SKIP","floor":48},{"not_picked":["Infernal Blade+1","Impervious","Clash"],"picked":"SKIP","floor":49}],"player_experience":489180,"relics_obtained":[{"floor":6,"key":"Gremlin Food"},{"floor":9,"key":"Mastiff:ReiMu"},{"floor":26,"key":"aspiration:FrozenJewel"},{"floor":28,"key":"Strawberry"},{"floor":29,"key":"PreservedInsect"},{"floor":42,"key":"hubris:MysteriousPyramids"},{"floor":44,"key":"Replay:Wax Seal"},{"floor":45,"key":"War Paint"},{"floor":49,"key":"hubris:ChampionShield"}],"event_choices":[{"damage_healed":0,"gold_gain":0,"player_choice":"Grow","damage_taken":0,"max_hp_gain":0,"max_hp_loss":0,"event_name":"Living Wall","floor":5,"gold_loss":0,"cards_upgraded":["Metallicize"]},{"damage_healed":0,"gold_gain":0,"player_choice":"Ignored","damage_taken":0,"max_hp_gain":0,"max_hp_loss":0,"event_name":"betterNote:BetterNote","floor":24,"gold_loss":0,"cards_obtained":["Apotheosis"]},{"damage_healed":0,"gold_gain":0,"player_choice":"Upgraded","damage_taken":0,"max_hp_gain":0,"max_hp_loss":0,"event_name":"Upgrade Shrine","floor":32,"gold_loss":0,"cards_upgraded":["Metallicize"]},{"cards_removed":["Cleave"],"damage_healed":0,"gold_gain":0,"player_choice":"Removed Attack","damage_taken":0,"max_hp_gain":0,"max_hp_loss":0,"event_name":"Falling","floor":38,"gold_loss":0}],"is_beta":false,"boss_relics":[{"not_picked":["Electric Blood","Abe\u0027s Treasure"],"picked":"Sozu"},{"not_picked":["SacredBark","hubris:CrackedHourglass"],"picked":"Replay:Wanted Poster"}],"items_purged_floors":[4,4,4,4,13,22,22,31,47],"is_endless":false,"potions_floor_spawned":[1,14,16,18,20,21,29,37,49],"ascension_level":16}}