{"host":"ix852c3kagn44fat","time":1614271463,"event":{"mods":["AchievementEnabler","BaseMod","BetterRewards","Colored Map","Colored Powertips","Downfall","Hermit","Hubris","Infinite Spire","Marisa????????","Minty Spire (QoL Compilation)","Replay The Spire","Shop Mod","StSLib","SuperFastMode","The Cursed","The Hierophant","The Jungle","The Mystic","The Servant 0.9.4"],"gold_per_floor":[116,135,135,60,72,105,105,125,151,151,139,139,139,163,163,291,291,307,287,301,324,474,474,474],"floor_reached":23,"language":"ENG","playtime":1341,"items_purged":["Strike_R"],"score":193,"play_id":"6351d1d9-1714-4cba-b219-238ed5221a5a","local_time":"20210225174423","is_ascension_mode":false,"campfire_choices":[{"floor":12.0,"key":"REST"},{"floor":15.0,"key":"REST"}],"circlet_count":0,"master_deck":["Strike_R","Strike_R","Strike_R","Strike_R+1","Defend_R","Defend_R","Defend_R","Defend_R","Bash","Twin Strike","Flame Barrier","Armaments+1","Run Through","Reaper","Uppercut+1","Disarm","Barricade","Disarm+1","Shrug It Off","Dark Embrace+1"],"relics":["Burning Blood","Replay:Baseball","hubris:SlimyHat","Replay:Mystery Machine","Golden Idol","Black Star"],"acts_visited":["Exordium","theJungle:Jungle"],"potions_floor_usage":[16,16,23],"damage_taken":[{"damage":1.0,"enemies":"Cultist","floor":1.0,"turns":3.0},{"damage":2.0,"enemies":"Small Slimes","floor":2.0,"turns":4.0},{"damage":0.0,"enemies":"2 Louse","floor":5.0,"turns":2.0},{"damage":58.0,"enemies":"Lagavulin","floor":6.0,"turns":9.0},{"damage":0.0,"enemies":"Red Slaver","floor":8.0,"turns":6.0},{"damage":10.0,"enemies":"Exordium Thugs","floor":11.0,"turns":4.0},{"damage":0.0,"enemies":"Looter","floor":14.0,"turns":3.0},{"damage":39,"enemies":"The Guardian","floor":16,"turns":10},{"damage":23,"enemies":"theJungle:Flameango_and_Byrd","floor":18,"turns":8},{"damage":14,"enemies":"theJungle:5_Spyders","floor":20,"turns":17},{"damage":26,"enemies":"theJungle:SlimyTreeVines","floor":21,"turns":12},{"damage":79,"enemies":"theJungle:MamaSnecko","floor":23,"turns":7}],"seed_played":"8967230249815184901","potions_obtained":[{"floor":1.0,"key":"Milkshake"},{"floor":6.0,"key":"hexamod:SoulburnPotion"},{"floor":11.0,"key":"PowerPotion"},{"floor":18,"key":"SpeedPotion"},{"floor":19,"key":"BlessingOfTheForge"}],"is_trial":false,"path_per_floor":["M","M","?","$","M","E","?","M","T","?","M","R","?","M","R","B",null,"M","?","M","M","?","E"],"character_chosen":"IRONCLAD","items_purchased":[],"campfire_rested":2,"item_purchase_floors":[],"current_hp_per_floor":[80,80,80,80,80,28,28,38,38,18,24,48,32,38,62,36,80,67,67,65,58,58,0,0],"gold":474,"neow_bonus":"RANDOM_COMMON_RELIC","is_daily":false,"chose_seed":false,"campfire_upgraded":0,"win_rate":0.0,"timestamp":1614271463,"path_taken":["M","M","?","$","M","E","?","M","T","?","M","R","?","M","R","BOSS","M","?","M","?","?","E"],"items_purchased_type":[],"build_version":"2020-12-22","purchased_purges":1,"victory":false,"max_hp_per_floor":[80,80,80,80,80,80,80,80,80,80,80,80,80,80,80,80,80,80,80,80,80,80,80,80],"card_choices":[{"not_picked":["Carnage","Dual Wield"],"picked":"Twin Strike","floor":1.0},{"not_picked":["Rage","Body Slam"],"picked":"Flame Barrier","floor":2.0},{"not_picked":["Twin Strike","Flame Barrier"],"picked":"Run Through","floor":5.0},{"not_picked":["True Grit","Perfected Strike"],"picked":"Reaper","floor":6.0},{"not_picked":["Bloodletting","Run Through"],"picked":"Uppercut","floor":8.0},{"not_picked":["Searing Blow","Perfected Strike","Run Through"],"picked":"SKIP","floor":11.0},{"not_picked":["ReplayTheSpireMod:Stacked","Sword Boomerang"],"picked":"Disarm","floor":14.0},{"not_picked":["Replay:Many Hands","Feed"],"picked":"Barricade","floor":16},{"not_picked":["Searing Blow","Headbutt+1"],"picked":"Disarm+1","floor":18},{"not_picked":["Power Through","Sword Boomerang"],"picked":"Shrug It Off","floor":20},{"not_picked":["Warcry","Reckless Charge"],"picked":"Dark Embrace+1","floor":21}],"player_experience":6677,"relics_obtained":[{"floor":6.0,"key":"hubris:SlimyHat"},{"floor":9.0,"key":"Replay:Mystery Machine"}],"event_choices":[{"damage_healed":0.0,"max_hp_gain":0.0,"max_hp_loss":0.0,"gold_gain":0.0,"event_name":"Living Wall","player_choice":"Grow","floor":7.0,"gold_loss":0.0,"damage_taken":0.0,"cards_upgraded":["Armaments"]},{"damage_healed":0.0,"max_hp_gain":0.0,"max_hp_loss":0.0,"gold_gain":0.0,"event_name":"Golden Idol","player_choice":"Take Damage","floor":10.0,"gold_loss":0.0,"damage_taken":20.0,"relics_obtained":["Golden Idol"]},{"damage_healed":0.0,"max_hp_gain":0.0,"max_hp_loss":0.0,"gold_gain":0.0,"event_name":"Shining Light","player_choice":"Entered Light","floor":13.0,"gold_loss":0.0,"damage_taken":16.0,"cards_upgraded":["Strike_R","Uppercut"]},{"damage_healed":0,"gold_gain":0,"player_choice":"Bought 1 Potion","damage_taken":0,"max_hp_gain":0,"max_hp_loss":0,"event_name":"The Woman in Blue","floor":19,"gold_loss":0}],"is_beta":false,"boss_relics":[{"not_picked":["Replay:Grab Bag","Snecko Eye"],"picked":"Black Star"}],"items_purged_floors":[4],"is_endless":false,"potions_floor_spawned":[1,6,11,18,20],"killed_by":"theJungle:MamaSnecko","ascension_level":0}}