{"host":"phy652c7lim9lcu2","time":1614244656,"event":{"mods":["BaseMod","Colored Powertips","Googly Eyes","Minty Spire (QoL Compilation)","Relic Stats","Spicy Shops","StSLib","everything is the same but u backflip on backflip"],"gold_per_floor":[119,39,39,39,52,52,95,116,116,191,211,251,8,33,33,33,33],"floor_reached":16,"language":"ENG","playtime":251,"items_purged":["Strike_R"],"score":246,"play_id":"61adf9f3-aa84-4393-9b1b-0f9a60f22007","local_time":"20210225191736","is_ascension_mode":true,"campfire_choices":[{"data":"Heavy Blade","floor":6,"key":"SMITH"},{"data":"Berserk","floor":15,"key":"SMITH"}],"circlet_count":0,"master_deck":["AscendersBane","Strike_R","Strike_R+1","Strike_R","Strike_R","Defend_R","Defend_R","Defend_R","Defend_R","Bash","Cleave","Spot Weakness","Heavy Blade+1","Feed","Heavy Blade+1","Cleave","Berserk+1"],"relics":["Burning Blood","NeowsBlessing","Golden Idol","Self Forming Clay","Whetstone","Mummified Hand","Brimstone","Bronze Scales"],"acts_visited":["Exordium"],"potions_floor_usage":[12,12,16],"damage_taken":[{"damage":0,"enemies":"Jaw Worm","floor":1,"turns":1},{"damage":0,"enemies":"Small Slimes","floor":5,"turns":1},{"damage":0,"enemies":"Gremlin Nob","floor":7,"turns":1},{"damage":6,"enemies":"Cultist","floor":8,"turns":4},{"damage":10,"enemies":"Red Slaver","floor":11,"turns":3},{"damage":27,"enemies":"Lagavulin","floor":12,"turns":5},{"damage":36,"enemies":"The Guardian","floor":16,"turns":5}],"seed_played":"3893912666043503947","potions_obtained":[{"floor":1,"key":"Explosive Potion"},{"floor":7,"key":"Energy Potion"},{"floor":12,"key":"DistilledChaos"}],"is_trial":false,"path_per_floor":["M","$","?","?","M","R","E","M","T","?","M","E","$","T","R","B"],"character_chosen":"IRONCLAD","items_purchased":["Spot Weakness","Brimstone"],"campfire_rested":0,"item_purchase_floors":[2,13],"current_hp_per_floor":[74,74,74,48,54,54,60,63,63,52,48,30,30,30,30,0,0],"gold":33,"neow_bonus":"THREE_ENEMY_KILL","is_daily":false,"chose_seed":false,"campfire_upgraded":2,"win_rate":0.0,"timestamp":1614244656,"path_taken":["M","$","?","?","M","R","E","M","T","?","M","E","$","?","R","BOSS"],"items_purchased_type":["Card","Relic"],"build_version":"2020-12-22","purchased_purges":1,"victory":false,"max_hp_per_floor":[75,75,75,75,75,75,75,78,78,78,78,81,81,81,81,81,81],"relic_stats":{"counters":[7,20],"Golden Idol":28,"Self Forming Clay":[27],"Mummified Hand":[1],"Bronze Scales":[12],"Whetstone":["Strike_R","Heavy Blade"],"obtain_stats":[{"NeowsBlessing":0,"Golden Idol":4,"Self Forming Clay":7,"Mummified Hand":12,"Brimstone":13,"Bronze Scales":14,"Whetstone":9,"Burning Blood":0},{"NeowsBlessing":0,"Golden Idol":1,"Self Forming Clay":3,"Mummified Hand":6,"Brimstone":6,"Bronze Scales":6,"Whetstone":4,"Burning Blood":0},{"NeowsBlessing":0,"Golden Idol":1,"Self Forming Clay":3,"Mummified Hand":15,"Brimstone":15,"Bronze Scales":15,"Whetstone":7,"Burning Blood":0}],"Burning Blood":36},"card_choices":[{"not_picked":["Dark Embrace","Havoc"],"picked":"Cleave","floor":1},{"not_picked":["Pommel Strike","Armaments"],"picked":"Heavy Blade","floor":5},{"not_picked":["Evolve","Wild Strike"],"picked":"Feed","floor":7},{"not_picked":["Seeing Red","Iron Wave"],"picked":"Heavy Blade","floor":8},{"not_picked":["Hemokinesis","Rampage"],"picked":"Cleave","floor":11},{"not_picked":["Dropkick","Cleave"],"picked":"Berserk","floor":12}],"player_experience":366898,"relics_obtained":[{"floor":7,"key":"Self Forming Clay"},{"floor":9,"key":"Whetstone"},{"floor":12,"key":"Mummified Hand"},{"floor":14,"key":"Bronze Scales"}],"event_choices":[{"damage_healed":0,"gold_gain":0,"player_choice":"Leave","damage_taken":0,"max_hp_gain":0,"max_hp_loss":0,"event_name":"The Cleric","floor":3,"gold_loss":0},{"damage_healed":0,"gold_gain":0,"player_choice":"Take Damage","damage_taken":26,"relics_obtained":["Golden Idol"],"max_hp_gain":0,"max_hp_loss":0,"event_name":"Golden Idol","floor":4,"gold_loss":0},{"damage_healed":0,"gold_gain":75,"player_choice":"Gather Gold","damage_taken":11,"max_hp_gain":0,"max_hp_loss":0,"event_name":"World of Goop","floor":10,"gold_loss":0}],"is_beta":false,"boss_relics":[],"items_purged_floors":[13],"is_endless":false,"potions_floor_spawned":[1,7,12],"killed_by":"The Guardian","ascension_level":17}}