{"host":"guk5h31bsklpp7e4","time":1614238101,"event":{"mods":["AchievementEnabler","BaseMod","Colored Map","Colored Powertips","Highlight Path","Minty Spire (QoL Compilation)","Quick Restart","Rare Cards Sparkle"],"gold_per_floor":[115,72,22,197,23,23,51,66,66,85,85,103,25,25,25],"floor_reached":14,"language":"ENG","playtime":742,"items_purged":["Doubt"],"score":114,"play_id":"3db37353-fdba-45cf-ba15-23a5990b24d7","local_time":"20210225022821","is_ascension_mode":true,"campfire_choices":[{"data":"Eruption","floor":6,"key":"SMITH"},{"floor":11,"key":"REST"}],"circlet_count":0,"master_deck":["Strike_P","Strike_P","Strike_P","Strike_P","Defend_P","Defend_P","Defend_P","Eruption+1","Vigilance","CarveReality","CrushJoints","Adaptation","EmptyBody","EmptyFist","WaveOfTheHand","Vengeance","TalkToTheHand"],"relics":["PureWater","Tiny Chest","Blood Vial"],"acts_visited":["Exordium"],"potions_floor_usage":[7,14],"damage_taken":[{"damage":7,"enemies":"2 Louse","floor":1,"turns":3},{"damage":16,"enemies":"Gremlin Nob","floor":7,"turns":3},{"damage":1,"enemies":"Small Slimes","floor":8,"turns":2},{"damage":7,"enemies":"Jaw Worm","floor":10,"turns":2},{"damage":4,"enemies":"Blue Slaver","floor":12,"turns":5},{"damage":33,"enemies":"3 Sentries","floor":14,"turns":5}],"seed_played":"5243012821841154432","potions_obtained":[{"floor":1,"key":"StancePotion"},{"floor":8,"key":"LiquidBronze"},{"floor":12,"key":"Strength Potion"}],"is_trial":false,"path_per_floor":["M","?","?","?","$","R","E","M","T","M","R","M","$","E"],"character_chosen":"WATCHER","items_purchased":["CrushJoints","Adaptation","TalkToTheHand"],"campfire_rested":1,"item_purchase_floors":[5,5,13],"current_hp_per_floor":[65,65,65,65,65,65,49,48,48,43,66,64,64,33,33],"gold":25,"neow_bonus":"TEN_PERCENT_HP_BONUS","is_daily":false,"chose_seed":false,"campfire_upgraded":1,"win_rate":0.0,"timestamp":1614238101,"path_taken":["M","?","?","?","$","R","E","M","T","?","R","M","$","E"],"items_purchased_type":["Card","Card","Card"],"build_version":"2020-12-22","purchased_purges":1,"victory":false,"max_hp_per_floor":[79,79,79,79,79,79,79,79,79,79,79,79,79,79,79],"card_choices":[{"not_picked":["Worship","FlyingSleeves"],"picked":"CarveReality","floor":1},{"not_picked":["Perseverance","Nirvana"],"picked":"EmptyBody","floor":7},{"not_picked":["ThirdEye","EmptyBody"],"picked":"EmptyFist","floor":8},{"not_picked":["Prostrate","Fasting2"],"picked":"WaveOfTheHand","floor":10},{"not_picked":["PathToVictory","Prostrate"],"picked":"Vengeance","floor":12}],"player_experience":396231,"relics_obtained":[{"floor":7,"key":"Tiny Chest"},{"floor":9,"key":"Blood Vial"}],"event_choices":[{"damage_healed":0,"gold_gain":0,"player_choice":"Left Gold","damage_taken":0,"max_hp_gain":0,"max_hp_loss":0,"event_name":"World of Goop","floor":2,"gold_loss":43},{"cards_removed":["Defend_P"],"damage_healed":0,"gold_gain":0,"player_choice":"Card Removal","damage_taken":0,"max_hp_gain":0,"max_hp_loss":0,"event_name":"The Cleric","floor":3,"gold_loss":50},{"damage_healed":0,"gold_gain":175,"player_choice":"AGREE","damage_taken":0,"max_hp_gain":0,"max_hp_loss":0,"event_name":"Liars Game","floor":4,"gold_loss":0,"cards_obtained":["Doubt"]}],"is_beta":false,"boss_relics":[],"items_purged_floors":[5],"is_endless":false,"potions_floor_spawned":[1,8,12],"killed_by":"3 Sentries","ascension_level":6}}