{"host":"og21o26alpnbwmz8","time":1614286765,"event":{"mods":["2.2 Compatiblity","Act Like it!","Aspiration","BaseMod","Conspire","Downfall","Gensokyo","Halation","Hermit","Hubris","Jedi Mod","Mimic Mod","Minty Spire (QoL Compilation)","Pale of the Ancients","Reliquary","Replay The Spire","Shop Mod","Spikes Relics","StSLib","The Alterego","The Animator","The Blue Laboratory","The Bug Knight","The Clintock","The Construct","Waifu the Spire","Yuri Mod"],"gold_per_floor":[99,99,99,99,99,115,115,115,131,162,62,62,78,98,116,116,116,116],"floor_reached":16,"language":"ENG","playtime":586,"items_purged":[],"score":100,"play_id":"ca854ccd-2eae-4f1a-8bc8-e73f034fdbac","local_time":"20210225155925","is_ascension_mode":false,"campfire_choices":[{"data":"hexamod:Sear","floor":1,"key":"SMITH"},{"data":"hexamod:EmpoweredFlame","floor":11,"key":"SMITH"}],"circlet_count":0,"master_deck":["hexamod:Strike","hexamod:Strike","hexamod:Defend","hexamod:Defend","hexamod:Defend","hexamod:Defend","hexamod:Sear+1","hexamod:Float","hexamod:FastForward","hexamod:InspiringFlames","hexamod:EmpoweredFlame+1","hexamod:FlamesFromBeyond","hexamod:FlamesFromBeyond","hexamod:SkipABeat","hexamod:FastForward"],"relics":["hexamod:SpiritBrand","downfall:HeartsMalice","Replay:PocketPolymizer","Molten Egg 2","reliquary:TatteredRug","downfall:HeartBlessingGreen","FaceOfCleric"],"acts_visited":["Exordium"],"potions_floor_usage":[14,16],"damage_taken":[{"damage":0,"enemies":"Cultist","floor":2,"turns":1},{"damage":0,"enemies":"Small Slimes","floor":4,"turns":1},{"damage":0,"enemies":"2 Louse","floor":5,"turns":1},{"damage":3,"enemies":"Gremlin Gang","floor":6,"turns":6},{"damage":9,"enemies":"3 Louse","floor":9,"turns":6},{"damage":29,"enemies":"3 Sentries","floor":10,"turns":8},{"damage":0,"enemies":"downfall:LooterAlt","floor":13,"turns":3},{"damage":13,"enemies":"Exordium Thugs","floor":14,"turns":4},{"damage":0,"enemies":"3 Louse","floor":15,"turns":4},{"damage":20,"enemies":"WA_ARCHETYPE_RETAIN","floor":16,"turns":5}],"seed_played":"-3002579092024717323","potions_obtained":[{"floor":6,"key":"jedi:wingpotion"},{"floor":13,"key":"jedi:StrikingPotion"},{"floor":14,"key":"Weak Potion"},{"floor":15,"key":"Flashbang"}],"is_trial":false,"path_per_floor":["R","M","T","M","M","M","T","?","M","E","R","?","M","M","M","B"],"character_chosen":"THE_SPIRIT","items_purchased":[],"campfire_rested":0,"item_purchase_floors":[],"current_hp_per_floor":[70,70,70,70,70,67,67,67,58,29,29,29,30,18,19,0,0,0],"gold":116,"neow_bonus":"THREE_ENEMY_KILL","is_daily":false,"chose_seed":false,"campfire_upgraded":2,"win_rate":0.0,"timestamp":1614286765,"path_taken":["R","M","?","M","M","?","T","?","?","E","R","?","?","M","M","BOSS"],"items_purchased_type":[],"build_version":"2020-12-22","purchased_purges":0,"victory":false,"max_hp_per_floor":[70,70,70,70,70,70,70,70,70,70,70,70,71,72,73,73,73,73],"card_choices":[{"not_picked":["hexamod:SwordOfDarkness","hexamod:BacktrackSmack","hexamod:ThermalTransfer"],"picked":"SKIP","floor":2},{"not_picked":["hexamod:CatchUp","hexamod:ThermalTransfer"],"picked":"hexamod:FastForward","floor":4},{"not_picked":["hexamod:ThermalTransfer","hexamod:Hexaguard"],"picked":"hexamod:InspiringFlames","floor":5},{"not_picked":["hexamod:NecessarySacrifice","hexamod:TimeWarp"],"picked":"hexamod:EmpoweredFlame","floor":6},{"not_picked":["hexamod:NightmareGuise","hexamod:CatchUp"],"picked":"hexamod:FlamesFromBeyond","floor":9},{"not_picked":["hexamod:HeatCrush+1","hexamod:HeatMetal+1"],"picked":"hexamod:FlamesFromBeyond","floor":10},{"not_picked":["hexamod:BurningTouch","hexamod:Firestarter+1","hexamod:SkipABeat"],"picked":"SKIP","floor":13},{"not_picked":["hexamod:AdvancingGuard","hexamod:SwordOfDarkness+1","hexamod:SuperheatedStrike+1"],"picked":"SKIP","floor":14},{"not_picked":["hexamod:TurnItUp","hexamod:EtherealExpedition"],"picked":"hexamod:FastForward","floor":15}],"player_experience":464368,"relics_obtained":[{"floor":3,"key":"Replay:PocketPolymizer"},{"floor":7,"key":"Molten Egg 2"},{"floor":10,"key":"reliquary:TatteredRug"}],"event_choices":[{"cards_removed":["hexamod:Strike"],"damage_healed":0,"gold_gain":0,"player_choice":"Offered Basic","damage_taken":0,"max_hp_gain":0,"max_hp_loss":0,"event_name":"Bonfire Elementals","floor":8,"gold_loss":0},{"damage_healed":0,"gold_gain":0,"player_choice":"Trade","damage_taken":0,"relics_obtained":["FaceOfCleric"],"max_hp_gain":0,"max_hp_loss":0,"event_name":"FaceTrader","floor":12,"gold_loss":0}],"is_beta":false,"boss_relics":[],"items_purged_floors":[],"is_endless":false,"potions_floor_spawned":[6,13,14,15],"killed_by":"WA_ARCHETYPE_RETAIN","ascension_level":0}}