{"host":"aycnbidq9d24owrh","time":1614259130,"event":{"mods":["Bard","BaseMod","BetterRewards","Colored Map","Downfall","Infinite Spire","Minty Spire (QoL Compilation)","Replay The Spire","Shop Mod","Spire Arcade","StSLib","The Cursed","The Disciple","The Hierophant","The Jungle","The Runesmith","TheBandit"],"gold_per_floor":[211,211,2,15,31,62,129,129,176,220,16,16,51,75,75,206,206,224,224,249,249,1,32,32,68,68,92,92,92,92,106,106,237,300,315,315,395,409,423,454,469,469,469,8,24,37,84,97,97,97],"floor_reached":51,"language":"ENG","playtime":2905,"items_purged":["Decay"],"score":635,"play_id":"3e253ff1-46b4-44de-b034-591b97ed1037","local_time":"20210225051850","is_ascension_mode":false,"campfire_choices":[{"floor":12,"key":"REST"},{"floor":15,"key":"REST"},{"data":"Jack Of All Trades","floor":24,"key":"SMITH"},{"floor":32,"key":"REST"},{"floor":42,"key":"REST"},{"data":"ReplayTheSpireMod:Chaos Vortex","floor":49,"key":"SMITH"}],"circlet_count":0,"master_deck":["Strike_R","Strike_R","Strike_R+1","Strike_R+1","Defend_R","Defend_R","Defend_R+1","Defend_R","Wild Strike","Jack Of All Trades+1","Rage+1","Inflame","Ghostly Armor","Pommel Strike","Cleave","Flex","Clash+1","Berserk+1","Crow Ritual","Anger+1","Heavy Blade","Life Link","Immolate","Thunderclap+1","Thunderclap","Anger","Iron Wave+1","Battle Trance+1","ReplayTheSpireMod:Chaos Vortex+1","infinitespire:Starlight","ReplayTheSpireMod:Haul","infinitespire:Fortify","Uppercut+1","Burning Pact+1","Infernal Blade+1","downfall:Bewildered","ReplayTheSpireMod:Muscle Training+1","Bludgeon","Ghostly Armor","Replay:Undeath\u0027s Touch+1","infinitespire:FutureSight","Pommel Strike","Flame Barrier","Shrug It Off+1","Flex+1","Seeing Red","Replay:Undeath\u0027s Touch+1","Rage","Perfected Strike+1"],"relics":["Burning Blood","Red Skull","ReplayTheSpireMod:TigerMarble","Golden Idol","Replay:Rubber Ducky","ReplayFunnel","Gremlin Food","Honey Jar","ClockworkSouvenir","Replay:Wax Seal","Runesmith:Nanobots","Bag of Preparation","Gremlin Horn","Astrolabe","sneckomod:BabySnecko","Tiny House","ReplayTheSpireMod:Shallot","Blue Doll","infinitespire:Eraser","HandDrill","Kunai","Whetstone"],"acts_visited":["Exordium","TheCity","TheBeyond"],"potions_floor_usage":[4,10,10,16,18,18,18,20,20,23,23,25,25,38,38,39,50,50,50,50],"damage_taken":[{"damage":0,"enemies":"Small Slimes","floor":1,"turns":3},{"damage":1,"enemies":"Jaw Worm","floor":4,"turns":3},{"damage":0,"enemies":"2 Louse","floor":5,"turns":3},{"damage":14,"enemies":"Lagavulin","floor":6,"turns":5},{"damage":1,"enemies":"3 Sentries","floor":10,"turns":4},{"damage":20,"enemies":"Lagavulin","floor":13,"turns":4},{"damage":6,"enemies":"Large Slime","floor":14,"turns":3},{"damage":29,"enemies":"Hexaghost","floor":16,"turns":8},{"damage":4,"enemies":"3 Byrds","floor":18,"turns":5},{"damage":8,"enemies":"Shell Parasite","floor":20,"turns":5},{"damage":0,"enemies":"Gremlin Leader","floor":23,"turns":5},{"damage":16,"enemies":"Nightmare","floor":25,"turns":6},{"damage":18,"enemies":"Centurion and Healer","floor":27,"turns":5},{"damage":0,"enemies":"Snake Plant","floor":31,"turns":4},{"damage":0,"enemies":"Collector","floor":33,"turns":2},{"damage":1,"enemies":"Orb Walker","floor":35,"turns":1},{"damage":0,"enemies":"3 Darklings","floor":38,"turns":3},{"damage":6,"enemies":"Writhing Mass","floor":39,"turns":6},{"damage":22,"enemies":"Reptomancer","floor":40,"turns":6},{"damage":0,"enemies":"Sphere and 2 Shapes","floor":41,"turns":4},{"damage":0,"enemies":"4 Shapes","floor":45,"turns":2},{"damage":0,"enemies":"Spire Growth","floor":46,"turns":5},{"damage":1,"enemies":"Transient","floor":48,"turns":5},{"damage":88,"enemies":"infinitespire:MassOfShapes","floor":50,"turns":12}],"seed_played":"-133655705412960338","potions_obtained":[{"floor":1,"key":"sneckomod:MuddlingPotion"},{"floor":5,"key":"Strength Potion"},{"floor":7,"key":"champ:CounterPotion"},{"floor":13,"key":"Weak Potion"},{"floor":14,"key":"Milkshake"},{"floor":16,"key":"SteroidPotion"},{"floor":18,"key":"LifebloodPotion"},{"floor":23,"key":"Toxic Potion"},{"floor":31,"key":"DistilledChaos"},{"floor":33,"key":"ColorlessPotion"},{"floor":34,"key":"PowerPotion"},{"floor":40,"key":"ColorlessPotion"},{"floor":45,"key":"hexamod:SoulburnPotion"},{"floor":46,"key":"sneckomod:MuddlingPotion"}],"is_trial":false,"path_per_floor":["M","?","$","M","M","E","?","?","T","E","$","R","E","M","R_BF","B",null,"M","?","M","?","$","E","R","NM","T","M","AVR","?","?","M","R","B",null,"M","?","T","M","M","E","M","R","T","$","M","M","T","M","R","B",null],"character_chosen":"IRONCLAD","items_purchased":["Jack Of All Trades","Rage","Inflame","Crow Ritual","Anger","ClockworkSouvenir","Anger","HandDrill","Kunai","Seeing Red"],"campfire_rested":4,"item_purchase_floors":[3,3,3,11,11,22,22,44,44,44],"current_hp_per_floor":[80,64,64,69,75,67,67,47,47,52,52,76,62,62,80,57,80,80,80,78,78,78,80,80,70,70,58,58,58,58,74,80,80,85,85,63,63,69,79,63,79,85,85,85,88,88,88,88,88,33],"gold":97,"neow_bonus":"HUNDRED_GOLD","is_daily":false,"chose_seed":false,"campfire_upgraded":2,"win_rate":0.0,"timestamp":1614259130,"path_taken":["M","?","$","M","M","E","?","?","T","E","$","R","E","M","R_BF","BOSS","M","?","M","?","$","E","R","NM","T","?","AVR","?","?","M","R","BOSS","M","?","?","M","M","E","?","R","T","$","M","M","?","?","R","BOSS"],"items_purchased_type":["Card","Card","Card","Card","Card","Relic","Card","Relic","Relic","Card"],"build_version":"2020-12-22","purchased_purges":1,"victory":true,"max_hp_per_floor":[80,80,80,80,80,80,80,80,80,80,80,80,80,80,80,80,80,80,80,80,80,80,80,80,80,80,80,80,80,80,80,80,80,85,85,85,85,85,85,85,85,85,85,85,88,88,88,88,88,88],"card_choices":[{"not_picked":["ReplayTheSpireMod:Limb From Limb","Reckless Charge"],"picked":"Wild Strike","floor":1},{"not_picked":["Clash","Run Through"],"picked":"Ghostly Armor","floor":4},{"not_picked":["Heavy Blade","Battle Trance"],"picked":"Pommel Strike","floor":5},{"not_picked":["Brutality","Rampage"],"picked":"Cleave","floor":6},{"not_picked":["Whirlwind","ReplayReversal"],"picked":"Flex","floor":7},{"not_picked":["Juggernaut","Heavy Blade"],"picked":"Clash","floor":7},{"not_picked":["Sword Boomerang","Ghostly Armor"],"picked":"Berserk","floor":10},{"not_picked":["ReplayTheSpireMod:LeadingStrike","Warcry"],"picked":"Heavy Blade","floor":13},{"not_picked":["Reckless Charge","Twin Strike"],"picked":"Life Link","floor":14},{"not_picked":["Limit Break","Corruption"],"picked":"Immolate","floor":16},{"not_picked":["Combust","Shrug It Off","Cleave"],"picked":"Thunderclap","floor":18},{"not_picked":["Clothesline","Sever Soul","Rampage"],"picked":"Thunderclap","floor":20},{"not_picked":["Twin Strike","Body Slam+1","ReplayTheSpireMod:Stacked+1"],"picked":"Burning Pact","floor":23},{"not_picked":["Inflame","Havoc+1","Perfected Strike"],"picked":"Iron Wave+1","floor":25},{"not_picked":["Flame Barrier","ReplayTheSpireMod:Corrosion Curse","Sever Soul"],"picked":"Battle Trance+1","floor":27},{"not_picked":["Limit Break","Infernal Blade+1","Twin Strike"],"picked":"ReplayTheSpireMod:Muscle Training+1","floor":31},{"not_picked":["Feed","Double Tap","Demon Form"],"picked":"Bludgeon","floor":33},{"not_picked":["Body Slam","ReplayTheSpireMod:LeadingStrike","Rupture"],"picked":"Ghostly Armor","floor":34},{"not_picked":["Warcry","Body Slam+1","Sever Soul"],"picked":"Replay:Undeath\u0027s Touch+1","floor":35},{"not_picked":["ReplayTheSpireMod:Chaos Vortex","ReplayTheSpireMod:??????????????????????"],"picked":"infinitespire:FutureSight","floor":36},{"not_picked":["Armaments+1","Carnage+1","Perfected Strike"],"picked":"Pommel Strike","floor":38},{"not_picked":["Evolve","Thunderclap+1","Replay:Undeath\u0027s Touch"],"picked":"Flame Barrier","floor":39},{"not_picked":["Seeing Red+1","Rupture+1","Anger"],"picked":"Shrug It Off+1","floor":40},{"not_picked":["Replay:Undeath\u0027s Touch","Whirlwind","Pommel Strike"],"picked":"Flex+1","floor":41},{"not_picked":["Twin Strike","Power Through","Reckless Charge"],"picked":"Replay:Undeath\u0027s Touch+1","floor":45},{"not_picked":["Berserk","True Grit","Pommel Strike"],"picked":"Rage","floor":46},{"not_picked":["Combust+1","Twin Strike+1","Seeing Red"],"picked":"Perfected Strike+1","floor":48}],"player_experience":20121,"relics_obtained":[{"floor":6,"key":"Red Skull"},{"floor":7,"key":"ReplayTheSpireMod:TigerMarble"},{"floor":9,"key":"Replay:Rubber Ducky"},{"floor":10,"key":"ReplayFunnel"},{"floor":13,"key":"Gremlin Food"},{"floor":23,"key":"Replay:Wax Seal"},{"floor":25,"key":"Runesmith:Nanobots"},{"floor":26,"key":"Bag of Preparation"},{"floor":37,"key":"ReplayTheSpireMod:Shallot"},{"floor":40,"key":"Blue Doll"},{"floor":43,"key":"infinitespire:Eraser"},{"floor":47,"key":"Whetstone"}],"event_choices":[{"damage_healed":0,"gold_gain":0,"player_choice":"Entered Light","damage_taken":16,"max_hp_gain":0,"max_hp_loss":0,"event_name":"Shining Light","floor":2,"gold_loss":0,"cards_upgraded":["Defend_R","Strike_R"]},{"damage_healed":0,"gold_gain":0,"player_choice":"Take Damage","damage_taken":20,"relics_obtained":["Golden Idol"],"max_hp_gain":0,"max_hp_loss":0,"event_name":"Golden Idol","floor":8,"gold_loss":0},{"damage_healed":0,"gold_gain":0,"player_choice":"Cursed","damage_taken":0,"max_hp_gain":0,"max_hp_loss":0,"event_name":"Wheel of Change","floor":21,"gold_loss":0,"cards_obtained":["Decay"]},{"damage_healed":0,"gold_gain":0,"player_choice":"Ignored","damage_taken":0,"max_hp_gain":0,"max_hp_loss":0,"event_name":"Cursed Tome","floor":30,"gold_loss":0}],"is_beta":false,"boss_relics":[{"not_picked":["ReplayTheSpireMod:DimensionalGlitch","bronze:MakeshiftBattery"],"picked":"Honey Jar"},{"not_picked":["Replay:Grab Bag","Replay:Ancient Bell"],"picked":"Tiny House"}],"items_purged_floors":[22],"is_endless":false,"potions_floor_spawned":[1,5,13,14,16,18,23,31,33,40,45,46,48],"ascension_level":0}}