{"host":"t39frk1gt0zfm79h","time":1614217889,"event":{"mods":["BaseMod","Better Altar","Better Match","Better Note","Better Sensory Stone","Better Skull","Better Third Choice","Block Reminder","Colored Map","Downfall","Hermit","Minty Spire (QoL Compilation)","Relic Stats","StSLib"],"gold_per_floor":[112,130,145,145,145,173,173,61,85,111,123,123,149,169,169,268,268,280,299,41,41,55,55,70,70,94,106,106,121,85,116,116,116,116],"floor_reached":33,"language":"ENG","playtime":1373,"items_purged":["Strike_R"],"score":328,"play_id":"b022d981-8e25-435d-8a95-ea698ebd46af","local_time":"20210224175129","is_ascension_mode":true,"campfire_choices":[{"floor":7,"key":"REST"},{"floor":12,"key":"REST"},{"data":"Bloodletting","floor":15,"key":"SMITH"},{"floor":23,"key":"REST"},{"data":"Rage","floor":25,"key":"SMITH"},{"floor":32,"key":"REST"}],"circlet_count":0,"master_deck":["Defend_R","Defend_R","Defend_R","Defend_R","Bash","Blood for Blood","Anger","Hemokinesis","Blood for Blood","Malaise+1","Pommel Strike+1","Rupture","Bloodletting+1","Rage+1","True Grit","Headbutt+1","Brutality","Dark Embrace","Intimidate","Pommel Strike","Rage+1","Ghostly Armor","Insight","Burning Pact","Rupture","Power Through"],"relics":["Empty Cage","Potion Belt","Letter Opener","Orichalcum","Dream Catcher","Whetstone","Velvet Choker","Medical Kit","Toy Ornithopter","Girya"],"acts_visited":["Exordium","TheCity"],"potions_floor_usage":[6,13,16,19,31,33,33],"damage_taken":[{"damage":1,"enemies":"Cultist","floor":1,"turns":3},{"damage":2,"enemies":"Small Slimes","floor":2,"turns":4},{"damage":0,"enemies":"2 Louse","floor":3,"turns":3},{"damage":29,"enemies":"3 Sentries","floor":6,"turns":6},{"damage":8,"enemies":"Lagavulin","floor":10,"turns":5},{"damage":3,"enemies":"Blue Slaver","floor":11,"turns":4},{"damage":10,"enemies":"3 Sentries","floor":13,"turns":8},{"damage":3,"enemies":"Large Slime","floor":14,"turns":4},{"damage":30,"enemies":"The Guardian","floor":16,"turns":7},{"damage":8,"enemies":"Chosen","floor":18,"turns":4},{"damage":19,"enemies":"2 Thieves","floor":19,"turns":3},{"damage":15,"enemies":"Cultist and Chosen","floor":22,"turns":6},{"damage":21,"enemies":"Shelled Parasite and Fungi","floor":24,"turns":5},{"damage":6,"enemies":"Snake Plant","floor":27,"turns":5},{"damage":6,"enemies":"Snecko","floor":29,"turns":5},{"damage":29,"enemies":"Slavers","floor":31,"turns":4},{"damage":43,"enemies":"Automaton","floor":33,"turns":6}],"seed_played":"-1227359736815501222","potions_obtained":[{"floor":2,"key":"Explosive Potion"},{"floor":3,"key":"sneckomod:MuddlingPotion"},{"floor":10,"key":"SteroidPotion"},{"floor":16,"key":"Fire Potion"},{"floor":19,"key":"Explosive Potion"},{"floor":27,"key":"CultistPotion"},{"floor":31,"key":"Dexterity Potion"}],"is_trial":false,"path_per_floor":["M","M","M","?","?","E","R","$","T","E","M","R","E","M","R","B",null,"M","M","$","?","M","R","M","R","T","M","?","M","$","E","R","B"],"character_chosen":"IRONCLAD","items_purchased":["Rupture","Bloodletting","Medical Kit","Dark Embrace","Rupture"],"campfire_rested":4,"item_purchase_floors":[8,8,20,20,30],"current_hp_per_floor":[79,77,77,77,45,16,40,40,40,32,29,53,43,40,40,10,80,72,53,53,53,38,62,41,41,41,35,35,29,29,5,29,0,0],"gold":116,"neow_bonus":"BOSS_RELIC","is_daily":false,"chose_seed":false,"campfire_upgraded":2,"win_rate":0.0,"timestamp":1614217889,"path_taken":["M","M","?","?","?","E","R","$","T","E","M","R","E","M","R","BOSS","M","M","$","?","M","R","M","R","T","M","?","M","$","E","R","BOSS"],"items_purchased_type":["Card","Card","Relic","Card","Card"],"build_version":"2020-12-22","purchased_purges":1,"victory":false,"max_hp_per_floor":[80,80,80,80,80,80,80,80,80,80,80,80,80,80,80,80,80,80,80,80,80,80,80,80,80,80,80,80,80,80,80,80,80,80],"relic_stats":{"Dream Catcher":3,"counters":[17,82],"Letter Opener":[80],"Whetstone":["Pommel Strike","Headbutt"],"Orichalcum":[138],"Medical Kit":[2],"obtain_stats":[{"Potion Belt":5,"Girya":31,"Dream Catcher":10,"Velvet Choker":17,"Letter Opener":6,"Whetstone":13,"Orichalcum":9,"Empty Cage":0,"Medical Kit":20,"Burning Blood":0,"Toy Ornithopter":26},{"Potion Belt":3,"Girya":16,"Dream Catcher":5,"Velvet Choker":9,"Letter Opener":4,"Whetstone":7,"Orichalcum":4,"Empty Cage":0,"Medical Kit":11,"Burning Blood":0,"Toy Ornithopter":13},{"Potion Belt":10,"Girya":76,"Dream Catcher":21,"Velvet Choker":44,"Letter Opener":16,"Whetstone":33,"Orichalcum":16,"Empty Cage":0,"Medical Kit":51,"Burning Blood":0,"Toy Ornithopter":62}],"Toy Ornithopter":15},"card_choices":[{"not_picked":["Headbutt","Infernal Blade"],"picked":"Blood for Blood","floor":1},{"not_picked":["Body Slam","Thunderclap"],"picked":"Anger","floor":2},{"not_picked":["Armaments","Clash"],"picked":"Hemokinesis","floor":3},{"not_picked":["Second Wind","Offering"],"picked":"Pommel Strike","floor":6},{"not_picked":["Clash","Armaments"],"picked":"Rage","floor":10},{"not_picked":["Infernal Blade","Sword Boomerang"],"picked":"True Grit","floor":11},{"not_picked":["Wild Strike","Clothesline"],"picked":"Clash","floor":12},{"not_picked":["Pommel Strike","Anger"],"picked":"Headbutt","floor":13},{"not_picked":["Flex","Pommel Strike","Clothesline"],"picked":"SKIP","floor":14},{"not_picked":["Barricade","Immolate"],"picked":"Brutality","floor":16},{"not_picked":["Clash","Carnage","Body Slam"],"picked":"SKIP","floor":18},{"not_picked":["Wild Strike+1","Pommel Strike","Thunderclap"],"picked":"SKIP","floor":19},{"not_picked":["Anger","Sever Soul","Flex"],"picked":"SKIP","floor":22},{"not_picked":["Sever Soul","Iron Wave"],"picked":"Rage+1","floor":24},{"not_picked":["Searing Blow+1","Body Slam+1"],"picked":"Ghostly Armor","floor":27},{"not_picked":["Uppercut","Flame Barrier"],"picked":"Burning Pact","floor":29},{"not_picked":["Impervious","Twin Strike"],"picked":"Power Through","floor":31}],"player_experience":29978,"relics_obtained":[{"floor":6,"key":"Letter Opener"},{"floor":9,"key":"Orichalcum"},{"floor":10,"key":"Dream Catcher"},{"floor":13,"key":"Whetstone"},{"floor":26,"key":"Toy Ornithopter"},{"floor":31,"key":"Girya"}],"event_choices":[{"damage_healed":0,"gold_gain":0,"cards_transformed":["Strike_R"],"player_choice":"Change","damage_taken":0,"max_hp_gain":0,"max_hp_loss":0,"event_name":"Living Wall","floor":4,"gold_loss":0,"cards_obtained":["Blood for Blood"]},{"damage_healed":0,"gold_gain":0,"cards_transformed":["Strike_R","Clash"],"player_choice":"Became Test Subject","damage_taken":0,"max_hp_gain":0,"max_hp_loss":0,"event_name":"Drug Dealer","floor":21,"gold_loss":0,"cards_obtained":["Intimidate","Pommel Strike"]},{"damage_healed":0,"gold_gain":0,"player_choice":"Insight","damage_taken":0,"max_hp_gain":0,"max_hp_loss":0,"event_name":"betterThird:BetterWriting","floor":28,"gold_loss":0,"cards_obtained":["Insight"]}],"is_beta":false,"boss_relics":[{"not_picked":["Philosopher\u0027s Stone","bronze:MakeshiftBattery"],"picked":"Velvet Choker"}],"items_purged_floors":[20],"is_endless":false,"potions_floor_spawned":[2,3,10,16,19,27,31],"killed_by":"Automaton","ascension_level":1}}