{"host":"u1ja96cwu1wu8jpx","time":1614291025,"event":{"mods":["BaseMod","Better Match","Colored Map","Minty Spire (QoL Compilation)","Permanent Neow","StSLib"],"gold_per_floor":[112,37,50,50,78,137,149,188,225,247,259,271,312,37,37,135,135,151,162,162,178,58,58,58],"floor_reached":23,"language":"ENG","playtime":2296,"items_purged":["Defend_B"],"score":209,"play_id":"8c326f62-7b2d-4695-a85c-edf9ac72c072","local_time":"20210225171025","is_ascension_mode":true,"campfire_choices":[{"floor":11.0,"key":"REST"},{"floor":15.0,"key":"REST"}],"circlet_count":0,"master_deck":["Strike_B","Strike_B","Strike_B","Defend_B","Defend_B","Defend_B","Zap","Dualcast","Conserve Battery","Sunder","Static Discharge","Self Repair","Chaos","Capacitor","Thunder Strike","Capacitor","Loop","Self Repair","Leap"],"relics":["Cracked Core","Lantern","MawBank","Orichalcum","WarpedTongs","Juzu Bracelet","MealTicket","Odd Mushroom","White Beast Statue","Empty Cage"],"acts_visited":["Exordium","TheCity"],"potions_floor_usage":[18,19,23,23],"damage_taken":[{"damage":0.0,"enemies":"Cultist","floor":1.0,"turns":3.0},{"damage":2.0,"enemies":"2 Louse","floor":3.0,"turns":2.0},{"damage":9.0,"enemies":"Small Slimes","floor":5.0,"turns":2.0},{"damage":17.0,"enemies":"3 Sentries","floor":6.0,"turns":6.0},{"damage":30.0,"enemies":"Lagavulin","floor":8.0,"turns":5.0},{"damage":7.0,"enemies":"Looter","floor":10.0,"turns":3.0},{"damage":1.0,"enemies":"The Mushroom Lair","floor":13.0,"turns":4.0},{"damage":53.0,"enemies":"Hexaghost","floor":16.0,"turns":8.0},{"damage":18,"enemies":"Chosen","floor":18,"turns":5},{"damage":26,"enemies":"2 Thieves","floor":19,"turns":4},{"damage":30,"enemies":"Snake Plant","floor":21,"turns":5},{"damage":33,"enemies":"Gremlin Leader","floor":23,"turns":7}],"seed_played":"4281843297368533523","potions_obtained":[{"floor":3.0,"key":"ColorlessPotion"},{"floor":5.0,"key":"SpeedPotion"},{"floor":13.0,"key":"SteroidPotion"},{"floor":16.0,"key":"SkillPotion"},{"floor":18,"key":"FocusPotion"},{"floor":19,"key":"Explosive Potion"},{"floor":21,"key":"Explosive Potion"}],"is_trial":false,"path_per_floor":["M","$","M","?","M","E","?","E","T","M","R","?","?","$","R","B",null,"M","M","?","M","$","E"],"character_chosen":"DEFECT","items_purchased":["White Beast Statue","Capacitor","Self Repair","Leap"],"campfire_rested":2,"item_purchase_floors":[14,14,22,22],"current_hp_per_floor":[75,75,73,73,64,47,47,17,17,10,32,25,34,49,71,18,75,57,38,38,18,33,0,0],"gold":58,"neow_bonus":"RANDOM_COMMON_RELIC","is_daily":false,"chose_seed":false,"campfire_upgraded":0,"win_rate":0.0,"timestamp":1614291025,"path_taken":["M","$","M","?","M","E","?","E","T","M","R","?","?","$","R","BOSS","M","M","?","M","$","E"],"items_purchased_type":["Relic","Card","Card","Card"],"build_version":"2020-12-22","purchased_purges":1,"victory":false,"max_hp_per_floor":[75,75,75,75,75,75,75,75,75,75,75,75,75,75,75,75,75,75,75,75,75,75,75,75],"card_choices":[{"not_picked":["Go for the Eyes","Stack"],"picked":"Conserve Battery","floor":1.0},{"not_picked":["Steam","Cold Snap"],"picked":"Sunder","floor":3.0},{"not_picked":["Redo","Steam"],"picked":"Static Discharge","floor":5.0},{"not_picked":["Undo","Fusion","Redo"],"picked":"SKIP","floor":6.0},{"not_picked":["Blizzard","Stack","Creative AI"],"picked":"SKIP","floor":8.0},{"not_picked":["Gash","Reprogram"],"picked":"Self Repair","floor":10.0},{"not_picked":["Turbo","Aggregate"],"picked":"Chaos","floor":13.0},{"not_picked":["Multi-Cast","Electrodynamics"],"picked":"Thunder Strike","floor":16.0},{"not_picked":["Beam Cell","Hologram"],"picked":"Capacitor","floor":18},{"not_picked":["Sweeping Beam","Auto Shields"],"picked":"Loop","floor":19},{"not_picked":["Steam","Turbo+1","Skim"],"picked":"SKIP","floor":21}],"player_experience":499009,"relics_obtained":[{"floor":6.0,"key":"Orichalcum"},{"floor":8.0,"key":"Juzu Bracelet"},{"floor":9.0,"key":"MealTicket"},{"floor":13.0,"key":"Odd Mushroom"}],"event_choices":[{"damage_healed":0.0,"max_hp_gain":0.0,"max_hp_loss":0.0,"gold_gain":0.0,"event_name":"Big Fish","player_choice":"Box","floor":4.0,"gold_loss":0.0,"damage_taken":0.0,"relics_obtained":["MawBank"],"cards_obtained":["Regret"]},{"damage_healed":0.0,"max_hp_gain":0.0,"max_hp_loss":0.0,"gold_gain":0.0,"event_name":"Accursed Blacksmith","player_choice":"Rummage","floor":7.0,"gold_loss":0.0,"damage_taken":0.0,"relics_obtained":["WarpedTongs"],"cards_obtained":["Pain"]},{"cards_removed":["Pain"],"damage_healed":0.0,"max_hp_gain":0.0,"max_hp_loss":0.0,"gold_gain":0.0,"event_name":"Golden Wing","player_choice":"Card Removal","floor":12.0,"gold_loss":0.0,"damage_taken":7.0},{"damage_healed":0.0,"max_hp_gain":0.0,"max_hp_loss":0.0,"gold_gain":0.0,"event_name":"Mushrooms","player_choice":"Fought Mushrooms","floor":13.0,"gold_loss":0.0,"damage_taken":0.0},{"damage_healed":0,"gold_gain":0,"player_choice":"Ignored","damage_taken":0,"max_hp_gain":0,"max_hp_loss":0,"event_name":"Cursed Tome","floor":20,"gold_loss":0}],"is_beta":false,"boss_relics":[{"not_picked":["Philosopher\u0027s Stone","Astrolabe"],"picked":"Empty Cage"}],"items_purged_floors":[2],"is_endless":false,"potions_floor_spawned":[3,5,13,16,18,19,21],"killed_by":"Gremlin Leader","ascension_level":1}}