{"host":"jt67skv49snb75sm","time":1614290790,"event":{"mods":["BaseMod","Bestiary","Minty Spire (QoL Compilation)","Relic Stats"],"gold_per_floor":[116,116,191,191,191,191,191],"floor_reached":6,"language":"ENG","playtime":257,"items_purged":[],"score":64,"play_id":"ba415990-e6cb-4637-9ca8-b658f1f12ca5","local_time":"20210225230630","is_ascension_mode":true,"campfire_choices":[],"circlet_count":0,"master_deck":["AscendersBane","Strike_G","Strike_G","Strike_G","Strike_G","Strike_G","Defend_G","Defend_G","Defend_G","Defend_G","Defend_G","Survivor","Neutralize","Dash","Injury"],"relics":["Ring of the Snake","Oddly Smooth Stone","Darkstone Periapt","Golden Idol","Strawberry"],"acts_visited":["Exordium"],"potions_floor_usage":[6],"damage_taken":[{"damage":0,"enemies":"Cultist","floor":1,"turns":5},{"damage":48,"enemies":"3 Sentries","floor":6,"turns":14}],"seed_played":"4880217280004698189","potions_obtained":[{"floor":1,"key":"Block Potion"}],"is_trial":false,"path_per_floor":["M","?","?","?","T","E"],"character_chosen":"THE_SILENT","items_purchased":[],"campfire_rested":0,"item_purchase_floors":[],"current_hp_per_floor":[59,48,37,43,50,2,2],"gold":191,"neow_bonus":"RANDOM_COMMON_RELIC","is_daily":false,"chose_seed":false,"campfire_upgraded":0,"win_rate":0.0,"timestamp":1614290790,"path_taken":["M","?","?","?","?","E"],"items_purchased_type":[],"build_version":"2020-12-22","purchased_purges":0,"victory":false,"max_hp_per_floor":[66,66,66,72,79,79,79],"relic_stats":{"Darkstone Periapt":6,"counters":[2,19],"Golden Idol":0,"obtain_stats":[{"Darkstone Periapt":2,"Golden Idol":4,"Strawberry":5,"Oddly Smooth Stone":0,"Ring of the Snake":0},{"Darkstone Periapt":1,"Golden Idol":1,"Strawberry":1,"Oddly Smooth Stone":0,"Ring of the Snake":0},{"Darkstone Periapt":5,"Golden Idol":5,"Strawberry":5,"Oddly Smooth Stone":0,"Ring of the Snake":0}],"Ring of the Snake":[4]},"card_choices":[{"not_picked":["Quick Slash","Choke"],"picked":"Dash","floor":1}],"player_experience":912179,"relics_obtained":[{"floor":5,"key":"Strawberry"}],"event_choices":[{"damage_healed":0,"gold_gain":0,"player_choice":"Success","damage_taken":11,"relics_obtained":["Darkstone Periapt"],"max_hp_gain":0,"max_hp_loss":0,"event_name":"Scrap Ooze","floor":2,"gold_loss":0},{"damage_healed":0,"gold_gain":75,"player_choice":"Gather Gold","damage_taken":11,"max_hp_gain":0,"max_hp_loss":0,"event_name":"World of Goop","floor":3,"gold_loss":0},{"damage_healed":0,"gold_gain":0,"player_choice":"Take Wound","damage_taken":0,"relics_obtained":["Golden Idol"],"max_hp_gain":0,"max_hp_loss":0,"event_name":"Golden Idol","floor":4,"gold_loss":0,"cards_obtained":["Injury"]}],"is_beta":false,"boss_relics":[],"items_purged_floors":[],"is_endless":false,"potions_floor_spawned":[1],"killed_by":"3 Sentries","ascension_level":20}}