{"host":"bf5upntvbdompq33","time":1614227871,"event":{"mods":["BaseMod","Bestiary","Colored Map","Colored Powertips","Curses Come First","Highlight Path","Minty Spire (QoL Compilation)","StSLib","ojb\u0027s Info Mod"],"gold_per_floor":[119,135,135,152,168,203,203,203,203],"floor_reached":8,"language":"ENG","playtime":303,"items_purged":[],"score":102,"play_id":"987762f6-09ce-4151-8196-f44d592933e5","local_time":"20210224213751","is_ascension_mode":true,"campfire_choices":[{"floor":7,"key":"REST"}],"circlet_count":0,"master_deck":["AscendersBane","Strike_R","Strike_R","Strike_R","Strike_R","Defend_R","Defend_R","Defend_R","Defend_R","Bash","Metallicize","Feel No Pain","Second Wind","Fiend Fire","Disarm"],"relics":["Burning Blood","NeowsBlessing","Toy Ornithopter"],"acts_visited":["Exordium"],"potions_floor_usage":[6],"damage_taken":[{"damage":0,"enemies":"Cultist","floor":1,"turns":1},{"damage":0,"enemies":"2 Louse","floor":2,"turns":2},{"damage":0,"enemies":"Small Slimes","floor":4,"turns":2},{"damage":20,"enemies":"3 Louse","floor":5,"turns":7},{"damage":34,"enemies":"Gremlin Nob","floor":6,"turns":5},{"damage":56,"enemies":"Lagavulin","floor":8,"turns":7}],"seed_played":"-6493274521079621897","potions_obtained":[{"floor":2,"key":"SpeedPotion"},{"floor":4,"key":"Fire Potion"}],"is_trial":false,"path_per_floor":["M","M","?","M","M","E","R","E"],"character_chosen":"IRONCLAD","items_purchased":[],"campfire_rested":1,"item_purchase_floors":[],"current_hp_per_floor":[74,75,75,75,61,33,55,0,0],"gold":203,"neow_bonus":"THREE_ENEMY_KILL","is_daily":false,"chose_seed":false,"campfire_upgraded":0,"win_rate":0.0,"timestamp":1614227871,"path_taken":["M","M","?","M","?","E","R","E"],"items_purchased_type":[],"build_version":"2020-12-22","purchased_purges":0,"victory":false,"max_hp_per_floor":[75,75,75,75,75,75,75,75,75],"card_choices":[{"not_picked":["Clash","True Grit"],"picked":"Metallicize","floor":1},{"not_picked":["Whirlwind","Twin Strike"],"picked":"Feel No Pain","floor":2},{"not_picked":["Iron Wave","Anger"],"picked":"Second Wind","floor":4},{"not_picked":["Rampage","Thunderclap"],"picked":"Fiend Fire","floor":5},{"not_picked":["Heavy Blade","Second Wind"],"picked":"Disarm","floor":6}],"player_experience":1737265,"relics_obtained":[{"floor":6,"key":"Toy Ornithopter"}],"event_choices":[{"cards_removed":["Strike_R"],"damage_healed":0,"gold_gain":0,"player_choice":"Purged","damage_taken":0,"max_hp_gain":0,"max_hp_loss":0,"event_name":"Purifier","floor":3,"gold_loss":0}],"is_beta":false,"boss_relics":[],"items_purged_floors":[],"is_endless":false,"potions_floor_spawned":[2,4,5],"killed_by":"Lagavulin","ascension_level":15}}