{"host":"4gkev1dtxxhiue3x","time":1614241078,"event":{"mods":["AchievementEnabler","BaseMod","Better Altar","Better Match","Better Note","Better Sensory Stone","Better Skull","Better Third Choice","Colored Powertips","Friendly Minions","Hermit","Minty Spire (QoL Compilation)","Relic Stats","Robot Space Explorer","Shop Mod","StSLib","The Disciple","The Hierophant"],"gold_per_floor":[114,133,148,0,12,12,47,47,72,72,85,35,46,61,61,157,157,167,167,167],"floor_reached":19,"language":"ENG","playtime":1025,"items_purged":[],"score":222,"play_id":"85332ac8-9999-4198-b3ec-d2d5f83c17cd","local_time":"20210225091758","is_ascension_mode":true,"campfire_choices":[{"data":"Genetic Algorithm","floor":6,"key":"SMITH"},{"data":"Tempest","floor":8,"key":"SMITH"},{"data":"Go for the Eyes","floor":10,"key":"SMITH"},{"data":"Beam Cell","floor":15,"key":"SMITH"}],"circlet_count":0,"master_deck":["Strike_B","Defend_B","Defend_B","Defend_B","Defend_B","Zap","Dualcast","Coolheaded","Genetic Algorithm+1","Tempest+1","Beam Cell+1","Hello World","Turbo","Chaos","Streamline","Streamline","Go for the Eyes+1","Core Surge","Gash"],"relics":["Busted Crown","Orrery","Happy Flower","Bronze Scales","Empty Cage"],"acts_visited":["Exordium","TheCity"],"potions_floor_usage":[16],"damage_taken":[{"damage":0,"enemies":"Cultist","floor":1,"turns":3},{"damage":0,"enemies":"Small Slimes","floor":2,"turns":4},{"damage":1,"enemies":"Jaw Worm","floor":3,"turns":5},{"damage":7,"enemies":"2 Fungi Beasts","floor":5,"turns":4},{"damage":13,"enemies":"3 Sentries","floor":7,"turns":5},{"damage":5,"enemies":"Large Slime","floor":11,"turns":3},{"damage":12,"enemies":"Blue Slaver","floor":13,"turns":3},{"damage":12,"enemies":"3 Louse","floor":14,"turns":2},{"damage":2,"enemies":"Slime Boss","floor":16,"turns":6},{"damage":19,"enemies":"2 Thieves","floor":18,"turns":4}],"seed_played":"-6193431215355145818","potions_obtained":[{"floor":2,"key":"FocusPotion"},{"floor":3,"key":"FearPotion"},{"floor":7,"key":"SteroidPotion"},{"floor":11,"key":"Strength Potion"}],"is_trial":false,"path_per_floor":["M","M","M","$","M","R","E","R","T","R","M","?","M","M","R","B",null,"M","$"],"character_chosen":"DEFECT","items_purchased":["Orrery"],"campfire_rested":0,"item_purchase_floors":[4],"current_hp_per_floor":[68,68,67,67,60,60,47,47,47,47,42,42,30,18,18,16,60,41,41,41],"gold":167,"neow_bonus":"BOSS_RELIC","is_daily":false,"chose_seed":false,"campfire_upgraded":4,"win_rate":0.0,"timestamp":1614241078,"path_taken":["M","M","M","$","?","R","E","R","T","R","M","?","M","M","R","BOSS","M","$"],"items_purchased_type":["Relic"],"build_version":"2020-12-22","purchased_purges":0,"victory":false,"max_hp_per_floor":[75,75,75,75,75,75,75,75,75,75,75,75,75,75,75,75,75,75,75,75],"relic_stats":{"Busted Crown":30,"Happy Flower":[6],"counters":[10,39],"Bronze Scales":[31],"obtain_stats":[{"Busted Crown":0,"Happy Flower":7,"Bronze Scales":9,"Orrery":4,"Cracked Core":0,"Empty Cage":17},{"Busted Crown":0,"Happy Flower":5,"Bronze Scales":5,"Orrery":3,"Cracked Core":0,"Empty Cage":9},{"Busted Crown":0,"Happy Flower":21,"Bronze Scales":21,"Orrery":12,"Cracked Core":0,"Empty Cage":35}]},"card_choices":[{"not_picked":[],"picked":"Coolheaded","floor":1},{"not_picked":[],"picked":"Genetic Algorithm","floor":2},{"not_picked":[],"picked":"Tempest","floor":3},{"not_picked":[],"picked":"Beam Cell","floor":4},{"not_picked":[],"picked":"Hello World","floor":4},{"not_picked":[],"picked":"Turbo","floor":4},{"not_picked":[],"picked":"Chaos","floor":4},{"not_picked":[],"picked":"Streamline","floor":4},{"not_picked":[],"picked":"Streamline","floor":5},{"not_picked":[],"picked":"Go for the Eyes","floor":7},{"not_picked":["Darkness"],"picked":"SKIP","floor":11},{"not_picked":["Ball Lightning"],"picked":"SKIP","floor":13},{"not_picked":["Lockon"],"picked":"SKIP","floor":14},{"not_picked":[],"picked":"Core Surge","floor":16},{"not_picked":[],"picked":"Gash","floor":18}],"player_experience":283718,"relics_obtained":[{"floor":7,"key":"Happy Flower"},{"floor":9,"key":"Bronze Scales"}],"event_choices":[{"cards_removed":["Strike_B"],"damage_healed":0,"gold_gain":0,"player_choice":"Card Removal","damage_taken":0,"max_hp_gain":0,"max_hp_loss":0,"event_name":"The Cleric","floor":12,"gold_loss":50}],"is_beta":false,"boss_relics":[{"not_picked":["Coffee Dripper","Tiny House"],"picked":"Empty Cage"}],"items_purged_floors":[],"is_endless":false,"potions_floor_spawned":[2,3,7,11],"ascension_level":6}}