{"host":"5dk97cf2ubw2v967","time":1614257114,"event":{"mods":["AlwaysNeverKeys","BaseMod","Better Altar","Better Vampires","Block Reminder","Card Filter","Colored Powertips","Downfall","Googly Eyes","Highlight Path","Minty Spire (QoL Compilation)","Permanent Neow","Potion Indicator Mod","Quick Restart","Relic Filter","Relic Stats","Say the Spire","Spicy Shops","StSLib","Waifu the Spire","everything is the same but u backflip on backflip"],"gold_per_floor":[114,114,129,144,15,15,44,44,44,78,98,47,57,82,82,82,82],"floor_reached":16,"language":"ENG","playtime":612,"items_purged":["Defend_G"],"score":290,"play_id":"90613b1b-2b53-4992-af9f-08fb5fbf6480","local_time":"20210225124514","is_ascension_mode":true,"campfire_choices":[{"data":"Envenom","floor":6.0,"key":"SMITH"},{"floor":8,"key":"REST"},{"data":"Venomology","floor":15,"key":"SMITH"}],"circlet_count":0,"master_deck":["AscendersBane","Strike_G","Strike_G","Strike_G","Strike_G","Defend_G","Defend_G","Defend_G","Defend_G","Survivor","Neutralize","Envenom+1","Bane","Riddle With Holes","Catalyst","Sucker Punch","Venomology+1","Blade Dance","Dagger Spray","Bane","PiercingWail"],"relics":["Ring of the Snake","InkBottle","Tough Bandages","Snake Skull","Centennial Puzzle"],"acts_visited":["Exordium"],"potions_floor_usage":[7,10,11,13,14,14,16,16,16,16],"damage_taken":[{"damage":6.0,"enemies":"2 Louse","floor":1.0,"turns":3.0},{"damage":0.0,"enemies":"Cultist","floor":3.0,"turns":3.0},{"damage":0.0,"enemies":"Small Slimes","floor":4.0,"turns":4.0},{"damage":17,"enemies":"Lagavulin","floor":7,"turns":5},{"damage":0,"enemies":"Gremlin Nob","floor":10,"turns":3},{"damage":2,"enemies":"3 Louse","floor":11,"turns":4},{"damage":0,"enemies":"Lots of Slimes","floor":13,"turns":3},{"damage":12,"enemies":"Lagavulin","floor":14,"turns":5},{"damage":26,"enemies":"The Guardian","floor":16,"turns":5}],"seed_played":"3769484236051507518","potions_obtained":[{"floor":3.0,"key":"LiquidBronze"},{"floor":7,"key":"hexamod:SoulburnPotion"},{"floor":11,"key":"Strength Potion"},{"floor":14,"key":"EntropicBrew"}],"is_trial":false,"path_per_floor":["M","?","M","M","$","R","E","R","T","E","M","$","M","E","R","B"],"character_chosen":"THE_SILENT","items_purchased":["SkillPotion","Dagger Spray"],"campfire_rested":1,"item_purchase_floors":[5,12],"current_hp_per_floor":[38,38,38,38,38,38,21,40,40,40,38,38,38,26,26,0,0],"gold":82,"neow_bonus":"THREE_RARE_CARDS","is_daily":false,"chose_seed":false,"campfire_upgraded":2,"win_rate":0.0,"timestamp":1614257114,"path_taken":["M","?","?","M","?","R","E","R","T","E","M","$","M","E","R","BOSS"],"items_purchased_type":["Potion","Card"],"build_version":"2020-12-22","purchased_purges":1,"victory":false,"max_hp_per_floor":[66,66,66,66,66,66,66,66,66,66,66,66,66,66,66,66,66],"relic_stats":{"Tough Bandages":[9],"Centennial Puzzle":[3],"counters":[9,35],"Snake Skull":[24],"obtain_stats":[{"Tough Bandages":9,"Centennial Puzzle":14,"Snake Skull":10,"InkBottle":7,"Ring of the Snake":0},{"Tough Bandages":4,"Centennial Puzzle":8,"Snake Skull":5,"InkBottle":4,"Ring of the Snake":0},{"Tough Bandages":15,"Centennial Puzzle":30,"Snake Skull":18,"InkBottle":15,"Ring of the Snake":0}],"InkBottle":[3],"Ring of the Snake":[18]},"card_choices":[{"not_picked":["Bullet Time","Storm of Steel"],"picked":"Envenom","floor":0.0},{"not_picked":["Poisoned Stab","Underhanded Strike"],"picked":"Bane","floor":1.0},{"not_picked":["PiercingWail","Footwork"],"picked":"Riddle With Holes","floor":3.0},{"not_picked":["Backflip","Dodge and Roll"],"picked":"Catalyst","floor":4.0},{"not_picked":["Deadly Poison","Quick Slash","Sucker Punch"],"picked":"SKIP","floor":7},{"not_picked":["Deadly Poison","Quick Slash"],"picked":"Sucker Punch","floor":7},{"not_picked":["Slice","Flying Knee"],"picked":"Venomology","floor":10},{"not_picked":["Prepared","Quick Slash"],"picked":"Blade Dance","floor":11},{"not_picked":["Prepared","Poisoned Stab"],"picked":"Bane","floor":13},{"not_picked":["Deadly Poison","Predator"],"picked":"PiercingWail","floor":14}],"player_experience":1354201,"relics_obtained":[{"floor":7,"key":"InkBottle"},{"floor":9,"key":"Tough Bandages"},{"floor":10,"key":"Snake Skull"},{"floor":14,"key":"Centennial Puzzle"}],"event_choices":[{"cards_removed":["Strike_G"],"damage_healed":0.0,"max_hp_gain":0.0,"max_hp_loss":0.0,"gold_gain":0.0,"event_name":"Bonfire Elementals","player_choice":"Offered Basic","floor":2.0,"gold_loss":0.0,"damage_taken":0.0}],"is_beta":false,"boss_relics":[],"items_purged_floors":[5],"is_endless":false,"potions_floor_spawned":[3,7,11,14],"killed_by":"The Guardian","ascension_level":20}}