{"host":"x3688v8yj57o2b0e","time":1614293518,"event":{"mods":["BaseMod","Curses Come First","Minty Spire (QoL Compilation)","Morshu Shopkeeper","Morshu Shopkeeper - ENHANCED","StSLib"],"gold_per_floor":[119,17,17,37,37,37,54,64,89,105,105,105],"floor_reached":11,"language":"ENG","playtime":384,"items_purged":[],"score":75,"play_id":"fd928410-74c6-454c-92d5-3e46618466c0","local_time":"20210225175158","is_ascension_mode":true,"campfire_choices":[{"data":"Forethought","floor":6,"key":"SMITH"}],"circlet_count":0,"master_deck":["Strike_P","Strike_P","Strike_P+1","Strike_P+1","Defend_P","Defend_P","Defend_P","Defend_P","Eruption","Vigilance","FearNoEvil","FlyingSleeves","EmptyMind","ClearTheMind","Forethought+1","Wireheading","JustLucky","WaveOfTheHand"],"relics":["Velvet Choker","Ancient Tea Set"],"acts_visited":["Exordium"],"potions_floor_usage":[],"damage_taken":[{"damage":0,"enemies":"2 Louse","floor":1,"turns":2},{"damage":2,"enemies":"Jaw Worm","floor":4,"turns":3},{"damage":12,"enemies":"Cultist","floor":7,"turns":3},{"damage":24,"enemies":"3 Louse","floor":8,"turns":3},{"damage":17,"enemies":"Exordium Thugs","floor":10,"turns":4},{"damage":21,"enemies":"Gremlin Nob","floor":11,"turns":3}],"seed_played":"-1142119498434344906","potions_obtained":[{"floor":7,"key":"DuplicationPotion"},{"floor":8,"key":"BottledMiracle"}],"is_trial":false,"path_per_floor":["M","$","?","M","?","R","M","M","T","M","E"],"character_chosen":"WATCHER","items_purchased":["FlyingSleeves","EmptyMind"],"campfire_rested":0,"item_purchase_floors":[2,2],"current_hp_per_floor":[72,72,58,56,56,56,44,20,20,3,0,0],"gold":105,"neow_bonus":"BOSS_RELIC","is_daily":false,"chose_seed":false,"campfire_upgraded":1,"win_rate":0.0,"timestamp":1614293518,"path_taken":["M","$","?","M","?","R","M","M","T","?","E"],"items_purchased_type":["Card","Card"],"build_version":"2020-12-22","purchased_purges":0,"victory":false,"max_hp_per_floor":[72,72,72,72,72,72,72,72,72,72,72,72],"card_choices":[{"not_picked":["JustLucky","SignatureMove"],"picked":"FearNoEvil","floor":1},{"not_picked":["FlyingSleeves","Protect"],"picked":"ClearTheMind","floor":4},{"not_picked":["Evaluate","CrushJoints"],"picked":"Wireheading","floor":7},{"not_picked":["Collect","Devotion"],"picked":"JustLucky","floor":8},{"not_picked":["WreathOfFlame","Pray"],"picked":"WaveOfTheHand","floor":10}],"player_experience":258906,"relics_obtained":[{"floor":9,"key":"Ancient Tea Set"}],"event_choices":[{"damage_healed":0,"gold_gain":0,"player_choice":"Entered Light","damage_taken":14,"max_hp_gain":0,"max_hp_loss":0,"event_name":"Shining Light","floor":3,"gold_loss":0,"cards_upgraded":["Strike_P","Strike_P"]},{"damage_healed":0,"gold_gain":0,"player_choice":"1 cards matched","damage_taken":0,"max_hp_gain":0,"max_hp_loss":0,"event_name":"Match and Keep!","floor":5,"gold_loss":0,"cards_obtained":["Forethought"]}],"is_beta":false,"boss_relics":[],"items_purged_floors":[],"is_endless":false,"potions_floor_spawned":[7,8],"killed_by":"Gremlin Nob","ascension_level":3}}