{"host":"e8rlfedn69rz2s07","time":1614216466,"event":{"mods":["AchievementEnabler","BaseMod","Minty Spire (QoL Compilation)","Permanent Neow","Relic Stats"],"gold_per_floor":[219,219,234,103,123,123,140,166,166,186,13,24,24,16,16,16,16],"floor_reached":16,"language":"ENG","playtime":548,"items_purged":["Strike_B"],"score":208,"play_id":"b88f8d8f-bca1-4449-b7df-a1329d303556","local_time":"20210225032746","is_ascension_mode":true,"campfire_choices":[{"data":"Doom and Gloom","floor":6,"key":"SMITH"},{"data":"Genetic Algorithm","floor":15,"key":"SMITH"}],"circlet_count":0,"master_deck":["AscendersBane","Strike_B","Strike_B","Strike_B+1","Defend_B","Defend_B","Defend_B","Defend_B","Zap","Dualcast","Conserve Battery","Doom and Gloom+1","Leap","Undo","Ball Lightning+1","Reboot","Capacitor","Genetic Algorithm+1"],"relics":["Cracked Core","Whetstone","Vajra","Membership Card"],"acts_visited":["Exordium"],"potions_floor_usage":[7,14,16,16],"damage_taken":[{"damage":0,"enemies":"Small Slimes","floor":1,"turns":2},{"damage":1,"enemies":"Cultist","floor":3,"turns":4},{"damage":0,"enemies":"2 Louse","floor":5,"turns":2},{"damage":11,"enemies":"Large Slime","floor":7,"turns":6},{"damage":22,"enemies":"Lagavulin","floor":8,"turns":7},{"damage":0,"enemies":"Lots of Slimes","floor":10,"turns":3},{"damage":13,"enemies":"Blue Slaver","floor":12,"turns":3},{"damage":8,"enemies":"Exordium Thugs","floor":14,"turns":4},{"damage":10,"enemies":"Hexaghost","floor":16,"turns":9}],"seed_played":"284224288079637203","potions_obtained":[{"floor":2,"key":"CultistPotion"},{"floor":2,"key":"LiquidBronze"},{"floor":5,"key":"SkillPotion"},{"floor":7,"key":"FearPotion"},{"floor":12,"key":"Weak Potion"},{"floor":14,"key":"DistilledChaos"}],"is_trial":false,"path_per_floor":["M","?","M","$","M","R","M","E","T","M","$","M","?","M","R","B"],"character_chosen":"DEFECT","items_purchased":["Leap","Membership Card"],"campfire_rested":0,"item_purchase_floors":[4,11],"current_hp_per_floor":[64,64,63,63,63,63,52,30,30,30,30,17,17,9,9,0,0],"gold":16,"neow_bonus":"HUNDRED_GOLD","is_daily":false,"chose_seed":false,"campfire_upgraded":2,"win_rate":0.0,"timestamp":1614216466,"path_taken":["M","?","M","$","M","R","M","E","T","?","?","M","?","M","R","BOSS"],"items_purchased_type":["Card","Relic"],"build_version":"2020-12-22","purchased_purges":1,"victory":false,"max_hp_per_floor":[71,71,71,71,71,71,71,71,71,71,71,71,71,71,71,71,71],"relic_stats":{"counters":[9,40],"Whetstone":["Strike_B","Ball Lightning"],"obtain_stats":[{"Vajra":9,"Whetstone":8,"Membership Card":11,"Cracked Core":0},{"Vajra":5,"Whetstone":5,"Membership Card":6,"Cracked Core":0},{"Vajra":21,"Whetstone":21,"Membership Card":24,"Cracked Core":0}]},"card_choices":[{"not_picked":["Turbo","Blizzard"],"picked":"Conserve Battery","floor":1},{"not_picked":["Chill","Streamline"],"picked":"Doom and Gloom","floor":3},{"not_picked":["Reprogram","Blizzard"],"picked":"Undo","floor":5},{"not_picked":["Rebound","Coolheaded"],"picked":"Ball Lightning","floor":7},{"not_picked":["Force Field","Hologram"],"picked":"Reboot","floor":8},{"not_picked":["Coolheaded","Recycle"],"picked":"Capacitor","floor":10},{"not_picked":["Conserve Battery","Stack"],"picked":"Genetic Algorithm","floor":12},{"not_picked":["Rebound","Steam Power","Gash"],"picked":"SKIP","floor":14}],"player_experience":1135459,"relics_obtained":[{"floor":8,"key":"Whetstone"},{"floor":9,"key":"Vajra"}],"event_choices":[{"damage_healed":0,"gold_gain":0,"player_choice":"Got Potions","damage_taken":0,"max_hp_gain":0,"max_hp_loss":0,"event_name":"Lab","floor":2,"gold_loss":0},{"damage_healed":0,"gold_gain":0,"player_choice":"Ignored","damage_taken":0,"max_hp_gain":0,"max_hp_loss":0,"event_name":"Shining Light","floor":13,"gold_loss":0}],"is_beta":false,"boss_relics":[],"items_purged_floors":[4],"is_endless":false,"potions_floor_spawned":[5,7,12,14],"killed_by":"Hexaghost","ascension_level":20}}