{"host":"1mv6gj0zv8k9e9tz","time":1614252171,"event":{"mods":["AchievementEnabler","BaseMod","Better Third Choice","Colored Map","DeckTracker","Highlight Path","KOR Keyword Fix","Keyboard Shortcuts","Minty Spire (QoL Compilation)","Permanent Neow","Quick Restart","Rare Cards Sparkle","StSLib","SuperFastMode","everything is the same but u backflip on backflip"],"gold_per_floor":[217,217,166,166,94,94,106,106,106,106,106,125,125,125,125,256,256,269,269,289,312,312,312,328,328,328,453,453,453,453,464,464,564,564,579,598,598,121,136,136,136,136,213,213,230,230,249,261,261,261],"floor_reached":51,"language":"KOR","playtime":1255,"items_purged":["Defend_R"],"score":683,"play_id":"c08d3c6b-f9b5-4fd1-b733-1efcd65dfd20","local_time":"20210225202251","is_ascension_mode":false,"campfire_choices":[{"data":"True Grit","floor":6.0,"key":"SMITH"},{"data":"Pommel Strike","floor":10.0,"key":"SMITH"},{"data":"Bash","floor":13.0,"key":"SMITH"},{"data":"Twin Strike","floor":15.0,"key":"SMITH"},{"data":"Perfected Strike","floor":23.0,"key":"SMITH"},{"data":"Perfected Strike","floor":25.0,"key":"SMITH"},{"data":"Perfected Strike","floor":30.0,"key":"SMITH"},{"data":"Defend_R","floor":32.0,"key":"SMITH"},{"data":"Shrug It Off","floor":40.0,"key":"SMITH"},{"data":"Wild Strike","floor":42.0,"key":"SMITH"},{"data":"Headbutt","floor":44.0,"key":"SMITH"},{"data":"Shrug It Off","floor":46.0,"key":"SMITH"},{"data":"Twin Strike","floor":49.0,"key":"SMITH"}],"circlet_count":0,"master_deck":["Strike_R","Strike_R","Strike_R","Strike_R","Strike_R","Defend_R+1","Defend_R+1","Bash+1","Flex+1","Pommel Strike+1","True Grit+1","Twin Strike+1","Cleave","Perfected Strike+1","Headbutt+1","True Grit+1","Perfected Strike+1","Perfected Strike+1","Body Slam+1","Wild Strike+1","Shrug It Off+1","Shrug It Off+1","Shrug It Off+1","Twin Strike+1","Flex+1"],"relics":["Burning Blood","Juzu Bracelet","Mercury Hourglass","Matryoshka","Bloody Idol","Coffee Dripper","Nilry\u0027s Codex","PreservedInsect","Centennial Puzzle","Dead Branch","Frozen Egg 2","Velvet Choker","War Paint","HandDrill","InkBottle","The Courier"],"acts_visited":["Exordium","TheCity","TheBeyond"],"potions_floor_usage":[50,50],"damage_taken":[{"damage":7.0,"enemies":"2 Louse","floor":1.0,"turns":4.0},{"damage":1.0,"enemies":"Jaw Worm","floor":7.0,"turns":3.0},{"damage":0.0,"enemies":"Small Slimes","floor":12.0,"turns":2.0},{"damage":59.0,"enemies":"Hexaghost","floor":16.0,"turns":10.0},{"damage":5.0,"enemies":"Spheric Guardian","floor":18.0,"turns":3.0},{"damage":8.0,"enemies":"3 Byrds","floor":20.0,"turns":3.0},{"damage":20.0,"enemies":"Snake Plant","floor":21.0,"turns":3.0},{"damage":0.0,"enemies":"Snecko","floor":24.0,"turns":2.0},{"damage":19.0,"enemies":"Colosseum Slavers","floor":27.0,"turns":3.0},{"damage":7.0,"enemies":"Colosseum Nobs","floor":27.0,"turns":2.0},{"damage":3.0,"enemies":"Centurion and Healer","floor":31.0,"turns":3.0},{"damage":53.0,"enemies":"Champ","floor":33.0,"turns":7.0},{"damage":16.0,"enemies":"3 Darklings","floor":35.0,"turns":4.0},{"damage":0.0,"enemies":"Orb Walker","floor":36.0,"turns":2.0},{"damage":8.0,"enemies":"Spire Growth","floor":39.0,"turns":2.0},{"damage":0.0,"enemies":"Transient","floor":45.0,"turns":5.0},{"damage":8.0,"enemies":"Writhing Mass","floor":47.0,"turns":3.0},{"damage":0.0,"enemies":"Spire Growth","floor":48.0,"turns":3.0},{"damage":51,"enemies":"Awakened One","floor":50,"turns":13}],"seed_played":"812915745827214091","potions_obtained":[{"floor":1.0,"key":"Ancient Potion"},{"floor":7.0,"key":"FairyPotion"},{"floor":20.0,"key":"BloodPotion"},{"floor":24.0,"key":"SteroidPotion"},{"floor":27.0,"key":"SneckoOil"},{"floor":45.0,"key":"ElixirPotion"},{"floor":48.0,"key":"ColorlessPotion"}],"is_trial":false,"path_per_floor":["M","?","$","?","$","R","M","?","T","R","T","M","R","?","R","B",null,"M","?","M","M","?","R","M","R","T","?","?","?","R","M","R","B",null,"M","M","?","$","M","R","?","R","T","R","M","R","M","M","R","B",null],"character_chosen":"IRONCLAD","items_purchased":["Pommel Strike","True Grit","Twin Strike","Shrug It Off","War Paint","DuplicationPotion","HandDrill"],"campfire_rested":0,"item_purchase_floors":[3,5,5,38,38,38,38],"current_hp_per_floor":[79,79,79,72,72,72,77,52,52,52,52,58,58,38,38,10,80,80,64,62,48,48,48,54,54,54,56,56,56,56,64,64,22,80,75,80,80,80,80,80,80,80,80,80,80,80,80,80,80,35],"gold":261,"neow_bonus":"HUNDRED_GOLD","is_daily":false,"chose_seed":false,"campfire_upgraded":13,"win_rate":0.0,"timestamp":1614252171,"path_taken":["M","?","$","?","?","R","M","?","T","R","?","M","R","?","R","BOSS","M","?","M","M","?","R","M","R","T","?","?","?","R","M","R","BOSS","M","M","?","$","M","R","?","R","T","R","M","R","M","M","R","BOSS"],"items_purchased_type":["Card","Card","Card","Card","Relic","Potion","Relic"],"build_version":"2020-12-22","purchased_purges":1,"victory":true,"max_hp_per_floor":[80,80,80,80,80,80,80,80,80,80,80,80,80,80,80,80,80,80,80,80,80,80,80,80,80,80,80,80,80,80,80,80,80,80,80,80,80,80,80,80,80,80,80,80,80,80,80,80,80,80],"card_choices":[{"not_picked":["Battle Trance","Warcry"],"picked":"Flex","floor":1.0},{"not_picked":["Seeing Red","Sword Boomerang","Fire Breathing"],"picked":"SKIP","floor":7.0},{"not_picked":["Headbutt","Metallicize"],"picked":"Cleave","floor":12.0},{"not_picked":["Clothesline","Anger"],"picked":"Perfected Strike","floor":18.0},{"not_picked":["Shockwave","Second Wind+1"],"picked":"Headbutt","floor":20.0},{"not_picked":["Sword Boomerang","Havoc"],"picked":"True Grit+1","floor":21.0},{"not_picked":["Power Through+1","Clash","Heavy Blade+1"],"picked":"SKIP","floor":24.0},{"not_picked":["Ghostly Armor+1","Havoc+1"],"picked":"Perfected Strike","floor":27.0},{"not_picked":["Havoc","Clothesline"],"picked":"Body Slam+1","floor":31.0},{"not_picked":["True Grit+1","Uppercut+1","Intimidate+1"],"picked":"SKIP","floor":35.0},{"not_picked":["Sword Boomerang","Blood for Blood+1"],"picked":"Wild Strike","floor":36.0},{"not_picked":["Flash of Steel","Discovery"],"picked":"Deep Breath","floor":37.0},{"not_picked":["Intimidate+1","Evolve+1"],"picked":"Shrug It Off","floor":39.0},{"not_picked":["Feel No Pain+1","Burning Pact"],"picked":"Shrug It Off","floor":45.0},{"not_picked":["Power Through","Rage"],"picked":"Twin Strike","floor":47.0},{"not_picked":["Wild Strike+1","Sword Boomerang"],"picked":"Flex+1","floor":48.0}],"player_experience":664926,"relics_obtained":[{"floor":9.0,"key":"Mercury Hourglass"},{"floor":11.0,"key":"Matryoshka"},{"floor":19.0,"key":"Nilry\u0027s Codex"},{"floor":26.0,"key":"PreservedInsect"},{"floor":26.0,"key":"Centennial Puzzle"},{"floor":27.0,"key":"Dead Branch"},{"floor":27.0,"key":"Frozen Egg 2"},{"floor":43.0,"key":"InkBottle"},{"floor":43.0,"key":"The Courier"}],"event_choices":[{"damage_healed":0.0,"max_hp_gain":0.0,"max_hp_loss":0.0,"gold_gain":0.0,"event_name":"Living Wall","player_choice":"Grow","floor":2.0,"gold_loss":0.0,"damage_taken":0.0,"cards_upgraded":["Flex"]},{"cards_removed":["Defend_R"],"damage_healed":0.0,"max_hp_gain":0.0,"max_hp_loss":0.0,"gold_gain":0.0,"event_name":"Golden Wing","player_choice":"Card Removal","floor":4.0,"gold_loss":0.0,"damage_taken":7.0},{"damage_healed":0.0,"max_hp_gain":0.0,"max_hp_loss":0.0,"gold_gain":0.0,"event_name":"betterThird:BetterScrap","player_choice":"Relic ","floor":8.0,"gold_loss":0.0,"damage_taken":25.0,"cards_obtained":["Reflex"]},{"damage_healed":0.0,"max_hp_gain":0.0,"max_hp_loss":0.0,"gold_gain":0.0,"event_name":"Golden Idol","player_choice":"Take Damage","floor":14.0,"gold_loss":0.0,"damage_taken":20.0,"relics_obtained":["Golden Idol"]},{"damage_healed":0.0,"max_hp_gain":0.0,"max_hp_loss":0.0,"gold_gain":0.0,"event_name":"Cursed Tome","player_choice":"Obtained Book","floor":19.0,"gold_loss":0.0,"damage_taken":16.0},{"damage_healed":0.0,"max_hp_gain":0.0,"max_hp_loss":0.0,"gold_gain":0.0,"event_name":"The Library","player_choice":"Read","floor":22.0,"gold_loss":0.0,"damage_taken":0.0,"cards_obtained":["Perfected Strike"]},{"damage_healed":0.0,"max_hp_gain":0.0,"max_hp_loss":0.0,"gold_gain":0.0,"event_name":"Colosseum","player_choice":"Fight","floor":27.0,"gold_loss":0.0,"damage_taken":0.0},{"damage_healed":0.0,"max_hp_gain":0.0,"max_hp_loss":0.0,"gold_gain":0.0,"event_name":"Colosseum","player_choice":"Fought Nobs","floor":27.0,"gold_loss":0.0,"damage_taken":0.0},{"damage_healed":0.0,"max_hp_gain":0.0,"max_hp_loss":0.0,"gold_gain":0.0,"event_name":"Forgotten Altar","player_choice":"Gave Idol","floor":28.0,"relics_lost":["Golden Idol"],"gold_loss":0.0,"damage_taken":0.0,"relics_obtained":["Bloody Idol"]},{"damage_healed":0.0,"max_hp_gain":0.0,"max_hp_loss":0.0,"gold_gain":0.0,"event_name":"Vampires","player_choice":"Ignored","floor":29.0,"gold_loss":0.0,"damage_taken":0.0},{"damage_healed":0.0,"max_hp_gain":0.0,"max_hp_loss":0.0,"gold_gain":0.0,"event_name":"SensoryStone","player_choice":"Memory 1","floor":37.0,"gold_loss":0.0,"damage_taken":0.0},{"cards_removed":["Deep Breath"],"damage_healed":0.0,"max_hp_gain":0.0,"max_hp_loss":0.0,"gold_gain":0.0,"event_name":"Wheel of Change","player_choice":"Card Removal","floor":41.0,"gold_loss":0.0,"damage_taken":0.0}],"is_beta":false,"boss_relics":[{"not_picked":["Snecko Eye","Astrolabe"],"picked":"Coffee Dripper"},{"not_picked":["Tiny House","Empty Cage"],"picked":"Velvet Choker"}],"items_purged_floors":[38],"is_endless":false,"potions_floor_spawned":[1,7,20,24,27,45,48],"ascension_level":0}}