{"host":"emzatosnsokm6754","time":1614250392,"event":{"mods":["Act Like it!","BaseMod","Bossed Relics","Colored Powertips","Dota2Spire","Energized Spire","Minty Spire (QoL Compilation)","Rare Cards Sparkle","Replay The Spire","Ruina","Small Relic Pack","StSLib","The Hierophant","The Servant 0.9.4"],"gold_per_floor":[110,122,17,35,45,45,59,59,59,9,39,83,94,105,105,207,307,317,317,331,345,364,364,364,364],"floor_reached":24,"language":"ENG","playtime":881,"items_purged":["Defend_S"],"score":222,"play_id":"2166993f-848a-4b55-9a4a-7dd5795f7af6","local_time":"20210225235312","is_ascension_mode":true,"campfire_choices":[{"data":"DoubleEdge","floor":6,"key":"SMITH"},{"data":"Spin","floor":8,"key":"SMITH"},{"data":"BestPractice","floor":15,"key":"SMITH"},{"data":"RealityMarble","floor":23,"key":"SMITH"}],"circlet_count":0,"master_deck":["Strike_S","Strike_S","Strike_S","Defend_S","Defend_S","Defend_S","KidneyShot","Exchange","DoubleEdge+1","Defy","Defy","Spin+1","Spin","Spin","BottledTime","DoubleEdge","BestPractice+1","FlawlessForm","Unruled","Delirium","Unruled+1","Comet+1","RealityMarble+1"],"relics":["Uniform","Blue Doll","Dota2Spire:LotusOrb","Pantograph","Replay:Grab Bag","energizedSpire:MagnifyingGlass","Replay:Wanted Poster","Black Star","ReplayTheSpireMod:Ring of Exchange"],"acts_visited":["Exordium","ruina:Briah"],"potions_floor_usage":[16,18,21,22],"damage_taken":[{"damage":2,"enemies":"Cultist","floor":1,"turns":6},{"damage":2,"enemies":"Jaw Worm","floor":2,"turns":4},{"damage":0,"enemies":"Small Slimes","floor":4,"turns":2},{"damage":0,"enemies":"Looter","floor":5,"turns":3},{"damage":3,"enemies":"3 Louse","floor":7,"turns":2},{"damage":7,"enemies":"3 Sentries","floor":11,"turns":2},{"damage":1,"enemies":"Exordium Wildlife","floor":13,"turns":3},{"damage":9,"enemies":"Exordium Thugs","floor":14,"turns":3},{"damage":9,"enemies":"Hexaghost","floor":16,"turns":7},{"damage":4,"enemies":"ruina:BadWolf","floor":18,"turns":4},{"damage":6,"enemies":"ruina:Nosferatu","floor":20,"turns":4},{"damage":25,"enemies":"ruina:QueenOfHate","floor":21,"turns":4},{"damage":17,"enemies":"ruina:KnightOfDespair","floor":22,"turns":6},{"damage":34,"enemies":"ruina:Mountain","floor":24,"turns":2}],"seed_played":"-616131972026904967","potions_obtained":[{"floor":1,"key":"GamblersBrew"},{"floor":2,"key":"GamblersBrew"},{"floor":7,"key":"SkillPotion"},{"floor":12,"key":"Block Potion"},{"floor":16,"key":"SkillPotion"},{"floor":20,"key":"EssenceOfSteel"},{"floor":21,"key":"FairyPotion"}],"is_trial":false,"path_per_floor":["M","M","$","M","M","R","M","R","T","?","E","?","M","M","R","B",null,"M","?","M","M","M","R","E"],"character_chosen":"THE_SERVANT","items_purchased":["Defy"],"campfire_rested":0,"item_purchase_floors":[3],"current_hp_per_floor":[63,61,61,61,61,61,58,58,58,58,51,35,34,25,25,41,65,61,61,55,30,13,13,0,0],"gold":364,"neow_bonus":"RANDOM_COMMON_RELIC","is_daily":false,"chose_seed":false,"campfire_upgraded":4,"win_rate":0.0,"timestamp":1614250392,"path_taken":["M","M","$","M","M","R","?","R","T","?","E","?","M","M","R","BOSS","M","?","M","M","M","R","E"],"items_purchased_type":["Card"],"build_version":"2020-12-22","purchased_purges":1,"victory":false,"max_hp_per_floor":[65,65,65,65,65,65,65,65,65,65,65,65,65,65,65,65,65,65,65,65,65,65,65,65,65],"card_choices":[{"not_picked":["Manipulate","Replace","TimeWarp"],"picked":"SKIP","floor":1},{"not_picked":["Spin","ShatteredReality"],"picked":"DoubleEdge","floor":2},{"not_picked":["Rearm","FastForward"],"picked":"Spin","floor":4},{"not_picked":["SilverMatrix","BottledTime"],"picked":"Spin","floor":5},{"not_picked":["Revamp","FastForward"],"picked":"Spin","floor":7},{"not_picked":["Barrier","GearUp"],"picked":"BottledTime","floor":11},{"not_picked":["Unruled","Potential"],"picked":"DoubleEdge","floor":12},{"not_picked":["Advance","Moondial","FanOfKnives"],"picked":"SKIP","floor":13},{"not_picked":["TimeTheft","Barrier"],"picked":"BestPractice","floor":14},{"not_picked":["Initiator","SilverMatrix"],"picked":"FlawlessForm","floor":16},{"not_picked":["Collapse","WasteNot"],"picked":"Unruled","floor":18},{"not_picked":["TimeTheft","TimeWarp"],"picked":"Unruled+1","floor":20},{"not_picked":["Orbit","Rewind"],"picked":"Comet+1","floor":21},{"not_picked":["Potential","Unruled"],"picked":"RealityMarble","floor":22}],"player_experience":229754,"relics_obtained":[{"floor":11,"key":"Dota2Spire:LotusOrb"},{"floor":12,"key":"Pantograph"},{"floor":19,"key":"ReplayTheSpireMod:Ring of Exchange"}],"event_choices":[{"cards_removed":["Strike_S"],"damage_healed":0,"gold_gain":0,"player_choice":"Card Removal","damage_taken":0,"max_hp_gain":0,"max_hp_loss":0,"event_name":"The Cleric","floor":10,"gold_loss":50}],"is_beta":false,"boss_relics":[{"not_picked":["Honey Jar","energizedSpire:SpiderWeb"],"picked":"Replay:Grab Bag"},{"not_picked":["Philosopher\u0027s Stone","Velvet Choker"],"picked":"energizedSpire:MagnifyingGlass"},{"not_picked":["energizedSpire:EnergizedDie","ReplayTheSpireMod:Onyx Gauntlets"],"picked":"Replay:Wanted Poster"},{"not_picked":["Calling Bell","relicPack:ShieldShield"],"picked":"Black Star"}],"items_purged_floors":[3],"is_endless":false,"potions_floor_spawned":[1,2,7,11,16,20,21],"killed_by":"ruina:Mountain","ascension_level":2}}