{"host":"tgqjap25jvjx3f06","time":1614243755,"event":{"mods":["BaseMod","DeckTracker","Dota2Spire","Minty Spire (QoL Compilation)","Quick Restart","Relic Filter Mod","Replay The Spire","Shop Mod","StSLib","óô»ðÖ¸ÄÏ"],"gold_per_floor":[110,285,308,308,328,328,358,139,163,178,206,50,76,96,96,96,96],"floor_reached":16,"language":"ZHS","playtime":521,"items_purged":["Pain"],"score":150,"play_id":"fb322e65-9d62-4c41-9ae5-231aa3518ebb","local_time":"20210225170235","is_ascension_mode":true,"campfire_choices":[{"data":"Tempest","floor":6.0,"key":"SMITH"},{"data":"Doubt","floor":15,"key":"PURGE"}],"circlet_count":0,"master_deck":["Strike_B","Strike_B","Strike_B","Strike_B","Defend_B","Defend_B","Defend_B","Defend_B+1","Zap+1","Dualcast","Tempest+1","Turbo","Reboot","Core Surge"],"relics":["Cracked Core","NeowsBlessing","WarpedTongs","ReplayTheSpireMod:Ninjato","Runic Capacitor","Dota2Spire:ArmletOfMordiggian","MealTicket","ClockworkSouvenir","War Paint"],"acts_visited":["Exordium"],"potions_floor_usage":[16],"damage_taken":[{"damage":0.0,"enemies":"2 Louse","floor":1.0,"turns":1.0},{"damage":0.0,"enemies":"Jaw Worm","floor":5.0,"turns":1.0},{"damage":0.0,"enemies":"Lagavulin","floor":7.0,"turns":1.0},{"damage":0.0,"enemies":"Small Slimes","floor":10.0,"turns":3.0},{"damage":39.0,"enemies":"3 Sentries","floor":11.0,"turns":5.0},{"damage":15.0,"enemies":"Lagavulin","floor":13.0,"turns":5.0},{"damage":4.0,"enemies":"Gremlin Gang","floor":14.0,"turns":3.0},{"damage":37,"enemies":"Fading Forest","floor":16,"turns":7}],"seed_played":"8432618651323425467","potions_obtained":[{"floor":5.0,"key":"Dota2Spire:Clarity"},{"floor":7.0,"key":"SneckoOil"},{"floor":13.0,"key":"Dota2Spire:Clarity"}],"is_trial":false,"path_per_floor":["M","?","T","?","M","R","E","$","T","M","E","$","E","M","R","B"],"character_chosen":"DEFECT","items_purchased":["Runic Capacitor","ClockworkSouvenir"],"campfire_rested":0,"item_purchase_floors":[8,12],"current_hp_per_floor":[75,75,75,75,75,75,75,75,75,75,36,51,36,32,32,0,0],"gold":96,"neow_bonus":"THREE_ENEMY_KILL","is_daily":false,"chose_seed":false,"campfire_upgraded":1,"win_rate":0.0,"timestamp":1614243755,"path_taken":["M","?","?","?","M","R","E","$","T","M","E","$","E","M","R","BOSS"],"items_purchased_type":["Relic","Relic"],"build_version":"2020-12-22","purchased_purges":1,"victory":false,"max_hp_per_floor":[75,75,75,75,75,75,75,75,75,75,75,75,75,75,75,75,75],"card_choices":[{"not_picked":["Panic Button","Gash","Redo"],"picked":"SKIP","floor":1.0},{"not_picked":["Gash","Steam"],"picked":"Tempest","floor":5.0},{"not_picked":["Redo","ReplayTheSpireMod:GoodbyeWorld","BasicCrystalCard"],"picked":"SKIP","floor":7.0},{"not_picked":["Compile Driver","Sweeping Beam","Turbo"],"picked":"SKIP","floor":10.0},{"not_picked":["Compile Driver","Sweeping Beam"],"picked":"Turbo","floor":10.0},{"not_picked":["Undo","Sweeping Beam"],"picked":"Reboot","floor":11.0},{"not_picked":["Ball Lightning","Gash"],"picked":"Core Surge","floor":13.0},{"not_picked":["Streamline","ReplayTheSpireMod:Reroute Power","Fusion"],"picked":"SKIP","floor":14.0}],"player_experience":375471,"relics_obtained":[{"floor":7.0,"key":"ReplayTheSpireMod:Ninjato"},{"floor":9.0,"key":"Dota2Spire:ArmletOfMordiggian"},{"floor":11.0,"key":"MealTicket"},{"floor":13.0,"key":"War Paint"}],"event_choices":[{"damage_healed":0.0,"max_hp_gain":0.0,"max_hp_loss":0.0,"gold_gain":175.0,"event_name":"Liars Game","player_choice":"AGREE","floor":2.0,"gold_loss":0.0,"damage_taken":0.0,"cards_obtained":["Doubt"]},{"damage_healed":0.0,"max_hp_gain":0.0,"max_hp_loss":0.0,"gold_gain":0.0,"event_name":"Accursed Blacksmith","player_choice":"Rummage","floor":4.0,"gold_loss":0.0,"damage_taken":0.0,"relics_obtained":["WarpedTongs"],"cards_obtained":["Pain"]}],"is_beta":false,"boss_relics":[],"items_purged_floors":[8],"is_endless":false,"potions_floor_spawned":[5,7,13],"killed_by":"Fading Forest","ascension_level":1}}