{"host":"zno6693rqofarng1","time":1614235182,"event":{"mods":["Act Like it!","BaseMod","Library of Ruina","Library of Ruina Extra","Minty Spire (QoL Compilation)","StSLib"],"gold_per_floor":[365,365,365,365,389,432,432,254,277,312,312,330,403,678,678,798,798,823,843,843,867,887,931,931,964,964,964,964,964,964],"floor_reached":29,"language":"ZHS","playtime":2201,"items_purged":["Regret"],"score":294,"play_id":"f87d3dfa-48c4-43ff-8958-5baa7c4d409d","local_time":"20210225143942","is_ascension_mode":false,"campfire_choices":[{"floor":7.0,"key":"REST"},{"floor":11.0,"key":"REST"},{"floor":15.0,"key":"REST"},{"data":"AlloutWar","floor":24,"key":"SMITH"},{"floor":27,"key":"REST"}],"circlet_count":0,"master_deck":["Dodge","LightDefense+1","LightAttack+1","LightAttack+1","LightAttack+1","LightDefense+1","LightDefense+1","LightDefense+1","ChargeAndCover+1","FocusedStrikes+1","Outburst","Suppress","TendonChords","Gamble","FleetFootsteps","AlloutWar+1","ChargeUp","Multislash","Unlock1+1","FrontalAssault+1","Faith","StayCalm+1","CrackOfDawn"],"relics":["PageOfLibrarian","Meat on the Bone","Centennial Puzzle","Golden Idol","Bag of Preparation","Bag of Marbles","PageOfSnowWhitesApple","PageOfTheQueenOfHatred","PageOfBlackSwan","PageOfTheKnightOfDespair","PageOfGreed","PageOfWrath"],"acts_visited":["Exordium","TheCity"],"potions_floor_usage":[23,25],"damage_taken":[{"damage":0.0,"enemies":"Cultist","floor":1.0,"turns":4.0},{"damage":0.0,"enemies":"2 Louse","floor":5.0,"turns":2.0},{"damage":20.0,"enemies":"Gremlin Nob","floor":6.0,"turns":4.0},{"damage":30.0,"enemies":"3 Sentries","floor":10.0,"turns":7.0},{"damage":0.0,"enemies":"Small Slimes","floor":12.0,"turns":2.0},{"damage":22.0,"enemies":"Lagavulin Event","floor":13.0,"turns":5.0},{"damage":30.0,"enemies":"Slime Boss","floor":16.0,"turns":7.0},{"damage":1.0,"enemies":"Spheric Guardian","floor":18.0,"turns":3.0},{"damage":6.0,"enemies":"Chosen","floor":19.0,"turns":4.0},{"damage":7.0,"enemies":"3 Cultists","floor":21.0,"turns":4.0},{"damage":2.0,"enemies":"Shelled Parasite and Fungi","floor":22.0,"turns":3.0},{"damage":14,"enemies":"Slavers","floor":23,"turns":3},{"damage":37,"enemies":"Gremlin Leader","floor":25,"turns":5},{"damage":98,"enemies":"Snecko","floor":29,"turns":5}],"seed_played":"1526742028027823947","potions_obtained":[{"floor":5.0,"key":"Dexterity Potion"},{"floor":6.0,"key":"SkillPotion"},{"floor":10.0,"key":"GamblersBrew"},{"floor":16.0,"key":"GamblersBrew"},{"floor":22.0,"key":"DuplicationPotion"},{"floor":23,"key":"Weak Potion"}],"is_trial":false,"path_per_floor":["M","?","?","?","M","E","R","$","T","E","R","M","?","?","R","B",null,"M","M","?","M","M","E","R","E","T","R","?","M"],"character_chosen":"Librarian","items_purchased":["Gamble","FleetFootsteps"],"campfire_rested":4,"item_purchase_floors":[8,8],"current_hp_per_floor":[42,42,30,30,30,22,41,41,41,26,47,47,43,43,64,42,72,71,67,67,71,71,69,69,46,46,67,67,0,0],"gold":964,"neow_bonus":"TWO_FIFTY_GOLD","is_daily":false,"chose_seed":false,"campfire_upgraded":1,"win_rate":0.0,"timestamp":1614235182,"path_taken":["M","?","?","?","M","E","R","$","T","E","R","M","?","?","R","BOSS","M","?","?","?","M","E","R","E","T","R","?","M"],"items_purchased_type":["Card","Card"],"build_version":"2020-12-22","purchased_purges":1,"victory":false,"max_hp_per_floor":[63,63,63,58,72,65,65,65,65,65,72,65,80,80,72,72,72,71,71,71,71,71,71,71,71,71,71,71,71,71],"card_choices":[{"not_picked":["Pound","GuardingStance","WaitUp","FierceCharge","SnakeSlit","HighKick","SharpSwipe","DesperateStruggle"],"picked":"Outburst","floor":1.0},{"not_picked":["ShockRound","NonstopAssault","WrathOfTorment","WaitUp","Struggle","SinglePointStab","MultiHit","TendonChords"],"picked":"Suppress","floor":5.0},{"not_picked":["CombatPreparation","IronWall","YoureAHindrance","SunsetBlade","RushDown","Pound","MultiHit","Rampage_lor"],"picked":"TendonChords","floor":6.0},{"not_picked":["AutonomousRush","CookingPrep","EnergyStrike","Deflect_lor","LossOfSenses","TheArtOfRapidSteps","Thirst","TendonChords"],"picked":"AlloutWar","floor":10.0},{"not_picked":["DarkCloud","DefenseOrder","ExtractFuel","FierceCharge","SinglePointStab","SnakesPrey","GuidanceOfTheGears","CookingPrep","NonstopAssault"],"picked":"SKIP","floor":12.0},{"not_picked":["Punishment","BoundaryOfDeath"],"picked":"ChargeUp","floor":16.0},{"not_picked":["DevastatingThrash","RhinoRam","Slice_lor","FormingStorm","Faith","HandleRequest+1","GreatSerpentsImpact","DesperateStruggle"],"picked":"Multislash","floor":18.0},{"not_picked":["Eliminate","SinglePointStab","SunsetBlade","HiddenBlade+1","ClassAndRespect+1","AsThePrescriptOrders","GreatSerpentsImpact","SerpentSwordTechnique"],"picked":"Unlock1+1","floor":19.0},{"not_picked":["HighSpeedStabbing","FlowOfTheSword","SuppressingShot","FleetFootsteps","SuanNi","FierceCharge+1","Unlock1+1","EnergyCycle+1"],"picked":"FrontalAssault+1","floor":21.0},{"not_picked":["SummaryJudgment","IngredientHunt","QuickAttack+1","EnergyStrike","CoordinatedAssault+1","FormingStorm","MultiHit","DevastatingThrash"],"picked":"Faith","floor":22.0},{"not_picked":["BladeWhirl+1","Reload+1","TheArtOfRapidSteps+1","YoureTooSlow+1","EnergyBeam","SharpNails","SomberProcuration","AsThePrescriptOrders+1"],"picked":"StayCalm+1","floor":23},{"not_picked":["FrontalAssault","SmokingPipe","ClassAndRespect+1","WillProduceFineSilk","EnergyShield","Unlock1+1","Mutilate","BiAn"],"picked":"CrackOfDawn","floor":25}],"player_experience":40453,"relics_obtained":[{"floor":6.0,"key":"Bag of Preparation"},{"floor":9.0,"key":"Bag of Marbles"},{"floor":10.0,"key":"PageOfSnowWhitesApple"},{"floor":13.0,"key":"PageOfTheQueenOfHatred"},{"floor":23,"key":"PageOfTheKnightOfDespair"},{"floor":25,"key":"PageOfGreed"},{"floor":26,"key":"PageOfWrath"}],"event_choices":[{"damage_healed":0.0,"max_hp_gain":0.0,"max_hp_loss":0.0,"gold_gain":0.0,"event_name":"Big Fish","player_choice":"Box","floor":2.0,"gold_loss":0.0,"damage_taken":0.0,"relics_obtained":["Meat on the Bone"],"cards_obtained":["Regret"]},{"damage_healed":0.0,"max_hp_gain":0.0,"max_hp_loss":0.0,"gold_gain":0.0,"event_name":"Scrap Ooze","player_choice":"Success","floor":3.0,"gold_loss":0.0,"damage_taken":12.0,"relics_obtained":["Centennial Puzzle"]},{"damage_healed":0.0,"max_hp_gain":0.0,"max_hp_loss":5.0,"gold_gain":0.0,"event_name":"Golden Idol","player_choice":"Lose Max HP","floor":4.0,"gold_loss":0.0,"damage_taken":0.0,"relics_obtained":["Golden Idol"]},{"damage_healed":0.0,"max_hp_gain":0.0,"max_hp_loss":0.0,"gold_gain":0.0,"event_name":"Dead Adventurer","player_choice":"Searched \u00272\u0027 times","floor":13.0,"gold_loss":0.0,"damage_taken":0.0},{"damage_healed":0.0,"max_hp_gain":0.0,"max_hp_loss":0.0,"gold_gain":275.0,"event_name":"Golden Shrine","player_choice":"Desecrate","floor":14.0,"gold_loss":0.0,"damage_taken":0.0,"cards_obtained":["Regret"]},{"cards_removed":["Regret"],"damage_healed":0.0,"max_hp_gain":0.0,"max_hp_loss":0.0,"gold_gain":0.0,"event_name":"Purifier","player_choice":"Purged","floor":20.0,"gold_loss":0.0,"damage_taken":0.0},{"damage_healed":0,"gold_gain":0,"player_choice":"Simplicity","damage_taken":0,"max_hp_gain":0,"max_hp_loss":0,"event_name":"Back to Basics","floor":28,"gold_loss":0,"cards_upgraded":["LightDefense","LightAttack","LightAttack","LightAttack","LightDefense","LightDefense","LightDefense","ChargeAndCover","FocusedStrikes"]}],"is_beta":false,"boss_relics":[{"not_picked":["Astrolabe","Tiny House"],"picked":"PageOfBlackSwan"}],"items_purged_floors":[8],"is_endless":false,"potions_floor_spawned":[5,6,10,16,22,23],"killed_by":"Snecko","ascension_level":0}}