{"host":"sav7uxregyirlf69","time":1614244538,"event":{"mods":["AchievementEnabler","BaseMod","Colored Map","DeckTracker","Keyboard Shortcuts","Minty Spire (QoL Compilation)","READ ME - Guardian Mod","StSLib","SuperFastMode","The Cursed"],"gold_per_floor":[117,117,130,130,150,150,177,189,189,189,41,53,69,89,89,89,89],"floor_reached":16,"language":"KOR","playtime":720,"items_purged":["TheCursedMod:Defend_TheCursed"],"score":104,"play_id":"41ceb8d3-963e-488e-8b58-ab691b912397","local_time":"20210225181538","is_ascension_mode":false,"campfire_choices":[{"data":"TheCursedMod:CleanUpWorkshop","floor":6,"key":"SMITH"},{"data":"TheCursedMod:ReleasedKnowledge","floor":10,"key":"SMITH"},{"data":"TheCursedMod:Evocation","floor":15,"key":"SMITH"}],"circlet_count":0,"master_deck":["TheCursedMod:Strike_TheCursed","TheCursedMod:Strike_TheCursed","TheCursedMod:Strike_TheCursed","TheCursedMod:Strike_TheCursed","TheCursedMod:Defend_TheCursed","TheCursedMod:Defend_TheCursed","TheCursedMod:Defend_TheCursed","TheCursedMod:CursedWand","TheCursedMod:CleanUpWorkshop+1","TheCursedMod:Dregs","TheCursedMod:CursedAmulet","TheCursedMod:ReleasedKnowledge+1","TheCursedMod:CursedShiv","TheCursedMod:BloodBarrier","TheCursedMod:Evocation+1","TheCursedMod:CircleOfBlood","TheCursedMod:Wield","TheCursedMod:SurpriseAttack","TheCursedMod:CircleOfWindfury"],"relics":["TheCursedMod:BlackMagic101","Dream Catcher","Meat on the Bone","Ancient Tea Set","FossilizedHelix"],"acts_visited":["Exordium"],"potions_floor_usage":[14],"damage_taken":[{"damage":6,"enemies":"Jaw Worm","floor":1,"turns":5},{"damage":0,"enemies":"Small Slimes","floor":3,"turns":5},{"damage":0,"enemies":"Cultist","floor":5,"turns":5},{"damage":44,"enemies":"Gremlin Nob","floor":7,"turns":6},{"damage":7,"enemies":"3 Louse","floor":8,"turns":4},{"damage":0,"enemies":"Gremlin Gang","floor":12,"turns":6},{"damage":0,"enemies":"2 Fungi Beasts","floor":13,"turns":4},{"damage":0,"enemies":"Looter","floor":14,"turns":4},{"damage":68,"enemies":"Slime Boss","floor":16,"turns":13}],"seed_played":"-6893301347827226396","potions_obtained":[{"floor":1,"key":"Fruit Juice"},{"floor":7,"key":"Fire Potion"},{"floor":12,"key":"GamblersBrew"},{"floor":14,"key":"Dexterity Potion"}],"is_trial":false,"path_per_floor":["M","?","M","T","M","R","E","M","T","R","$","M","M","M","R","B"],"character_chosen":"THE_CURSED","items_purchased":["TheCursedMod:CircleOfBlood"],"campfire_rested":0,"item_purchase_floors":[11],"current_hp_per_floor":[76,69,69,69,69,69,37,42,42,42,42,46,52,61,61,0,0],"gold":89,"neow_bonus":"TEN_PERCENT_HP_BONUS","is_daily":false,"chose_seed":false,"campfire_upgraded":3,"win_rate":0.0,"timestamp":1614244538,"path_taken":["M","?","M","?","M","R","E","M","T","R","$","M","M","M","R","BOSS"],"items_purchased_type":["Card"],"build_version":"2020-12-22","purchased_purges":1,"victory":false,"max_hp_per_floor":[82,82,82,82,82,82,82,82,82,82,82,82,82,87,87,87,87],"card_choices":[{"not_picked":["TheCursedMod:CircleOfWindfury","TheCursedMod:RavingStaff"],"picked":"TheCursedMod:CursedAmulet","floor":1},{"not_picked":["TheCursedMod:CursedMace","TheCursedMod:SpitefulPlan"],"picked":"TheCursedMod:ReleasedKnowledge","floor":3},{"not_picked":["TheCursedMod:CircleOfFocus","TheCursedMod:CursedAmulet"],"picked":"TheCursedMod:CursedShiv","floor":5},{"not_picked":["TheCursedMod:CursedBoomerang","TheCursedMod:CircleOfBlood"],"picked":"TheCursedMod:BloodBarrier","floor":7},{"not_picked":["TheCursedMod:Torture","TheCursedMod:TacticalStrike"],"picked":"TheCursedMod:Evocation","floor":8},{"not_picked":["TheCursedMod:SmokeScreen","TheCursedMod:Torture"],"picked":"TheCursedMod:Wield","floor":12},{"not_picked":["TheCursedMod:ReleasedKnowledge","TheCursedMod:CursedBoomerang"],"picked":"TheCursedMod:SurpriseAttack","floor":13},{"not_picked":["TheCursedMod:SmokeScreen","TheCursedMod:BloodBarrier"],"picked":"TheCursedMod:CircleOfWindfury","floor":14}],"player_experience":1698247,"relics_obtained":[{"floor":4,"key":"Meat on the Bone"},{"floor":7,"key":"Ancient Tea Set"},{"floor":9,"key":"FossilizedHelix"}],"event_choices":[{"damage_healed":0,"gold_gain":0,"player_choice":"Success","damage_taken":7,"relics_obtained":["Dream Catcher"],"max_hp_gain":0,"max_hp_loss":0,"event_name":"Scrap Ooze","floor":2,"gold_loss":0}],"is_beta":false,"boss_relics":[],"items_purged_floors":[11],"is_endless":false,"potions_floor_spawned":[1,7,12,14],"killed_by":"Slime Boss","ascension_level":0}}