{"host":"atej3g1v0kkmhusa","time":1614285323,"event":{"mods":["BaseMod","Hubris","Marisa????????","Minty Spire (QoL Compilation)","Rare Cards Sparkle","Relic Stats","Remilia??????","Replay The Spire","StSLib","The Runesmith","Youmu??????"],"gold_per_floor":[116,116,131,145,159,159,192,192,192,210,250,250,19,72,72,200,200,224,224,224,249,267,267,267,286,341,362,393,146,146,162,162,292,292,311,332,353,376,5,38,58,58,58,99,99,119,134,134,134,134,134,134,4,48,48],"floor_reached":56,"language":"ENG","playtime":3455,"items_purged":["Strike_RM","Defend_RM","Strike_RM"],"score":1266,"play_id":"3cf2e37c-d3fc-47f7-bd9b-4bfd555aebf2","local_time":"20210225173523","is_ascension_mode":false,"campfire_choices":[{"data":"MiserableFate","floor":6,"key":"SMITH"},{"data":"Stigmanizer","floor":8,"key":"SMITH"},{"data":"QueenOfMidnight","floor":12,"key":"SMITH"},{"data":"NightDance","floor":15,"key":"SMITH"},{"data":"ScarletCoffin","floor":24,"key":"SMITH"},{"data":"StarOfDavid","floor":30,"key":"SMITH"},{"floor":32,"key":"DIG"},{"floor":42,"key":"RECALL"},{"data":"RedMoon","floor":49,"key":"SMITH"},{"data":"BloodySeventeenLaser","floor":52,"key":"SMITH"}],"circlet_count":0,"master_deck":["Strike_RM","Strike_RM","Defend_RM","Defend_RM","Defend_RM","RedMoon+1","ScarletShoot","Stigmanizer+1","BloodHunter+1","StarOfDavid+1","MiserableFate+1","DiffusionOfMisfortune+1","MastersStateliness","QueenOfMidnight+1","NightDance+1","ScarletCoffin+1","NightDance+1","Necronomicurse","BlasphemousPunishment+1","Writhe","MastersStateliness+1","FitfulNightmare+1","BloodyTrap+1","ForecastOfChange","UnstableMagic+1","HunterOfTheNight+1","Stigmanizer+1","Distraction+1","MillenniumVampire+1","BloodySeventeenLaser+1","Blur"],"relics":["ScarletHat","NeowsBlessing","Golden Idol","TungstenRod","hubris:Metronome","Bag of Preparation","hubris:GlazedTorus","ScarletEmblem","Necronomicon","hubris:Towel","Frozen Egg 2","Gremlin Food","PreservedInsect","hubris:Reverence","ClockworkSouvenir","hubris:DisguiseKit","Eternal Feather","Philosopher\u0027s Stone","Replay:Bottled Flurry","Ornamental Fan","Snack Pack","Replay:WaspNest","ReplayTheSpireMod:Ninjato","hubris:SlimyHat","ReplayTheSpireMod:Lightbulb"],"acts_visited":["Exordium","TheCity","TheBeyond","TheEnding"],"potions_floor_usage":[28,33,50,50,50,55,55],"damage_taken":[{"damage":0,"enemies":"Small Slimes","floor":1,"turns":1},{"damage":0,"enemies":"2 Louse","floor":3,"turns":1},{"damage":0,"enemies":"Cultist","floor":4,"turns":1},{"damage":6,"enemies":"Lots of Slimes","floor":5,"turns":6},{"damage":9,"enemies":"Gremlin Nob","floor":7,"turns":3},{"damage":0,"enemies":"Red Slaver","floor":10,"turns":1},{"damage":9,"enemies":"3 Sentries","floor":11,"turns":8},{"damage":4,"enemies":"Fading Forest","floor":16,"turns":11},{"damage":6,"enemies":"Chosen","floor":18,"turns":2},{"damage":6,"enemies":"2 Thieves","floor":21,"turns":3},{"damage":7,"enemies":"Centurion and Healer","floor":22,"turns":2},{"damage":2,"enemies":"Snecko","floor":25,"turns":3},{"damage":10,"enemies":"3 Cultists","floor":27,"turns":3},{"damage":5,"enemies":"Book of Stabbing","floor":28,"turns":3},{"damage":5,"enemies":"Centurion and Healer","floor":31,"turns":2},{"damage":16,"enemies":"Pondfish","floor":33,"turns":4},{"damage":5,"enemies":"3 Shapes","floor":35,"turns":3},{"damage":0,"enemies":"Orb Walker","floor":36,"turns":2},{"damage":49,"enemies":"Transient","floor":37,"turns":5},{"damage":41,"enemies":"4 Shapes","floor":38,"turns":4},{"damage":13,"enemies":"Giant Head","floor":40,"turns":5},{"damage":7,"enemies":"3 Darklings","floor":41,"turns":2},{"damage":13,"enemies":"Reptomancer","floor":44,"turns":2},{"damage":1,"enemies":"Spire Growth","floor":46,"turns":2},{"damage":5,"enemies":"4 Shapes","floor":47,"turns":3},{"damage":76,"enemies":"Replay:Hell Engine","floor":50,"turns":5},{"damage":26,"enemies":"Shield and Spear","floor":54,"turns":2},{"damage":66,"enemies":"The Heart","floor":55,"turns":5}],"seed_played":"-7300415870919082115","potions_obtained":[{"floor":5,"key":"Elixir"},{"floor":10,"key":"AttackPotion"},{"floor":11,"key":"ColorlessPotion"},{"floor":16,"key":"Energy Potion"},{"floor":28,"key":"Swift Potion"},{"floor":35,"key":"DistilledChaos"},{"floor":35,"key":"DestinyDice"},{"floor":46,"key":"EssenceOfSteel"}],"is_trial":false,"path_per_floor":["M","?","M","M","M","R","E","R","T","M","E","R","$","?","R","B",null,"M","?","?","M","M","?","R","M","T","M","E","$","R","M","R","B",null,"M","M","M","M","$","E","M","R","T","E","?","M","M","?","R","B",null,"R","$","E","B",null],"character_chosen":"REMILIA","items_purchased":["Bag of Preparation","ClockworkSouvenir","Ornamental Fan","EssenceOfSteel","Energy Potion"],"campfire_rested":0,"item_purchase_floors":[13,29,39,53,53],"current_hp_per_floor":[75,69,69,69,65,65,60,60,60,61,55,55,55,55,55,65,69,65,53,53,55,55,55,55,62,62,69,69,69,69,68,68,69,69,66,69,69,50,50,69,69,69,69,65,65,69,67,67,69,69,69,69,69,63,69],"gold":48,"neow_bonus":"THREE_ENEMY_KILL","is_daily":false,"chose_seed":false,"campfire_upgraded":8,"win_rate":0.0,"timestamp":1614285323,"path_taken":["M","?","M","M","M","R","E","R","T","M","E","R","$","?","R","BOSS","M","?","?","M","M","?","R","M","T","?","E","?","R","M","R","BOSS","M","M","M","M","$","E","M","R","T","E","?","M","?","?","R","BOSS","R","$","E","BOSS"],"items_purchased_type":["Relic","Relic","Relic","Potion","Potion"],"build_version":"2020-12-13","purchased_purges":3,"victory":true,"max_hp_per_floor":[75,69,69,69,69,69,69,69,69,69,69,69,69,69,69,69,69,69,69,69,69,69,69,69,69,69,69,69,69,69,69,69,69,69,69,69,69,69,69,69,69,69,69,69,69,69,69,69,69,69,69,69,69,69,69],"relic_stats":{"counters":[28,94],"Golden Idol":224,"Ornamental Fan":[44],"Eternal Feather":2,"PreservedInsect":293,"Bag of Preparation":[42],"Necronomicon":[21],"obtain_stats":[{"hubris:Metronome":11,"Bag of Preparation":13,"hubris:SlimyHat":47,"ScarletHat":0,"ClockworkSouvenir":29,"Philosopher\u0027s Stone":34,"Necronomicon":19,"Replay:Bottled Flurry":36,"hubris:GlazedTorus":14,"Gremlin Food":25,"hubris:DisguiseKit":32,"ReplayTheSpireMod:Ninjato":44,"NeowsBlessing":0,"Golden Idol":2,"Eternal Feather":33,"PreservedInsect":26,"Replay:WaspNest":43,"ScarletEmblem":17,"hubris:Towel":20,"Frozen Egg 2":23,"Ornamental Fan":39,"Snack Pack":40,"ReplayTheSpireMod:Lightbulb":54,"TungstenRod":7,"hubris:Reverence":28},{"hubris:Metronome":7,"Bag of Preparation":7,"hubris:SlimyHat":25,"ScarletHat":0,"ClockworkSouvenir":14,"Philosopher\u0027s Stone":16,"Necronomicon":9,"Replay:Bottled Flurry":18,"hubris:GlazedTorus":7,"Gremlin Food":12,"hubris:DisguiseKit":15,"ReplayTheSpireMod:Ninjato":23,"NeowsBlessing":0,"Golden Idol":1,"Eternal Feather":16,"PreservedInsect":12,"Replay:WaspNest":22,"ScarletEmblem":8,"hubris:Towel":9,"Frozen Egg 2":11,"Ornamental Fan":20,"Snack Pack":21,"ReplayTheSpireMod:Lightbulb":27,"TungstenRod":5,"hubris:Reverence":14},{"hubris:Metronome":21,"Bag of Preparation":21,"hubris:SlimyHat":82,"ScarletHat":0,"ClockworkSouvenir":48,"Philosopher\u0027s Stone":54,"Necronomicon":34,"Replay:Bottled Flurry":59,"hubris:GlazedTorus":21,"Gremlin Food":42,"hubris:DisguiseKit":50,"ReplayTheSpireMod:Ninjato":77,"NeowsBlessing":0,"Golden Idol":1,"Eternal Feather":54,"PreservedInsect":42,"Replay:WaspNest":75,"ScarletEmblem":32,"hubris:Towel":34,"Frozen Egg 2":39,"Ornamental Fan":68,"Snack Pack":73,"ReplayTheSpireMod:Lightbulb":89,"TungstenRod":12,"hubris:Reverence":48}],"TungstenRod":83},"card_choices":[{"not_picked":["BlasphemousPunishment","VampireFantasy"],"picked":"Stigmanizer","floor":1},{"not_picked":["CharismaGuard","UnstableMagic"],"picked":"BloodHunter","floor":3},{"not_picked":["UnstableMagic","FavorOfDestiny"],"picked":"StarOfDavid","floor":4},{"not_picked":["FavorOfDestiny","ScarletDream"],"picked":"MiserableFate","floor":5},{"not_picked":["VampireKiss","BloodHunter"],"picked":"DiffusionOfMisfortune","floor":7},{"not_picked":["VampirishNight","FavorOfDestiny"],"picked":"MastersStateliness","floor":10},{"not_picked":["VampireKiss","VampireClaw"],"picked":"QueenOfMidnight","floor":11},{"not_picked":["CharismaGuard","StarOfDavid"],"picked":"NightDance","floor":14},{"not_picked":["KillingBlow","BloodyHallows"],"picked":"ScarletCoffin","floor":16},{"not_picked":["FavorOfDestiny","ScarletDevil+1"],"picked":"NightDance+1","floor":18},{"not_picked":["ScarletImprint","MastersStateliness","RedMagic+1"],"picked":"SKIP","floor":21},{"not_picked":["FavorOfDestiny","RedRainbow"],"picked":"BlasphemousPunishment+1","floor":22},{"not_picked":["BloodHunter","CharismaGuard+1"],"picked":"MastersStateliness+1","floor":25},{"not_picked":["RedRainbow","BombardNight+1"],"picked":"FitfulNightmare+1","floor":27},{"not_picked":["LeisurelyOfLord+1","EndlessAdversity"],"picked":"BloodyTrap+1","floor":28},{"not_picked":["BloodHunter","BombardNight","ScarletImprint+1"],"picked":"SKIP","floor":31},{"not_picked":["TransientEternity+1","HeartBreak","Poison Darts"],"picked":"ForecastOfChange","floor":33},{"not_picked":["EmergencyRegeneration","Stigmanizer","Toxin Wave"],"picked":"UnstableMagic+1","floor":35},{"not_picked":["ForecastOfChange","CharismaGuard+1","Dagger Throw"],"picked":"HunterOfTheNight+1","floor":36},{"not_picked":["BloodHunter","UnstableMagic","Escape Plan"],"picked":"Stigmanizer+1","floor":37},{"not_picked":["BloodAndWine","DiffusionOfMisfortune+1","RedNightlessCastle+1","Deflect"],"picked":"SKIP","floor":38},{"not_picked":["RedRainbow","LeisurelyOfLord+1","UnderTheZenith+1"],"picked":"Distraction","floor":40},{"not_picked":["TransientEternity+1","Stigmanizer+1","hubris:Sniper"],"picked":"MillenniumVampire+1","floor":41},{"not_picked":["Stigmanizer+1","CharismaGuard+1","Outmaneuver"],"picked":"BloodySeventeenLaser","floor":44},{"not_picked":["StarOfDavid","VampireSweep+1","FavorOfDestiny","ReplayTheSpireMod:Scrap Shanks"],"picked":"SKIP","floor":46},{"not_picked":["NightDance","BloodHunter+1","RedRainbow","Flying Knee"],"picked":"SKIP","floor":47},{"not_picked":["ScarletCoffin","ScarletDevil+1","StarOfDavid+1"],"picked":"Blur","floor":54}],"player_experience":1312,"relics_obtained":[{"floor":7,"key":"TungstenRod"},{"floor":11,"key":"hubris:Metronome"},{"floor":14,"key":"hubris:GlazedTorus"},{"floor":19,"key":"Necronomicon"},{"floor":25,"key":"Gremlin Food"},{"floor":26,"key":"PreservedInsect"},{"floor":28,"key":"hubris:Reverence"},{"floor":32,"key":"hubris:DisguiseKit"},{"floor":33,"key":"Eternal Feather"},{"floor":36,"key":"Replay:Bottled Flurry"},{"floor":40,"key":"Snack Pack"},{"floor":43,"key":"Replay:WaspNest"},{"floor":44,"key":"ReplayTheSpireMod:Ninjato"},{"floor":47,"key":"hubris:SlimyHat"},{"floor":54,"key":"ReplayTheSpireMod:Lightbulb"}],"event_choices":[{"damage_healed":0,"gold_gain":0,"player_choice":"Lose Max HP","damage_taken":0,"relics_obtained":["Golden Idol"],"max_hp_gain":0,"max_hp_loss":6,"event_name":"Golden Idol","floor":2,"gold_loss":0},{"damage_healed":0,"gold_gain":0,"player_choice":"Obtained Book","damage_taken":16,"max_hp_gain":0,"max_hp_loss":0,"event_name":"Cursed Tome","floor":19,"gold_loss":0},{"damage_healed":0,"gold_gain":0,"player_choice":"Opened","damage_taken":0,"relics_obtained":["Frozen Egg 2"],"max_hp_gain":0,"max_hp_loss":0,"event_name":"The Mausoleum","floor":23,"gold_loss":0,"cards_obtained":["Writhe"]},{"damage_healed":0,"gold_gain":0,"player_choice":"Ignored","damage_taken":0,"max_hp_gain":0,"max_hp_loss":0,"event_name":"Transmorgrifier","floor":45,"gold_loss":0},{"damage_healed":0,"gold_gain":0,"player_choice":"Memory 1","damage_taken":0,"max_hp_gain":0,"max_hp_loss":0,"event_name":"SensoryStone","floor":48,"gold_loss":0}],"is_beta":false,"boss_relics":[{"not_picked":["Replay:Bronze Core","hubris:BlackHole"],"picked":"ScarletEmblem"},{"not_picked":["Black Star","Kintsugi"],"picked":"Philosopher\u0027s Stone"}],"items_purged_floors":[13,29,39],"is_endless":false,"potions_floor_spawned":[5,10,11,16,25,28,31,35,36,37,41,46],"ascension_level":0}}