{"host":"oyzno85dy6ca94bi","time":1614245514,"event":{"mods":["AchievementEnabler","BaseMod","Colored Map","DeckTracker","Keyboard Shortcuts","Minty Spire (QoL Compilation)","Permanent Neow","SuperFastMode","everything is the same but u backflip on backflip"],"gold_per_floor":[115,190,206,225,245,8,40,40,40,40,40,73,93,21,21,140,140,154,154,154,154,188,188,234,285,367,367,398,36,36,71,71,196,196,215,215,285,285,303,303,335,335,335,347,361,30,66,118,118,118],"floor_reached":51,"language":"KOR","playtime":4745,"items_purged":["Bite"],"score":988,"play_id":"b0adb356-818d-466d-b531-77fd2bfbd5d8","local_time":"20210225183154","is_ascension_mode":true,"campfire_choices":[{"floor":11.0,"key":"REST"},{"floor":15.0,"key":"REST"},{"data":"Prepared","floor":23.0,"key":"SMITH"},{"data":"Well Laid Plans","floor":27.0,"key":"SMITH"},{"floor":32.0,"key":"REST"},{"data":"Catalyst","floor":40,"key":"SMITH"},{"data":"After Image","floor":42,"key":"SMITH"},{"data":"Noxious Fumes","floor":49,"key":"SMITH"}],"circlet_count":0,"master_deck":["Defend_G","Defend_G","Defend_G","Defend_G","Survivor","Neutralize","Deflect","Dagger Throw","Poisoned Stab","PiercingWail","Deadly Poison+1","HandOfGreed","Terror+1","Acrobatics","PiercingWail","Well Laid Plans+1","Corpse Explosion","Bite","Bite","Bite","Bite","Prepared+1","Backstab+1","Reflex","Footwork","Catalyst+1","After Image+1","Crippling Poison+1","Concentrate+1","Bouncing Flask+1","Escape Plan+1","Noxious Fumes+1","Acrobatics","Blur"],"relics":["Ring of the Snake","Ancient Tea Set","Bag of Marbles","Tiny Chest","Omamori","HoveringKite","TungstenRod","Question Card","Mummified Hand","Tingsha","Ginger","Calling Bell","Art of War","InkBottle","The Specimen","Bird Faced Urn","Gremlin Horn","Happy Flower","Bottled Flame","Oddly Smooth Stone","Ornamental Fan"],"acts_visited":["Exordium","TheCity","TheBeyond"],"potions_floor_usage":[33,33,33,48,50],"damage_taken":[{"damage":0.0,"enemies":"Small Slimes","floor":1.0,"turns":3.0},{"damage":2.0,"enemies":"Cultist","floor":3.0,"turns":6.0},{"damage":2.0,"enemies":"Jaw Worm","floor":4.0,"turns":5.0},{"damage":5.0,"enemies":"Exordium Thugs","floor":5.0,"turns":7.0},{"damage":20.0,"enemies":"Gremlin Nob","floor":7.0,"turns":4.0},{"damage":0.0,"enemies":"3 Louse","floor":12.0,"turns":2.0},{"damage":7.0,"enemies":"Looter","floor":13.0,"turns":3.0},{"damage":12.0,"enemies":"The Guardian","floor":16.0,"turns":10.0},{"damage":24.0,"enemies":"2 Thieves","floor":18.0,"turns":3.0},{"damage":8.0,"enemies":"Shell Parasite","floor":22.0,"turns":6.0},{"damage":15.0,"enemies":"Slavers","floor":24.0,"turns":9.0},{"damage":25.0,"enemies":"Shelled Parasite and Fungi","floor":25.0,"turns":6.0},{"damage":9.0,"enemies":"Snake Plant","floor":28.0,"turns":3.0},{"damage":10.0,"enemies":"Cultist and Chosen","floor":31.0,"turns":5.0},{"damage":37,"enemies":"Automaton","floor":33,"turns":9},{"damage":2,"enemies":"3 Shapes","floor":35,"turns":3},{"damage":10,"enemies":"Mind Bloom Boss Battle","floor":37,"turns":8},{"damage":0,"enemies":"3 Darklings","floor":39,"turns":3},{"damage":9,"enemies":"Giant Head","floor":41,"turns":6},{"damage":8,"enemies":"Transient","floor":44,"turns":5},{"damage":0,"enemies":"Spire Growth","floor":45,"turns":3},{"damage":0,"enemies":"Jaw Worm Horde","floor":47,"turns":2},{"damage":9,"enemies":"Nemesis","floor":48,"turns":7},{"damage":26,"enemies":"Donu and Deca","floor":50,"turns":5}],"seed_played":"6119412678664174851","potions_obtained":[{"floor":1.0,"key":"Weak Potion"},{"floor":4.0,"key":"Explosive Potion"},{"floor":18.0,"key":"SpeedPotion"},{"floor":24.0,"key":"PowerPotion"},{"floor":25.0,"key":"ColorlessPotion"},{"floor":31.0,"key":"SpeedPotion"},{"floor":37,"key":"LiquidMemories"},{"floor":44,"key":"SkillPotion"},{"floor":45,"key":"AttackPotion"}],"is_trial":false,"path_per_floor":["M","?","M","M","M","$","E","?","T","T","R","M","M","$","R","B",null,"M","?","T","?","M","R","E","M","T","R","M","$","T","M","R","B",null,"M","?","?","T","M","R","E","R","T","M","M","$","M","E","R","B",null],"character_chosen":"THE_SILENT","items_purchased":["Deadly Poison","HandOfGreed","Well Laid Plans","Tingsha","Footwork","Oddly Smooth Stone","Acrobatics","Blur"],"campfire_rested":3,"item_purchase_floors":[6,6,14,29,29,46,46,46],"current_hp_per_floor":[63,56,54,52,47,47,27,13,13,13,34,34,27,27,48,36,62,38,61,61,49,44,44,46,31,31,31,30,30,30,24,38,17,41,41,41,45,45,49,49,44,44,44,45,49,49,49,46,46,33],"gold":118,"neow_bonus":"RANDOM_COMMON_RELIC","is_daily":false,"chose_seed":false,"campfire_upgraded":5,"win_rate":0.0,"timestamp":1614245514,"path_taken":["M","?","M","?","M","?","E","?","T","?","R","M","?","$","R","BOSS","M","?","?","?","M","R","E","M","T","R","?","?","?","?","R","BOSS","M","?","?","?","M","R","E","R","T","M","M","$","M","E","R","BOSS"],"items_purchased_type":["Card","Card","Card","Relic","Card","Relic","Card","Card"],"build_version":"2020-12-22","purchased_purges":1,"victory":true,"max_hp_per_floor":[70,70,70,70,70,70,70,70,70,70,70,70,70,70,70,70,70,70,70,70,49,49,49,49,49,49,49,49,49,49,49,49,49,49,49,49,49,49,49,49,49,49,49,49,49,49,49,49,49,49],"card_choices":[{"not_picked":["Riddle With Holes","Prepared"],"picked":"Deflect","floor":1.0},{"not_picked":["Dodge and Roll","Outmaneuver"],"picked":"Dagger Throw","floor":3.0},{"not_picked":["Deadly Poison","Outmaneuver"],"picked":"Poisoned Stab","floor":4.0},{"not_picked":["Sucker Punch","Acrobatics"],"picked":"PiercingWail","floor":5.0},{"not_picked":["All Out Attack","Heel Hook"],"picked":"Terror","floor":7.0},{"not_picked":["Glass Knife","Dagger Throw"],"picked":"Acrobatics","floor":12.0},{"not_picked":["Blade Dance","Acrobatics"],"picked":"PiercingWail","floor":13.0},{"not_picked":["Unload","Burst"],"picked":"Corpse Explosion","floor":16.0},{"not_picked":["Setup","Eviscerate+1","Dagger Spray"],"picked":"SKIP","floor":18.0},{"not_picked":["Setup","Underhanded Strike"],"picked":"Prepared","floor":22.0},{"not_picked":["Blade Dance+1","Choke"],"picked":"Backstab+1","floor":24.0},{"not_picked":["Outmaneuver","Acrobatics","Doppelganger"],"picked":"Reflex","floor":25.0},{"not_picked":["Flying Knee","Dagger Throw","Distraction","Quick Slash"],"picked":"SKIP","floor":28.0},{"not_picked":["Deadly Poison","Deflect+1","Concentrate"],"picked":"Catalyst","floor":31.0},{"not_picked":["Bullet Time","A Thousand Cuts","Corpse Explosion"],"picked":"After Image","floor":33},{"not_picked":["Expertise+1","Dodge and Roll","Reflex+1"],"picked":"Crippling Poison+1","floor":35},{"not_picked":["Deflect+1","Prepared","PiercingWail+1"],"picked":"Concentrate+1","floor":37},{"not_picked":["Venomology","Setup+1","Backflip"],"picked":"Bouncing Flask+1","floor":39},{"not_picked":["Leg Sweep","Eviscerate+1","Poisoned Stab"],"picked":"Escape Plan+1","floor":41},{"not_picked":["Backstab","Acrobatics+1","PiercingWail","Venomology"],"picked":"SKIP","floor":44},{"not_picked":["Underhanded Strike+1","Eviscerate+1","Expertise+1"],"picked":"Noxious Fumes","floor":45},{"not_picked":["Bouncing Flask","Leg Sweep","Eviscerate","Outmaneuver+1"],"picked":"SKIP","floor":47},{"not_picked":["Prepared","Sucker Punch","Setup","Outmaneuver+1"],"picked":"SKIP","floor":48}],"player_experience":523098,"relics_obtained":[{"floor":7.0,"key":"Bag of Marbles"},{"floor":9.0,"key":"Tiny Chest"},{"floor":10.0,"key":"Omamori"},{"floor":20.0,"key":"TungstenRod"},{"floor":24.0,"key":"Question Card"},{"floor":26.0,"key":"Mummified Hand"},{"floor":30.0,"key":"Ginger"},{"floor":34,"key":"Art of War"},{"floor":34,"key":"InkBottle"},{"floor":34,"key":"The Specimen"},{"floor":37,"key":"Bird Faced Urn"},{"floor":38,"key":"Gremlin Horn"},{"floor":41,"key":"Happy Flower"},{"floor":43,"key":"Bottled Flame"},{"floor":48,"key":"Ornamental Fan"}],"event_choices":[{"damage_healed":0.0,"max_hp_gain":0.0,"max_hp_loss":0.0,"gold_gain":75.0,"event_name":"FaceTrader","player_choice":"Touch","floor":2.0,"gold_loss":0.0,"damage_taken":7.0},{"damage_healed":0.0,"max_hp_gain":0.0,"max_hp_loss":0.0,"gold_gain":0.0,"event_name":"Shining Light","player_choice":"Entered Light","floor":8.0,"gold_loss":0.0,"damage_taken":14.0,"cards_upgraded":["Terror","Deadly Poison"]},{"damage_healed":23.0,"max_hp_gain":0.0,"max_hp_loss":0.0,"gold_gain":0.0,"event_name":"The Library","player_choice":"Heal","floor":19.0,"gold_loss":0.0,"damage_taken":0.0},{"damage_healed":0.0,"max_hp_gain":0.0,"max_hp_loss":21.0,"gold_gain":0.0,"event_name":"Vampires","player_choice":"Became a vampire","floor":21.0,"gold_loss":0.0,"damage_taken":0.0,"cards_obtained":["Bite","Bite","Bite","Bite","Bite"]},{"cards_removed":["Defend_G"],"damage_healed":0,"gold_gain":0,"player_choice":"Removed Skill","damage_taken":0,"max_hp_gain":0,"max_hp_loss":0,"event_name":"Falling","floor":36,"gold_loss":0},{"damage_healed":0,"gold_gain":0,"player_choice":"Fight","damage_taken":0,"max_hp_gain":0,"max_hp_loss":0,"event_name":"MindBloom","floor":37,"gold_loss":0}],"is_beta":false,"boss_relics":[{"not_picked":["Ectoplasm","SacredBark"],"picked":"HoveringKite"},{"not_picked":["SlaversCollar","Fusion Hammer"],"picked":"Calling Bell"}],"items_purged_floors":[46],"is_endless":false,"potions_floor_spawned":[1,4,18,24,25,31,37,44,45],"ascension_level":6}}