{"host":"kejh1c9c53env2nx","time":1614276661,"event":{"mods":["BaseMod","Downfall","Minty Spire (QoL Compilation)","StSLib"],"gold_per_floor":[209,55,55,69,85,113,113,141,165,177,177,14,31,49,49,149,149,161,181,181,194,214,214,225,35,62,62,93,30,42,42],"floor_reached":30,"language":"ENG","playtime":1594,"items_purged":["Strike_P","Eruption"],"score":262,"play_id":"41b2d37a-8e91-4cca-81cf-b5dd97dcfa15","local_time":"20210225181101","is_ascension_mode":false,"campfire_choices":[{"data":"Alpha","floor":11,"key":"SMITH"},{"floor":15,"key":"REST"},{"floor":23,"key":"REST"},{"floor":27,"key":"REST"}],"circlet_count":0,"master_deck":["Strike_P","Strike_P","Defend_P+1","Defend_P","Defend_P","Defend_P+1","Vigilance","Brilliance","ThirdEye+1","Nirvana","Alpha+1","Evaluate","DevaForm","ThirdEye","Halt","Perseverance+1","EmptyBody","SpiritShield"],"relics":["PureWater","Membership Card","Boot","Potion Belt","Toy Ornithopter","Letter Opener","Black Star","Ancient Tea Set","MealTicket","MawBank","Bottled Lightning"],"acts_visited":["Exordium","TheCity"],"potions_floor_usage":[6,6,10,13,16,16,21,28,30,30],"damage_taken":[{"damage":0,"enemies":"Jaw Worm","floor":1,"turns":3},{"damage":0,"enemies":"Small Slimes","floor":4,"turns":2},{"damage":0,"enemies":"Cultist","floor":5,"turns":2},{"damage":4,"enemies":"3 Sentries","floor":6,"turns":6},{"damage":12,"enemies":"Gremlin Nob","floor":8,"turns":3},{"damage":0,"enemies":"Blue Slaver","floor":10,"turns":3},{"damage":14,"enemies":"Gremlin Gang","floor":13,"turns":4},{"damage":2,"enemies":"Looter","floor":14,"turns":3},{"damage":17,"enemies":"The Guardian","floor":16,"turns":8},{"damage":9,"enemies":"Chosen","floor":18,"turns":5},{"damage":21,"enemies":"2 Thieves","floor":19,"turns":4},{"damage":33,"enemies":"Snake Plant","floor":21,"turns":4},{"damage":5,"enemies":"Centurion and Healer","floor":22,"turns":6},{"damage":22,"enemies":"Chosen and Byrds","floor":24,"turns":5},{"damage":23,"enemies":"Gremlin Leader","floor":28,"turns":6},{"damage":28,"enemies":"Snake Plant","floor":30,"turns":4}],"seed_played":"-2648839610340555273","potions_obtained":[{"floor":4,"key":"Explosive Potion"},{"floor":5,"key":"ColorlessPotion"},{"floor":6,"key":"Dexterity Potion"},{"floor":7,"key":"SpeedPotion"},{"floor":7,"key":"FearPotion"},{"floor":8,"key":"Slimebound:ThreeZeroPotion"},{"floor":18,"key":"StancePotion"},{"floor":19,"key":"Swift Potion"},{"floor":28,"key":"BottledMiracle"}],"is_trial":false,"path_per_floor":["M","$","?","M","M","E","?","E","T","M","R","$","M","M","R","B",null,"M","M","?","M","M","R","M","$","T","R","E","?","M"],"character_chosen":"WATCHER","items_purchased":["Membership Card","Letter Opener","SpiritShield","Ancient Tea Set","Block Potion"],"campfire_rested":3,"item_purchase_floors":[2,12,25,25,25],"current_hp_per_floor":[72,72,58,58,58,54,54,42,42,47,47,47,38,36,57,50,72,63,42,42,14,9,30,8,8,8,29,11,11,0,0],"gold":42,"neow_bonus":"HUNDRED_GOLD","is_daily":false,"chose_seed":false,"campfire_upgraded":1,"win_rate":0.0,"timestamp":1614276661,"path_taken":["M","$","?","M","M","E","?","E","T","M","R","$","?","M","R","BOSS","M","M","?","M","?","R","M","$","T","R","E","?","M"],"items_purchased_type":["Relic","Relic","Card","Relic","Potion"],"build_version":"2020-12-22","purchased_purges":2,"victory":false,"max_hp_per_floor":[72,72,72,72,72,72,72,72,72,72,72,72,72,72,72,72,72,72,72,72,72,72,72,72,72,72,72,72,72,72,72],"card_choices":[{"not_picked":["FlyingSleeves","Crescendo","CrushJoints"],"picked":"SKIP","floor":1},{"not_picked":["Swivel","DeceiveReality"],"picked":"Brilliance","floor":4},{"not_picked":["FlyingSleeves","CrushJoints"],"picked":"ThirdEye","floor":5},{"not_picked":["ThirdEye","BattleHymn"],"picked":"Nirvana","floor":6},{"not_picked":["Swivel","Consecrate"],"picked":"Alpha","floor":8},{"not_picked":["Perseverance","Halt"],"picked":"Evaluate","floor":10},{"not_picked":["Crescendo","EmptyBody","Halt"],"picked":"SKIP","floor":13},{"not_picked":["SashWhip","CutThroughFate","EmptyFist"],"picked":"SKIP","floor":14},{"not_picked":["Blasphemy","Brilliance"],"picked":"DevaForm","floor":16},{"not_picked":["Evaluate+1","Consecrate+1"],"picked":"ThirdEye","floor":18},{"not_picked":["ThirdEye","BattleHymn"],"picked":"Halt","floor":19},{"not_picked":["ClearTheMind","Wallop","TalkToTheHand+1"],"picked":"SKIP","floor":21},{"not_picked":["BattleHymn","Protect+1"],"picked":"Perseverance+1","floor":22},{"not_picked":["Adaptation+1","Wireheading+1"],"picked":"EmptyBody","floor":24},{"not_picked":["ReachHeaven","Weave+1","Consecrate"],"picked":"SKIP","floor":28}],"player_experience":109531,"relics_obtained":[{"floor":6,"key":"Boot"},{"floor":8,"key":"Potion Belt"},{"floor":9,"key":"Toy Ornithopter"},{"floor":26,"key":"MealTicket"},{"floor":28,"key":"MawBank"},{"floor":28,"key":"Bottled Lightning"}],"event_choices":[{"damage_healed":0,"gold_gain":0,"player_choice":"Entered Light","damage_taken":14,"max_hp_gain":0,"max_hp_loss":0,"event_name":"Shining Light","floor":3,"gold_loss":0,"cards_upgraded":["Defend_P","Defend_P"]},{"damage_healed":0,"gold_gain":0,"player_choice":"Got Potions","damage_taken":0,"max_hp_gain":0,"max_hp_loss":0,"event_name":"Lab","floor":7,"gold_loss":0},{"damage_healed":0,"gold_gain":0,"player_choice":"Upgraded","damage_taken":0,"max_hp_gain":0,"max_hp_loss":0,"event_name":"Upgrade Shrine","floor":20,"gold_loss":0,"cards_upgraded":["ThirdEye"]},{"cards_removed":["Strike_P"],"damage_healed":0,"gold_gain":0,"player_choice":"Gave Gold","damage_taken":0,"max_hp_gain":0,"max_hp_loss":0,"event_name":"Beggar","floor":29,"gold_loss":75}],"is_beta":false,"boss_relics":[{"not_picked":["Philosopher\u0027s Stone","Tiny House"],"picked":"Black Star"}],"items_purged_floors":[12,25],"is_endless":false,"potions_floor_spawned":[4,5,6,8,18,19,28],"killed_by":"Snake Plant","ascension_level":0}}