{"host":"ox77rn1xcurm2t5a","time":1614244981,"event":{"mods":["2.2 Compatiblity","AchievementEnabler","Act Like it!","Aspiration","BaseMod","Best Route Mod","Better Match","Better Note","Better Sensory Stone","Block Reminder","Colored Map","Colored Powertips","Conjunction","Conspire","Custom Start","Energized Spire","GifTheSpireLib","Gold Saver","Gremlin Skip","Halation","Highlight Path","Hubris","Infinite Spire","Minty Spire (QoL Compilation)","Pale of the Ancients","Quick Restart","Reliquary","Replay The Spire","Reworked Bosses","ShortenTheSpire","Spire Exporter","StSLib","Stuff the Spire","Wandering Minibosses"],"gold_per_floor":[311,311,329,21,121,147,147,163,188,188,88,88,115,6379,6379,6483,6483,6499,6513,6525,6525,6300,6325,6325,6355,6380,6380,6396,6407,6264,6277,6277,6380,6380,6395,6395,6415,6433,6433,6433,6485,6510,6533,6553,6565,5923,5952,5952,5952,5952,5952,5952,5200,5233,5233],"floor_reached":56,"language":"ENG","playtime":1854,"items_purged":["Defend_R","Strike_R","Strike_R","Strike_R","Defend_R","Pot Of Greed","Defend_R"],"score":1943,"play_id":"cf6a93ad-e0e1-4f66-a7fb-d9a531954177","local_time":"20210225112301","is_ascension_mode":true,"campfire_choices":[{"data":"StuffTheSpire:Innocence","floor":7.0,"key":"SMITH"},{"floor":10.0,"key":"RECALL"},{"data":"Metallicize","floor":12.0,"key":"SMITH"},{"data":"Madness","floor":15.0,"key":"SMITH"},{"data":"Limit Break","floor":24.0,"key":"SMITH"},{"data":"Inflame","floor":32.0,"key":"SMITH"},{"data":"Pot Of Greed","floor":40.0,"key":"SMITH"},{"data":"StuffTheSpire:BrainWave","floor":49.0,"key":"SMITH"},{"data":"Uppercut","floor":52,"key":"SMITH"}],"circlet_count":0,"master_deck":["AscendersBane","Strike_R","Defend_R","Bash+1","StuffTheSpire:Innocence+1","Pommel Strike","Metallicize+1","Heavy Blade","Thunderclap","Madness+1","Limit Break+1","Thunderclap","Inflame+1","Pot Of Greed+1","Inflame+1","Pummel+1","Uppercut+1","Pummel+1","Reaper+1","Headbutt+1","conspire:ExplosiveBarrier+1","Thunderclap+1","Pot Of Greed","Cleave+1","Inflame","Thunderclap","Inflame","Perfected Strike+1","StuffTheSpire:BrainWave+1","Twin Strike","Twin Strike+1"],"relics":["Burning Blood","StuffTheSpire:Gunfinga","Tiny Chest","infinitespire:Satchel","reliquary:RosewoodLute","infinitespire:ShieldingShard","Gremlin Food","StuffTheSpire:RunicConfusion","Smiling Mask","Grinning Jar","Vajra","aspiration:PoetsPen_weak","halation:Jellyphish","StuffTheSpire:NeowsTribute","Red Skull","Whetstone","reliquary:Knoch","Cauldron","PreservedInsect","Mercury Hourglass","StuffTheSpire:DullRazor","StuffTheSpire:Rhapsscallions","conspire:DeflatedDodgeball"],"acts_visited":["Exordium","TheCity","TheBeyond","TheEnding"],"potions_floor_usage":[50,54],"damage_taken":[{"damage":8.0,"enemies":"Jaw Worm","floor":1.0,"turns":4.0},{"damage":1.0,"enemies":"Cultist","floor":3.0,"turns":3.0},{"damage":34.0,"enemies":"Lagavulin","floor":6.0,"turns":9.0},{"damage":0.0,"enemies":"2 Louse","floor":8.0,"turns":2.0},{"damage":3.0,"enemies":"3 Sentries","floor":13.0,"turns":6.0},{"damage":32.0,"enemies":"Hexaghost","floor":16.0,"turns":11.0},{"damage":8.0,"enemies":"3 Byrds","floor":18.0,"turns":4.0},{"damage":8.0,"enemies":"Shell Parasite","floor":19.0,"turns":3.0},{"damage":13.0,"enemies":"3 Cultists","floor":20.0,"turns":5.0},{"damage":21.0,"enemies":"Gremlin Leader","floor":23.0,"turns":6.0},{"damage":22.0,"enemies":"Book of Stabbing","floor":25.0,"turns":5.0},{"damage":0.0,"enemies":"Centurion and Healer","floor":28.0,"turns":3.0},{"damage":0.0,"enemies":"Cultist and Chosen","floor":29.0,"turns":3.0},{"damage":0.0,"enemies":"Sentry and Sphere","floor":31.0,"turns":4.0},{"damage":7.0,"enemies":"bossMod:newChamp","floor":33.0,"turns":4.0},{"damage":3.0,"enemies":"Orb Walker","floor":35.0,"turns":2.0},{"damage":9.0,"enemies":"3 Shapes","floor":37.0,"turns":3.0},{"damage":0.0,"enemies":"Spire Growth","floor":38.0,"turns":3.0},{"damage":0.0,"enemies":"2 Orb Walkers","floor":41.0,"turns":3.0},{"damage":0.0,"enemies":"Reptomancer","floor":42.0,"turns":2.0},{"damage":0.0,"enemies":"Writhing Mass","floor":44.0,"turns":3.0},{"damage":19.0,"enemies":"4 Shapes","floor":45.0,"turns":2.0},{"damage":2.0,"enemies":"R_Hoarder","floor":47.0,"turns":4.0},{"damage":0,"enemies":"bossMod:newAwakened","floor":50,"turns":5},{"damage":6,"enemies":"Shield and Spear","floor":54,"turns":3},{"damage":106,"enemies":"The Heart","floor":55,"turns":6}],"seed_played":"-40957245295118369","potions_obtained":[{"floor":1.0,"key":"BlessingOfTheForge"},{"floor":6.0,"key":"Conjunction:LightningMarble"},{"floor":13.0,"key":"Elixir"},{"floor":20.0,"key":"EssenceOfSteel"},{"floor":23.0,"key":"Toxic Potion"},{"floor":25.0,"key":"AttackPotion"},{"floor":28.0,"key":"FairyPotion"},{"floor":33.0,"key":"Regen Potion"},{"floor":38.0,"key":"Weak Potion"},{"floor":41.0,"key":"ColorlessPotion"},{"floor":42.0,"key":"Adrenaline Potion"},{"floor":45.0,"key":"Dexterity Potion"},{"floor":46.0,"key":"infinitespire:BlackPotion"}],"is_trial":false,"path_per_floor":["M","?","M","$","?","E","R","M","T","R","$","R","E","$","R","B",null,"M","M","M","?","$","E","R","E","T","AVR","M","M","$","M","R","B",null,"M","AVR","M","M","T","R","?","E","T","M","M","$","E","?","R","B",null,"R","$","E","B",null],"character_chosen":"IRONCLAD","items_purchased":["Tiny Chest","Metallicize","Madness","infinitespire:ShieldingShard","Gremlin Food","Energy Potion","Swift Potion","ElixirPotion","Regen Potion","Uppercut","Whetstone","reliquary:Knoch","Cauldron","Thunderclap","Inflame","Mercury Hourglass","StuffTheSpire:DullRazor","StuffTheSpire:Rhapsscallions","Twin Strike","BlessingOfTheForge"],"campfire_rested":0,"item_purchase_floors":[4,4,14,14,14,14,14,22,30,30,46,46,46,46,46,53,53,53,53,53],"current_hp_per_floor":[70,63,68,68,68,40,40,46,46,46,46,46,49,49,49,23,66,64,62,55,55,55,40,40,24,24,24,30,36,36,54,54,53,73,80,80,80,80,80,80,80,80,80,80,67,67,80,72,72,77,77,77,79,79,7],"gold":5233,"neow_bonus":"RANDOM_COMMON_RELIC","is_daily":false,"chose_seed":false,"campfire_upgraded":8,"win_rate":0.0,"timestamp":1614244981,"path_taken":["M","?","M","$","?","E","R","?","T","R","$","R","E","$","R","BOSS","M","M","M","?","$","E","R","E","T","AVR","M","M","$","M","R","BOSS","M","AVR","M","M","?","R","?","E","T","M","M","$","E","?","R","BOSS","R","$","E","BOSS"],"items_purchased_type":["Relic","Card","Card","Relic","Relic","Potion","Potion","Potion","Potion","Card","Relic","Relic","Relic","Card","Card","Relic","Relic","Relic","Card","Potion"],"build_version":"2020-12-22","purchased_purges":7,"victory":true,"max_hp_per_floor":[80,80,80,80,80,80,80,80,80,80,80,80,80,80,80,80,80,80,80,80,80,80,80,80,80,80,80,80,80,80,80,80,80,80,80,80,80,80,80,80,80,80,80,80,80,80,80,72,72,77,77,77,79,79,79],"card_choices":[{"not_picked":["Armaments","infinitespire:OneForAll","Headbutt"],"picked":"SKIP","floor":1.0},{"not_picked":["Reckless Charge","True Grit"],"picked":"Pommel Strike","floor":3.0},{"not_picked":["Fiend Fire","Evolve"],"picked":"Heavy Blade","floor":6.0},{"not_picked":["conspire:Charge","Seeing Red","Flex"],"picked":"SKIP","floor":8.0},{"not_picked":["Feel No Pain","Double Tap"],"picked":"Thunderclap","floor":13.0},{"not_picked":["Berserk","Offering"],"picked":"Limit Break","floor":16.0},{"not_picked":["ReplayTheSpireMod:Strike From Hell","Headbutt"],"picked":"Thunderclap","floor":18.0},{"not_picked":["Flex","Iron Wave+1"],"picked":"Inflame+1","floor":19.0},{"not_picked":["StuffTheSpire:Incineration","ReplayTheSpireMod:Stacked","Hemokinesis+1"],"picked":"SKIP","floor":20.0},{"not_picked":["Flame Barrier","Clothesline","True Grit+1"],"picked":"SKIP","floor":23.0},{"not_picked":["Sever Soul","Burning Pact+1","StuffTheSpire:Resist+1"],"picked":"SKIP","floor":25.0},{"not_picked":["Headbutt","conspire:ExplosiveBarrier"],"picked":"Inflame","floor":28.0},{"not_picked":["StuffTheSpire:Incineration","Feel No Pain"],"picked":"Pummel+1","floor":29.0},{"not_picked":["Wild Strike","Body Slam"],"picked":"Pummel+1","floor":31.0},{"not_picked":["conspire:HitWhereItHurts","Bludgeon"],"picked":"Reaper","floor":33.0},{"not_picked":["Warcry","Armaments","ReplayReversal+1"],"picked":"SKIP","floor":35.0},{"not_picked":["StuffTheSpire:Incineration","Whirlwind+1"],"picked":"Headbutt+1","floor":37.0},{"not_picked":["Power Through+1","Replay:Undeath\u0027s Touch"],"picked":"conspire:ExplosiveBarrier+1","floor":38.0},{"not_picked":["infinitespire:OneForAll","Bloodletting"],"picked":"Thunderclap+1","floor":41.0},{"not_picked":["Wild Strike+1","Havoc+1"],"picked":"Cleave+1","floor":42.0},{"not_picked":["infinitespire:OneForAll+1","StuffTheSpire:BloodClot"],"picked":"Inflame","floor":44.0},{"not_picked":["hubris:ReadiedAction+1","Twin Strike","Power Through"],"picked":"SKIP","floor":45.0},{"not_picked":["Cleave","Dark Embrace"],"picked":"Perfected Strike+1","floor":47.0},{"not_picked":["Anger","ReplayTheSpireMod:Strike From Hell+1"],"picked":"Twin Strike+1","floor":54}],"player_experience":3256419,"relics_obtained":[{"floor":6.0,"key":"infinitespire:Satchel"},{"floor":13.0,"key":"reliquary:RosewoodLute"},{"floor":23.0,"key":"Smiling Mask"},{"floor":26.0,"key":"Grinning Jar"},{"floor":41.0,"key":"StuffTheSpire:NeowsTribute"},{"floor":42.0,"key":"Red Skull"},{"floor":47.0,"key":"PreservedInsect"},{"floor":54,"key":"conspire:DeflatedDodgeball"}],"event_choices":[{"damage_healed":0.0,"max_hp_gain":0.0,"max_hp_loss":0.0,"gold_gain":100.0,"event_name":"Golden Shrine","player_choice":"Pray","floor":5.0,"gold_loss":0.0,"damage_taken":0.0},{"damage_healed":0.0,"max_hp_gain":0.0,"max_hp_loss":0.0,"gold_gain":0.0,"event_name":"betterNote:BetterNote","player_choice":"Ignored","floor":21.0,"gold_loss":0.0,"damage_taken":0.0,"cards_obtained":["Strike_P"]},{"damage_healed":0.0,"max_hp_gain":0.0,"max_hp_loss":0.0,"gold_gain":0.0,"event_name":"Mysterious Sphere","player_choice":"Fight","floor":41.0,"gold_loss":0.0,"damage_taken":0.0}],"is_beta":false,"boss_relics":[{"not_picked":["energizedSpire:DecayingSkull","Fusion Hammer"],"picked":"StuffTheSpire:RunicConfusion"},{"not_picked":["hubris:GrandSneckoEye","Replay:Ancient Bell","reliquary:RedCape"]}],"items_purged_floors":[4,11,14,22,27,36,46],"is_endless":false,"potions_floor_spawned":[1,6,13,20,23,25,28,33,38,41,42,45],"ascension_level":11}}