{"host":"gg","time":1614234973,"event":{"mods":["AchievementEnabler","BaseMod","Colored Map","Googly Eyes","Minty Spire (QoL Compilation)","Permanent Neow","Relic Stats","The IronCluck"],"gold_per_floor":[112,112,129,129,155,188,203,203,226,257,257,257,14,30,30,119,119,132,147,147,171,185,185,185],"floor_reached":23,"language":"ENG","playtime":1145,"items_purged":[],"score":398,"play_id":"095aeba8-a00d-4995-ab02-be9831d09fac","local_time":"20210224223613","is_ascension_mode":true,"campfire_choices":[{"data":"Armaments","floor":8.0,"key":"SMITH"},{"data":"Inflame","floor":12,"key":"SMITH"},{"data":"Rampage","floor":15,"key":"SMITH"}],"circlet_count":0,"master_deck":["AscendersBane","Strike_R","Strike_R","Strike_R","Strike_R","Defend_R","Defend_R","Defend_R","Defend_R","Bash","Reaper","Armaments+1","Inflame+1","Pommel Strike","Reaper","Rampage+1","Sword Boomerang","Impervious","Cleave","Headbutt+1","RitualDagger","Carnage"],"relics":["Burning Blood","Golden Idol","Strawberry","Gremlin Horn","Toy Ornithopter","Bag of Preparation","ClockworkSouvenir","Sozu","Oddly Smooth Stone"],"acts_visited":["Exordium","TheCity"],"potions_floor_usage":[16,19],"damage_taken":[{"damage":7.0,"enemies":"Cultist","floor":1.0,"turns":4.0},{"damage":15.0,"enemies":"2 Louse","floor":3.0,"turns":4.0},{"damage":47.0,"enemies":"Lagavulin","floor":6.0,"turns":8.0},{"damage":7.0,"enemies":"Jaw Worm","floor":7.0,"turns":5.0},{"damage":40,"enemies":"3 Sentries","floor":10,"turns":9},{"damage":3,"enemies":"Large Slime","floor":14,"turns":6},{"damage":26,"enemies":"Hexaghost","floor":16,"turns":9},{"damage":18,"enemies":"2 Thieves","floor":18,"turns":4},{"damage":30,"enemies":"Shell Parasite","floor":19,"turns":4},{"damage":12,"enemies":"Snecko","floor":22,"turns":3},{"damage":75,"enemies":"Slavers","floor":23,"turns":5}],"seed_played":"7694885951218200657","potions_obtained":[{"floor":6.0,"key":"Explosive Potion"},{"floor":10,"key":"Energy Potion"},{"floor":14,"key":"DistilledChaos"}],"is_trial":false,"path_per_floor":["M","?","M","?","T","E","M","R","T","E","?","R","$","M","R","B",null,"M","M","?","T","M","E"],"character_chosen":"IRONCLAD","items_purchased":["ClockworkSouvenir","Rampage"],"campfire_rested":0,"item_purchase_floors":[13,13],"current_hp_per_floor":[73,78,76,72,79,45,50,50,50,28,21,21,21,32,32,27,66,68,61,55,55,49,0,0],"gold":185,"neow_bonus":"ONE_RANDOM_RARE_CARD","is_daily":false,"chose_seed":false,"campfire_upgraded":3,"win_rate":0.0,"timestamp":1614234973,"path_taken":["M","?","M","?","?","E","M","R","T","E","?","R","?","?","R","BOSS","M","M","?","?","M","E"],"items_purchased_type":["Relic","Card"],"build_version":"2020-12-18","purchased_purges":0,"victory":false,"max_hp_per_floor":[75,80,80,72,79,79,79,79,79,79,79,79,79,79,79,79,79,79,79,79,79,79,79,79],"relic_stats":{"Sozu":1,"Gremlin Horn":[6,6],"counters":[11,61],"Golden Idol":46,"Bag of Preparation":[12],"obtain_stats":[{"Sozu":17,"Gremlin Horn":6,"Golden Idol":4,"Strawberry":5,"Oddly Smooth Stone":21,"Bag of Preparation":10,"Burning Blood":0,"Toy Ornithopter":9,"ClockworkSouvenir":13},{"Sozu":7,"Gremlin Horn":3,"Golden Idol":2,"Strawberry":2,"Oddly Smooth Stone":9,"Bag of Preparation":5,"Burning Blood":0,"Toy Ornithopter":4,"ClockworkSouvenir":5},{"Sozu":45,"Gremlin Horn":16,"Golden Idol":8,"Strawberry":8,"Oddly Smooth Stone":53,"Bag of Preparation":30,"Burning Blood":0,"Toy Ornithopter":21,"ClockworkSouvenir":30}],"Burning Blood":60,"Toy Ornithopter":10},"card_choices":[{"not_picked":["Reckless Charge","Burning Pact"],"picked":"Armaments","floor":1.0},{"not_picked":["Perfected Strike","Havoc"],"picked":"Inflame","floor":3.0},{"not_picked":["True Grit","Clothesline"],"picked":"Pommel Strike","floor":6.0},{"not_picked":["Dual Wield","Havoc","Flex"],"picked":"SKIP","floor":7.0},{"not_picked":["Dual Wield","Havoc","Flex"],"picked":"SKIP","floor":7.0},{"not_picked":["Flex","Sentinel"],"picked":"Reaper","floor":10},{"not_picked":["Clash","Carnage"],"picked":"Sword Boomerang","floor":14},{"not_picked":["Corruption","Fiend Fire"],"picked":"Impervious","floor":16},{"not_picked":["Bloodletting+1","Dropkick"],"picked":"Cleave","floor":18},{"not_picked":["Iron Wave","Armaments"],"picked":"Headbutt+1","floor":19},{"not_picked":["Sentinel","Warcry"],"picked":"Carnage","floor":22}],"player_experience":1362528,"relics_obtained":[{"floor":5.0,"key":"Strawberry"},{"floor":6.0,"key":"Gremlin Horn"},{"floor":9.0,"key":"Toy Ornithopter"},{"floor":10,"key":"Bag of Preparation"},{"floor":21,"key":"Oddly Smooth Stone"}],"event_choices":[{"damage_healed":0.0,"max_hp_gain":5.0,"max_hp_loss":0.0,"gold_gain":0.0,"event_name":"Big Fish","player_choice":"Donut","floor":2.0,"gold_loss":0.0,"damage_taken":0.0},{"damage_healed":0.0,"max_hp_gain":0.0,"max_hp_loss":8.0,"gold_gain":0.0,"event_name":"Golden Idol","player_choice":"Lose Max HP","floor":4.0,"gold_loss":0.0,"damage_taken":0.0,"relics_obtained":["Golden Idol"]},{"cards_removed":["Strike_R"],"damage_healed":0,"gold_gain":0,"player_choice":"Card Removal","damage_taken":7,"max_hp_gain":0,"max_hp_loss":0,"event_name":"Golden Wing","floor":11,"gold_loss":0},{"damage_healed":0,"gold_gain":0,"player_choice":"Joined the Cult","damage_taken":6,"max_hp_gain":0,"max_hp_loss":0,"event_name":"Nest","floor":20,"gold_loss":0,"cards_obtained":["RitualDagger"]}],"is_beta":true,"boss_relics":[{"not_picked":["Calling Bell","Empty Cage"],"picked":"Sozu"}],"items_purged_floors":[],"is_endless":false,"potions_floor_spawned":[6,10,14,19],"killed_by":"Slavers","ascension_level":20}}