{"host":"mi0eibewekhugwl1","time":1614247546,"event":{"mods":["AchievementEnabler","BaseMod","Colored Map","Colored Powertips","DeckTracker","Keyboard Shortcuts","Minty Spire (QoL Compilation)","Quick Restart","Rare Cards Sparkle","Relic Stats","StSLib","SuperFastMode","everything is the same but u backflip on backflip"],"gold_per_floor":[211,211,1,1,1,1,14,25,25,39,39,0,0,23,23,23,23],"floor_reached":16,"language":"KOR","playtime":232,"items_purged":[],"score":180,"play_id":"27e5b3f5-30e0-48fa-a9e9-b6370b95368c","local_time":"20210225190546","is_ascension_mode":true,"campfire_choices":[{"data":"Apotheosis","floor":6,"key":"SMITH"},{"data":"1","floor":15,"key":"LIFT"}],"circlet_count":0,"master_deck":["AscendersBane","Strike_G","Strike_G","Strike_G","Strike_G","Strike_G","Defend_G","Defend_G","Defend_G","Defend_G","Defend_G","Survivor+1","Neutralize","Cloak And Dagger+1","Apotheosis+1","Dagger Spray","Dash","Dagger Throw","Footwork","Tactician"],"relics":["Ring of the Snake","Girya","Meat on the Bone","Golden Idol"],"acts_visited":["Exordium"],"potions_floor_usage":[16,16],"damage_taken":[{"damage":8.0,"enemies":"Small Slimes","floor":1.0,"turns":7.0},{"damage":0,"enemies":"Jaw Worm","floor":7,"turns":3},{"damage":1,"enemies":"2 Louse","floor":8,"turns":2},{"damage":1,"enemies":"Red Slaver","floor":10,"turns":5},{"damage":0,"enemies":"Looter","floor":14,"turns":4},{"damage":31,"enemies":"Slime Boss","floor":16,"turns":10}],"seed_played":"-7068634373352546548","potions_obtained":[{"floor":1.0,"key":"CunningPotion"},{"floor":10,"key":"ColorlessPotion"}],"is_trial":false,"path_per_floor":["M","?","$","?","T","R","M","M","T","M","?","$","$","M","R","B"],"character_chosen":"THE_SILENT","items_purchased":["Apotheosis","Dagger Spray","Footwork"],"campfire_rested":0,"item_purchase_floors":[3,3,12],"current_hp_per_floor":[51,31,31,31,31,31,31,30,30,41,18,18,18,30,30,0,0],"gold":23,"neow_bonus":"HUNDRED_GOLD","is_daily":false,"chose_seed":false,"campfire_upgraded":1,"win_rate":0.0,"timestamp":1614247546,"path_taken":["M","?","$","?","?","R","M","M","T","M","?","?","$","M","R","BOSS"],"items_purchased_type":["Card","Card","Card"],"build_version":"2020-12-22","purchased_purges":0,"victory":false,"max_hp_per_floor":[66,66,66,66,66,66,66,66,66,66,66,66,66,66,66,66,66],"relic_stats":{"counters":[6,31],"Golden Idol":5,"obtain_stats":[{"Girya":5,"Golden Idol":11,"Ring of the Snake":0,"Meat on the Bone":9},{"Girya":1,"Golden Idol":4,"Ring of the Snake":0,"Meat on the Bone":3},{"Girya":7,"Golden Idol":17,"Ring of the Snake":0,"Meat on the Bone":12}],"Ring of the Snake":[12],"Meat on the Bone":24},"card_choices":[{"not_picked":["Flying Knee","Bane"],"picked":"Cloak And Dagger","floor":1.0},{"not_picked":["Blur","Bane"],"picked":"Dash","floor":7},{"not_picked":["Catalyst","Backflip"],"picked":"Dagger Throw","floor":8},{"not_picked":["Burst","Caltrops","Underhanded Strike"],"picked":"SKIP","floor":10},{"not_picked":["Slice","Deadly Poison"],"picked":"Tactician","floor":14}],"player_experience":1827995,"relics_obtained":[{"floor":5,"key":"Girya"},{"floor":9,"key":"Meat on the Bone"}],"event_choices":[{"damage_healed":0.0,"max_hp_gain":0.0,"max_hp_loss":0.0,"gold_gain":0.0,"event_name":"Shining Light","player_choice":"Entered Light","floor":2.0,"gold_loss":0.0,"damage_taken":20.0,"cards_upgraded":["Cloak And Dagger","Survivor"]},{"damage_healed":0,"gold_gain":0,"player_choice":"Fled","damage_taken":0,"max_hp_gain":0,"max_hp_loss":0,"event_name":"Scrap Ooze","floor":4,"gold_loss":0},{"damage_healed":0,"gold_gain":0,"player_choice":"Take Damage","damage_taken":23,"relics_obtained":["Golden Idol"],"max_hp_gain":0,"max_hp_loss":0,"event_name":"Golden Idol","floor":11,"gold_loss":0}],"is_beta":false,"boss_relics":[],"items_purged_floors":[],"is_endless":false,"potions_floor_spawned":[1,10,14],"killed_by":"Slime Boss","ascension_level":20}}