{"host":"bplbr8uekuotory4","time":1614236320,"event":{"mods":["Act Like it!","BaseMod","Custom Start","GungeonMod","Hermit","KinomotoSakuraMod(木之本樱)","Marisa（F雨　魔理沙）","Minty Spire (QoL Compilation)","Prisma Mod","Quick Restart","Reimu（博丽灵梦）","SOS（斯巴达之子）","Spicy Shops","StSLib","TestMod","The Blackbeard","The Cursed","The Mystic","The Saiyan","The Senshi","The Servant 0.9.4","Yuri Mod","[IsaacMod]以撒尖塔"],"gold_per_floor":[219,307,82,92,112,112,172,205,205,205,193,205,205,220,220,271,271,261,85,10,22,22,46,66,93,120,120,120,172,172,206,206,280,280,293,168,568,568,616,639,639,677,702,702,750,322,322,446,446,614,614,614,102,223,251],"floor_reached":56,"language":"ZHS","playtime":1359,"items_purged":["Strike_R","Poor:ReiMu","Defend_R","Strike_R","Defend_R","Strike_R"],"score":2473,"play_id":"4c225225-61af-4262-a4f0-13ec5def5c05","local_time":"20210225145840","is_ascension_mode":true,"campfire_choices":[{"data":"Limit Break","floor":6,"key":"SMITH"},{"data":"Bash","floor":13,"key":"SMITH"},{"data":"Disarm","floor":15,"key":"SMITH"},{"data":"Seeing Red","floor":30,"key":"SMITH"},{"data":"Double Tap","floor":32,"key":"SMITH"},{"data":"Sword Boomerang","floor":41,"key":"SMITH"},{"data":"DemoMod:WhiteBlade","floor":47,"key":"SMITH"},{"floor":49,"key":"RECALL"},{"data":"DemoMod:BlackBlade","floor":52,"key":"SMITH"}],"circlet_count":0,"master_deck":["AscendersBane","Strike_R","Defend_R","Defend_R","Bash+1","DemoMod:WhiteBlade+1","DemoMod:BlackBlade+1","Limit Break+1","Shrug It Off+1","Disarm+1","Double Tap+1","Sword Boomerang+1","True Grit+1","Bloodletting","Seeing Red+1","Pain","Burning Pact"],"relics":["Burning Blood","HushsDoor","TheBible","testmod-HarvestTotem","Brimstone","PreservedInsect","Gremlin Horn","testmod-Hope","YidongShenshe:ReiMu","StrikeDummy","Runic Pyramid","Blood Vial","War Paint","SalivaCoin","CeramicFish","testmod-Prudence","GuppysHairball","GuppysPaw","BelialBook","GuppysHead","Mastiff:ReiMu","testmod-Antiphasic","Membership Card","Lantern","OrangePellets","CaptainsWheel","BFFS","NineVolt","testmod-AssaultLearning","BookOfRevelations","BookofShadows","DemoMod:GlassGuonStoneRelic","Bag of Preparation"],"acts_visited":["Exordium","TheCity","TheBeyond","TheEnding"],"potions_floor_usage":[7,14,33,40,50,55],"damage_taken":[{"damage":13,"enemies":"2 Louse","floor":1,"turns":3},{"damage":7,"enemies":"Cultist","floor":4,"turns":3},{"damage":12,"enemies":"Jaw Worm","floor":5,"turns":2},{"damage":40,"enemies":"3 Sentries","floor":7,"turns":5},{"damage":0,"enemies":"Lagavulin","floor":8,"turns":4},{"damage":2,"enemies":"3 Louse","floor":11,"turns":2},{"damage":15,"enemies":"3 Sentries","floor":12,"turns":4},{"damage":0,"enemies":"2 Fungi Beasts","floor":14,"turns":1},{"damage":26,"enemies":"Hexaghost","floor":16,"turns":6},{"damage":29,"enemies":"2 Thieves","floor":18,"turns":4},{"damage":0,"enemies":"Spheric Guardian","floor":21,"turns":2},{"damage":3,"enemies":"Gremlin Leader","floor":23,"turns":1},{"damage":19,"enemies":"Snake Plant","floor":24,"turns":3},{"damage":35,"enemies":"Slavers","floor":25,"turns":3},{"damage":9,"enemies":"Gremlin Leader","floor":29,"turns":2},{"damage":17,"enemies":"Cultist and Chosen","floor":31,"turns":4},{"damage":0,"enemies":"Collector","floor":33,"turns":5},{"damage":0,"enemies":"3 Darklings","floor":35,"turns":3},{"damage":23,"enemies":"3 Shapes","floor":39,"turns":3},{"damage":0,"enemies":"Nemesis","floor":40,"turns":1},{"damage":3,"enemies":"Reptomancer","floor":42,"turns":2},{"damage":22,"enemies":"Sphere and 2 Shapes","floor":45,"turns":3},{"damage":32,"enemies":"3 Darklings","floor":48,"turns":3},{"damage":52,"enemies":"Awakened One","floor":50,"turns":5},{"damage":16,"enemies":"Shield and Spear","floor":54,"turns":2},{"damage":0,"enemies":"The Heart","floor":55,"turns":3}],"seed_played":"5205500552205709661","potions_obtained":[{"floor":1,"key":"Ancient Potion"},{"floor":5,"key":"SneckoOil"},{"floor":12,"key":"Explosive Potion"},{"floor":16,"key":"Swift Potion"},{"floor":24,"key":"testmod-TestPotion"},{"floor":40,"key":"SkillPotion"}],"is_trial":false,"path_per_floor":["M","?","$","M","M","R","?","E","T","?","M","E","R","M","R","B",null,"M","$","?","M","$","E","M","E","T","$","?","E","R","M","R","B",null,"M","$","?","?","M","E","R","E","T","?","M","$","R","M","R","B",null,"R","$","E","B",null],"character_chosen":"IRONCLAD","items_purchased":["Brimstone","DemoMod:WeirdEgg","GuppysHairball","GuppysPaw","BelialBook","testmod-EscapePotion","Membership Card","Lantern","OrangePellets","CaptainsWheel","BFFS","NineVolt","testmod-AssaultLearning","BookOfRevelations","BookofShadows"],"campfire_rested":0,"item_purchase_floors":[3,19,34,34,34,34,46,46,46,46,53,53,53,53,53],"current_hp_per_floor":[142,127,127,132,132,132,104,116,116,116,126,123,123,135,135,121,150,133,133,133,149,149,150,143,124,124,124,124,131,131,130,130,146,111,111,111,111,111,111,111,111,111,111,111,101,101,101,85,85,49,111,111,111,107,111],"gold":251,"neow_bonus":"HUNDRED_GOLD","is_daily":false,"chose_seed":false,"campfire_upgraded":8,"win_rate":0.0,"timestamp":1614236320,"path_taken":["M","?","$","M","?","R","?","E","T","?","M","E","R","M","R","BOSS","M","$","?","?","?","E","M","E","T","$","?","E","R","?","R","BOSS","M","$","?","?","M","E","R","E","T","?","?","$","R","M","R","BOSS","R","$","E","BOSS"],"items_purchased_type":["Relic","Relic","Relic","Relic","Relic","Potion","Relic","Relic","Relic","Relic","Relic","Relic","Relic","Relic","Relic"],"build_version":"2020-12-22","purchased_purges":6,"victory":true,"max_hp_per_floor":[150,150,150,150,150,150,150,150,150,150,150,150,150,150,150,150,150,150,150,150,150,150,150,150,150,150,150,150,150,150,150,150,150,111,111,111,111,111,111,111,111,111,111,111,111,111,111,111,111,111,111,111,111,111,111],"card_choices":[{"not_picked":["Clothesline","Perfected Strike"],"picked":"DemoMod:WhiteBlade","floor":1},{"not_picked":["Cleave","Heavy Blade","Havoc"],"picked":"SKIP","floor":4},{"not_picked":["True Grit","Anger"],"picked":"Limit Break","floor":5},{"not_picked":["Hemokinesis","DemoMod:BlackBlade","Perfected Strike"],"picked":"SKIP","floor":8},{"not_picked":["Armaments","Wild Strike"],"picked":"Shrug It Off","floor":11},{"not_picked":["Wild Strike","DemoMod:BlackBlade","Thunderclap"],"picked":"SKIP","floor":12},{"not_picked":["Sword Boomerang","Body Slam"],"picked":"Disarm","floor":14},{"not_picked":["Exhume","Barricade"],"picked":"Double Tap","floor":16},{"not_picked":["Spot Weakness","Dark Embrace"],"picked":"Sword Boomerang","floor":18},{"not_picked":["Rampage","Armaments","Thunderclap"],"picked":"SKIP","floor":21},{"not_picked":["Juggernaut","Iron Wave"],"picked":"True Grit","floor":23},{"not_picked":["Perfected Strike","Armaments","Sever Soul"],"picked":"SKIP","floor":24},{"not_picked":["Burning Pact","Entrench","Clothesline"],"picked":"SKIP","floor":25},{"not_picked":["Inflame","Shrug It Off"],"picked":"Seeing Red","floor":29},{"not_picked":["Sword Boomerang","Thunderclap","Headbutt"],"picked":"SKIP","floor":31},{"not_picked":["Heavy Blade+1","Seeing Red","Wild Strike"],"picked":"SKIP","floor":35},{"not_picked":["Power Through","Perfected Strike","Heavy Blade"],"picked":"SKIP","floor":39},{"not_picked":["Rupture","Armaments","Pommel Strike+1"],"picked":"SKIP","floor":40},{"not_picked":["Combust","Reaper","Havoc"],"picked":"SKIP","floor":42},{"not_picked":["Searing Blow","Clash","Iron Wave"],"picked":"SKIP","floor":45},{"not_picked":["Sever Soul+1","Combust","Perfected Strike"],"picked":"SKIP","floor":48},{"not_picked":["Cleave","Uppercut"],"picked":"Burning Pact","floor":54}],"player_experience":1191577,"relics_obtained":[{"floor":7,"key":"PreservedInsect"},{"floor":8,"key":"Gremlin Horn"},{"floor":9,"key":"testmod-Hope"},{"floor":12,"key":"StrikeDummy"},{"floor":23,"key":"War Paint"},{"floor":25,"key":"SalivaCoin"},{"floor":29,"key":"CeramicFish"},{"floor":40,"key":"GuppysHead"},{"floor":42,"key":"Mastiff:ReiMu"},{"floor":43,"key":"testmod-Antiphasic"},{"floor":54,"key":"Bag of Preparation"}],"event_choices":[{"damage_healed":0,"gold_gain":0,"player_choice":"Searched \u00271\u0027 times","damage_taken":0,"max_hp_gain":0,"max_hp_loss":0,"event_name":"Dead Adventurer","floor":7,"gold_loss":0},{"damage_healed":0,"gold_gain":0,"player_choice":"带走神社","damage_taken":0,"relics_obtained":["YidongShenshe:ReiMu"],"max_hp_gain":0,"max_hp_loss":0,"event_name":"yidonshenshe","floor":10,"gold_loss":0,"cards_obtained":["Poor:ReiMu"]},{"cards_removed":["Strike_R"],"damage_healed":0,"gold_gain":0,"player_choice":"Gave Gold","damage_taken":0,"max_hp_gain":0,"max_hp_loss":0,"event_name":"Beggar","floor":20,"gold_loss":75},{"damage_healed":0,"gold_gain":0,"player_choice":"Read","damage_taken":0,"max_hp_gain":0,"max_hp_loss":0,"event_name":"The Library","floor":28,"gold_loss":0,"cards_obtained":["Bloodletting"]},{"damage_healed":0,"gold_gain":400,"player_choice":"Sell","damage_taken":0,"max_hp_gain":0,"max_hp_loss":0,"event_name":"恩洛斯的盘子","floor":37,"relics_lost":["testmod-TestBox"],"gold_loss":0},{"damage_healed":0,"gold_gain":0,"player_choice":"Ignored","damage_taken":0,"max_hp_gain":0,"max_hp_loss":0,"event_name":"Tomb of Lord Red Mask","floor":38,"gold_loss":0},{"damage_healed":0,"gold_gain":0,"player_choice":"Memory 1","damage_taken":0,"max_hp_gain":0,"max_hp_loss":0,"event_name":"SensoryStone","floor":44,"gold_loss":0}],"is_beta":false,"boss_relics":[{"not_picked":["testmod-GoldenSoul","Mark of Pain"],"picked":"Runic Pyramid"},{"not_picked":[]},{"not_picked":["testmod-TimeTraveler","Astrolabe"],"picked":"testmod-Prudence"},{"not_picked":[]}],"items_purged_floors":[3,19,34,36,46,53],"is_endless":false,"potions_floor_spawned":[1,5,12,16,21,24,25,40,45],"ascension_level":14}}