{"host":"z37g2hkgkh2zjyzk","time":1614215918,"event":{"mods":["2.2 Compatiblity","AchievementEnabler","BaseMod","Bestiary","Colored Map","Colored Powertips","Curses Come First","Highlight Path","Keyboard Shortcuts","Minty Spire (QoL Compilation)","Relic Stats","StSLib","SuperFastMode"],"gold_per_floor":[215,215,18,28,42,42,372,384,384,384,402,421,421,446,446,541,541,529,541,541,551,570,570,495,526,526,526,100,100,148,179,179,179,179],"floor_reached":33,"language":"ENG","playtime":1706,"items_purged":["Defend_B","Strike_B"],"score":413,"play_id":"e7c76a87-f527-4750-aaba-add9e6ce6dbd","local_time":"20210225021838","is_ascension_mode":true,"campfire_choices":[{"data":"Self Repair","floor":6,"key":"SMITH"},{"data":"Zap","floor":10,"key":"SMITH"},{"data":"Dualcast","floor":13,"key":"SMITH"},{"floor":15,"key":"REST"},{"data":"Redo","floor":23,"key":"SMITH"},{"data":"Go for the Eyes","floor":27,"key":"SMITH"},{"data":"Chill","floor":29,"key":"SMITH"},{"floor":32,"key":"REST"}],"circlet_count":0,"master_deck":["Strike_B+1","Strike_B","Defend_B","Defend_B","Defend_B","Zap+1","Dualcast+1","Turbo","Self Repair+1","Sweeping Beam","Gash","Gash","Steam Power","Scrape","Go for the Eyes+1","Barrage","Skim","Core Surge","Beam Cell+1","Steam Power+1","Chill+1","Redo+1","Turbo","Blind","Scrape"],"relics":["Cracked Core","Old Coin","Calipers","Thread and Needle","Lantern","Whetstone","White Beast Statue","Nunchaku","Bag of Marbles","Smiling Mask"],"acts_visited":["Exordium","TheCity"],"potions_floor_usage":[11,16,31,33,33],"damage_taken":[{"damage":1,"enemies":"Cultist","floor":1,"turns":3},{"damage":11,"enemies":"Jaw Worm","floor":4,"turns":4},{"damage":8,"enemies":"Small Slimes","floor":5,"turns":3},{"damage":30,"enemies":"Lagavulin","floor":7,"turns":5},{"damage":11,"enemies":"Blue Slaver","floor":8,"turns":3},{"damage":1,"enemies":"Looter","floor":11,"turns":3},{"damage":2,"enemies":"Exordium Wildlife","floor":12,"turns":2},{"damage":32,"enemies":"Gremlin Nob","floor":14,"turns":4},{"damage":7,"enemies":"Slime Boss","floor":16,"turns":9},{"damage":33,"enemies":"2 Thieves","floor":18,"turns":4},{"damage":15,"enemies":"Shell Parasite","floor":19,"turns":5},{"damage":7,"enemies":"Cultist and Chosen","floor":21,"turns":4},{"damage":18,"enemies":"Centurion and Healer","floor":22,"turns":9},{"damage":4,"enemies":"Slavers","floor":25,"turns":6},{"damage":15,"enemies":"Book of Stabbing","floor":31,"turns":4},{"damage":49,"enemies":"Champ","floor":33,"turns":8}],"seed_played":"-4294989458035996491","potions_obtained":[{"floor":7,"key":"Block Potion"},{"floor":11,"key":"SpeedPotion"},{"floor":14,"key":"Fire Potion"},{"floor":18,"key":"SpeedPotion"},{"floor":31,"key":"AttackPotion"}],"is_trial":false,"path_per_floor":["M","?","$","M","M","R","E","M","T","R","M","M","R","E","R","B",null,"M","M","?","M","M","R","?","E","T","R","$","R","T","E","R","B"],"character_chosen":"DEFECT","items_purchased":["Self Repair","Sweeping Beam","Blind","Nunchaku","EssenceOfSteel"],"campfire_rested":2,"item_purchase_floors":[3,3,28,28,28],"current_hp_per_floor":[67,67,67,63,62,62,42,41,41,41,50,48,48,26,48,51,69,46,41,41,44,36,36,36,42,42,42,42,42,42,27,49,0,0],"gold":179,"neow_bonus":"HUNDRED_GOLD","is_daily":false,"chose_seed":false,"campfire_upgraded":6,"win_rate":0.0,"timestamp":1614215918,"path_taken":["M","?","$","M","M","R","E","M","T","R","M","M","R","E","R","BOSS","M","M","?","M","M","R","?","E","T","R","$","R","?","E","R","BOSS"],"items_purchased_type":["Card","Card","Card","Relic","Potion"],"build_version":"2020-12-22","purchased_purges":2,"victory":false,"max_hp_per_floor":[75,75,75,75,75,75,75,75,75,75,75,75,75,75,75,75,75,75,75,75,75,75,75,75,75,75,75,75,75,75,75,75,75,75],"relic_stats":{"Nunchaku":[4],"counters":[16,76],"Whetstone":["Beam Cell","Strike_B"],"Smiling Mask":0,"obtain_stats":[{"Lantern":20,"Nunchaku":28,"Calipers":9,"Thread and Needle":14,"Bag of Marbles":30,"Whetstone":25,"Cracked Core":0,"Smiling Mask":31,"White Beast Statue":26,"Old Coin":7},{"Lantern":11,"Nunchaku":14,"Calipers":5,"Thread and Needle":8,"Bag of Marbles":14,"Whetstone":14,"Cracked Core":0,"Smiling Mask":15,"White Beast Statue":14,"Old Coin":4},{"Lantern":45,"Nunchaku":64,"Calipers":18,"Thread and Needle":27,"Bag of Marbles":64,"Whetstone":64,"Cracked Core":0,"Smiling Mask":68,"White Beast Statue":64,"Old Coin":15}]},"card_choices":[{"not_picked":["Coolheaded","Steam"],"picked":"Turbo","floor":1},{"not_picked":["Fusion","Redo"],"picked":"Gash","floor":4},{"not_picked":["Barrage","Reinforced Body"],"picked":"Gash","floor":5},{"not_picked":["Darkness","Reprogram"],"picked":"Steam Power","floor":7},{"not_picked":["Coolheaded","Steam Power"],"picked":"Scrape","floor":8},{"not_picked":["Genetic Algorithm","Machine Learning"],"picked":"Go for the Eyes","floor":11},{"not_picked":["Fusion","Cold Snap"],"picked":"Barrage","floor":12},{"not_picked":["Ball Lightning","Sweeping Beam"],"picked":"Skim","floor":14},{"not_picked":["Rainbow","Electrodynamics"],"picked":"Core Surge","floor":16},{"not_picked":["Melter","Ball Lightning"],"picked":"Beam Cell","floor":18},{"not_picked":["Compile Driver","Undo"],"picked":"Steam Power+1","floor":19},{"not_picked":["Streamline","Lockon"],"picked":"Chill","floor":21},{"not_picked":["Rebound","Conserve Battery"],"picked":"Redo","floor":22},{"not_picked":["Hello World","BootSequence"],"picked":"Turbo","floor":25},{"not_picked":["Ball Lightning","Blizzard"],"picked":"Scrape","floor":31}],"player_experience":267143,"relics_obtained":[{"floor":7,"key":"Old Coin"},{"floor":9,"key":"Calipers"},{"floor":14,"key":"Thread and Needle"},{"floor":25,"key":"Whetstone"},{"floor":26,"key":"White Beast Statue"},{"floor":30,"key":"Bag of Marbles"},{"floor":31,"key":"Smiling Mask"}],"event_choices":[{"cards_removed":["Strike_B"],"damage_healed":0,"gold_gain":0,"player_choice":"Forget","damage_taken":0,"max_hp_gain":0,"max_hp_loss":0,"event_name":"Living Wall","floor":2,"gold_loss":0},{"damage_healed":0,"gold_gain":0,"player_choice":"Opened","damage_taken":0,"relics_obtained":["Lantern"],"max_hp_gain":0,"max_hp_loss":0,"event_name":"The Mausoleum","floor":20,"gold_loss":0,"cards_obtained":["Writhe"]},{"cards_removed":["Writhe"],"damage_healed":0,"gold_gain":0,"player_choice":"Gave Gold","damage_taken":0,"max_hp_gain":0,"max_hp_loss":0,"event_name":"Beggar","floor":24,"gold_loss":75}],"is_beta":false,"boss_relics":[{"not_picked":["Velvet Choker","Runic Dome","Fusion Hammer"]}],"items_purged_floors":[3,28],"is_endless":false,"potions_floor_spawned":[7,11,14,18,31],"killed_by":"Champ","ascension_level":8}}