{"host":"lw59ann91yhh6pk4","time":1614260624,"event":{"mods":["Act Like it!","BaseMod","Colored Map","Colored Powertips","Downfall","Duelist Mod","GifTheSpireLib","Hermit","MarisaÅiñ∂âJÅ@ñÇóùçπÅj","Minty Spire (QoL Compilation)","StSLib","The Animator","The Bug Knight","The Construct","The Cursed","The Disciple","The Hierophant","The Jungle","The Necromancer","The Runesmith","The Servant 0.9.4","slay the spire mod where everything is the same but ironclad has a cowboy hat"],"gold_per_floor":[99,117,131,131,150,250,277,308,330,354,366,388,427,76,92,196,196,196,206,15,15,34,34,59,74,106,106,106,106,141,141,152,254,254,54,73,84,130,147,159,159,177,202,215,225,125,175,207,224,224,224,253,128,128,128,128,128,128],"floor_reached":56,"language":"ENG","playtime":5649,"items_purged":["Guardian:Strike_Guardian","Writhe","Guardian:Defend_Guardian"],"score":1011,"play_id":"0387990f-f9e1-48eb-91be-cb47c63be717","local_time":"20210225144344","is_ascension_mode":false,"campfire_choices":[{"data":"Guardian:CurlUp","floor":1,"key":"SMITH"},{"data":"Guardian:RefractedBeam+1","floor":11,"key":"SMITH"},{"data":"Guardian:ConstructionForm","floor":18,"key":"SMITH"},{"data":"expansioncontent:QuickStudy","floor":28,"key":"SMITH"},{"floor":29,"key":"RECALL"},{"data":"Guardian:HyperBeam_Guardian","floor":35,"key":"SMITH"},{"data":"Guardian:Clone","floor":46,"key":"SMITH"},{"data":"Guardian:RefractedBeam+2","floor":54,"key":"SMITH"}],"circlet_count":0,"master_deck":["Guardian:Defend_Guardian","Guardian:CurlUp+1","Guardian:TwinSlam","Guardian:RefractedBeam+3","Guardian:ChargeCore","Guardian:TimeSifter","Guardian:RevengeProtocol","Guardian:SpikerProtocol","Guardian:Reroute","Guardian:Clone+1","Secret Weapon","Guardian:Incinerate","Guardian:ConstructionForm+1","Guardian:FloatingOrbs","expansioncontent:QuickStudy+1","Guardian:Recover+1","Guardian:CrystalBeam+1","Guardian:BodySlam","Slimebound:Tackle+1","Slimebound:Tackle+1","Slimebound:Tackle+1","Guardian:VentSteam+1","Guardian:ShieldSpikes+1","Guardian:HyperBeam_Guardian+1","Guardian:Suspension+1","Guardian:WalkerClaw+1","Guardian:BronzeArmor+1","Guardian:Harden+1","Guardian:DonusPower+1","Guardian:Harden","Guardian:ConstructionForm+1","Guardian:RollAttack+1","Guardian:RevengeProtocol","Guardian:Clone+1","Guardian:DonusPower+1","Guardian:ArmoredProtocol+1"],"relics":["Guardian:ModeShifterPlus","Bronze Scales","MawBank","WingedGreaves","Snecko Eye","Enchiridion","Ancient Tea Set","Blood Vial","Juzu Bracelet","Runesmith:Nanobots","downfall:HeartBlessingRed","downfall:HeartBlessingGreen","Prayer Wheel","DollysMirror","InkBottle","Gremlin Horn","downfall:HeartBlessingBlue","Gambling Chip","PreservedInsect","Guardian:PickAxe"],"acts_visited":["Exordium","TheCity","TheBeyond","TheEnding"],"potions_floor_usage":[6,6,16,16,16,33,56,56,56],"damage_taken":[{"damage":2,"enemies":"Small Slimes","floor":2,"turns":4},{"damage":3,"enemies":"Jaw Worm","floor":3,"turns":4},{"damage":1,"enemies":"2 Louse","floor":5,"turns":2},{"damage":25,"enemies":"downfall:Heads","floor":6,"turns":6},{"damage":13,"enemies":"3 Sentries","floor":8,"turns":7},{"damage":6,"enemies":"2 Fungi Beasts","floor":9,"turns":2},{"damage":0,"enemies":"downfall:LooterAlt","floor":10,"turns":3},{"damage":13,"enemies":"3 Louse","floor":12,"turns":2},{"damage":4,"enemies":"Gremlin Nob","floor":13,"turns":3},{"damage":0,"enemies":"downfall:FleeingMerchant","floor":14,"turns":4},{"damage":11,"enemies":"Exordium Wildlife","floor":15,"turns":3},{"damage":8,"enemies":"IC_STATUS_ARCHETYPE","floor":16,"turns":8},{"damage":12,"enemies":"Shell Parasite","floor":19,"turns":3},{"damage":0,"enemies":"downfall:FleeingMerchant","floor":20,"turns":4},{"damage":0,"enemies":"Spheric Guardian","floor":22,"turns":3},{"damage":0,"enemies":"Snake Plant","floor":25,"turns":4},{"damage":0,"enemies":"theDuelist:KaibaA2","floor":26,"turns":2},{"damage":0,"enemies":"HollowMod:Nosk","floor":30,"turns":5},{"damage":13,"enemies":"Cultist and Chosen","floor":32,"turns":5},{"damage":0,"enemies":"WA_ARCHETYPE_CALM","floor":33,"turns":5},{"damage":0,"enemies":"3 Shapes","floor":36,"turns":3},{"damage":5,"enemies":"Orb Walker","floor":37,"turns":2},{"damage":0,"enemies":"2 Orb Walkers","floor":38,"turns":3},{"damage":0,"enemies":"Maw","floor":39,"turns":4},{"damage":0,"enemies":"downfall:FleeingMerchant","floor":40,"turns":3},{"damage":0,"enemies":"3 Darklings","floor":42,"turns":4},{"damage":0,"enemies":"Reptomancer","floor":43,"turns":6},{"damage":0,"enemies":"4 Shapes","floor":44,"turns":1},{"damage":0,"enemies":"Maw","floor":45,"turns":4},{"damage":0,"enemies":"Maw","floor":47,"turns":5},{"damage":0,"enemies":"HollowMod:StalkingDevout","floor":48,"turns":3},{"damage":0,"enemies":"Jaw Worm Horde","floor":49,"turns":1},{"damage":47,"enemies":"DF_ARCHETYPE_ORBS","floor":50,"turns":10},{"damage":0,"enemies":"downfall:CharBossMerchant","floor":52,"turns":7},{"damage":12,"enemies":"downfall:NeowBoss","floor":55,"turns":13},{"damage":113,"enemies":"downfall:NeowBossFinal","floor":56,"turns":8}],"seed_played":"7545011790838304406","potions_obtained":[{"floor":2,"key":"Fire Potion"},{"floor":3,"key":"Weak Potion"},{"floor":5,"key":"Energy Potion"},{"floor":8,"key":"Block Potion"},{"floor":12,"key":"GamblersBrew"},{"floor":19,"key":"BlessingOfTheForge"},{"floor":30,"key":"Dexterity Potion"},{"floor":32,"key":"DistilledChaos"},{"floor":33,"key":"DuplicationPotion"},{"floor":38,"key":"BlessingOfTheForge"}],"is_trial":false,"path_per_floor":["R","M","M","?","M","?","T","E","M","M","R","M","E","$","M","B",null,"R","M","$","?","M","?","T","M","E","?","R","R","E","T","M","B",null,"R","M","M","?","M","$","T","M","E","M","M","R","?","E","M","B",null,"E","$","R","B","B"],"character_chosen":"GUARDIAN","items_purchased":["Secret Weapon","DistilledChaos","expansioncontent:QuickStudy","Guardian:Harden","DollysMirror"],"campfire_rested":0,"item_purchase_floors":[14,14,20,40,40],"current_hp_per_floor":[88,86,83,83,82,57,57,44,38,38,38,25,21,21,10,2,88,88,76,76,60,60,60,60,62,64,64,64,64,66,66,55,57,88,88,88,83,85,87,88,88,88,88,88,88,98,98,98,98,51,98,98,98,98,86,0,0,0],"gold":128,"neow_bonus":"TEN_PERCENT_HP_BONUS","is_daily":false,"chose_seed":false,"campfire_upgraded":7,"win_rate":0.0,"timestamp":1614260624,"path_taken":["R","M","M","?","M","?","T","E","M","M","R","M","E","?","M","BOSS","R","M","$","?","M","?","T","M","E","?","R","R","E","?","M","BOSS","R","M","M","?","M","$","T","M","E","M","M","R","?","E","M","BOSS","E","$","R","BOSS","BOSS"],"items_purchased_type":["Card","Potion","Card","Card","Relic"],"build_version":"2020-12-22","purchased_purges":3,"victory":false,"max_hp_per_floor":[88,88,88,88,88,88,88,88,88,88,88,88,88,88,88,88,88,88,88,88,88,88,88,88,88,88,88,88,88,88,88,88,88,88,88,88,88,88,88,88,88,88,88,88,88,98,98,98,98,98,98,98,98,98,98,98,98,98],"card_choices":[{"not_picked":["Guardian:Emergency","Guardian:Preprogram"],"picked":"Guardian:RefractedBeam","floor":2},{"not_picked":["Guardian:ArmoredProtocol","Guardian:TemporalStrike"],"picked":"Guardian:Gem_Red","floor":3},{"not_picked":["Guardian:Recover","Guardian:TemporalShield"],"picked":"Guardian:ChargeCore","floor":5},{"not_picked":["Guardian:Emergency","Guardian:ShieldCharger"],"picked":"Guardian:TimeSifter","floor":6},{"not_picked":["Guardian:DecasProtection","Guardian:Gem_Purple"],"picked":"Guardian:RevengeProtocol","floor":8},{"not_picked":["Guardian:Gem_Cyan","Guardian:DonusPower"],"picked":"Guardian:SpikerProtocol","floor":9},{"not_picked":["Guardian:TimeCapacitor","Guardian:Preprogram","Guardian:Gem_Lightblue"],"picked":"SKIP","floor":10},{"not_picked":["Guardian:Recover","Guardian:TemporalShield"],"picked":"Guardian:Reroute","floor":12},{"not_picked":["Guardian:TemporalStrike","Guardian:VentSteam"],"picked":"Guardian:Clone","floor":13},{"not_picked":["Guardian:CrystalBeam","Guardian:Gem_Red"],"picked":"Guardian:Gem_Purple","floor":14},{"not_picked":["Guardian:Gem_Green","Guardian:Suspension"],"picked":"Guardian:Incinerate","floor":15},{"not_picked":["Guardian:ExploitGems","Guardian:Gem_Orange"],"picked":"Guardian:ConstructionForm","floor":16},{"not_picked":["Guardian:WalkerClaw","Guardian:Gem_Green"],"picked":"Guardian:Gem_Blue","floor":19},{"not_picked":["Guardian:ShieldCharger","Guardian:Recover"],"picked":"Guardian:FloatingOrbs","floor":20},{"not_picked":["Guardian:PrimingBeam","Guardian:Incinerate"],"picked":"Guardian:Recover+1","floor":22},{"not_picked":["Guardian:TemporalStrike","Guardian:BodySlam"],"picked":"Guardian:CrystalBeam+1","floor":25},{"not_picked":["Guardian:Gem_Crimson","Guardian:Planning"],"picked":"Guardian:BodySlam","floor":26},{"not_picked":["Guardian:Reroute","Guardian:Gem_Lightblue"],"picked":"Guardian:VentSteam+1","floor":30},{"not_picked":["Guardian:TimeCapacitor","Guardian:PrimingBeam"],"picked":"Guardian:ShieldSpikes+1","floor":32},{"not_picked":["Guardian:ExploitGems","Guardian:StasisStrike"],"picked":"Guardian:HyperBeam_Guardian","floor":33},{"not_picked":["Guardian:Reroute+1","Guardian:Gem_Purple"],"picked":"Guardian:Suspension+1","floor":36},{"not_picked":["Guardian:ChargeCore","Guardian:Preprogram+1"],"picked":"Guardian:WalkerClaw+1","floor":37},{"not_picked":["Guardian:Incinerate","Guardian:BaubleBeam"],"picked":"Guardian:BronzeArmor+1","floor":38},{"not_picked":["Guardian:ChargeCore+1","Guardian:Gem_Lightblue"],"picked":"Guardian:Harden+1","floor":39},{"not_picked":["Guardian:CrystalBeam+1","Guardian:TemporalShield","Guardian:Gem_Lightblue"],"picked":"SKIP","floor":39},{"not_picked":["Guardian:BronzeOrb","Guardian:ShieldCharger+1"],"picked":"Guardian:DonusPower+1","floor":40},{"not_picked":["Guardian:Gem_Red","Guardian:TemporalShield","Guardian:WalkerClaw+1"],"picked":"SKIP","floor":42},{"not_picked":["Guardian:BronzeArmor","Guardian:Reroute+1","Guardian:TemporalShield+1"],"picked":"SKIP","floor":42},{"not_picked":["Guardian:ChargeCore","Guardian:Planning+1"],"picked":"Guardian:RollAttack+1","floor":43},{"not_picked":["Guardian:ChargeCore","Guardian:MultiBeam+1"],"picked":"Guardian:RevengeProtocol","floor":44},{"not_picked":["Guardian:VentSteam+1","Guardian:RollAttack"],"picked":"Guardian:Clone+1","floor":44},{"not_picked":["Guardian:Recover+1","Guardian:ShieldCharger+1"],"picked":"Guardian:DonusPower+1","floor":45},{"not_picked":["Guardian:TemporalShield","Guardian:Emergency","Guardian:WalkerClaw"],"picked":"SKIP","floor":45},{"not_picked":["Guardian:StasisStrike","Guardian:TemporalStrike+1","Guardian:Gem_Red"],"picked":"SKIP","floor":48},{"not_picked":["Guardian:Suspension+1","Guardian:BronzeOrb+1"],"picked":"Guardian:ArmoredProtocol+1","floor":49},{"not_picked":["Guardian:Gem_Fragmented","Guardian:WalkerClaw+1","Guardian:BronzeArmor"],"picked":"SKIP","floor":49},{"not_picked":["Guardian:Gem_Red","Guardian:Recover"],"picked":"Guardian:Gem_Orange","floor":52}],"player_experience":147923,"relics_obtained":[{"floor":7,"key":"Bronze Scales"},{"floor":8,"key":"MawBank"},{"floor":13,"key":"WingedGreaves"},{"floor":21,"key":"Enchiridion"},{"floor":24,"key":"Blood Vial"},{"floor":26,"key":"Juzu Bracelet"},{"floor":30,"key":"Runesmith:Nanobots"},{"floor":38,"key":"Prayer Wheel"},{"floor":41,"key":"InkBottle"},{"floor":43,"key":"Gremlin Horn"},{"floor":47,"key":"Gambling Chip"},{"floor":48,"key":"PreservedInsect"},{"floor":52,"key":"Guardian:PickAxe"}],"event_choices":[{"cards_removed":["Guardian:Defend_Guardian"],"damage_healed":0,"gold_gain":0,"player_choice":"Card Removal","damage_taken":0,"max_hp_gain":0,"max_hp_loss":0,"event_name":"The Cleric","floor":4,"gold_loss":0},{"damage_healed":0,"gold_gain":0,"player_choice":"Fight","damage_taken":0,"max_hp_gain":0,"max_hp_loss":0,"event_name":"Mysterious Sphere","floor":38,"gold_loss":0}],"is_beta":false,"boss_relics":[{"not_picked":["Calling Bell","Guardian:StasisSlotReductionRelic"],"picked":"Snecko Eye"},{"not_picked":["Busted Crown","construct:ClawGrip"],"picked":"Guardian:ModeShifterPlus"}],"items_purged_floors":[14,40,53],"is_endless":false,"potions_floor_spawned":[2,3,5,8,12,15,19,30,32,33,38,39,42,44,45,48],"killed_by":"downfall:NeowBossFinal","ascension_level":0}}