{"host":"lsq35p0sdkx2xifo","time":1614222862,"event":{"mods":["AchievementEnabler","BaseMod","Highlight Path","Minty Spire (QoL Compilation)","StSLib"],"gold_per_floor":[119,131,56,69,86,116,116,131,131,149,166,180,209,2,2,2,2],"floor_reached":16,"language":"ENG","playtime":996,"items_purged":["Strike_R"],"score":232,"play_id":"ffc19c56-66fe-4a89-8717-4f57d81e9ce3","local_time":"20210224191422","is_ascension_mode":true,"campfire_choices":[{"data":"Berserk","floor":7,"key":"SMITH"},{"floor":15,"key":"REST"}],"circlet_count":0,"master_deck":["AscendersBane","Strike_R","Strike_R","Strike_R","Strike_R","Defend_R","Defend_R","Defend_R","Defend_R","Bash","Carnage","Anger","Inflame","Berserk+1","Twin Strike","Blood for Blood","Anger","Bloodletting","Shrug It Off","Blood for Blood","Mayhem"],"relics":["Burning Blood","NeowsBlessing","HornCleat","Paper Frog","Strawberry"],"acts_visited":["Exordium"],"potions_floor_usage":[5,6,11,16,16],"damage_taken":[{"damage":0,"enemies":"Cultist","floor":1,"turns":1},{"damage":0,"enemies":"2 Louse","floor":2,"turns":1},{"damage":0,"enemies":"Jaw Worm","floor":4,"turns":1},{"damage":8,"enemies":"3 Louse","floor":5,"turns":3},{"damage":12,"enemies":"Gremlin Nob","floor":6,"turns":3},{"damage":3,"enemies":"Looter","floor":8,"turns":3},{"damage":0,"enemies":"2 Fungi Beasts","floor":10,"turns":3},{"damage":7,"enemies":"Lots of Slimes","floor":11,"turns":4},{"damage":15,"enemies":"Large Slime","floor":12,"turns":4},{"damage":43,"enemies":"Lagavulin","floor":13,"turns":5},{"damage":61,"enemies":"The Guardian","floor":16,"turns":5}],"seed_played":"6962054012569032687","potions_obtained":[{"floor":1,"key":"DuplicationPotion"},{"floor":4,"key":"SkillPotion"},{"floor":8,"key":"BlessingOfTheForge"},{"floor":10,"key":"Dexterity Potion"},{"floor":13,"key":"GamblersBrew"}],"is_trial":false,"path_per_floor":["M","M","$","M","M","E","R","M","T","M","M","M","E","$","R","B"],"character_chosen":"IRONCLAD","items_purchased":["Mayhem"],"campfire_rested":1,"item_purchase_floors":[14],"current_hp_per_floor":[74,75,75,75,73,67,67,70,70,75,74,65,35,35,59,0,0],"gold":2,"neow_bonus":"THREE_ENEMY_KILL","is_daily":false,"chose_seed":false,"campfire_upgraded":1,"win_rate":0.0,"timestamp":1614222862,"path_taken":["M","M","?","M","?","E","R","?","T","M","M","M","E","$","R","BOSS"],"items_purchased_type":["Card"],"build_version":"2020-12-22","purchased_purges":1,"victory":false,"max_hp_per_floor":[75,75,75,75,75,75,75,75,75,75,75,75,82,82,82,82,82],"card_choices":[{"not_picked":["Burning Pact","Infernal Blade"],"picked":"Carnage","floor":1},{"not_picked":["Heavy Blade","Body Slam"],"picked":"Anger","floor":2},{"not_picked":["Evolve","Sever Soul"],"picked":"Inflame","floor":4},{"not_picked":["Shrug It Off","Clash"],"picked":"Berserk","floor":5},{"not_picked":["Clothesline","Thunderclap"],"picked":"Twin Strike","floor":6},{"not_picked":["Body Slam","Uppercut"],"picked":"Blood for Blood","floor":8},{"not_picked":["Reckless Charge","Perfected Strike"],"picked":"Anger","floor":10},{"not_picked":["Infernal Blade","Carnage"],"picked":"Bloodletting","floor":11},{"not_picked":["Warcry","Twin Strike"],"picked":"Shrug It Off","floor":12},{"not_picked":["True Grit","Clothesline"],"picked":"Blood for Blood","floor":13}],"player_experience":1314131,"relics_obtained":[{"floor":6,"key":"HornCleat"},{"floor":9,"key":"Paper Frog"},{"floor":13,"key":"Strawberry"}],"event_choices":[],"is_beta":false,"boss_relics":[],"items_purged_floors":[3],"is_endless":false,"potions_floor_spawned":[1,4,8,10,13],"killed_by":"The Guardian","ascension_level":20}}