{"host":"dhv3u8yhd2rnugsp","time":1614291865,"event":{"mods":["BaseMod","Block Reminder","Colored Map","Googly Eyes","Highlight Path","Minty Spire (QoL Compilation)","Permanent Neow","Quick Restart","Random Character Button","StSLib"],"gold_per_floor":[110,128,128,128,93,93,121,121,145,145,157,168,168,188,188,262,262,281,281,306,317,164,164,174,174,253,253,266,266,181,206,206,206,206],"floor_reached":33,"language":"ENG","playtime":2119,"items_purged":["Strike_B"],"score":566,"play_id":"7026a0b8-3638-472f-ae0f-c7503bdecc69","local_time":"20210225162425","is_ascension_mode":true,"campfire_choices":[{"data":"Zap","floor":6,"key":"SMITH"},{"data":"Coolheaded","floor":8,"key":"SMITH"},{"floor":10,"key":"REST"},{"data":"Defragment","floor":13,"key":"SMITH"},{"floor":15,"key":"REST"},{"data":"Fission","floor":25,"key":"SMITH"},{"data":"Glacier","floor":27,"key":"SMITH"},{"data":"Capacitor","floor":29,"key":"SMITH"},{"floor":32,"key":"REST"}],"circlet_count":0,"master_deck":["AscendersBane","Strike_B","Defend_B","Defend_B","Defend_B","Zap+1","Dualcast+1","Storm+1","Turbo+1","Genetic Algorithm+1","Cold Snap","Static Discharge+1","Coolheaded+1","Undo","Defragment+1","Glacier+1","Fission+1","Ball Lightning","Self Repair","Capacitor+1","Cold Snap+1","Self Repair"],"relics":["Astrolabe","PreservedInsect","Omamori","Snecko Eye","Happy Flower","Meat on the Bone","Sundial","Toy Ornithopter"],"acts_visited":["Exordium","TheCity"],"potions_floor_usage":[14,16,23,23,31,31],"damage_taken":[{"damage":7,"enemies":"Small Slimes","floor":1,"turns":4},{"damage":3,"enemies":"2 Louse","floor":2,"turns":3},{"damage":31,"enemies":"3 Sentries","floor":7,"turns":6},{"damage":12,"enemies":"Jaw Worm","floor":11,"turns":3},{"damage":12,"enemies":"Exordium Wildlife","floor":12,"turns":4},{"damage":3,"enemies":"Exordium Thugs","floor":14,"turns":5},{"damage":10,"enemies":"The Guardian","floor":16,"turns":10},{"damage":2,"enemies":"Shell Parasite","floor":18,"turns":13},{"damage":8,"enemies":"3 Byrds","floor":21,"turns":5},{"damage":6,"enemies":"Gremlin Leader","floor":23,"turns":2},{"damage":5,"enemies":"Snake Plant","floor":24,"turns":5},{"damage":0,"enemies":"Snecko","floor":28,"turns":7},{"damage":32,"enemies":"Slavers","floor":31,"turns":8},{"damage":55,"enemies":"Collector","floor":33,"turns":14}],"seed_played":"3485868254404925242","potions_obtained":[{"floor":7,"key":"AttackPotion"},{"floor":11,"key":"BlessingOfTheForge"},{"floor":12,"key":"Fire Potion"},{"floor":18,"key":"SmokeBomb"},{"floor":21,"key":"Strength Potion"},{"floor":24,"key":"Explosive Potion"},{"floor":28,"key":"LiquidMemories"}],"is_trial":false,"path_per_floor":["M","M","?","?","?","R","E","R","T","R","M","M","R","M","R","B",null,"M","?","T","M","$","E","M","R","T","R","M","R","?","E","R","B"],"character_chosen":"DEFECT","items_purchased":["Capacitor"],"campfire_rested":3,"item_purchase_floors":[22],"current_hp_per_floor":[57,54,33,33,50,50,19,19,19,40,28,16,16,13,34,24,59,57,37,37,29,29,23,25,25,25,25,44,44,44,31,53,0,0],"gold":206,"neow_bonus":"BOSS_RELIC","is_daily":false,"chose_seed":false,"campfire_upgraded":6,"win_rate":0.0,"timestamp":1614291865,"path_taken":["M","M","?","?","?","R","E","R","T","R","M","M","R","M","R","BOSS","M","?","?","?","$","E","M","R","T","R","M","R","?","E","R","BOSS"],"items_purchased_type":["Card"],"build_version":"2020-12-22","purchased_purges":1,"victory":false,"max_hp_per_floor":[71,71,71,71,71,71,71,71,71,71,71,71,71,71,71,71,71,71,76,76,76,76,76,76,76,76,76,76,76,76,76,76,76,76],"card_choices":[{"not_picked":["Coolheaded","Scrape"],"picked":"Cold Snap","floor":1},{"not_picked":["Rip and Tear","Aggregate"],"picked":"Static Discharge","floor":2},{"not_picked":["Conserve Battery","Turbo"],"picked":"Coolheaded","floor":7},{"not_picked":["Steam","Scrape"],"picked":"Undo","floor":11},{"not_picked":["Leap","Redo"],"picked":"Defragment","floor":12},{"not_picked":["Melter","Redo"],"picked":"Glacier","floor":14},{"not_picked":["Amplify","Meteor Strike"],"picked":"Fission","floor":16},{"not_picked":["Reprogram+1","Rebound+1"],"picked":"Ball Lightning","floor":18},{"not_picked":["Force Field","FTL"],"picked":"Self Repair","floor":21},{"not_picked":["Stack","Gash"],"picked":"Cold Snap+1","floor":24},{"not_picked":["BootSequence","Rebound","Go for the Eyes"],"picked":"SKIP","floor":28},{"not_picked":["Turbo+1","Ball Lightning"],"picked":"Self Repair","floor":31}],"player_experience":1704002,"relics_obtained":[{"floor":7,"key":"PreservedInsect"},{"floor":9,"key":"Omamori"},{"floor":20,"key":"Happy Flower"},{"floor":26,"key":"Meat on the Bone"},{"floor":31,"key":"Toy Ornithopter"}],"event_choices":[{"damage_healed":0,"gold_gain":0,"player_choice":"Entered Light","damage_taken":21,"max_hp_gain":0,"max_hp_loss":0,"event_name":"Shining Light","floor":3,"gold_loss":0,"cards_upgraded":["Dualcast","Static Discharge"]},{"damage_healed":0,"gold_gain":0,"player_choice":"Ignored","damage_taken":0,"max_hp_gain":0,"max_hp_loss":0,"event_name":"Liars Game","floor":4,"gold_loss":0},{"damage_healed":17,"gold_gain":0,"player_choice":"Healed","damage_taken":0,"max_hp_gain":0,"max_hp_loss":0,"event_name":"The Cleric","floor":5,"gold_loss":35},{"damage_healed":0,"gold_gain":0,"player_choice":"Shed Blood","damage_taken":25,"max_hp_gain":5,"max_hp_loss":0,"event_name":"Forgotten Altar","floor":19,"gold_loss":0},{"damage_healed":0,"gold_gain":0,"player_choice":"Obtained Relic","damage_taken":0,"relics_obtained":["Sundial"],"max_hp_gain":0,"max_hp_loss":0,"event_name":"Addict","floor":30,"gold_loss":85}],"is_beta":false,"boss_relics":[{"not_picked":["Runic Dome","Tiny House"],"picked":"Snecko Eye"}],"items_purged_floors":[22],"is_endless":false,"potions_floor_spawned":[7,11,12,18,21,24,28],"killed_by":"Collector","ascension_level":20}}