{"host":"d7fiu2yjkssjxoz6","time":1614289091,"event":{"mods":["AchievementEnabler","BaseMod","Duelist Mod","Minty Spire (QoL Compilation)","StSLib"],"gold_per_floor":[143,143,143,68,68,68,112,112,136,151,224,255,280,151,151,249,249,272,272,286,311,311,344,344,368,368,46,69,88,88,154,154,274,274,290,290,315,334,334,334,373,373,373,373,392,413,413,30,30,30,30,30,5,38,38],"floor_reached":56,"language":"ENG","playtime":2773,"items_purged":["Injury","Writhe"],"score":2208,"play_id":"5c1f7722-679d-45f4-bd78-a03a2c37c506","local_time":"20210225133811","is_ascension_mode":true,"campfire_choices":[{"data":"theDuelist:Mountain","floor":6.0,"key":"SMITH"},{"data":"theDuelist:MythicWaterDragon","floor":8.0,"key":"SMITH"},{"floor":15.0,"key":"REST"},{"data":"theDuelist:CyberDragonCore","floor":24.0,"key":"SMITH"},{"floor":30.0,"key":"REST"},{"data":"theDuelist:MiraculousDescent","floor":32.0,"key":"SMITH"},{"floor":40,"key":"RECALL"},{"floor":42,"key":"REST"},{"floor":49,"key":"REST"},{"data":"theDuelist:DragonMastery","floor":52,"key":"SMITH"}],"circlet_count":0,"master_deck":["theDuelist:DefenseDraw+6","theDuelist:LesserDragon+1","theDuelist:CaveDragon","theDuelist:MaskedDragon","theDuelist:DragonMastery+1","theDuelist:CyberDragonDrei","theDuelist:TwinBarrelDragon","theDuelist:MagicalStone","theDuelist:CurseDragon","theDuelist:CaveDragon","theDuelist:BabyDragon","theDuelist:Lancephorhynchus+1","theDuelist:MythicWaterDragon+1","theDuelist:TwinHeadedFire","theDuelist:DragonRavine+1","theDuelist:EyeTimaeus","theDuelist:CyberRevsystem","theDuelist:DragonShield+1","theDuelist:AtomicScrapDragon","theDuelist:CastleWalls","theDuelist:YamataDragon","Parasite","theDuelist:ChimeratechOverdragon+1","theDuelist:LesserDragon","AscendersBane","theDuelist:Sparks+1","theDuelist:CyberValley","theDuelist:YamataDragon+1","theDuelist:CyberDragonCore+1","theDuelist:MiraculousDescent+1","theDuelist:Mountain+1","theDuelist:CyberDragonCore","theDuelist:CastleWalls"],"relics":["theDuelist:MillenniumPuzzle","theDuelist:CardPoolRelic","theDuelist:CardPoolBasicRelic","theDuelist:BoosterPackPoolRelic","theDuelist:CardPoolAddRelic","theDuelist:CardPoolMinusRelic","theDuelist:CardPoolSaveRelic","theDuelist:CardPoolOptionsRelic","theDuelist:ResummonBranch","theDuelist:NamelessWarRelicA","Golden Idol","Lizard Tail","Whetstone","Pear","Akabeko","Busted Crown","theDuelist:MerchantNecklace","MutagenicStrength","Ornamental Fan","Bronze Scales","Blood Vial","theDuelist:WhiteBowlRelic","theDuelist:ElectricToken","Incense Burner","Black Star","Potion Belt","Question Card","FossilizedHelix","Bottled Flame","Anchor"],"acts_visited":["Exordium","TheCity","TheBeyond","TheEnding"],"potions_floor_usage":[41,50,55],"damage_taken":[{"damage":1.0,"enemies":"2 Louse","floor":1.0,"turns":2.0},{"damage":22.0,"enemies":"3 Sentries","floor":7.0,"turns":6.0},{"damage":0.0,"enemies":"Small Slimes","floor":10.0,"turns":3.0},{"damage":8.0,"enemies":"Gremlin Nob","floor":12.0,"turns":3.0},{"damage":0.0,"enemies":"Cultist","floor":13.0,"turns":2.0},{"damage":23.0,"enemies":"Slime Boss","floor":16.0,"turns":6.0},{"damage":0.0,"enemies":"Spheric Guardian","floor":18.0,"turns":3.0},{"damage":0.0,"enemies":"2 Thieves","floor":20.0,"turns":2.0},{"damage":10.0,"enemies":"Shelled Parasite and Fungi","floor":21.0,"turns":5.0},{"damage":18.0,"enemies":"Book of Stabbing","floor":23.0,"turns":5.0},{"damage":0.0,"enemies":"Snecko","floor":25.0,"turns":2.0},{"damage":19.0,"enemies":"Snake Plant","floor":28.0,"turns":4.0},{"damage":8.0,"enemies":"Centurion and Healer","floor":29.0,"turns":5.0},{"damage":2.0,"enemies":"Centurion and Healer","floor":31.0,"turns":10.0},{"damage":0.0,"enemies":"Champ","floor":33.0,"turns":9.0},{"damage":20,"enemies":"3 Darklings","floor":35,"turns":5},{"damage":1,"enemies":"3 Shapes","floor":37,"turns":4},{"damage":36,"enemies":"3 Darklings","floor":38,"turns":3},{"damage":2,"enemies":"Giant Head","floor":41,"turns":7},{"damage":0,"enemies":"Writhing Mass","floor":45,"turns":5},{"damage":12,"enemies":"4 Shapes","floor":46,"turns":5},{"damage":0,"enemies":"Awakened One","floor":50,"turns":10},{"damage":25,"enemies":"Shield and Spear","floor":54,"turns":6},{"damage":40,"enemies":"The Heart","floor":55,"turns":7}],"seed_played":"-1737717548849075703","potions_obtained":[{"floor":7.0,"key":"Ancient Potion"},{"floor":10.0,"key":"BlessingOfTheForge"},{"floor":20.0,"key":"theDuelist:DebuffFuryPotion"},{"floor":28.0,"key":"theDuelist:SealedPackE"},{"floor":38,"key":"ColorlessPotion"}],"is_trial":false,"path_per_floor":["M","?","?","$","?","R","E","R","T","M","T","E","M","$","R","B",null,"M","?","M","M","?","E","R","M","T","$","M","M","R","?","R","B",null,"M","?","M","M","?","R","E","R","T","?","M","M","?","$","R","B",null,"R","$","E","B",null],"character_chosen":"THE_DUELIST","items_purchased":["theDuelist:AtomicScrapDragon","theDuelist:CyberRevsystem","Blood Vial","theDuelist:CyberDragonDrei","FossilizedHelix","AttackPotion","theDuelist:CyberValley"],"campfire_rested":4,"item_purchase_floors":[14,14,27,27,48,48,53],"current_hp_per_floor":[62,45,45,45,45,45,23,23,23,23,33,25,25,25,46,23,61,61,61,61,51,51,33,33,33,33,33,16,10,31,31,31,33,63,45,45,46,12,12,12,12,33,33,23,25,15,15,15,36,38,64,64,64,41,3],"gold":38,"neow_bonus":"ONE_RARE_RELIC","is_daily":false,"chose_seed":false,"campfire_upgraded":5,"win_rate":0.0,"timestamp":1614289091,"path_taken":["M","?","?","$","?","R","E","R","T","?","?","E","M","?","R","BOSS","M","?","M","M","?","E","R","M","T","?","M","M","R","?","R","BOSS","M","?","M","M","?","R","E","R","T","?","M","?","?","?","R","BOSS","R","$","E","BOSS"],"items_purchased_type":["Card","Card","Relic","Card","Relic","Potion","Card"],"build_version":"2020-12-22","purchased_purges":2,"victory":true,"max_hp_per_floor":[63,63,63,63,63,63,63,63,63,63,73,73,73,73,73,73,73,73,73,73,73,73,73,73,73,73,73,73,73,73,73,73,73,73,73,73,73,73,73,73,73,73,73,73,73,73,73,73,73,73,73,73,73,73,73],"card_choices":[{"not_picked":["theDuelist:ArtifactSanctum","theDuelist:CyberLaserDragon","theDuelist:SystemDown"],"picked":"theDuelist:Mountain","floor":1.0},{"not_picked":["theDuelist:MirageDragon","theDuelist:BusterDrake","theDuelist:TwinHeadedFire","theDuelist:BlackStego"],"picked":"theDuelist:MythicWaterDragon","floor":7.0},{"not_picked":["theDuelist:CyberDinosaur","theDuelist:Duoterion","theDuelist:MoltenDestruction","theDuelist:MadFlameKaiju"],"picked":"theDuelist:CurseDragon","floor":10.0},{"not_picked":["theDuelist:DefenseZone","theDuelist:Duoterion","theDuelist:Earthquake","theDuelist:DarkHorus"],"picked":"theDuelist:MaskedDragon","floor":12.0},{"not_picked":["theDuelist:BattleguardKing","theDuelist:BigFire","theDuelist:Hinotama","theDuelist:RainbowOverdragon","theDuelist:LightningDarts"],"picked":"SKIP","floor":13.0},{"not_picked":["theDuelist:DefenseDraw","theDuelist:VeilDarkness+1"],"picked":"theDuelist:DragonShield+1","floor":18.0},{"not_picked":["theDuelist:SafeZone","theDuelist:ScrapIronScarecrow","theDuelist:StarlightRoad"],"picked":"SKIP","floor":20.0},{"not_picked":["theDuelist:MadSwordBeast","theDuelist:HazyFlameHydra"],"picked":"theDuelist:CyberDragonCore","floor":21.0},{"not_picked":["theDuelist:BigFire","theDuelist:BigKoala"],"picked":"theDuelist:MagicalStone","floor":23.0},{"not_picked":["theDuelist:MadSwordBeast","theDuelist:LavaDragon"],"picked":"theDuelist:MiraculousDescent","floor":25.0},{"not_picked":["theDuelist:AtomicScrapDragon","theDuelist:Pyrorex"],"picked":"theDuelist:TwinHeadedFire","floor":28.0},{"not_picked":["theDuelist:Earthquake","theDuelist:DefenseZone+1"],"picked":"theDuelist:EyeTimaeus","floor":29.0},{"not_picked":["theDuelist:ArmedProtectorDragon","theDuelist:GaiaDragonChamp"],"picked":"theDuelist:Lancephorhynchus+1","floor":33.0},{"not_picked":["theDuelist:Hinotama","theDuelist:HarpieFeather","theDuelist:BattleguardKing"],"picked":"SKIP","floor":35},{"not_picked":["theDuelist:MadSwordBeast","theDuelist:CyberValley"],"picked":"theDuelist:YamataDragon+1","floor":36},{"not_picked":["theDuelist:ThunderDragon","theDuelist:GravityLash+1"],"picked":"theDuelist:ChimeratechOverdragon+1","floor":37},{"not_picked":["theDuelist:YamataDragon","theDuelist:RedHeadedOni"],"picked":"theDuelist:CyberDragonCore","floor":38},{"not_picked":["theDuelist:MoltenDestruction","theDuelist:DefenseZone"],"picked":"theDuelist:DragonRavine+1","floor":41},{"not_picked":["theDuelist:MirageDragon","theDuelist:Anthrosaurus+1","theDuelist:BlizzardDragon"],"picked":"theDuelist:TwinBarrelDragon","floor":45},{"not_picked":["theDuelist:BigFire+1","theDuelist:DarkCreator+1","theDuelist:RainbowOverdragon"],"picked":"theDuelist:GreyGreedOni","floor":46},{"not_picked":["theDuelist:StarlightRoad+1","theDuelist:ScrapIronScarecrow+1","theDuelist:SafeZone+3"],"picked":"theDuelist:DefenseDraw+6","floor":54}],"player_experience":347938,"relics_obtained":[{"floor":7.0,"key":"Lizard Tail"},{"floor":9.0,"key":"Whetstone"},{"floor":11.0,"key":"Pear"},{"floor":12.0,"key":"Akabeko"},{"floor":23.0,"key":"Ornamental Fan"},{"floor":26.0,"key":"Bronze Scales"},{"floor":31.0,"key":"theDuelist:WhiteBowlRelic"},{"floor":31.0,"key":"theDuelist:ElectricToken"},{"floor":31.0,"key":"Incense Burner"},{"floor":41,"key":"Potion Belt"},{"floor":41,"key":"Question Card"},{"floor":54,"key":"Bottled Flame"},{"floor":54,"key":"Anchor"}],"event_choices":[{"power_reward":1.0,"total_magic_score":24.0,"gold_gain":0.0,"duelist":true,"damage_taken":17.0,"relics_obtained":["theDuelist:NamelessWarRelicA"],"points":2.0,"war_reward":1.0,"max_hp_gain":0.0,"max_hp_loss":0.0,"spent_points":{"magic":0.0,"greed":0.0,"war":1.0,"power":1.0,"hunger":0.0},"event_name":"Nameless Tomb","floor":2.0,"gold_loss":0.0,"cards_obtained":["theDuelist:YellowBelliedOni"]},{"damage_healed":0.0,"max_hp_gain":0.0,"max_hp_loss":0.0,"gold_gain":0.0,"event_name":"Golden Idol","player_choice":"Take Wound","floor":3.0,"gold_loss":0.0,"damage_taken":0.0,"relics_obtained":["Golden Idol"],"cards_obtained":["Injury"]},{"cards_removed":["theDuelist:Sparks"],"damage_healed":0.0,"max_hp_gain":0.0,"max_hp_loss":0.0,"gold_gain":0.0,"event_name":"Purifier","player_choice":"Purged","floor":5.0,"gold_loss":0.0,"damage_taken":0.0},{"damage_healed":0.0,"max_hp_gain":0.0,"max_hp_loss":0.0,"gold_gain":0.0,"event_name":"The Mausoleum","player_choice":"Opened","floor":19.0,"gold_loss":0.0,"damage_taken":0.0,"relics_obtained":["theDuelist:MerchantNecklace"],"cards_obtained":["Writhe"]},{"damage_healed":0.0,"max_hp_gain":0.0,"max_hp_loss":0.0,"gold_gain":0.0,"event_name":"Drug Dealer","player_choice":"Inject Mutagens","floor":22.0,"gold_loss":0.0,"damage_taken":0.0,"relics_obtained":["MutagenicStrength"]},{"damage_healed":0.0,"max_hp_gain":0.0,"max_hp_loss":0.0,"gold_gain":0.0,"event_name":"Battle City","player_choice":"Fight","duelist":true,"floor":31.0,"gold_loss":0.0,"damage_taken":0.0},{"damage_healed":0,"gold_gain":0,"player_choice":"Memory 1","damage_taken":0,"max_hp_gain":0,"max_hp_loss":0,"event_name":"SensoryStone","floor":36,"gold_loss":0},{"damage_healed":0,"gold_gain":0,"player_choice":"Traded Yellow-Bellied Oni+ for Dragon Mastery","duelist":true,"damage_taken":0,"max_hp_gain":0,"max_hp_loss":0,"event_name":"Card Trader","floor":39,"gold_loss":0},{"damage_healed":0,"gold_gain":0,"player_choice":"Damaged","damage_taken":10,"max_hp_gain":0,"max_hp_loss":0,"event_name":"Wheel of Change","floor":44,"gold_loss":0},{"cards_removed":["theDuelist:GreyGreedOni"],"damage_healed":0,"gold_gain":0,"player_choice":"Removed Skill","damage_taken":0,"max_hp_gain":0,"max_hp_loss":0,"event_name":"Falling","floor":47,"gold_loss":0}],"is_beta":false,"boss_relics":[{"not_picked":["Tiny House","Inserter"],"picked":"Busted Crown"},{"not_picked":["SacredBark","Mark of Pain"],"picked":"Black Star"}],"items_purged_floors":[4,27],"is_endless":false,"potions_floor_spawned":[7,10,16,20,21,28,31,38],"ascension_level":18}}