{"host":"h3ogdo6no3ehk88q","time":1614275899,"event":{"mods":["AchievementEnabler","BaseMod","Minty Spire (QoL Compilation)","StSLib","SuperFastMode"],"gold_per_floor":[119,119,194,204,217,242,255,255,255,255,270,298,298,318,343,343,343,343,343],"floor_reached":18,"language":"ENG","playtime":490,"items_purged":[],"score":201,"play_id":"008f6c6c-2b6f-4528-bc2d-5f98223046a9","local_time":"20210225125819","is_ascension_mode":true,"campfire_choices":[{"floor":8,"key":"REST"},{"data":"Leg Sweep","floor":16,"key":"SMITH"},{"data":"Poisoned Stab","floor":17,"key":"SMITH"}],"circlet_count":0,"master_deck":["AscendersBane","Strike_G","Strike_G","Strike_G","Strike_G","Strike_G","Defend_G","Defend_G","Defend_G","Defend_G","Defend_G","Survivor","Neutralize","Poisoned Stab+1","Sucker Punch","Leg Sweep+1","PiercingWail","Dagger Spray","PiercingWail"],"relics":["Ring of the Snake","Gambling Chip","Mummified Hand","Pear","Letter Opener","Odd Mushroom","InkBottle"],"acts_visited":["Exordium"],"potions_floor_usage":[6,12,15,15],"damage_taken":[{"damage":0,"enemies":"Jaw Worm","floor":1,"turns":5},{"damage":1,"enemies":"Cultist","floor":4,"turns":4},{"damage":0,"enemies":"2 Louse","floor":5,"turns":3},{"damage":23,"enemies":"Gremlin Nob","floor":6,"turns":5},{"damage":14,"enemies":"Lots of Slimes","floor":7,"turns":6},{"damage":1,"enemies":"Large Slime","floor":11,"turns":7},{"damage":26,"enemies":"The Mushroom Lair","floor":12,"turns":7},{"damage":5,"enemies":"Blue Slaver","floor":14,"turns":5},{"damage":42,"enemies":"Lagavulin","floor":15,"turns":7},{"damage":34,"enemies":"Slime Boss","floor":18,"turns":9}],"seed_played":"8913045480795981502","potions_obtained":[{"floor":4,"key":"DistilledChaos"},{"floor":11,"key":"Weak Potion"},{"floor":12,"key":"FearPotion"},{"floor":14,"key":"Weak Potion"}],"is_trial":false,"path_per_floor":["M","?","?","M","M","E","M","R","T","T","M","?","?","M","E","R","R","B"],"character_chosen":"THE_SILENT","items_purchased":[],"campfire_rested":1,"item_purchase_floors":[],"current_hp_per_floor":[63,56,49,48,48,25,11,32,42,42,41,15,80,75,33,33,33,0,0],"gold":343,"neow_bonus":"THREE_CARDS","is_daily":false,"chose_seed":false,"campfire_upgraded":2,"win_rate":0.0,"timestamp":1614275899,"path_taken":["M","?","?","M","M","E","M","R","T","T","?","?","?","?","E","R","R","BOSS"],"items_purchased_type":[],"build_version":"2020-12-22","purchased_purges":0,"victory":false,"max_hp_per_floor":[70,70,70,70,70,70,70,70,80,80,80,80,80,80,80,80,80,80,80],"card_choices":[{"not_picked":["Choke","Riddle With Holes"],"picked":"Poisoned Stab","floor":0},{"not_picked":["Prepared","Bane","Sucker Punch"],"picked":"SKIP","floor":1},{"not_picked":["Phantasmal Killer","Sucker Punch","Concentrate"],"picked":"SKIP","floor":4},{"not_picked":["Riddle With Holes","Dodge and Roll"],"picked":"Sucker Punch","floor":5},{"not_picked":["Masterful Stab","Slice","Riddle With Holes"],"picked":"SKIP","floor":6},{"not_picked":["Distraction","Backflip"],"picked":"Leg Sweep","floor":7},{"not_picked":["Caltrops","Distraction","Eviscerate"],"picked":"SKIP","floor":11},{"not_picked":["Slice","Deflect"],"picked":"PiercingWail","floor":12},{"not_picked":["Choke","Acrobatics"],"picked":"Dagger Spray","floor":14},{"not_picked":["Slice","Prepared"],"picked":"PiercingWail","floor":15}],"player_experience":890148,"relics_obtained":[{"floor":6,"key":"Mummified Hand"},{"floor":9,"key":"Pear"},{"floor":10,"key":"Letter Opener"},{"floor":12,"key":"Odd Mushroom"},{"floor":15,"key":"InkBottle"}],"event_choices":[{"damage_healed":0,"gold_gain":0,"player_choice":"Success","damage_taken":7,"relics_obtained":["Gambling Chip"],"max_hp_gain":0,"max_hp_loss":0,"event_name":"Scrap Ooze","floor":2,"gold_loss":0},{"damage_healed":0,"gold_gain":75,"player_choice":"Touch","damage_taken":7,"max_hp_gain":0,"max_hp_loss":0,"event_name":"FaceTrader","floor":3,"gold_loss":0},{"damage_healed":0,"gold_gain":0,"player_choice":"Fought Mushrooms","damage_taken":0,"max_hp_gain":0,"max_hp_loss":0,"event_name":"Mushrooms","floor":12,"gold_loss":0},{"damage_healed":65,"gold_gain":0,"player_choice":"Full Heal","damage_taken":0,"max_hp_gain":0,"max_hp_loss":0,"event_name":"Wheel of Change","floor":13,"gold_loss":0}],"is_beta":false,"boss_relics":[],"items_purged_floors":[],"is_endless":false,"potions_floor_spawned":[4,11,12,14],"killed_by":"Slime Boss","ascension_level":13}}