{"host":"d76q0rb9a0s9bgr5","time":1614253785,"event":{"mods":["BaseMod","Downfall","Hubris","Minty Spire (QoL Compilation)","StSLib"],"gold_per_floor":[118,132,57,57,57,86,105,105,105,180,192,192,224,242,242,343,343,353,353,268,268,268],"floor_reached":21,"language":"ENG","playtime":788,"items_purged":["Strike_G"],"score":244,"play_id":"85197525-a37d-4e55-94ef-a4171a75403f","local_time":"20210225124945","is_ascension_mode":true,"campfire_choices":[{"data":"Neutralize","floor":8,"key":"SMITH"},{"data":"Envenom","floor":12,"key":"SMITH"},{"data":"Backflip","floor":15,"key":"SMITH"}],"circlet_count":0,"master_deck":["Strike_G","Strike_G","Strike_G","Strike_G","Defend_G","Defend_G","Defend_G","Defend_G","Defend_G","Survivor","Neutralize+1","Backflip+1","Envenom+1","Adrenaline","Cloak And Dagger"],"relics":["Ring of the Snake","NeowsBlessing","hubris:Towel","hubris:Icosahedron","Paper Crane","hubris:TinFlute","StoneCalendar","SlaversCollar","Strawberry"],"acts_visited":["Exordium","TheCity"],"potions_floor_usage":[13,13,16,18],"damage_taken":[{"damage":0,"enemies":"Small Slimes","floor":1,"turns":1},{"damage":0,"enemies":"Cultist","floor":2,"turns":1},{"damage":0,"enemies":"Lagavulin","floor":6,"turns":1},{"damage":0,"enemies":"Jaw Worm","floor":7,"turns":4},{"damage":0,"enemies":"Blue Slaver","floor":11,"turns":5},{"damage":4,"enemies":"Gremlin Nob","floor":13,"turns":3},{"damage":9,"enemies":"3 Louse","floor":14,"turns":5},{"damage":24,"enemies":"Hexaghost","floor":16,"turns":11},{"damage":32,"enemies":"Shell Parasite","floor":18,"turns":11},{"damage":50,"enemies":"Chosen","floor":21,"turns":6}],"seed_played":"-8864405093323669530","potions_obtained":[{"floor":2,"key":"AttackPotion"},{"floor":7,"key":"AttackPotion"},{"floor":13,"key":"Poison Potion"},{"floor":16,"key":"Explosive Potion"}],"is_trial":false,"path_per_floor":["M","M","$","?","?","E","M","R","T","?","M","R","E","M","R","B",null,"M","?","?","M"],"character_chosen":"THE_SILENT","items_purchased":[],"campfire_rested":0,"item_purchase_floors":[],"current_hp_per_floor":[70,70,70,70,70,70,70,70,70,63,63,63,59,61,61,37,70,38,38,45,0,0],"gold":268,"neow_bonus":"THREE_ENEMY_KILL","is_daily":false,"chose_seed":false,"campfire_upgraded":3,"win_rate":0.0,"timestamp":1614253785,"path_taken":["M","M","$","?","?","E","M","R","T","?","M","R","E","?","R","BOSS","M","?","?","M"],"items_purchased_type":[],"build_version":"2020-12-22","purchased_purges":1,"victory":false,"max_hp_per_floor":[70,70,70,70,70,70,70,70,70,70,70,70,70,70,70,70,70,70,70,77,77,77],"card_choices":[{"not_picked":["Deadly Poison","Deflect"],"picked":"Backflip","floor":1},{"not_picked":["Finisher","All Out Attack","Deadly Poison"],"picked":"SKIP","floor":2},{"not_picked":["Prepared","Dagger Spray","Acrobatics"],"picked":"SKIP","floor":6},{"not_picked":["Prepared","Dagger Spray","Acrobatics"],"picked":"SKIP","floor":6},{"not_picked":["Prepared","Dagger Spray","Acrobatics"],"picked":"SKIP","floor":6},{"not_picked":["Crippling Poison","Predator","Dagger Spray"],"picked":"SKIP","floor":7},{"not_picked":["Skewer","Poisoned Stab"],"picked":"Envenom","floor":11},{"not_picked":["PiercingWail","Slice","Choke"],"picked":"SKIP","floor":13},{"not_picked":["Deadly Poison","Expertise","Envenom"],"picked":"SKIP","floor":14},{"not_picked":["Night Terror","Venomology"],"picked":"Adrenaline","floor":16},{"not_picked":["Prepared","Flying Knee"],"picked":"Cloak And Dagger","floor":18}],"player_experience":167339,"relics_obtained":[{"floor":6,"key":"Paper Crane"},{"floor":9,"key":"hubris:TinFlute"},{"floor":13,"key":"StoneCalendar"}],"event_choices":[{"damage_healed":0,"gold_gain":75,"player_choice":"Touch","damage_taken":7,"max_hp_gain":0,"max_hp_loss":0,"event_name":"FaceTrader","floor":10,"gold_loss":0},{"damage_healed":0,"gold_gain":0,"player_choice":"Obtained Relic","damage_taken":0,"relics_obtained":["Strawberry"],"max_hp_gain":0,"max_hp_loss":0,"event_name":"Addict","floor":20,"gold_loss":85}],"is_beta":false,"boss_relics":[{"not_picked":["hubris:GrandSneckoEye","Pandora\u0027s Box"],"picked":"SlaversCollar"}],"items_purged_floors":[3],"is_endless":false,"potions_floor_spawned":[2,7,13,16],"killed_by":"Chosen","ascension_level":3}}