{"host":"uyfpom4rlahfoee4","time":1614236261,"event":{"mods":["BaseMod","Downfall","Minty Spire (QoL Compilation)","StSLib"],"gold_per_floor":[99,110,120,136,148,148,173,173,184,199,218,118,68,93,104,202,202,202,215,234,249,67,67,67,95,95,123,123,108,124,124,141,239,239,239,252,252,252,266,266,339,339,358,358,358,368,381,172,191,191],"floor_reached":51,"language":"ENG","playtime":2987,"items_purged":[],"score":741,"play_id":"a87f01e3-9a18-4fc1-90b8-ff151fca6d6d","local_time":"20210224225741","is_ascension_mode":false,"campfire_choices":[{"data":"champ:Taunt","floor":1,"key":"SMITH"},{"data":"champ:FanOfKnives","floor":6,"key":"SMITH"},{"floor":12,"key":"REST"},{"data":"champ:Devastate","floor":18,"key":"SMITH"},{"data":"champ:TripleStrike","floor":23,"key":"SMITH"},{"floor":28,"key":"DIG"},{"floor":35,"key":"DIG"},{"floor":40,"key":"DIG"},{"floor":42,"key":"DIG"},{"floor":44,"key":"DIG"},{"floor":45,"key":"DIG"}],"circlet_count":0,"master_deck":["champ:Strike","champ:Strike","champ:Strike","champ:Strike","champ:Defend","champ:Defend+1","champ:Defend","champ:Defend+1","champ:Execute","champ:Taunt+1","champ:DancingMaster","champ:FanOfKnives+1","champ:PerfectedStrike","champ:FlashCut","champ:RageSigil","champ:Devastate+1","champ:FlashCut","champ:DefensiveShout","champ:Duel","champ:DefensiveStyle","champ:LastStand","champ:Duel","champ:TripleStrike+1","champ:PreemptiveStrike+1","champ:BladeFlurry","champ:ShieldSigil","champ:DefensiveShout+1","champ:BringItOn","champ:FlashCut","champ:ShieldSigil","champ:Improvising","champ:PerfectedStrike+1","champ:SteelEdge+1","champ:FlashCut+1","champ:Devastate+1","champ:Parry","champ:FlashCut+1","champ:ShieldWall","champ:BladeFlurry+1","champ:BladeFlurry+1","champ:DefensiveStyle","champ:CalledShot","champ:DefensiveStyle"],"relics":["champ:ChampionCrown","downfall:HeartBlessingBlue","Tiny Chest","Sozu","champ:DefensiveTrainingManual","Shovel","HornCleat","WingedGreaves","Molten Egg 2","SlaversCollar","Vajra","Bottled Flame","Anchor","Meat on the Bone","Pantograph","Boot","Frozen Eye","The Courier","War Paint","DollysMirror"],"acts_visited":["Exordium","TheCity","TheBeyond"],"potions_floor_usage":[16,16,22],"damage_taken":[{"damage":23,"enemies":"Jaw Worm","floor":2,"turns":6},{"damage":10,"enemies":"Cultist","floor":3,"turns":3},{"damage":10,"enemies":"Small Slimes","floor":4,"turns":2},{"damage":1,"enemies":"Red Slaver","floor":5,"turns":2},{"damage":10,"enemies":"Blue Slaver","floor":9,"turns":3},{"damage":28,"enemies":"Exordium Thugs","floor":10,"turns":4},{"damage":18,"enemies":"Exordium Wildlife","floor":11,"turns":4},{"damage":15,"enemies":"downfall:FleeingMerchant","floor":13,"turns":4},{"damage":36,"enemies":"3 Sentries","floor":14,"turns":6},{"damage":15,"enemies":"Gremlin Gang","floor":15,"turns":5},{"damage":32,"enemies":"SI_SHIV_ARCHETYPE","floor":16,"turns":7},{"damage":22,"enemies":"downfall:LooterAlt2","floor":19,"turns":3},{"damage":7,"enemies":"Shell Parasite","floor":20,"turns":4},{"damage":13,"enemies":"Snake Plant","floor":21,"turns":3},{"damage":10,"enemies":"downfall:FleeingMerchant","floor":22,"turns":4},{"damage":18,"enemies":"Slavers","floor":25,"turns":6},{"damage":7,"enemies":"Book of Stabbing","floor":27,"turns":4},{"damage":0,"enemies":"downfall:FleeingMerchant","floor":29,"turns":4},{"damage":0,"enemies":"Snecko","floor":30,"turns":3},{"damage":14,"enemies":"Centurion and Healer","floor":32,"turns":4},{"damage":37,"enemies":"IC_MUSHROOM_ARCHETYPE","floor":33,"turns":9},{"damage":40,"enemies":"Orb Walker","floor":36,"turns":3},{"damage":13,"enemies":"3 Shapes","floor":39,"turns":4},{"damage":1,"enemies":"downfall:FleeingMerchant","floor":43,"turns":3},{"damage":51,"enemies":"Transient","floor":46,"turns":5},{"damage":26,"enemies":"3 Darklings","floor":47,"turns":6},{"damage":8,"enemies":"Sphere and 2 Shapes","floor":49,"turns":5},{"damage":58,"enemies":"DF_ARCHETYPE_ORBS","floor":50,"turns":9}],"seed_played":"-857324275872330808","potions_obtained":[{"floor":3,"key":"Strength Potion"},{"floor":10,"key":"champ:CounterPotion"},{"floor":15,"key":"Energy Potion"}],"is_trial":false,"path_per_floor":["R","M","M","M","M","R","T","?","M","M","M","R","$","E","M","B",null,"R","M","M","M","$","R","T","E","?","E","R","$","M","?","M","B",null,"R","M","T","?","M","R","T","R","$","R","R","M","M","$","M","B",null],"character_chosen":"THE_CHAMP","items_purchased":["champ:DefensiveStyle","champ:DefensiveTrainingManual","champ:BringItOn","Boot","Frozen Eye","champ:ShieldWall","champ:DefensiveStyle","champ:CalledShot","DollysMirror"],"campfire_rested":1,"item_purchase_floors":[13,22,22,43,43,43,48,48,48],"current_hp_per_floor":[90,82,82,82,81,81,81,81,81,63,55,95,95,79,74,67,100,100,88,81,78,78,78,78,70,70,63,63,63,63,63,49,12,100,100,90,90,90,77,77,77,77,76,76,76,55,46,46,50,39],"gold":191,"neow_bonus":"ONE_RANDOM_RARE_CARD","is_daily":false,"chose_seed":false,"campfire_upgraded":4,"win_rate":0.0,"timestamp":1614236261,"path_taken":["R","M","M","M","M","R","T","?","M","M","?","R","?","E","M","BOSS","R","M","M","M","$","R","T","E","?","E","R","$","?","?","M","BOSS","R","M","?","?","?","R","T","R","$","R","R","M","M","$","M","BOSS"],"items_purchased_type":["Card","Relic","Card","Relic","Relic","Card","Card","Card","Relic"],"build_version":"2020-12-22","purchased_purges":0,"victory":true,"max_hp_per_floor":[90,90,90,90,90,90,90,90,90,90,90,100,100,100,100,100,100,100,100,100,100,100,100,100,100,100,100,100,100,100,100,100,100,100,100,100,100,100,100,100,100,100,100,100,100,100,100,100,100,100],"card_choices":[{"not_picked":["champ:FancyFootwork","champ:Backstep"],"picked":"champ:FanOfKnives","floor":2},{"not_picked":["champ:Encircle","champ:Backstep"],"picked":"champ:PerfectedStrike","floor":3},{"not_picked":["champ:TornadoPunch","champ:Encircle"],"picked":"champ:FlashCut","floor":4},{"not_picked":["champ:BladeFlurry","champ:GladiatorStyle"],"picked":"champ:RageSigil","floor":5},{"not_picked":["champ:CrownThrow","champ:BringItOn"],"picked":"champ:Devastate","floor":9},{"not_picked":["champ:IronFortress","champ:CrownThrow"],"picked":"champ:FlashCut","floor":10},{"not_picked":["champ:SetATrap","champ:BladeFlurry"],"picked":"champ:DefensiveShout","floor":11},{"not_picked":["champ:CrookedStrike","champ:Shatter"],"picked":"champ:Duel","floor":13},{"not_picked":["champ:Circumvent","champ:PreciseThrust"],"picked":"champ:LastStand","floor":14},{"not_picked":["champ:EnGarde","champ:GutPunch"],"picked":"champ:Duel","floor":15},{"not_picked":["champ:MurderStrike","champ:VampiricStrike"],"picked":"champ:TripleStrike","floor":16},{"not_picked":["champ:CrookedStrike","champ:GutPunch+1"],"picked":"champ:PreemptiveStrike+1","floor":19},{"not_picked":["champ:DefensiveShout","champ:Haymaker+1"],"picked":"champ:BladeFlurry","floor":20},{"not_picked":["champ:AdrenalArmor","champ:RisingSlash"],"picked":"champ:ShieldSigil","floor":21},{"not_picked":["champ:SetATrap+1","champ:SwordSigil"],"picked":"champ:DefensiveShout+1","floor":22},{"not_picked":["champ:Backstep","champ:Shatter"],"picked":"champ:FlashCut","floor":25},{"not_picked":["champ:BerserkersShout","champ:PreciseThrust"],"picked":"champ:ShieldSigil","floor":27},{"not_picked":["champ:Haymaker+1","champ:EndlessRage","champ:DefensiveShout"],"picked":"SKIP","floor":29},{"not_picked":["champ:Shatter+1","champ:CalledShot"],"picked":"champ:Improvising","floor":30},{"not_picked":["champ:EnragedBash+1","champ:Haymaker+1"],"picked":"champ:PerfectedStrike+1","floor":32},{"not_picked":["champ:SwordThrow+1","champ:DancingMaster"],"picked":"champ:SteelEdge+1","floor":33},{"not_picked":["champ:EnGarde+1","champ:TornadoPunch+1"],"picked":"champ:FlashCut+1","floor":36},{"not_picked":["champ:EnGarde","champ:ShieldSigil"],"picked":"champ:Parry","floor":39},{"not_picked":["champ:DancingMaster","champ:CrownThrow+1"],"picked":"champ:FlashCut+1","floor":43},{"not_picked":["champ:TornadoPunch+1","champ:GutPunch+1"],"picked":"champ:BladeFlurry+1","floor":46},{"not_picked":["champ:FanOfKnives+1","champ:Backstep"],"picked":"champ:BladeFlurry+1","floor":47},{"not_picked":["champ:EndlessRage+1","champ:TornadoPunch+1","champ:BringItOn"],"picked":"SKIP","floor":49}],"player_experience":189825,"relics_obtained":[{"floor":14,"key":"Tiny Chest"},{"floor":24,"key":"Shovel"},{"floor":25,"key":"HornCleat"},{"floor":27,"key":"WingedGreaves"},{"floor":28,"key":"Molten Egg 2"},{"floor":35,"key":"Vajra"},{"floor":37,"key":"Bottled Flame"},{"floor":40,"key":"Anchor"},{"floor":41,"key":"Meat on the Bone"},{"floor":42,"key":"Pantograph"},{"floor":44,"key":"The Courier"},{"floor":45,"key":"War Paint"}],"event_choices":[],"is_beta":false,"boss_relics":[{"not_picked":["Runic Pyramid","Pandora\u0027s Box"],"picked":"Sozu"},{"not_picked":["Velvet Choker","SacredBark"],"picked":"SlaversCollar"}],"items_purged_floors":[],"is_endless":false,"potions_floor_spawned":[3,10,15,25,27,30,33,36,39,47],"ascension_level":0}}