{"host":"0utx1lcxgx5vu4k0","time":1614269881,"event":{"mods":["BaseMod","Colored Powertips","Minty Spire (QoL Compilation)","Permanent Neow","Relic Stats","StSLib"],"gold_per_floor":[112,112,130,130,153,194,194,194,194,274,317,355,393,408,408,533,533,549,549,569,594,613,613,651,180,180,221,221,221,251,166,166,263,263,273,1272,636,636,648,680,680,698,753,765,38,66,66,99,99,99,99,99,48,76,76],"floor_reached":56,"language":"ENG","playtime":2465,"items_purged":["Strike_R","Normality","Normality"],"score":1689,"play_id":"115cce53-5fb9-4e61-ad2d-1cd1aff8f59a","local_time":"20210225111801","is_ascension_mode":true,"campfire_choices":[{"floor":7.0,"key":"REST"},{"floor":15.0,"key":"REST"},{"floor":23.0,"key":"REST"},{"floor":29,"key":"REST"},{"floor":32,"key":"REST"},{"floor":41,"key":"REST"},{"floor":47,"key":"RECALL"},{"floor":49,"key":"REST"},{"floor":52,"key":"REST"}],"circlet_count":0,"master_deck":["Strike_R","Strike_R","Strike_R","Defend_R","Defend_R+1","Defend_R","Defend_R","Bash","Metallicize","Spot Weakness","Dark Embrace","Sword Boomerang","Sword Boomerang","Evolve","Battle Trance","Sword Boomerang","Fiend Fire","Havoc+1","Clothesline+1","Spot Weakness+1","Double Tap","Corruption","Offering","Feel No Pain","Discovery","Double Tap","Thunderclap+1","Shrug It Off","Limit Break","Flame Barrier","Feel No Pain","Pummel","Rage+1","Warcry+1","Shrug It Off"],"relics":["Fusion Hammer","Bloody Idol","PreservedInsect","Matryoshka","CaptainsWheel","Orichalcum","Odd Mushroom","Art of War","Runic Cube","MawBank","War Paint","Akabeko","Centennial Puzzle","Lantern","Bronze Scales","Bag of Preparation","Runic Pyramid","Bag of Marbles","Frozen Eye","Dream Catcher","Paper Frog","Omamori","Lee\u0027s Waffle","Shuriken","Toy Ornithopter","Boot"],"acts_visited":["Exordium","TheCity","TheBeyond","TheEnding"],"potions_floor_usage":[24,24,24,27,30,30,33,42,46,50,54,55],"damage_taken":[{"damage":0.0,"enemies":"Small Slimes","floor":1.0,"turns":3.0},{"damage":2.0,"enemies":"Jaw Worm","floor":3.0,"turns":3.0},{"damage":3.0,"enemies":"Cultist","floor":5.0,"turns":3.0},{"damage":32.0,"enemies":"Gremlin Nob","floor":6.0,"turns":4.0},{"damage":0.0,"enemies":"Exordium Wildlife","floor":8.0,"turns":1.0},{"damage":18.0,"enemies":"Lagavulin Event","floor":10.0,"turns":4.0},{"damage":2.0,"enemies":"Lagavulin","floor":11.0,"turns":4.0},{"damage":4.0,"enemies":"The Mushroom Lair","floor":12.0,"turns":3.0},{"damage":5.0,"enemies":"3 Sentries","floor":13.0,"turns":4.0},{"damage":5.0,"enemies":"Looter","floor":14.0,"turns":2.0},{"damage":18.0,"enemies":"Hexaghost","floor":16.0,"turns":6.0},{"damage":9.0,"enemies":"Spheric Guardian","floor":18.0,"turns":4.0},{"damage":16.0,"enemies":"2 Thieves","floor":20.0,"turns":2.0},{"damage":33.0,"enemies":"Centurion and Healer","floor":21.0,"turns":8.0},{"damage":19.0,"enemies":"Chosen and Byrds","floor":22.0,"turns":5.0},{"damage":16,"enemies":"Slavers","floor":24,"turns":3},{"damage":4,"enemies":"Gremlin Leader","floor":27,"turns":3},{"damage":7,"enemies":"Slavers","floor":30,"turns":2},{"damage":21,"enemies":"Automaton","floor":33,"turns":5},{"damage":9,"enemies":"3 Shapes","floor":35,"turns":2},{"damage":14,"enemies":"3 Darklings","floor":39,"turns":4},{"damage":9,"enemies":"Nemesis","floor":40,"turns":5},{"damage":0,"enemies":"Jaw Worm Horde","floor":42,"turns":1},{"damage":15,"enemies":"Maw","floor":44,"turns":7},{"damage":0,"enemies":"Reptomancer","floor":46,"turns":2},{"damage":26,"enemies":"Nemesis","floor":48,"turns":3},{"damage":21,"enemies":"Time Eater","floor":50,"turns":5},{"damage":10,"enemies":"Shield and Spear","floor":54,"turns":4},{"damage":72,"enemies":"The Heart","floor":55,"turns":8}],"seed_played":"3781815295804029034","potions_obtained":[{"floor":1.0,"key":"Strength Potion"},{"floor":6.0,"key":"SmokeBomb"},{"floor":12.0,"key":"SteroidPotion"},{"floor":14.0,"key":"DuplicationPotion"},{"floor":16.0,"key":"PowerPotion"},{"floor":21.0,"key":"BlessingOfTheForge"},{"floor":24,"key":"BlessingOfTheForge"},{"floor":27,"key":"Fire Potion"},{"floor":33,"key":"SteroidPotion"},{"floor":35,"key":"AttackPotion"},{"floor":40,"key":"DistilledChaos"},{"floor":48,"key":"Dexterity Potion"}],"is_trial":false,"path_per_floor":["M","?","M","?","M","E","R","M","T","?","E","?","E","M","R","B",null,"M","?","M","M","M","R","E","$","T","E","?","R","E","?","R","B",null,"M","?","$","?","M","E","R","M","T","M","$","E","R","E","R","B",null,"R","$","E","B",null],"character_chosen":"IRONCLAD","items_purchased":["War Paint","Explosive Potion","DistilledChaos","Double Tap","Bag of Marbles","Feel No Pain","Frozen Eye","Dream Catcher","Limit Break","Flame Barrier","Feel No Pain","Lee\u0027s Waffle","CultistPotion","Pummel","Shrug It Off"],"campfire_rested":8,"item_purchase_floors":[25,25,25,25,37,37,37,37,45,45,45,45,45,45,53],"current_hp_per_floor":[80,74,72,72,69,37,59,59,59,41,39,35,30,25,47,29,63,54,74,58,25,6,28,12,12,12,8,8,30,28,28,50,34,64,60,65,65,65,56,52,74,74,74,64,81,81,81,60,81,60,76,81,81,76,9],"gold":76,"neow_bonus":"BOSS_RELIC","is_daily":false,"chose_seed":false,"campfire_upgraded":0,"win_rate":0.0,"timestamp":1614269881,"path_taken":["M","?","M","?","?","E","R","M","T","?","E","?","E","M","R","BOSS","M","?","M","?","M","R","E","$","T","E","?","R","E","?","R","BOSS","M","?","$","?","?","E","R","M","T","M","$","E","R","E","R","BOSS","R","$","E","BOSS"],"items_purchased_type":["Relic","Potion","Potion","Card","Relic","Card","Relic","Relic","Card","Card","Card","Relic","Potion","Card","Card"],"build_version":"2020-12-22","purchased_purges":3,"victory":true,"max_hp_per_floor":[80,74,74,74,74,74,74,74,74,74,74,74,74,74,74,74,74,74,74,74,74,74,74,74,74,74,74,74,74,74,74,74,74,74,74,74,74,74,74,74,74,74,74,74,81,81,81,81,81,81,81,81,81,81,81],"relic_stats":{"Lee\u0027s Waffle":17,"counters":[29,110],"PreservedInsect":435,"Bag of Preparation":[22],"Orichalcum":[180],"War Paint":["Spot Weakness","Defend_R"],"MawBank":12,"Boot":[0],"Centennial Puzzle":[31],"Dream Catcher":3,"Shuriken":[8],"Bloody Idol":45,"Bronze Scales":[196],"Art of War":[8],"obtain_stats":[{"Lantern":27,"Bag of Preparation":31,"Boot":54,"Burning Blood":0,"Frozen Eye":37,"Centennial Puzzle":26,"Dream Catcher":37,"Matryoshka":9,"Fusion Hammer":0,"Runic Cube":17,"Runic Pyramid":34,"Paper Frog":40,"Lee\u0027s Waffle":45,"Golden Idol":2,"PreservedInsect":6,"Omamori":43,"Orichalcum":11,"Odd Mushroom":12,"War Paint":25,"MawBank":24,"Akabeko":26,"CaptainsWheel":10,"Shuriken":46,"Bloody Idol":28,"Bronze Scales":30,"Art of War":13,"Bag of Marbles":37,"Toy Ornithopter":48},{"Lantern":17,"Bag of Preparation":18,"Boot":28,"Burning Blood":0,"Frozen Eye":20,"Centennial Puzzle":16,"Dream Catcher":20,"Matryoshka":5,"Fusion Hammer":0,"Runic Cube":11,"Runic Pyramid":19,"Paper Frog":22,"Lee\u0027s Waffle":24,"Golden Idol":1,"PreservedInsect":4,"Omamori":23,"Orichalcum":7,"Odd Mushroom":8,"War Paint":16,"MawBank":16,"Akabeko":16,"CaptainsWheel":6,"Shuriken":25,"Bloody Idol":17,"Bronze Scales":18,"Art of War":9,"Bag of Marbles":20,"Toy Ornithopter":26},{"Lantern":62,"Bag of Preparation":64,"Boot":102,"Burning Blood":0,"Frozen Eye":71,"Centennial Puzzle":59,"Dream Catcher":71,"Matryoshka":14,"Fusion Hammer":0,"Runic Cube":37,"Runic Pyramid":69,"Paper Frog":80,"Lee\u0027s Waffle":88,"Golden Idol":3,"PreservedInsect":13,"Omamori":81,"Orichalcum":22,"Odd Mushroom":25,"War Paint":59,"MawBank":59,"Akabeko":59,"CaptainsWheel":18,"Shuriken":90,"Bloody Idol":62,"Bronze Scales":64,"Art of War":29,"Bag of Marbles":71,"Toy Ornithopter":93}],"Toy Ornithopter":5,"Runic Cube":[41]},"card_choices":[{"not_picked":["Perfected Strike","Warcry"],"picked":"Metallicize","floor":1.0},{"not_picked":["Anger","Rampage"],"picked":"Spot Weakness","floor":3.0},{"not_picked":["Dropkick","Wild Strike"],"picked":"Sword Boomerang","floor":5.0},{"not_picked":["Bloodletting","Clothesline","Dark Embrace"],"picked":"SKIP","floor":6.0},{"not_picked":["Perfected Strike","Sever Soul"],"picked":"Sword Boomerang","floor":10.0},{"not_picked":["Brutality","Pommel Strike"],"picked":"Evolve","floor":11.0},{"not_picked":["Seeing Red","Rage"],"picked":"Battle Trance","floor":12.0},{"not_picked":["Perfected Strike","Iron Wave","Twin Strike"],"picked":"SKIP","floor":13.0},{"not_picked":["Clash","Searing Blow"],"picked":"Sword Boomerang","floor":14.0},{"not_picked":["Juggernaut","Bludgeon"],"picked":"Fiend Fire","floor":16.0},{"not_picked":["Iron Wave","Flex","Twin Strike"],"picked":"SKIP","floor":18.0},{"not_picked":["Headbutt","Body Slam"],"picked":"Havoc+1","floor":20.0},{"not_picked":["Warcry+1","Combust"],"picked":"Clothesline+1","floor":21.0},{"not_picked":["Headbutt","Feel No Pain"],"picked":"Spot Weakness","floor":22.0},{"not_picked":["Combust+1","Wild Strike","True Grit"],"picked":"SKIP","floor":24},{"not_picked":["Flex","Havoc+1","Pummel"],"picked":"SKIP","floor":27},{"not_picked":["Thunderclap","Pommel Strike"],"picked":"Corruption","floor":30},{"not_picked":["Bludgeon","Double Tap"],"picked":"Offering","floor":33},{"not_picked":["Anger","Body Slam","Wild Strike+1"],"picked":"SKIP","floor":35},{"not_picked":["Cleave","Twin Strike"],"picked":"Thunderclap+1","floor":39},{"not_picked":["Body Slam","Battle Trance","Reckless Charge+1"],"picked":"SKIP","floor":40},{"not_picked":["Carnage+1","Flex","Clothesline"],"picked":"SKIP","floor":42},{"not_picked":["Clash+1","Armaments+1"],"picked":"Shrug It Off","floor":44},{"not_picked":["Twin Strike","Double Tap","Fire Breathing"],"picked":"SKIP","floor":46},{"not_picked":["Clash+1","Flame Barrier"],"picked":"Rage+1","floor":48},{"not_picked":["Armaments","Bloodletting"],"picked":"Warcry+1","floor":52},{"not_picked":["Blood for Blood","Warcry","Entrench"],"picked":"SKIP","floor":54}],"player_experience":91627,"relics_obtained":[{"floor":6.0,"key":"PreservedInsect"},{"floor":9.0,"key":"Matryoshka"},{"floor":10.0,"key":"CaptainsWheel"},{"floor":11.0,"key":"Orichalcum"},{"floor":12.0,"key":"Odd Mushroom"},{"floor":13.0,"key":"Art of War"},{"floor":24,"key":"MawBank"},{"floor":26,"key":"Akabeko"},{"floor":26,"key":"Centennial Puzzle"},{"floor":27,"key":"Lantern"},{"floor":30,"key":"Bronze Scales"},{"floor":40,"key":"Paper Frog"},{"floor":43,"key":"Omamori"},{"floor":46,"key":"Shuriken"},{"floor":48,"key":"Toy Ornithopter"},{"floor":54,"key":"Boot"}],"event_choices":[{"damage_healed":0.0,"max_hp_gain":0.0,"max_hp_loss":6.0,"gold_gain":0.0,"event_name":"Golden Idol","player_choice":"Lose Max HP","floor":2.0,"gold_loss":0.0,"damage_taken":0.0,"relics_obtained":["Golden Idol"]},{"damage_healed":0.0,"max_hp_gain":0.0,"max_hp_loss":0.0,"gold_gain":0.0,"cards_transformed":["Strike_R"],"event_name":"Transmorgrifier","player_choice":"Transformed","floor":4.0,"gold_loss":0.0,"damage_taken":0.0,"cards_obtained":["Dark Embrace"]},{"damage_healed":0.0,"max_hp_gain":0.0,"max_hp_loss":0.0,"gold_gain":0.0,"event_name":"Dead Adventurer","player_choice":"Searched \u00271\u0027 times","floor":10.0,"gold_loss":0.0,"damage_taken":0.0},{"damage_healed":0.0,"max_hp_gain":0.0,"max_hp_loss":0.0,"gold_gain":0.0,"event_name":"Mushrooms","player_choice":"Fought Mushrooms","floor":12.0,"gold_loss":0.0,"damage_taken":0.0},{"damage_healed":20.0,"max_hp_gain":0.0,"max_hp_loss":0.0,"gold_gain":0.0,"event_name":"Wheel of Change","player_choice":"Full Heal","floor":19.0,"gold_loss":0.0,"damage_taken":0.0},{"damage_healed":0,"gold_gain":0,"player_choice":"Gave Idol","damage_taken":0,"relics_obtained":["Bloody Idol"],"max_hp_gain":0,"max_hp_loss":0,"event_name":"Forgotten Altar","floor":28,"relics_lost":["Golden Idol"],"gold_loss":0},{"damage_healed":0,"gold_gain":0,"player_choice":"Obtained Relic","damage_taken":0,"relics_obtained":["Bag of Preparation"],"max_hp_gain":0,"max_hp_loss":0,"event_name":"Addict","floor":31,"gold_loss":85},{"damage_healed":0,"gold_gain":999,"player_choice":"Gold","damage_taken":0,"max_hp_gain":0,"max_hp_loss":0,"event_name":"MindBloom","floor":36,"gold_loss":0,"cards_obtained":["Normality","Normality"]},{"damage_healed":0,"gold_gain":0,"player_choice":"2 cards matched","damage_taken":0,"max_hp_gain":0,"max_hp_loss":0,"event_name":"Match and Keep!","floor":38,"gold_loss":0,"cards_obtained":["Discovery","Double Tap"]}],"is_beta":false,"boss_relics":[{"not_picked":["Tiny House","Busted Crown"],"picked":"Runic Cube"},{"not_picked":["Cursed Key","Pandora\u0027s Box"],"picked":"Runic Pyramid"}],"items_purged_floors":[25,37,45],"is_endless":false,"potions_floor_spawned":[1,6,8,12,14,16,21,24,27,33,35,40,48],"ascension_level":5}}