{"host":"gm50ke85n5jz306u","time":1614243355,"event":{"mods":["AchievementEnabler","AlwaysNeverKeys","Aspiration","BaseMod","Beaked The Cultist","Bestiary","Better Altar","Better Match","Better Note","Better Sensory Stone","Better Skull","Better Third Choice","Better Vampires","Better-Laid Plans","BetterRewards","Colored Powertips","Curses Come First","DNKmod","Defuse TimeMaze Blight","Disable Question Mark Monsters","Displayed Cursed Tome","Downfall","Emptier Cage","Extra Virgin Snecko Oil","Filter the Spire","Friendly Minions","Gremlin Skip","Hermit","Hubris","Hyrulean Relics","Ironclad Rager","Koishi","Lobotomy","Marisa????????","Marked Mod","Minty Spire (QoL Compilation)","Permanent Neow","Poor People Problems","Quick Restart","Reimu??????","Relic Filter Mod","Relic Sorter","Remove Card Discount Mod","Reorder Act Four","Replay The Spire","Shop Mod","StSLib","Synergy Search","Td1madao Mod","The Administrix","The Animator","The Blue Laboratory","The Bug Knight","The Construct","The Cursed","The Disciple","The Hierophant","The Necromancer","The Runesmith","The Senshi","The Servant 0.9.4","Thieving Mod","Transform Curses","WarShipGirlsR/????R mod"],"gold_per_floor":[10020,9980,9980,10000,9477,9511,9511,9527,9603,9629,9629,9642,8783,8858,8858,8959,8959,8977,8977,8396,8414,8513,8513,8539,8539,8539,8115,8115,7751,7779,7797,7797,7892,7892,7909,7926,7942,7958,7320,7320,7335,7335,7335,6870,6904,6923,6948,6948,6948,6948],"floor_reached":51,"language":"ENG","playtime":1974,"items_purged":["Injury","Bash","Strike_R","Defend_R","Strike_R","Strike_R","Strike_R","Strike_R","Defend_R","Defend_R","Defend_R+1","Finesse+1","Shrug It Off+1","Shrug It Off+1","Shrug It Off+1","Body Slam+1","Berserk+1"],"score":1739,"play_id":"9094b475-e4d1-447d-bec0-c538c1ed091b","local_time":"20210225095555","is_ascension_mode":true,"campfire_choices":[{"data":"Defend_R","floor":7.0,"key":"SMITH"},{"data":"Body Slam","floor":11.0,"key":"SMITH"},{"floor":15.0,"key":"REST"},{"data":"Body Slam","floor":23.0,"key":"SMITH"},{"floor":28.0,"key":"REST"},{"floor":32.0,"key":"REST"},{"floor":40.0,"key":"REST"},{"floor":49,"key":"REST"}],"circlet_count":0,"master_deck":["AscendersBane","Shrug It Off+1","Shrug It Off+1","Barricade+1","Body Slam+1","Madness+1"],"relics":["Burning Blood","hubris:Icosahedron","Centennial Puzzle","Replay:Towering Pillar of Hats","PureWhite:ReiMu","Akabeko","StoneCalendar","hubris:RunicObelisk","ClockworkSouvenir","Bronze Scales","Anchor","Chemical X","Ancient Tea Set","SlaversCollar","MerchantsRug","NeowsBlessing","Toxic Egg 2","Frozen Egg 2","Potion Belt","Darkstone Periapt","ReplayTheSpireMod:ShopPack","Lee\u0027s Waffle","Mummified Hand","DollysMirror","Pen Nib","Quantum Egg","beaked:ShinyBauble","theSenshi:FeatherClipsRelic","Thread and Needle"],"acts_visited":["Exordium","TheCity","TheBeyond"],"potions_floor_usage":[],"damage_taken":[{"damage":0.0,"enemies":"Cultist","floor":1.0,"turns":1.0},{"damage":0.0,"enemies":"Small Slimes","floor":4.0,"turns":2.0},{"damage":0.0,"enemies":"Lagavulin","floor":6.0,"turns":1.0},{"damage":1.0,"enemies":"2 Louse","floor":8.0,"turns":3.0},{"damage":50.0,"enemies":"Gremlin Nob","floor":10.0,"turns":7.0},{"damage":2.0,"enemies":"Gremlin Gang","floor":12.0,"turns":5.0},{"damage":0.0,"enemies":"The Guardian","floor":16.0,"turns":5.0},{"damage":0.0,"enemies":"3 Byrds","floor":18.0,"turns":4.0},{"damage":7.0,"enemies":"2 Thieves","floor":21.0,"turns":3.0},{"damage":0.0,"enemies":"Book of Stabbing","floor":24.0,"turns":2.0},{"damage":0.0,"enemies":"Gremlin Leader","floor":30.0,"turns":2.0},{"damage":0.0,"enemies":"Snake Plant","floor":31.0,"turns":1.0},{"damage":0.0,"enemies":"Collector","floor":33.0,"turns":3.0},{"damage":0.0,"enemies":"Orb Walker","floor":35.0,"turns":1.0},{"damage":0.0,"enemies":"3 Darklings","floor":36.0,"turns":3.0},{"damage":0.0,"enemies":"4 Shapes","floor":37.0,"turns":3.0},{"damage":0.0,"enemies":"Transient","floor":38.0,"turns":3.0},{"damage":0.0,"enemies":"3 Darklings","floor":41.0,"turns":3.0},{"damage":0.0,"enemies":"Nemesis","floor":45.0,"turns":1.0},{"damage":0.0,"enemies":"4 Shapes","floor":46.0,"turns":2.0},{"damage":0.0,"enemies":"Reptomancer","floor":47.0,"turns":1.0},{"damage":0,"enemies":"Awakened One","floor":50,"turns":4}],"seed_played":"6025291041745441303","potions_obtained":[{"floor":2.0,"key":"Languid Potion"},{"floor":2.0,"key":"SneckoOil"},{"floor":2.0,"key":"SneckoOil"},{"floor":16.0,"key":"blueLaboratory:HummingbirdPotion"},{"floor":31.0,"key":"FairyPotion"}],"is_trial":false,"path_per_floor":["M","?","?","M","$","E","R","M","T","E","R","M","$","?","R","B",null,"M","?","$","M","?","R","E","?","T","$","R","$","E","M","R","B",null,"M","M","M","M","$","R","M","?","T","$","E","M","E","?","R","B",null],"character_chosen":"IRONCLAD","items_purchased":["ClockworkSouvenir","aspiration:EmptySkull","Shrug It Off+1","MerchantsRug","BloodPotion","Elixir","Elixir","Berserk+1","PureWhite:ReiMu","Darkstone Periapt","ReplayTheSpireMod:ShopPack","Body Slam","Bronze Scales","Ancient Tea Set","Chemical X","SpeedPotion","Dexterity Potion","Replay:Towering Pillar of Hats","Madness+1","Elixir","blueLaboratory:IronCompound","Shrug It Off+1","Anchor","Lee\u0027s Waffle","Mummified Hand","DollysMirror","Pen Nib","Flashbang","Quantum Egg","beaked:ShinyBauble"],"campfire_rested":5,"item_purchase_floors":[5,5,5,5,5,5,5,13,13,13,13,20,20,20,20,20,20,27,27,27,27,29,29,29,39,39,39,39,44,44],"current_hp_per_floor":[78,78,78,80,80,80,80,80,80,36,36,40,40,29,53,59,75,80,80,80,79,79,79,80,80,80,80,80,87,87,87,87,87,87,87,87,87,87,87,87,87,87,87,87,87,87,87,87,87,87],"gold":6948,"neow_bonus":"THREE_ENEMY_KILL","is_daily":false,"chose_seed":false,"campfire_upgraded":3,"win_rate":0.0,"timestamp":1614243355,"path_taken":["M","?","?","M","$","E","R","M","T","E","R","M","$","?","R","BOSS","M","?","$","M","?","R","E","?","T","$","R","$","E","M","R","BOSS","M","M","M","M","$","R","M","?","T","$","E","M","E","?","R","BOSS"],"items_purchased_type":["Relic","Relic","Card","Relic","Potion","Potion","Potion","Card","Relic","Relic","Relic","Card","Relic","Relic","Relic","Potion","Potion","Relic","Card","Potion","Potion","Card","Relic","Relic","Relic","Relic","Relic","Potion","Relic","Relic"],"build_version":"2020-12-22","purchased_purges":17,"victory":true,"max_hp_per_floor":[80,80,80,80,80,80,80,80,80,80,80,80,80,80,80,80,80,80,80,80,80,80,80,80,80,80,80,80,87,87,87,87,87,87,87,87,87,87,87,87,87,87,87,87,87,87,87,87,87,87],"card_choices":[{"not_picked":["Anger","Heavy Blade","Replay:Undeath\u0027s Touch"],"picked":"SKIP","floor":1.0},{"not_picked":["Hemokinesis","Wild Strike","ReplayTheSpireMod:Corrosion Curse+1"],"picked":"SKIP","floor":4.0},{"not_picked":["ReplayTheSpireMod:Strike From Hell","Pommel Strike"],"picked":"Shrug It Off+1","floor":6.0},{"not_picked":["Pummel","Combust"],"picked":"Body Slam","floor":8.0},{"not_picked":["Wild Strike","Rage+1","Spot Weakness+1"],"picked":"SKIP","floor":10.0},{"not_picked":["Hemokinesis","Pommel Strike","Dropkick"],"picked":"SKIP","floor":12.0},{"not_picked":["Secret Weapon","Panacea"],"picked":"Finesse","floor":13.0},{"not_picked":["Limit Break+1","Reaper"],"picked":"Barricade+1","floor":16.0},{"not_picked":["Warcry+1","Twin Strike+1","Headbutt"],"picked":"SKIP","floor":18.0},{"not_picked":["Twin Strike","Ghostly Armor+1","Hemokinesis"],"picked":"SKIP","floor":21.0},{"not_picked":["Havoc+1","Pommel Strike+1","Offering+1"],"picked":"SKIP","floor":24.0},{"not_picked":["Dropkick","hubris:CleavingFinish"],"picked":"Shrug It Off+1","floor":30.0},{"not_picked":["Shrug It Off+1","Heavy Blade","Wild Strike"],"picked":"SKIP","floor":31.0},{"not_picked":["Perfected Strike","Inflame+1","Headbutt"],"picked":"SKIP","floor":35.0},{"not_picked":["True Grit+1","ReplayTheSpireMod:Strike From Hell","Cleave+1"],"picked":"SKIP","floor":36.0},{"not_picked":["Clothesline+1","Body Slam+1","Replay:Undeath\u0027s Touch+1"],"picked":"SKIP","floor":37.0},{"not_picked":["Clash+1","Headbutt+1","ReplayTheSpireMod:Corrosion Curse+1"],"picked":"SKIP","floor":38.0},{"not_picked":["Demonic Infusion+1","Anger+1","Iron Wave+1"],"picked":"SKIP","floor":41.0},{"not_picked":["Iron Wave","Power Through+1","Eclipse+1"],"picked":"SKIP","floor":45.0},{"not_picked":["hubris:SharpeningStone+1","ReplayTheSpireMod:Corrosion Curse+1","Burning Pact+1"],"picked":"SKIP","floor":46.0},{"not_picked":["Clothesline+1","Defy Death+1","Barricade+1"],"picked":"SKIP","floor":47.0}],"player_experience":465731,"relics_obtained":[{"floor":6.0,"key":"Potion Belt"},{"floor":9.0,"key":"Frozen Egg 2"},{"floor":10.0,"key":"Centennial Puzzle"},{"floor":26.0,"key":"Akabeko"},{"floor":30.0,"key":"StoneCalendar"},{"floor":45.0,"key":"theSenshi:FeatherClipsRelic"},{"floor":47.0,"key":"Thread and Needle"}],"event_choices":[{"damage_healed":0.0,"max_hp_gain":0.0,"max_hp_loss":0.0,"gold_gain":0.0,"event_name":"The Woman in Blue","player_choice":"Bought 3 Potions","floor":2.0,"gold_loss":0.0,"damage_taken":0.0},{"damage_healed":0.0,"max_hp_gain":0.0,"max_hp_loss":0.0,"gold_gain":75.0,"event_name":"betterThird:BetterGoop","player_choice":"Gold","floor":14.0,"gold_loss":0.0,"damage_taken":11.0},{"damage_healed":0.0,"max_hp_gain":0.0,"max_hp_loss":0.0,"gold_gain":0.0,"event_name":"betterNote:BetterNote","player_choice":"Ignored","floor":19.0,"gold_loss":0.0,"damage_taken":0.0,"cards_obtained":["Apotheosis"]},{"damage_healed":0.0,"max_hp_gain":0.0,"max_hp_loss":0.0,"gold_gain":99.0,"event_name":"betterThird:BetterNest","player_choice":"Steal","floor":22.0,"gold_loss":0.0,"damage_taken":0.0},{"damage_healed":0.0,"max_hp_gain":0.0,"max_hp_loss":0.0,"gold_gain":2.0,"event_name":"betterStone:BetterStone","player_choice":"1","floor":25.0,"gold_loss":0.0,"damage_taken":0.0},{"cards_removed":["Madness"],"damage_healed":0,"gold_gain":0,"player_choice":"Offered Uncommon","damage_taken":0,"max_hp_gain":0,"max_hp_loss":0,"event_name":"Bonfire Elementals","floor":48,"gold_loss":0}],"is_beta":false,"boss_relics":[{"not_picked":["Snecko Eye","Runic Cube"],"picked":"SlaversCollar"},{"not_picked":["hubris:HollowSoul","Runic Dome"],"picked":"hubris:RunicObelisk"}],"items_purged_floors":[5,5,5,5,13,13,13,13,13,13,13,39,39,39,39,39,44],"is_endless":false,"potions_floor_spawned":[6,16,21,31,33,37,41,46,47],"ascension_level":10}}