{"host":"kaame4qwxxqnygv7","time":1614262350,"event":{"mods":["AchievementEnabler","BaseMod","Better Match","Better Skull","Better Third Choice","BetterRewards","Block Reminder","Bossed Relics","DeckTracker","Energized Spire","GungeonMod","Minty Spire (QoL Compilation)","Quick Restart","Red Circlet Mod","StSLib","SuperFastMode","The Blue Laboratory"],"gold_per_floor":[114,134,134,134,145,145,174,174,174,174,209,224,282,10,10,96,96,110,394,273,291,300,325,61,70,70,70,87,104,129,142,163,163,163,243,252,276,301,42,42,51,51,77,77,77,97,97,135,145,20,20,20],"floor_reached":53,"language":"KOR","playtime":1621,"items_purged":["Regret","Strike_G","Parasite"],"score":1182,"play_id":"93f65efa-7fe2-45b5-a6f7-11dce76bcf6d","local_time":"20210225231230","is_ascension_mode":true,"campfire_choices":[{"floor":6.0,"key":"REST"},{"data":"Calculated Gamble","floor":8.0,"key":"SMITH"},{"floor":10.0,"key":"REST"},{"data":"Neutralize","floor":15.0,"key":"SMITH"},{"data":"Adrenaline","floor":27.0,"key":"SMITH"},{"data":"Poisoned Stab","floor":33.0,"key":"SMITH"},{"floor":42,"key":"RECALL"},{"data":"Bane","floor":47,"key":"SMITH"},{"floor":51,"key":"REST"}],"circlet_count":0,"master_deck":["AscendersBane","Strike_G","Strike_G","Strike_G","Defend_G","Defend_G","Defend_G","Defend_G","Defend_G","Survivor","Neutralize+1","Deadly Poison","Deadly Poison","Calculated Gamble+1","Prepared","Backstab","Adrenaline+1","Bane+1","Blur","Corpse Explosion","Poisoned Stab+1","Envenom+1","Bane","Noxious Fumes+1","Sadistic Nature+1","Escape Plan","Concentrate","Blur","Acrobatics"],"relics":["Ring of the Snake","The Specimen","TwistedFunnel","Thread and Needle","Pen Nib","Oddly Smooth Stone","Frozen Egg 2","CeramicFish","Shuriken","Toy Ornithopter","DemoMod:RiddleOfLead","Sundial","DemoMod:MonsterBlood","DemoMod:RatBoots","DemoMod:ResourcefulSack","DemoMod:PartiallyEatenCheese","energizedSpire:PogoStick","Torii","Juzu Bracelet"],"acts_visited":["Exordium","TheCity","DemoMod:Maze","TheBeyond"],"potions_floor_usage":[34,35,52],"damage_taken":[{"damage":0.0,"enemies":"Small Slimes","floor":1.0,"turns":3.0},{"damage":0.0,"enemies":"Jaw Worm","floor":2.0,"turns":3.0},{"damage":0.0,"enemies":"2 Louse","floor":5.0,"turns":2.0},{"damage":7.0,"enemies":"Gremlin Nob","floor":7.0,"turns":4.0},{"damage":7.0,"enemies":"3 Sentries","floor":11.0,"turns":7.0},{"damage":0.0,"enemies":"Exordium Wildlife","floor":12.0,"turns":2.0},{"damage":5.0,"enemies":"3 Sentries","floor":13.0,"turns":7.0},{"damage":5.0,"enemies":"Hexaghost","floor":16.0,"turns":8.0},{"damage":0.0,"enemies":"2 Thieves","floor":18.0,"turns":4.0},{"damage":0.0,"enemies":"Spheric Guardian","floor":21.0,"turns":3.0},{"damage":8.0,"enemies":"Slavers","floor":23.0,"turns":7.0},{"damage":0.0,"enemies":"DemoMod:2_Veteran_bullet_kins_and_red_shotgun_kin","floor":28.0,"turns":3.0},{"damage":0.0,"enemies":"DemoMod:4_Bullet_Kins_with_one_veteran","floor":29.0,"turns":2.0},{"damage":0.0,"enemies":"DemoMod:Red_and_blue_shotgun_kin_with_gunsinger","floor":30.0,"turns":4.0},{"damage":0.0,"enemies":"DemoMod:Veteran_shot_gun_kin_and_blue_shotgun_kin_with_gunsinger","floor":31.0,"turns":1.0},{"damage":0.0,"enemies":"DemoMod:2_Mousers","floor":32.0,"turns":4.0},{"damage":0,"enemies":"DemoMod:ResourcefulRat","floor":34,"turns":11},{"damage":0,"enemies":"DemoMod:ResourcefulRat","floor":35,"turns":10},{"damage":12,"enemies":"3 Darklings","floor":37,"turns":4},{"damage":13,"enemies":"Mind Bloom Boss Battle","floor":38,"turns":9},{"damage":0,"enemies":"Reptomancer","floor":43,"turns":2},{"damage":0,"enemies":"Orb Walker","floor":46,"turns":2},{"damage":26,"enemies":"Writhing Mass","floor":48,"turns":4},{"damage":0,"enemies":"Transient","floor":49,"turns":5},{"damage":8,"enemies":"Donu and Deca","floor":52,"turns":5}],"seed_played":"-5319209999539248723","potions_obtained":[{"floor":5.0,"key":"PowerPotion"},{"floor":7.0,"key":"blueLaboratory:BottleOfVodka"},{"floor":21.0,"key":"Swift Potion"},{"floor":23.0,"key":"blueLaboratory:TrueEctoplasm"},{"floor":30.0,"key":"ColorlessPotion"},{"floor":46,"key":"blueLaboratory:AbyssPotion"},{"floor":48,"key":"Regen Potion"}],"is_trial":false,"path_per_floor":["M","M","?","?","M","R","E","R","T","R","E","M","?","$","R","B",null,"M","?","$","M","?","E","$","?","T","R","M","M","M","M","M","R","B","B",null,"M","?","$","?","?","R","E","?","T","M","R","M","M","$","R","B",null],"character_chosen":"THE_SILENT","items_purchased":["TwistedFunnel","Thread and Needle","Deadly Poison","DemoMod:GnawedKey","Toy Ornithopter","Bane","DemoMod:MonsterBlood","Sadistic Nature+1","Escape Plan"],"campfire_rested":3,"item_purchase_floors":[0,0,0,14,14,20,24,39,39],"current_hp_per_floor":[28,28,23,23,23,42,35,35,35,54,47,47,42,42,42,42,76,76,76,76,76,76,68,75,75,81,81,81,81,81,81,81,81,83,83,83,71,58,58,58,58,58,58,58,58,58,58,32,32,32,54,66],"gold":20,"neow_bonus":"","is_daily":false,"chose_seed":false,"campfire_upgraded":5,"win_rate":0.0,"timestamp":1614262350,"path_taken":["M","M","?","?","M","R","E","R","T","R","E","M","?","$","R","BOSS","M","?","?","?","?","E","$","?","T","R","M","M","M","M","M","R","BOSS","BOSS","M","?","$","?","?","R","E","?","T","M","R","M","M","$","R","BOSS"],"items_purchased_type":["Relic","Relic","Card","Relic","Relic","Card","Relic","Card","Card"],"build_version":"2020-12-22","purchased_purges":3,"victory":true,"max_hp_per_floor":[66,66,66,66,66,66,66,66,66,66,66,66,66,66,66,66,76,76,76,76,76,76,76,83,83,83,83,83,83,83,83,83,83,83,83,83,83,83,83,79,79,79,79,79,79,79,79,79,79,76,76,76],"card_choices":[{"not_picked":["Distraction","Outmaneuver"],"picked":"Deadly Poison","floor":1.0},{"not_picked":["Deadly Poison","Night Terror","Cloak And Dagger"],"picked":"SKIP","floor":2.0},{"not_picked":["Blade Dance","Deflect"],"picked":"Calculated Gamble","floor":5.0},{"not_picked":["Setup","Flechettes"],"picked":"Prepared","floor":7.0},{"not_picked":["Sucker Punch","Deflect"],"picked":"Backstab","floor":11.0},{"not_picked":["Reflex","Finisher","Deadly Poison"],"picked":"SKIP","floor":12.0},{"not_picked":["Unload","Malaise"],"picked":"Adrenaline","floor":16.0},{"not_picked":["Choke","Deadly Poison","Crippling Poison"],"picked":"SKIP","floor":18.0},{"not_picked":["Reflex","Dodge and Roll","Cloak And Dagger"],"picked":"SKIP","floor":21.0},{"not_picked":["Blade Dance","Dagger Throw","Slice"],"picked":"SKIP","floor":23.0},{"not_picked":["Skewer+1","Infinite Blades+1","Flechettes+1"],"picked":"SKIP","floor":28.0},{"not_picked":["Accuracy+1","Terror","Dagger Spray"],"picked":"SKIP","floor":29.0},{"not_picked":["PiercingWail","Dagger Throw+1"],"picked":"Corpse Explosion","floor":30.0},{"not_picked":["Slice","Cloak And Dagger+1","Underhanded Strike"],"picked":"SKIP","floor":31.0},{"not_picked":["Underhanded Strike","Dash+1"],"picked":"Poisoned Stab","floor":32.0},{"not_picked":["A Thousand Cuts+1","Corpse Explosion"],"picked":"Envenom+1","floor":35},{"not_picked":["Acrobatics+1","Accuracy+1"],"picked":"Bane","floor":36},{"not_picked":["Acrobatics+1","Deadly Poison+1"],"picked":"Noxious Fumes+1","floor":37},{"not_picked":["Dagger Throw+1","Flying Knee+1","Blade Dance"],"picked":"SKIP","floor":43},{"not_picked":["Backflip","Flechettes"],"picked":"Blur","floor":46},{"not_picked":["Outmaneuver+1","Flying Knee"],"picked":"Acrobatics","floor":48},{"not_picked":["Backflip","Dodge and Roll","Sucker Punch+1"],"picked":"SKIP","floor":49}],"player_experience":345089,"relics_obtained":[{"floor":7.0,"key":"Oddly Smooth Stone"},{"floor":9.0,"key":"Frozen Egg 2"},{"floor":11.0,"key":"CeramicFish"},{"floor":23.0,"key":"Sundial"},{"floor":36,"key":"DemoMod:RatBoots"},{"floor":36,"key":"DemoMod:ResourcefulSack"},{"floor":36,"key":"DemoMod:PartiallyEatenCheese"},{"floor":36,"key":"energizedSpire:PogoStick"},{"floor":38,"key":"Torii"},{"floor":43,"key":"Juzu Bracelet"}],"event_choices":[{"damage_healed":0.0,"max_hp_gain":0.0,"max_hp_loss":0.0,"gold_gain":0.0,"event_name":"betterThird:BetterScrap","player_choice":"Relic ","floor":3.0,"gold_loss":0.0,"damage_taken":5.0,"cards_obtained":["Reprogram"]},{"damage_healed":23.0,"max_hp_gain":0.0,"max_hp_loss":66.0,"gold_gain":0.0,"event_name":"betterThird:BetterShining","player_choice":"Leave","floor":4.0,"gold_loss":0.0,"damage_taken":0.0},{"damage_healed":0.0,"max_hp_gain":0.0,"max_hp_loss":0.0,"gold_gain":0.0,"event_name":"Dead Adventurer","player_choice":"Searched \u00272\u0027 times","floor":13.0,"gold_loss":0.0,"damage_taken":0.0,"relics_obtained":["Shuriken"]},{"damage_healed":0.0,"max_hp_gain":0.0,"max_hp_loss":0.0,"gold_gain":275.0,"event_name":"Golden Shrine","player_choice":"Desecrate","floor":19.0,"gold_loss":0.0,"damage_taken":0.0,"cards_obtained":["Regret"]},{"damage_healed":0.0,"max_hp_gain":0.0,"max_hp_loss":0.0,"gold_gain":0.0,"event_name":"The Library","player_choice":"Read","floor":22.0,"gold_loss":0.0,"damage_taken":0.0,"cards_obtained":["Blur"]},{"damage_healed":0.0,"max_hp_gain":0.0,"max_hp_loss":0.0,"gold_gain":0.0,"cards_transformed":["Strike_G"],"event_name":"Transmorgrifier","player_choice":"Transformed","floor":25.0,"gold_loss":0.0,"damage_taken":0.0,"cards_obtained":["Endless Agony"]},{"damage_healed":0,"gold_gain":0,"player_choice":"Fight","damage_taken":0,"max_hp_gain":0,"max_hp_loss":0,"event_name":"MindBloom","floor":38,"gold_loss":0},{"damage_healed":0,"gold_gain":0,"player_choice":"Max HP","damage_taken":0,"max_hp_gain":0,"max_hp_loss":4,"event_name":"Winding Halls","floor":40,"gold_loss":0},{"damage_healed":0,"gold_gain":0,"cards_transformed":["Endless Agony"],"player_choice":"Transformed","damage_taken":0,"max_hp_gain":0,"max_hp_loss":0,"event_name":"Transmorgrifier","floor":41,"gold_loss":0,"cards_obtained":["Concentrate"]},{"damage_healed":0,"gold_gain":0,"player_choice":"Ignored","damage_taken":0,"max_hp_gain":0,"max_hp_loss":0,"event_name":"Tomb of Lord Red Mask","floor":44,"gold_loss":0}],"is_beta":false,"boss_relics":[{"not_picked":["Ring of the Serpent","Cursed Key"],"picked":"DemoMod:RiddleOfLead"},{"not_picked":[]}],"items_purged_floors":[20,24,50],"is_endless":false,"potions_floor_spawned":[5,7,13,21,23,28,29,30,46,48,49],"ascension_level":16}}