{"host":"r4j5b3etkqj66d96","time":1614262421,"event":{"mods":["BaseMod","Colored Map","DeckTracker","Highlight Path","Minty Spire (QoL Compilation)","Quick Restart","Relic Stats","StSLib","SuperFastMode"],"gold_per_floor":[111,123,93,103,116,116,129,148,148,165,180,180,206,218,218,291,291,310,310,72,82,97,97,97,122,122,154,169,203,253,272,272,272,272],"floor_reached":33,"language":"JPN","playtime":2738,"items_purged":["Strike_G"],"score":726,"play_id":"60a201d7-839b-4b85-b68e-409179981027","local_time":"20210225231341","is_ascension_mode":true,"campfire_choices":[{"floor":6,"key":"REST"},{"floor":12,"key":"REST"},{"data":"Underhanded Strike","floor":15,"key":"SMITH"},{"floor":23,"key":"REST"},{"floor":32,"key":"REST"}],"circlet_count":0,"master_deck":["AscendersBane","Strike_G","Strike_G","Strike_G","Strike_G","Defend_G","Defend_G","Defend_G","Defend_G","Defend_G","Survivor","Neutralize+1","All Out Attack","Outmaneuver","Underhanded Strike+1","Backflip","Dagger Throw","Underhanded Strike","Bouncing Flask","Leg Sweep","Tactician","Wraith Form v2","Backflip","Flechettes+1","Bouncing Flask+1","Quick Slash+1","Heel Hook","Flying Knee","Dagger Throw"],"relics":["Snecko Eye","Boot","PreservedInsect","Black Star","TheAbacus","Centennial Puzzle","Shuriken","Turnip","Whetstone","HornCleat","Toy Ornithopter","Unceasing Top"],"acts_visited":["Exordium","TheCity"],"potions_floor_usage":[5,10,13,16,18,25,27,29],"damage_taken":[{"damage":8,"enemies":"2 Louse","floor":1,"turns":3},{"damage":2,"enemies":"Cultist","floor":2,"turns":4},{"damage":2,"enemies":"Jaw Worm","floor":4,"turns":4},{"damage":11,"enemies":"3 Louse","floor":5,"turns":3},{"damage":5,"enemies":"Large Slime","floor":7,"turns":8},{"damage":1,"enemies":"Looter","floor":8,"turns":3},{"damage":1,"enemies":"Red Slaver","floor":10,"turns":3},{"damage":11,"enemies":"2 Fungi Beasts","floor":11,"turns":3},{"damage":1,"enemies":"Gremlin Nob","floor":13,"turns":4},{"damage":0,"enemies":"3 Louse","floor":14,"turns":2},{"damage":10,"enemies":"Hexaghost","floor":16,"turns":8},{"damage":27,"enemies":"3 Byrds","floor":18,"turns":6},{"damage":18,"enemies":"Spheric Guardian","floor":21,"turns":5},{"damage":25,"enemies":"Snake Plant","floor":22,"turns":6},{"damage":2,"enemies":"Gremlin Leader","floor":25,"turns":5},{"damage":0,"enemies":"Book of Stabbing","floor":27,"turns":4},{"damage":0,"enemies":"3 Cultists","floor":28,"turns":6},{"damage":0,"enemies":"Slavers","floor":29,"turns":5},{"damage":1,"enemies":"Cultist and Chosen","floor":31,"turns":5},{"damage":49,"enemies":"Champ","floor":33,"turns":10}],"seed_played":"6765736939618495900","potions_obtained":[{"floor":3,"key":"FearPotion"},{"floor":3,"key":"PowerPotion"},{"floor":7,"key":"GamblersBrew"},{"floor":11,"key":"Strength Potion"},{"floor":13,"key":"Strength Potion"},{"floor":16,"key":"EssenceOfSteel"},{"floor":22,"key":"DistilledChaos"},{"floor":27,"key":"SneckoOil"}],"is_trial":false,"path_per_floor":["M","M","?","M","M","R","M","M","T","M","M","R","E","M","R","B",null,"M","?","$","M","M","R","?","E","T","E","M","E","?","M","R","B"],"character_chosen":"THE_SILENT","items_purchased":["TheAbacus"],"campfire_rested":4,"item_purchase_floors":[20],"current_hp_per_floor":[51,49,49,47,36,55,50,49,49,48,37,56,55,55,55,45,61,34,47,47,29,4,23,23,21,21,21,21,21,21,20,39,0,0],"gold":272,"neow_bonus":"BOSS_RELIC","is_daily":false,"chose_seed":false,"campfire_upgraded":1,"win_rate":0.0,"timestamp":1614262421,"path_taken":["M","M","?","M","M","R","M","M","T","M","?","R","E","M","R","BOSS","M","?","$","M","M","R","?","E","T","E","M","E","?","M","R","BOSS"],"items_purchased_type":["Relic"],"build_version":"2020-12-22","purchased_purges":1,"victory":false,"max_hp_per_floor":[66,66,66,66,66,66,66,66,66,66,66,66,66,66,66,66,66,66,66,66,66,66,66,66,66,66,66,66,66,66,66,66,66,66],"relic_stats":{"counters":[20,97],"PreservedInsect":130,"Whetstone":["Flechettes","Neutralize"],"Boot":[68],"Centennial Puzzle":[6],"TheAbacus":[78],"Shuriken":[12],"Snecko Eye":[185,170,182,193],"Turnip":[4],"Black Star":3,"obtain_stats":[{"PreservedInsect":13,"Whetstone":27,"Boot":9,"Centennial Puzzle":25,"TheAbacus":20,"HornCleat":27,"Shuriken":25,"Snecko Eye":0,"Turnip":26,"Black Star":17,"Toy Ornithopter":29,"Unceasing Top":29,"Ring of the Snake":0},{"PreservedInsect":9,"Whetstone":16,"Boot":6,"Centennial Puzzle":15,"TheAbacus":12,"HornCleat":16,"Shuriken":15,"Snecko Eye":0,"Turnip":15,"Black Star":11,"Toy Ornithopter":18,"Unceasing Top":18,"Ring of the Snake":0},{"PreservedInsect":35,"Whetstone":71,"Boot":25,"Centennial Puzzle":67,"TheAbacus":51,"HornCleat":71,"Shuriken":67,"Snecko Eye":0,"Turnip":67,"Black Star":45,"Toy Ornithopter":82,"Unceasing Top":82,"Ring of the Snake":0}],"Toy Ornithopter":0,"Unceasing Top":[0]},"card_choices":[{"not_picked":["Backflip","Finisher"],"picked":"All Out Attack","floor":1},{"not_picked":["PiercingWail","Slice"],"picked":"Outmaneuver","floor":2},{"not_picked":["Dodge and Roll","Setup"],"picked":"Underhanded Strike","floor":4},{"not_picked":["PiercingWail","Bane"],"picked":"Backflip","floor":5},{"not_picked":["Deflect","Slice"],"picked":"Dagger Throw","floor":7},{"not_picked":["Backflip","Blade Dance"],"picked":"Underhanded Strike","floor":8},{"not_picked":["Slice","Deflect","Adrenaline"],"picked":"SKIP","floor":10},{"not_picked":["Quick Slash","Poisoned Stab"],"picked":"Bouncing Flask","floor":11},{"not_picked":["Doppelganger","Poisoned Stab"],"picked":"Leg Sweep","floor":13},{"not_picked":["Infinite Blades","Poisoned Stab"],"picked":"Tactician","floor":14},{"not_picked":["Venomology","Storm of Steel"],"picked":"Wraith Form v2","floor":16},{"not_picked":["Slice","Cloak And Dagger","Blade Dance"],"picked":"SKIP","floor":18},{"not_picked":["Dodge and Roll","Quick Slash"],"picked":"Backflip","floor":21},{"not_picked":["Deflect","Dodge and Roll"],"picked":"Flechettes","floor":22},{"not_picked":["Setup+1","Infinite Blades+1"],"picked":"Bouncing Flask+1","floor":25},{"not_picked":["Venomology","All Out Attack"],"picked":"Quick Slash+1","floor":27},{"not_picked":["Setup","Poisoned Stab"],"picked":"Heel Hook","floor":28},{"not_picked":["PiercingWail","Escape Plan"],"picked":"Flying Knee","floor":29},{"not_picked":["Flying Knee","Finisher"],"picked":"Dagger Throw","floor":31}],"player_experience":1309854,"relics_obtained":[{"floor":9,"key":"Boot"},{"floor":13,"key":"PreservedInsect"},{"floor":25,"key":"Centennial Puzzle"},{"floor":25,"key":"Shuriken"},{"floor":26,"key":"Turnip"},{"floor":27,"key":"Whetstone"},{"floor":27,"key":"HornCleat"},{"floor":29,"key":"Toy Ornithopter"},{"floor":29,"key":"Unceasing Top"}],"event_choices":[{"damage_healed":0,"gold_gain":0,"player_choice":"Bought 2 Potions","damage_taken":0,"max_hp_gain":0,"max_hp_loss":0,"event_name":"The Woman in Blue","floor":3,"gold_loss":0},{"damage_healed":13,"gold_gain":0,"player_choice":"Heal","damage_taken":0,"max_hp_gain":0,"max_hp_loss":0,"event_name":"The Library","floor":19,"gold_loss":0},{"damage_healed":0,"gold_gain":0,"player_choice":"Ignored","damage_taken":0,"max_hp_gain":0,"max_hp_loss":0,"event_name":"The Mausoleum","floor":24,"gold_loss":0},{"damage_healed":0,"gold_gain":50,"player_choice":"Stole From Cult","damage_taken":0,"max_hp_gain":0,"max_hp_loss":0,"event_name":"Nest","floor":30,"gold_loss":0}],"is_beta":false,"boss_relics":[{"not_picked":["SacredBark","HoveringKite"],"picked":"Black Star"}],"items_purged_floors":[20],"is_endless":false,"potions_floor_spawned":[4,7,11,13,16,22,27],"killed_by":"Champ","ascension_level":20}}