{"host":"m2qkn877fkm57m2k","time":1614214413,"event":{"mods":["AchievementEnabler","Bartender","BaseMod","Colored Map","Koishi","Magitek Elite","Minty Spire (QoL Compilation)","Permanent Neow","Relic Sorter","StSLib"],"gold_per_floor":[111,125,125,137,48,78,78,113,136,136,35,35,35,66,78,194,206,231,168,190,202,234,246,287,299,364,376,399,429,1,13,13,110,110,129,148,158,210,210,210,241,241,241,241,261,293,38,55,55,55],"floor_reached":51,"language":"ENG","playtime":4929,"items_purged":["Koishi:BasicStrike"],"score":989,"play_id":"bc644023-7fa1-4ccd-a1c1-0a2f1084c44f","local_time":"20210225015333","is_ascension_mode":true,"campfire_choices":[{"data":"Koishi:DNAsFlaw","floor":7.0,"key":"SMITH"},{"data":"Koishi:FidgetySnatcher","floor":10.0,"key":"SMITH"},{"data":"Koishi:EmbersOfLove","floor":12.0,"key":"SMITH"},{"data":"Koishi:PhilosophyOfTheDespised","floor":15.0,"key":"SMITH"},{"data":"Koishi:ApparitionsStalkTheNight","floor":23.0,"key":"SMITH"},{"data":"Koishi:FourthEye","floor":25.0,"key":"SMITH"},{"data":"Koishi:RoseHell","floor":27.0,"key":"SMITH"},{"data":"Koishi:Untouchable","floor":32.0,"key":"SMITH"},{"data":"Koishi:FormlessExistence","floor":40.0,"key":"SMITH"},{"data":"Koishi:StrangeCloudFist","floor":42.0,"key":"SMITH"},{"data":"Koishi:Provoke","floor":44.0,"key":"SMITH"},{"data":"Koishi:VengefulSpirit","floor":49.0,"key":"SMITH"}],"circlet_count":0,"master_deck":["Koishi:BasicDefend","Koishi:BasicDefend","Koishi:BasicDefend","Koishi:BasicDefend","Koishi:Provoke+1","Koishi:HauntingSlash","Koishi:StrangeCloudFist+1","Koishi:DNAsFlaw+1","Koishi:PhilosophyOfTheDespised+1","Koishi:EmbersOfLove+1","Koishi:FourthEye+1","Finesse","Koishi:PhantomBarrier","Koishi:FidgetySnatcher+1","Koishi:HeartfeltFancy","Koishi:RoseHell+1","Koishi:ApparitionsStalkTheNight+1","Koishi:EmbersOfLove+1","Koishi:Untouchable+1","Koishi:Untouchable+1","Koishi:GrowingPain","Koishi:FormlessExistence+1","Koishi:DNAsFlaw+1","Koishi:PhantomBarrier+1","Koishi:VengefulSpirit+1","Koishi:Possession"],"relics":["Koishi:ImaginaryFriend","Nunchaku","Oddly Smooth Stone","Vajra","MawBank","Gem_Box","Angel_Ring","Koishi:BloodstainedWhiteRose","Ribbon","Philosopher\u0027s Stone","Choco_Feather","Tintinnabulum","Bottled Lightning","Sundial","Bottled Tornado"],"acts_visited":["Exordium","TheCity","TheBeyond"],"potions_floor_usage":[50],"damage_taken":[{"damage":0.0,"enemies":"2 Louse","floor":1.0,"turns":3.0},{"damage":7.0,"enemies":"Jaw Worm","floor":2.0,"turns":4.0},{"damage":0.0,"enemies":"Small Slimes","floor":4.0,"turns":4.0},{"damage":9.0,"enemies":"Lagavulin","floor":6.0,"turns":9.0},{"damage":23.0,"enemies":"3 Sentries","floor":8.0,"turns":14.0},{"damage":2.0,"enemies":"Looter","floor":14.0,"turns":5.0},{"damage":4.0,"enemies":"The Guardian","floor":16.0,"turns":11.0},{"damage":0.0,"enemies":"Shell Parasite","floor":18.0,"turns":7.0},{"damage":0.0,"enemies":"3 Byrds","floor":20.0,"turns":2.0},{"damage":5.0,"enemies":"Cultist and Chosen","floor":22.0,"turns":6.0},{"damage":0.0,"enemies":"Slavers","floor":24.0,"turns":7.0},{"damage":0.0,"enemies":"Snecko","floor":28.0,"turns":8.0},{"damage":0.0,"enemies":"Centurion and Healer","floor":29.0,"turns":5.0},{"damage":0.0,"enemies":"Cultist and Chosen","floor":31.0,"turns":7.0},{"damage":0.0,"enemies":"Collector","floor":33.0,"turns":10.0},{"damage":0.0,"enemies":"Orb Walker","floor":35.0,"turns":6.0},{"damage":0.0,"enemies":"3 Shapes","floor":36.0,"turns":6.0},{"damage":0.0,"enemies":"Sphere and 2 Shapes","floor":37.0,"turns":7.0},{"damage":0.0,"enemies":"2 Orb Walkers","floor":38.0,"turns":8.0},{"damage":0.0,"enemies":"Nemesis","floor":41.0,"turns":5.0},{"damage":0.0,"enemies":"Writhing Mass","floor":45.0,"turns":5.0},{"damage":0.0,"enemies":"Reptomancer","floor":46.0,"turns":7.0},{"damage":0.0,"enemies":"Spire Growth","floor":48.0,"turns":5.0},{"damage":0,"enemies":"Awakened One","floor":50,"turns":10}],"seed_played":"4037211097324560596","potions_obtained":[{"floor":1.0,"key":"Block Potion"},{"floor":6.0,"key":"Weak Potion"},{"floor":8.0,"key":"GamblersBrew"},{"floor":16.0,"key":"Regen Potion"},{"floor":18.0,"key":"EssenceOfSteel"},{"floor":28.0,"key":"SmokeBomb"},{"floor":33.0,"key":"Energy Potion"},{"floor":35.0,"key":"FearPotion"},{"floor":36.0,"key":"Fruit Juice"},{"floor":38.0,"key":"Explosive Potion"}],"is_trial":false,"path_per_floor":["M","M","?","M","$","E","R","E","T","R","$","R","T","M","R","B",null,"M","?","M","?","M","R","E","R","T","R","M","M","$","M","R","B",null,"M","M","M","?","?","R","E","R","T","R","M","E","$","M","R","B",null],"character_chosen":"KOISHI","items_purchased":["Finesse","Koishi:HeartfeltFancy","Koishi:GrowingPain","Ribbon","Bottled Tornado"],"campfire_rested":0,"item_purchase_floors":[5,11,30,30,47],"current_hp_per_floor":[60,54,54,55,55,49,49,28,28,28,28,28,28,27,27,28,60,60,60,60,60,55,55,55,55,55,55,58,60,60,60,60,60,60,60,60,65,65,65,65,65,65,65,65,65,65,65,65,65,65],"gold":55,"neow_bonus":"TRANSFORM_CARD","is_daily":false,"chose_seed":false,"campfire_upgraded":12,"win_rate":0.0,"timestamp":1614214413,"path_taken":["M","M","?","M","$","E","R","E","T","R","$","R","?","M","R","BOSS","M","?","M","?","M","R","E","R","T","R","M","M","$","M","R","BOSS","M","M","M","?","?","R","E","R","T","R","M","E","$","M","R","BOSS"],"items_purchased_type":["Card","Card","Card","Relic","Relic"],"build_version":"2020-12-22","purchased_purges":1,"victory":true,"max_hp_per_floor":[60,60,60,60,60,60,60,60,60,60,60,60,60,60,60,60,60,60,60,60,60,60,60,60,60,60,60,60,60,60,60,60,60,60,60,60,65,65,65,65,65,65,65,65,65,65,65,65,65,65],"card_choices":[{"not_picked":["Koishi:FleetingPhantom","Koishi:PhantomStrike"],"picked":"Koishi:DNAsFlaw","floor":1.0},{"not_picked":["Koishi:JumpScare","Koishi:Prune"],"picked":"Koishi:PhilosophyOfTheDespised","floor":2.0},{"not_picked":["Koishi:YoukaiPolygraph","Koishi:RorschachInDanmaku"],"picked":"Koishi:FourthEye","floor":4.0},{"not_picked":["Koishi:FreudianInstinct","Koishi:PredatoryInstincts"],"picked":"Koishi:PhantomBarrier","floor":6.0},{"not_picked":["Koishi:CatchAndRose","Koishi:Catatonia"],"picked":"Koishi:FidgetySnatcher","floor":8.0},{"not_picked":["Koishi:ParalyzingFear","Koishi:Prune","Koishi:Vanish"],"picked":"SKIP","floor":14.0},{"not_picked":["Koishi:RollingInRichesHeart","Koishi:SuperEgo"],"picked":"Koishi:RoseHell","floor":16.0},{"not_picked":["Koishi:ParalyzingFear+1","Koishi:Catatonia+1"],"picked":"Koishi:ApparitionsStalkTheNight","floor":18.0},{"not_picked":["Koishi:PhantomBarrier","Koishi:FourthEye+1"],"picked":"Koishi:EmbersOfLove+1","floor":20.0},{"not_picked":["Koishi:HeartAttack","Koishi:BloodcurdlingScream"],"picked":"Koishi:Untouchable+1","floor":22.0},{"not_picked":["Koishi:PredatoryInstincts","Koishi:EmbersOfLove","Koishi:DreadfulBlow"],"picked":"SKIP","floor":24.0},{"not_picked":["Koishi:UnconsciousUprising","Koishi:Jaunt+1"],"picked":"Koishi:Untouchable","floor":28.0},{"not_picked":["Koishi:SubterraneanRose+1","Koishi:UnansweredLove+1","Koishi:SubconsciousSweep"],"picked":"SKIP","floor":29.0},{"not_picked":["Koishi:Jaunt","Koishi:UnseenTerror+1","Koishi:UnconsciousUprising+1"],"picked":"SKIP","floor":31.0},{"not_picked":["Koishi:ConditionedTeleport","Koishi:MentalBreakdown"],"picked":"Koishi:FormlessExistence","floor":33.0},{"not_picked":["Koishi:StingingMind","Koishi:ParalyzingFear"],"picked":"Koishi:DNAsFlaw+1","floor":35.0},{"not_picked":["Koishi:Jaunt+1","Koishi:ParalyzingFear+1","Koishi:FreudianInstinct"],"picked":"SKIP","floor":36.0},{"not_picked":["Koishi:MassHysteria+1","Koishi:SubterraneanRose"],"picked":"Koishi:PhantomBarrier+1","floor":37.0},{"not_picked":["Koishi:PhantomStrike+1","Koishi:YoukaiPolygraph+1","Koishi:Catatonia"],"picked":"SKIP","floor":41.0},{"not_picked":["Koishi:UnconsciousUprising+1","Koishi:Bloodlust"],"picked":"Koishi:VengefulSpirit","floor":45.0},{"not_picked":["Koishi:SuperEgo","Koishi:StrangeCloudFist"],"picked":"Koishi:Possession","floor":46.0},{"not_picked":["Koishi:ParalyzingFear","Koishi:FidgetySnatcher","Koishi:PhilosophyOfTheDespised"],"picked":"SKIP","floor":48.0}],"player_experience":59117,"relics_obtained":[{"floor":6.0,"key":"Nunchaku"},{"floor":8.0,"key":"Oddly Smooth Stone"},{"floor":9.0,"key":"Vajra"},{"floor":13.0,"key":"MawBank"},{"floor":24.0,"key":"Angel_Ring"},{"floor":26.0,"key":"Koishi:BloodstainedWhiteRose"},{"floor":38.0,"key":"Choco_Feather"},{"floor":41.0,"key":"Tintinnabulum"},{"floor":43.0,"key":"Bottled Lightning"},{"floor":46.0,"key":"Sundial"}],"event_choices":[{"damage_healed":0.0,"max_hp_gain":0.0,"max_hp_loss":0.0,"gold_gain":0.0,"cards_transformed":["Koishi:BasicStrike"],"event_name":"Living Wall","player_choice":"Change","floor":3.0,"gold_loss":0.0,"damage_taken":0.0,"cards_obtained":["Koishi:EmbersOfLove"]},{"cards_removed":["Koishi:BasicStrike"],"damage_healed":0.0,"max_hp_gain":0.0,"max_hp_loss":0.0,"gold_gain":0.0,"event_name":"Beggar","player_choice":"Gave Gold","floor":19.0,"gold_loss":75.0,"damage_taken":0.0},{"damage_healed":0.0,"max_hp_gain":0.0,"max_hp_loss":0.0,"gold_gain":0.0,"event_name":"Vampires","player_choice":"Ignored","floor":21.0,"gold_loss":0.0,"damage_taken":0.0},{"damage_healed":0.0,"max_hp_gain":0.0,"max_hp_loss":0.0,"gold_gain":0.0,"event_name":"Mysterious Sphere","player_choice":"Fight","floor":38.0,"gold_loss":0.0,"damage_taken":0.0},{"damage_healed":0.0,"max_hp_gain":0.0,"max_hp_loss":0.0,"gold_gain":0.0,"event_name":"Match and Keep!","player_choice":"0 cards matched","floor":39.0,"gold_loss":0.0,"damage_taken":0.0,"cards_obtained":[]}],"is_beta":false,"boss_relics":[{"not_picked":["Tiny House","Velvet Choker"],"picked":"Gem_Box"},{"not_picked":["Silver_Glasses","Black Star"],"picked":"Philosopher\u0027s Stone"}],"items_purged_floors":[11],"is_endless":false,"potions_floor_spawned":[1,6,8,16,18,20,28,33,35,36,38,41],"ascension_level":3}}