{"host":"h49usdrjeju7gyhi","time":1614226035,"event":{"mods":["Act Like it!","BaseMod","Minty Spire (QoL Compilation)","Ruina","StSLib","The Animator"],"gold_per_floor":[124,136,136,156,170,170,201,228,228,272,317,340,374,403,415,427,427],"floor_reached":16,"language":"ENG","playtime":1572,"items_purged":[],"score":282,"play_id":"f23fbc86-141d-4507-ba45-4fbd9b74ab27","local_time":"20210224230715","is_ascension_mode":true,"campfire_choices":[{"data":"animator:MetalKnight","floor":6,"key":"SMITH"},{"data":"animator:Genos","floor":15,"key":"SMITH"}],"circlet_count":0,"master_deck":["AscendersBane","animator:Strike_OnePunchMan","animator:Defend_OnePunchMan","animator:Strike","animator:Strike","animator:Strike","animator:Defend","animator:Defend","animator:Defend","animator:Genos+1","animator:MumenRider","animator:Geryuganshoop","animator:Shinoa+1","animator:Shinoa","animator:Envy","animator:MetalKnight+1","animator:MumenRider","animator:DolaStephanie","animator:Boros","animator:Boros","animator:Togame","animator:Shiro"],"relics":["animator:LivingPicture","animator:TheMissingPiece","animator:PurgingStone","CloakClasp","Mummified Hand","Juzu Bracelet","MawBank"],"acts_visited":["Exordium"],"potions_floor_usage":[10,12,13,14],"damage_taken":[{"damage":4,"enemies":"Cultist","floor":1,"turns":3},{"damage":4,"enemies":"2 Louse","floor":2,"turns":5},{"damage":0,"enemies":"Jaw Worm","floor":4,"turns":2},{"damage":2,"enemies":"Red Slaver","floor":5,"turns":4},{"damage":0,"enemies":"Lagavulin","floor":7,"turns":7},{"damage":0,"enemies":"2 Fungi Beasts","floor":8,"turns":5},{"damage":7,"enemies":"3 Sentries","floor":10,"turns":11},{"damage":11,"enemies":"Lots of Slimes","floor":12,"turns":6},{"damage":1,"enemies":"Gremlin Gang","floor":13,"turns":5},{"damage":1,"enemies":"Looter","floor":14,"turns":3},{"damage":47,"enemies":"Slime Boss","floor":16,"turns":8}],"seed_played":"1524559267100666088","potions_obtained":[{"floor":4,"key":"Weak Potion"},{"floor":8,"key":"PowerPotion"},{"floor":10,"key":"LiquidBronze"},{"floor":12,"key":"Fire Potion"}],"is_trial":false,"path_per_floor":["M","M","?","M","M","R","E","M","T","E","T","M","M","M","R","B"],"character_chosen":"THE_ANIMATOR","items_purchased":[],"campfire_rested":0,"item_purchase_floors":[],"current_hp_per_floor":[50,46,46,46,45,45,45,45,45,38,38,33,38,41,41,0,0],"gold":427,"neow_bonus":"THREE_CARDS","is_daily":false,"chose_seed":false,"campfire_upgraded":2,"win_rate":0.0,"timestamp":1614226035,"path_taken":["M","?","?","?","M","R","E","M","T","E","?","M","M","M","R","BOSS"],"items_purchased_type":[],"build_version":"2020-12-22","purchased_purges":0,"victory":false,"max_hp_per_floor":[60,60,60,60,61,61,61,61,61,61,61,61,61,62,62,62,62],"card_choices":[{"not_picked":["animator:Rider","animator:Shinoa"],"picked":"animator:Geryuganshoop","floor":0},{"not_picked":["animator:CowGirl","animator:Genos"],"picked":"animator:Shinoa","floor":1},{"not_picked":["animator:Shichika","animator:Mitsuba"],"picked":"animator:Shinoa","floor":2},{"not_picked":["animator:RoyMustang","animator:Genos"],"picked":"animator:Envy","floor":4},{"not_picked":["animator:MumenRider","animator:Geryuganshoop"],"picked":"animator:MetalKnight","floor":5},{"not_picked":["animator:ElricAlphonse","animator:GuildGirl"],"picked":"animator:MumenRider","floor":7},{"not_picked":["animator:IzunaHatsuse","animator:Pride"],"picked":"animator:DolaStephanie","floor":8},{"not_picked":["animator:ZankiKiguchi","animator:DolaRiku"],"picked":"animator:Boros","floor":10},{"not_picked":["animator:Tatsumaki","animator:Genos"],"picked":"animator:Boros","floor":12},{"not_picked":["animator:Assassin","animator:Rena"],"picked":"animator:Togame","floor":13},{"not_picked":["animator:Mikaela","animator:Rena"],"picked":"animator:Shiro","floor":14}],"player_experience":1607366,"relics_obtained":[{"floor":7,"key":"CloakClasp"},{"floor":9,"key":"Mummified Hand"},{"floor":10,"key":"Juzu Bracelet"},{"floor":11,"key":"MawBank"}],"event_choices":[{"damage_healed":0,"gold_gain":0,"player_choice":"Forge","damage_taken":0,"max_hp_gain":0,"max_hp_loss":0,"event_name":"Accursed Blacksmith","floor":3,"gold_loss":0,"cards_upgraded":["animator:Shinoa"]}],"is_beta":false,"boss_relics":[],"items_purged_floors":[],"is_endless":false,"potions_floor_spawned":[4,8,10,12],"killed_by":"Slime Boss","ascension_level":20}}