{"host":"gfybn4j1d26rvz5e","time":1614227288,"event":{"mods":["BaseMod","Better Altar","Better Match","Better Note","Better Sensory Stone","Better Skull","Better Third Choice","BetterRewards","Highlight Path","Minty Spire (QoL Compilation)","Random Character Button","Relic Stats","StSLib"],"gold_per_floor":[118,19,0,0,62,91,109,109,133,33,44,94,119,136,136,232,282,296,306,53,53,103,103,132,149,219,219,219],"floor_reached":27,"language":"ENG","playtime":1121,"items_purged":["Strike_R","Strike_R"],"score":386,"play_id":"46af3bf2-41b0-4c54-9bee-45b4d8713f56","local_time":"20210224222808","is_ascension_mode":true,"campfire_choices":[{"floor":8,"key":"REST"},{"floor":15,"key":"REST"},{"floor":23,"key":"REST"}],"circlet_count":0,"master_deck":["AscendersBane","Strike_R+1","Strike_R+1","Defend_R+1","Defend_R+1","Defend_R+1","Defend_R+1","Bash","Battle Trance","Cleave","Juggernaut","Pommel Strike","Clothesline","Iron Wave","Ghostly Armor","Flame Barrier","Corruption","True Grit+1"],"relics":["Fusion Hammer","SsserpentHead","Bag of Marbles","Toy Ornithopter","Pantograph","Tiny House","Toxic Egg 2","Orichalcum","Eternal Feather"],"acts_visited":["Exordium","TheCity"],"potions_floor_usage":[24,24],"damage_taken":[{"damage":2,"enemies":"Jaw Worm","floor":1,"turns":3},{"damage":0,"enemies":"Cultist","floor":5,"turns":2},{"damage":43,"enemies":"Lagavulin","floor":6,"turns":6},{"damage":0,"enemies":"2 Louse","floor":7,"turns":1},{"damage":0,"enemies":"2 Fungi Beasts","floor":11,"turns":2},{"damage":29,"enemies":"Gremlin Nob","floor":13,"turns":4},{"damage":0,"enemies":"Lots of Slimes","floor":14,"turns":1},{"damage":36,"enemies":"Slime Boss","floor":16,"turns":12},{"damage":31,"enemies":"2 Thieves","floor":18,"turns":5},{"damage":10,"enemies":"Shell Parasite","floor":19,"turns":5},{"damage":47,"enemies":"Book of Stabbing","floor":24,"turns":7},{"damage":20,"enemies":"Snake Plant","floor":25,"turns":5},{"damage":8,"enemies":"Centurion and Healer","floor":27,"turns":1}],"seed_played":"8940702108728739999","potions_obtained":[{"floor":1,"key":"ElixirPotion"},{"floor":6,"key":"EssenceOfSteel"},{"floor":19,"key":"Fire Potion"}],"is_trial":false,"path_per_floor":["M","$","?","?","M","E","M","R","T","$","M","?","E","M","R","B",null,"M","M","$","$","?","R","E","M","T","M"],"character_chosen":"IRONCLAD","items_purchased":["Cleave","Toxic Egg 2","True Grit+1"],"campfire_rested":3,"item_purchase_floors":[2,20,20],"current_hp_per_floor":[70,70,70,70,70,27,27,51,51,51,51,51,22,22,46,35,74,43,33,33,33,33,58,21,1,1,0,0],"gold":219,"neow_bonus":"BOSS_RELIC","is_daily":false,"chose_seed":false,"campfire_upgraded":0,"win_rate":0.0,"timestamp":1614227288,"path_taken":["M","$","?","?","?","E","M","R","T","$","M","?","E","M","R","BOSS","M","M","?","$","?","R","E","M","T","M"],"items_purchased_type":["Card","Relic","Card"],"build_version":"2020-12-22","purchased_purges":2,"victory":false,"max_hp_per_floor":[80,80,80,80,80,80,80,80,80,80,80,80,80,80,80,80,85,85,85,85,85,85,85,85,85,85,85,85],"relic_stats":{"SsserpentHead":200,"counters":[21,88],"Pantograph":25,"Eternal Feather":0,"Orichalcum":[12],"obtain_stats":[{"Tiny House":17,"Gremlin Horn":7,"Magic Flower":0,"Eternal Feather":26,"Orichalcum":24,"Burning Blood":0,"SsserpentHead":4,"Bottled Flame":12,"Sundial":9,"Pantograph":13,"Fusion Hammer":0,"Bag of Marbles":6,"Toxic Egg 2":20,"Toy Ornithopter":9},{"Tiny House":16,"Gremlin Horn":3,"Magic Flower":0,"Eternal Feather":20,"Orichalcum":19,"Burning Blood":0,"SsserpentHead":9,"Bottled Flame":6,"Sundial":4,"Pantograph":14,"Fusion Hammer":8,"Bag of Marbles":11,"Toxic Egg 2":18,"Toy Ornithopter":12},{"Tiny House":65,"Gremlin Horn":13,"Magic Flower":0,"Eternal Feather":87,"Orichalcum":82,"Burning Blood":0,"SsserpentHead":37,"Bottled Flame":21,"Sundial":15,"Pantograph":52,"Fusion Hammer":34,"Bag of Marbles":45,"Toxic Egg 2":75,"Toy Ornithopter":46}],"Toy Ornithopter":35},"card_choices":[{"not_picked":["Bloodletting","Wild Strike"],"picked":"Battle Trance","floor":1},{"not_picked":["Sever Soul","Perfected Strike","Anger"],"picked":"SKIP","floor":5},{"not_picked":["Burning Pact","Metallicize"],"picked":"Juggernaut","floor":6},{"not_picked":["Flex","Thunderclap"],"picked":"Pommel Strike","floor":7},{"not_picked":["Thunderclap","Anger"],"picked":"Clothesline","floor":11},{"not_picked":["Cleave","Perfected Strike"],"picked":"Ghostly Armor","floor":13},{"not_picked":["Dark Embrace","Cleave"],"picked":"Flame Barrier","floor":14},{"not_picked":["Reaper","Bludgeon"],"picked":"Corruption","floor":16},{"not_picked":["Body Slam","Clash","Corruption"],"picked":"SKIP","floor":18},{"not_picked":["Clothesline","Rupture","Clash"],"picked":"SKIP","floor":19},{"not_picked":["Cleave","Headbutt","Juggernaut"],"picked":"SKIP","floor":24},{"not_picked":["Iron Wave","Reckless Charge","Clothesline+1"],"picked":"SKIP","floor":25}],"player_experience":685863,"relics_obtained":[{"floor":6,"key":"Bag of Marbles"},{"floor":9,"key":"Toy Ornithopter"},{"floor":13,"key":"Pantograph"},{"floor":24,"key":"Orichalcum"},{"floor":26,"key":"Eternal Feather"}],"event_choices":[{"damage_healed":0,"gold_gain":0,"player_choice":"Left","damage_taken":0,"max_hp_gain":0,"max_hp_loss":0,"event_name":"betterThird:BetterGoop","floor":3,"gold_loss":19},{"damage_healed":0,"gold_gain":0,"player_choice":"Trade","damage_taken":0,"relics_obtained":["SsserpentHead"],"max_hp_gain":0,"max_hp_loss":0,"event_name":"FaceTrader","floor":4,"gold_loss":0},{"damage_healed":0,"gold_gain":0,"cards_transformed":["Strike_R"],"player_choice":"Transformed","damage_taken":0,"max_hp_gain":0,"max_hp_loss":0,"event_name":"Transmorgrifier","floor":12,"gold_loss":0,"cards_obtained":["Iron Wave"]},{"damage_healed":0,"gold_gain":0,"player_choice":"Simplicity","damage_taken":0,"max_hp_gain":0,"max_hp_loss":5,"event_name":"betterThird:BetterWriting","floor":22,"gold_loss":0}],"is_beta":false,"boss_relics":[{"not_picked":["Runic Cube","Empty Cage"],"picked":"Tiny House"}],"items_purged_floors":[2,10],"is_endless":false,"potions_floor_spawned":[1,6,14,19],"killed_by":"Centurion and Healer","ascension_level":12}}