{"host":"gm50ke85n5jz306u","time":1614241195,"event":{"mods":["AchievementEnabler","AlwaysNeverKeys","Aspiration","BaseMod","Beaked The Cultist","Bestiary","Better Altar","Better Match","Better Note","Better Sensory Stone","Better Skull","Better Third Choice","Better Vampires","Better-Laid Plans","BetterRewards","Colored Powertips","Curses Come First","DNKmod","Defuse TimeMaze Blight","Disable Question Mark Monsters","Displayed Cursed Tome","Downfall","Emptier Cage","Extra Virgin Snecko Oil","Filter the Spire","Friendly Minions","Gremlin Skip","Hermit","Hubris","Hyrulean Relics","Ironclad Rager","Koishi","Lobotomy","Marisa????????","Marked Mod","Minty Spire (QoL Compilation)","Permanent Neow","Poor People Problems","Quick Restart","Reimu??????","Relic Filter Mod","Relic Sorter","Remove Card Discount Mod","Reorder Act Four","Replay The Spire","Shop Mod","StSLib","Synergy Search","Td1madao Mod","The Administrix","The Animator","The Blue Laboratory","The Bug Knight","The Construct","The Cursed","The Disciple","The Hierophant","The Necromancer","The Runesmith","The Senshi","The Servant 0.9.4","Thieving Mod","Transform Curses","WarShipGirlsR/????R mod"],"gold_per_floor":[10013,10023,10036,10036,10103,10123,9284,9301,9301,9311,8635,8635,8667,8682,8682,8783,8883,8898,8106,8119,8131,8181,8181,8195,8230,8230,7528,7542,6687,6687,6718,6718,6825,6825,6848,6869,6919,6969,6654,6687,6687,6697,6723,6740,6757,6757,6313,6343,6343,6343],"floor_reached":51,"language":"ENG","playtime":2536,"items_purged":["Bash","Strike_R","Strike_R","Strike_R","Strike_R","Strike_R","Pommel Strike","Defend_R","Defend_R","Defend_R","Defend_R","Cleave","Cleave","Limit Break","Headbutt+1","Headbutt","Headbutt","Flex+1","Panache","Panache","Flash of Steel","Impervious","Impervious"],"score":1406,"play_id":"0b32bff6-5707-48f4-bb74-c8bf0591c030","local_time":"20210225091955","is_ascension_mode":true,"campfire_choices":[{"data":"Body Slam","floor":12.0,"key":"SMITH"},{"data":"Headbutt","floor":15.0,"key":"SMITH"},{"data":"Barricade","floor":23.0,"key":"SMITH"},{"data":"Body Slam","floor":30.0,"key":"SMITH"},{"data":"Body Slam","floor":32.0,"key":"SMITH"},{"data":"Metallicize","floor":41,"key":"SMITH"},{"data":"Metallicize","floor":46,"key":"SMITH"},{"data":"Shrug It Off","floor":49,"key":"SMITH"}],"circlet_count":0,"master_deck":["Body Slam+1","Metallicize+1","Barricade+1","Shrug It Off+1","Shrug It Off","Shrug It Off+1","Shrug It Off","Body Slam+1","Body Slam+1","Dramatic Entrance","Shrug It Off","Metallicize+1","Entrench+1","Entrench+1","Metallicize+1"],"relics":["Burning Blood","aspiration:DSix","Mercury Hourglass","Ice Cream","Art of War","ReplayTheSpireMod:Spearhead","TheAbacus","Sundial","Mastiff:ReiMu","Incense Burner","theSenshi:SailorFukuRelic","MerchantsRug","Frozen Eye","SsserpentHead","theSenshi:FeatherClipsRelic","Juzu Bracelet","Prayer Wheel","Guide Book","Durian","Replay:Wanted Poster","Orrery","Replay:Baseball","Replay:Bottled Snecko","hubris:ChampionShield","ReplayTheSpireMod:ShopPack","White Beast Statue","Dream Catcher","Lee\u0027s Waffle","CeramicFish","The Courier"],"acts_visited":["Exordium","TheCity","TheBeyond"],"potions_floor_usage":[45,45,50,50],"damage_taken":[{"damage":7.0,"enemies":"Jaw Worm","floor":1.0,"turns":3.0},{"damage":1.0,"enemies":"Cultist","floor":2.0,"turns":4.0},{"damage":0.0,"enemies":"Small Slimes","floor":3.0,"turns":3.0},{"damage":19.0,"enemies":"Blue Slaver","floor":5.0,"turns":4.0},{"damage":0.0,"enemies":"Large Slime","floor":6.0,"turns":5.0},{"damage":5.0,"enemies":"2 Fungi Beasts","floor":8.0,"turns":4.0},{"damage":6.0,"enemies":"3 Sentries","floor":13.0,"turns":7.0},{"damage":0.0,"enemies":"Blue Slaver","floor":14.0,"turns":3.0},{"damage":39.0,"enemies":"Hexaghost","floor":16.0,"turns":13.0},{"damage":0.0,"enemies":"Spheric Guardian","floor":18.0,"turns":6.0},{"damage":18.0,"enemies":"2 Thieves","floor":20.0,"turns":3.0},{"damage":0.0,"enemies":"Centurion and Healer","floor":21.0,"turns":4.0},{"damage":0.0,"enemies":"Cultist and Chosen","floor":24.0,"turns":5.0},{"damage":24.0,"enemies":"Slavers","floor":25.0,"turns":6.0},{"damage":1.0,"enemies":"Snecko","floor":28.0,"turns":4.0},{"damage":0.0,"enemies":"HollowMod:Nosk","floor":31.0,"turns":4.0},{"damage":0.0,"enemies":"Champ","floor":33.0,"turns":5.0},{"damage":0.0,"enemies":"Orb Walker","floor":35.0,"turns":2.0},{"damage":5.0,"enemies":"3 Shapes","floor":36.0,"turns":2.0},{"damage":0,"enemies":"Giant Head","floor":40,"turns":4},{"damage":0,"enemies":"Maw","floor":42,"turns":4},{"damage":0,"enemies":"Jaw Worm Horde","floor":44,"turns":2},{"damage":0,"enemies":"3 Darklings","floor":45,"turns":4},{"damage":0,"enemies":"Nemesis","floor":48,"turns":3},{"damage":1,"enemies":"Time Eater","floor":50,"turns":4}],"seed_played":"-649975919049011928","potions_obtained":[{"floor":3.0,"key":"sneckomod:MuddlingPotion"},{"floor":8.0,"key":"HeartOfIron"},{"floor":13.0,"key":"Elixir"},{"floor":18.0,"key":"champ:CounterPotion"},{"floor":28.0,"key":"PowerPotion"},{"floor":31.0,"key":"Block Potion"},{"floor":33.0,"key":"Fruit Juice"},{"floor":42,"key":"LifebloodPotion"},{"floor":44,"key":"blueLaboratory:FruitPunch"},{"floor":48,"key":"Dexterity Potion"}],"is_trial":false,"path_per_floor":["M","M","M","?","M","M","$","M","T","?","$","R","E","M","R","B",null,"M","$","M","M","?","R","M","E","T","$","M","$","R","E","R","B",null,"M","M","?","?","$","E","R","M","T","M","M","R","$","E","R","B",null],"character_chosen":"IRONCLAD","items_purchased":["MerchantsRug","theSenshi:SailorFukuRelic","theSenshi:FeatherClipsRelic","TheAbacus","Ancient Potion","blueLaboratory:FruitPunch","Metallicize","Juzu Bracelet","Prayer Wheel","Guide Book","Ice Cream","Mercury Hourglass","Flash of Steel","Orrery","Shrug It Off","Body Slam","Limit Break","hubris:ChampionShield","ReplayTheSpireMod:Spearhead","ReplayTheSpireMod:ShopPack","Adrenaline Potion","Shrug It Off","Metallicize","White Beast Statue","Dream Catcher","Lee\u0027s Waffle","Panache","Metallicize","Sundial","Frozen Eye","Incense Burner"],"campfire_rested":0,"item_purchase_floors":[7,7,7,7,7,7,11,11,11,11,19,19,19,19,27,27,27,27,27,27,27,29,29,29,29,29,29,39,39,47,47],"current_hp_per_floor":[71,76,80,80,67,73,73,80,80,80,80,80,85,87,87,60,80,87,87,81,87,87,87,87,75,75,75,86,94,94,94,94,94,94,94,94,94,94,94,94,94,94,94,94,101,101,101,101,101,101],"gold":6343,"neow_bonus":"DSIX","is_daily":false,"chose_seed":false,"campfire_upgraded":8,"win_rate":0.0,"timestamp":1614241195,"path_taken":["M","M","M","?","?","M","$","M","T","?","$","R","E","M","R","BOSS","M","$","M","M","?","R","M","E","T","$","M","$","R","E","R","BOSS","M","M","?","?","$","E","R","M","T","M","M","R","$","E","R","BOSS"],"items_purchased_type":["Relic","Relic","Relic","Relic","Potion","Potion","Card","Relic","Relic","Relic","Relic","Relic","Card","Relic","Card","Card","Card","Relic","Relic","Relic","Potion","Card","Card","Relic","Relic","Relic","Card","Card","Relic","Relic","Relic"],"build_version":"2020-12-22","purchased_purges":23,"victory":true,"max_hp_per_floor":[80,80,80,80,80,80,80,80,80,80,80,80,85,87,87,87,87,87,87,87,87,87,87,87,87,87,87,87,94,94,94,94,94,94,94,94,94,94,94,94,94,94,94,94,101,101,101,101,101,101],"card_choices":[{"not_picked":["ReplayTheSpireMod:Limb From Limb","True Grit","Heavy Blade"],"picked":"SKIP","floor":1.0},{"not_picked":["hubris:CleavingFinish","Thunderclap"],"picked":"Flex","floor":2.0},{"not_picked":["Rage","Defy Death"],"picked":"Cleave","floor":3.0},{"not_picked":["Heavy Blade","Combust"],"picked":"Body Slam","floor":5.0},{"not_picked":["Flex","hubris:SharpeningStone","Carnage"],"picked":"SKIP","floor":6.0},{"not_picked":["Second Wind","Wild Strike"],"picked":"Twin Strike","floor":8.0},{"not_picked":[],"picked":"Pommel Strike","floor":10.0},{"not_picked":[],"picked":"Headbutt","floor":10.0},{"not_picked":["Replay:Undeath\u0027s Touch","hubris:SharpeningStone","Seeing Red"],"picked":"SKIP","floor":13.0},{"not_picked":["Warcry","Seeing Red","Life Link"],"picked":"SKIP","floor":14.0},{"not_picked":["Massacre","ReplayTheSpireMod:Muscle Training","Clothesline"],"picked":"SKIP","floor":14.0},{"not_picked":["Hemogenesis","Exhume"],"picked":"Barricade","floor":16.0},{"not_picked":["Replay:Undeath\u0027s Touch","Heavy Blade+1","Massacre"],"picked":"SKIP","floor":18.0},{"not_picked":["Thunderclap","Burning Pact","Armaments"],"picked":"SKIP","floor":18.0},{"not_picked":["Heavy Blade","Sword Boomerang"],"picked":"Impervious","floor":19.0},{"not_picked":["Feel No Pain+1","hubris:StunningStrike"],"picked":"Shrug It Off+1","floor":19.0},{"not_picked":["Clash","Power Through"],"picked":"Headbutt","floor":20.0},{"not_picked":["Dual Wield","Thunderclap","True Grit+1"],"picked":"SKIP","floor":20.0},{"not_picked":["Perfected Strike","ReplayTheSpireMod:Limb From Limb+1"],"picked":"Shrug It Off","floor":21.0},{"not_picked":["Defy Death","Disarm","Pummel"],"picked":"SKIP","floor":21.0},{"not_picked":["Flex","Battle Trance+1"],"picked":"Cleave","floor":24.0},{"not_picked":["Anger","Searing Blow"],"picked":"Shrug It Off","floor":24.0},{"not_picked":["Replay:Many Hands","Twin Strike","Eclipse"],"picked":"SKIP","floor":25.0},{"not_picked":["Magnetism","HandOfGreed"],"picked":"Panache","floor":27.0},{"not_picked":["Survey Options","Replay:Sssssssssstrike"],"picked":"Dramatic Entrance","floor":27.0},{"not_picked":["Clothesline","Abandon"],"picked":"Headbutt","floor":28.0},{"not_picked":["Defy Death","Headbutt","Havoc"],"picked":"SKIP","floor":28.0},{"not_picked":["Wild Strike","Twin Strike","Corruption"],"picked":"SKIP","floor":31.0},{"not_picked":["hubris:StunningStrike","Bludgeon"],"picked":"Impervious","floor":33.0},{"not_picked":["Second Wind+1","Heavy Blade"],"picked":"Entrench+1","floor":35.0},{"not_picked":["hubris:CleavingFinish","Twin Strike+1","Warcry+1"],"picked":"SKIP","floor":35.0},{"not_picked":["Heavy Blade","Wild Strike"],"picked":"Entrench","floor":36.0},{"not_picked":["Clash","Flame Barrier+1","Pummel"],"picked":"SKIP","floor":36.0},{"not_picked":["Body Slam","Hemokinesis+1","ReplayTheSpireMod:Limb From Limb+1"],"picked":"SKIP","floor":40},{"not_picked":["Cleave","Inflame+1","Pommel Strike"],"picked":"SKIP","floor":42},{"not_picked":["Run Through","Thunderclap+1","Iron Wave"],"picked":"SKIP","floor":42},{"not_picked":["Run Through+1","Headbutt","Rage"],"picked":"SKIP","floor":44},{"not_picked":["Flame Barrier","True Grit","Rampage"],"picked":"SKIP","floor":44},{"not_picked":["Warcry","Headbutt+1","Cleave"],"picked":"SKIP","floor":45},{"not_picked":["Rampage+1","Uppercut","ReplayTheSpireMod:Stacked+1"],"picked":"SKIP","floor":45},{"not_picked":["ReplayTheSpireMod:Stacked+1","Bludgeon","Sword Boomerang+1"],"picked":"SKIP","floor":48}],"player_experience":463147,"relics_obtained":[{"floor":13.0,"key":"Durian"},{"floor":25.0,"key":"Replay:Baseball"},{"floor":26.0,"key":"Replay:Bottled Snecko"},{"floor":31.0,"key":"CeramicFish"},{"floor":40,"key":"Art of War"},{"floor":43,"key":"Mastiff:ReiMu"},{"floor":48,"key":"The Courier"}],"event_choices":[{"damage_healed":0.0,"max_hp_gain":0.0,"max_hp_loss":0.0,"gold_gain":0.0,"event_name":"FaceTrader","player_choice":"Trade","floor":4.0,"gold_loss":0.0,"damage_taken":0.0,"relics_obtained":["SsserpentHead"]},{"cards_removed":["Twin Strike"],"damage_healed":5.0,"max_hp_gain":0.0,"max_hp_loss":0.0,"gold_gain":0.0,"event_name":"Bonfire Elementals","player_choice":"Offered Common","floor":22.0,"gold_loss":0.0,"damage_taken":0.0},{"cards_removed":["Twin Strike"],"damage_healed":5.0,"max_hp_gain":0.0,"max_hp_loss":0.0,"gold_gain":0.0,"event_name":"Bonfire Elementals","player_choice":"Offered Special","floor":22.0,"gold_loss":0.0,"damage_taken":0.0}],"is_beta":false,"boss_relics":[{"not_picked":["Philosopher\u0027s Stone","hubris:CrackedHourglass"],"picked":"Replay:Wanted Poster"},{"not_picked":["Astrolabe","Busted Crown","Replay:Drink Me"]}],"items_purged_floors":[7,7,7,11,11,11,27,27,27,27,27,29,29,29,39,39,39,39,39,39,39,47,47],"is_endless":false,"potions_floor_spawned":[1,3,8,13,18,28,31,33,35,36,40,42,44,45,48],"ascension_level":9}}