{"host":"6h0diz2ap0m56grs","time":1614280868,"event":{"mods":["2.2 Compatiblity","BaseMod","Colored Map","Marisa????????","Minty Spire (QoL Compilation)","Quick Restart","Replay The Spire","Shop Mod","StSLib","The Cursed","The Exalted","The Necromancer","The Servant 0.9.4"],"gold_per_floor":[109,121,196,196,208,248,287,327,339,378,417,456,468,63,63,163,163,189,221,221,278,278,313,313,352,352,397,397,433,475,574,574,682,682,699,548,604,625,625,656,692,723,748,748,782,703,703,218,218,222],"floor_reached":51,"language":"ENG","playtime":2112,"items_purged":[],"score":1534,"play_id":"4605a8f3-d4e0-4554-86c6-65d2f8a8c013","local_time":"20210225132108","daily_mods":["SealedDeck","Heirloom","Time Dilation","Flight"],"is_ascension_mode":true,"campfire_choices":[{"data":"Summon_Undead_Army","floor":13,"key":"SMITH"},{"data":"Deaths_Shadow","floor":15,"key":"SMITH"},{"data":"Summon_Undead_Army","floor":24,"key":"SMITH"},{"data":"Deaths_Shadow","floor":28,"key":"SMITH"},{"data":"Stop_Heart","floor":32,"key":"SMITH"},{"data":"Summon_Undead_Army","floor":44,"key":"SMITH"},{"data":"Stop_Heart","floor":47,"key":"SMITH"},{"data":"Pandemic","floor":49,"key":"SMITH"}],"circlet_count":0,"master_deck":["Flesh_Made_Foul","Blood_Shield","Blood_Shield","Stop_Heart+1","Deaths_Shadow+1","Deaths_Shadow+1","Summon_Lich","Deaths_Shadow+1","Pandemic+1","Bone_Armor","Bone_Armor","Bones_to_Steel","Stop_Heart+1","Flesh_Made_Foul","Hellfire","Requiem","Summon_Undead_Army+1","Skeleton_Dragon","Summon_Undead","Summon_Undead_Army+1","Skeleton_Dragon+1","Bone_Armor","Bone_Armor","Grasp_Heart+1","Summon_Undead+1","Summon_Undead_Army+1","Summon_Undead+1","Bone_Armory","Summon_Undead_Army+1","Bones_to_Steel+1"],"relics":["Snecko Eye","Ring of Chaos","replay:Trail_Library","Pondfish Scales","Bromod:ArcaneGuardian","Ancient Tea Set","Pocketwatch","Bromod:ArcaneAwakening","Replay:Bandana","Replay:Rubber Ducky","MerchantsRug","Divine Protection","Sozu","Replay:Bronze Core","SacredBark","Red Mask","Nilry\u0027s Codex","Question Card","Golden Egg","Pen Nib","Tiny Chest","Snack Pack","Singing Bowl","Bromod:ArcaneEnergize","Bronze Scales","Lizard Tail","Strawberry","StrikeDummy","Smiling Mask","Replay:Wax Seal","Girya","Thread and Needle","ClockworkSouvenir"],"acts_visited":["Exordium","TheCity","TheBeyond"],"potions_floor_usage":[6,50,50,50],"damage_taken":[{"damage":2,"enemies":"Jaw Worm","floor":1,"turns":1},{"damage":0,"enemies":"2 Louse","floor":2,"turns":1},{"damage":2,"enemies":"Gremlin Nob","floor":6,"turns":3},{"damage":2,"enemies":"Lagavulin","floor":7,"turns":4},{"damage":7,"enemies":"3 Sentries","floor":8,"turns":5},{"damage":2,"enemies":"Gremlin Nob","floor":10,"turns":2},{"damage":0,"enemies":"Lagavulin","floor":11,"turns":2},{"damage":0,"enemies":"Gremlin Nob","floor":12,"turns":1},{"damage":0,"enemies":"Hexaghost","floor":16,"turns":4},{"damage":0,"enemies":"Chosen","floor":18,"turns":1},{"damage":0,"enemies":"Masked Bandits","floor":19,"turns":3},{"damage":0,"enemies":"Gremlin Leader","floor":23,"turns":4},{"damage":0,"enemies":"Replay:Snechameleon","floor":25,"turns":3},{"damage":0,"enemies":"Slavers","floor":27,"turns":4},{"damage":0,"enemies":"Book of Stabbing","floor":29,"turns":4},{"damage":0,"enemies":"Slavers","floor":30,"turns":4},{"damage":0,"enemies":"Collector","floor":33,"turns":4},{"damage":0,"enemies":"3 Darklings","floor":35,"turns":3},{"damage":0,"enemies":"Mind Bloom Boss Battle","floor":37,"turns":2},{"damage":0,"enemies":"Orb Walker","floor":38,"turns":2},{"damage":0,"enemies":"Nemesis","floor":40,"turns":5},{"damage":14,"enemies":"Reptomancer","floor":41,"turns":5},{"damage":0,"enemies":"Nemesis","floor":42,"turns":5},{"damage":0,"enemies":"Reptomancer","floor":45,"turns":3},{"damage":6,"enemies":"Awakened One","floor":50,"turns":9}],"seed_played":"3427721865597918896","potions_obtained":[{"floor":1,"key":"Adrenaline Potion"},{"floor":6,"key":"Ancient Potion"},{"floor":11,"key":"BlessingOfTheForge"},{"floor":12,"key":"Explosive Potion"},{"floor":16,"key":"LiquidBronze"}],"is_trial":true,"path_per_floor":["M","M","?","T","?","E","E","E","T","E","E","E","R","$","R","B",null,"M","?","?","$","?","E","R","E","T","E","R","E","E","?","R","B",null,"M","$","?","M","?","E","E","E","T","R","E","$","R","$","R","B",null],"character_chosen":"NECROMANCER","items_purchased":["Replay:Rubber Ducky","MerchantsRug","Divine Protection","Summon_Undead","Bronze Scales","Summon_Undead_Army","Thread and Needle","ClockworkSouvenir","Bones_to_Steel"],"campfire_rested":0,"item_purchase_floors":[14,14,14,21,36,46,48,48,48],"current_hp_per_floor":[73,73,62,62,62,60,58,65,65,63,63,63,63,63,63,63,89,89,89,73,73,73,79,79,79,79,79,79,79,87,87,87,87,89,89,89,89,91,91,100,86,94,94,94,102,102,102,102,102,96],"gold":222,"neow_bonus":"","is_daily":false,"chose_seed":false,"campfire_upgraded":8,"win_rate":0.0,"timestamp":1614280868,"path_taken":["M","M","?","?","?","E","E","E","T","E","E","E","R","$","R","BOSS","M","?","?","$","?","E","R","E","T","E","R","E","E","?","R","BOSS","M","$","?","M","?","E","E","E","T","R","E","$","R","$","R","BOSS"],"items_purchased_type":["Relic","Relic","Relic","Card","Relic","Card","Relic","Relic","Card"],"build_version":"2020-12-22","purchased_purges":0,"victory":true,"max_hp_per_floor":[75,75,75,75,75,75,75,89,89,89,89,89,89,89,89,89,89,89,89,89,89,89,89,89,89,89,89,89,89,89,89,89,89,89,89,89,89,91,91,100,100,102,102,102,104,104,104,104,104,104],"card_choices":[{"not_picked":["Siphon_Strength","Negative_Energy_Shield"],"picked":"Bone_Armor","floor":1},{"not_picked":["Bone_Bullets","Bone_Shift"],"picked":"Bones_to_Steel","floor":2},{"not_picked":["Acid_Javelin","Blood_Curse"],"picked":"Flesh_Made_Foul","floor":6},{"not_picked":["Death_Knell","Blood_Shield","Bones_to_Steel"],"picked":"SKIP","floor":7},{"not_picked":["Negative_Energy_Burst","Necrotic_Claws"],"picked":"Hellfire","floor":8},{"not_picked":["Scare","Vampiric_Strike"],"picked":"Requiem","floor":10},{"not_picked":["Negative_Energy_Sphere","Negative_Energy_Shield","Death_Knell"],"picked":"SKIP","floor":11},{"not_picked":["Consume_Illness","Necrotic_Claws","Blood_Curse"],"picked":"SKIP","floor":12},{"not_picked":["Detonate_Bones","Hellfire"],"picked":"Skeleton_Dragon","floor":16},{"not_picked":["Plague_Bolt","Scare+1","Stop_Heart+1"],"picked":"SKIP","floor":18},{"not_picked":["Death_Knell","Death_March_Dance","Toxic_Smoke_Screen"],"picked":"SKIP","floor":23},{"not_picked":["Detonate_Bones","Slay_Living+1","Blood_Curse","Blood_Whip"],"picked":"SKIP","floor":25},{"not_picked":["Toxic_Smoke_Screen+1","Death_Knell","Violent_Necrosis+1"],"picked":"Skeleton_Dragon","floor":27},{"not_picked":["Strike_from_Beyond","Consume_Illness","Slay_Living","Blood_Shield"],"picked":"SKIP","floor":29},{"not_picked":["Death_March_Dance","Vampiric_Strike+1","Stop_Heart"],"picked":"Bone_Armor","floor":30},{"not_picked":["Requiem","Reap_The_Weak","Hellfire"],"picked":"Grasp_Heart","floor":33},{"not_picked":["Blood_Whip+1","Negative_Energy_Sphere","Necromantic_Selection"],"picked":"Summon_Undead+1","floor":35},{"not_picked":["Bone_Spikes","Chill_Blood+1","Blood_Shield"],"picked":"Summon_Undead_Army","floor":37},{"not_picked":["Blood_for_Blood+1","Bone_Prison","Negative_Energy_Sphere","Blood_Curse"],"picked":"Singing Bowl","floor":38},{"not_picked":["Bone_Spikes","Vampiric_Strike+1","Finger_Of_Death","Bone_Armory"],"picked":"Singing Bowl","floor":40},{"not_picked":["Siphon_Strength","Violent_Necrosis","Life_Tap"],"picked":"Summon_Undead+1","floor":41},{"not_picked":["Bones_to_Steel","Plague_Bolt","Necrotic_Claws+1","Life_Tap+1"],"picked":"Singing Bowl","floor":42},{"not_picked":["Grasp_Heart","Finger_Of_Death","Scare+1","Toxic_Smoke_Screen"],"picked":"Singing Bowl","floor":45}],"player_experience":572420,"relics_obtained":[{"floor":4,"key":"MawBank"},{"floor":6,"key":"Bromod:ArcaneGuardian"},{"floor":7,"key":"Ancient Tea Set"},{"floor":8,"key":"Mango"},{"floor":9,"key":"Pocketwatch"},{"floor":10,"key":"Replay:Kaleidoscope"},{"floor":11,"key":"Bromod:ArcaneAwakening"},{"floor":12,"key":"Replay:Bandana"},{"floor":19,"key":"Red Mask"},{"floor":20,"key":"Nilry\u0027s Codex"},{"floor":23,"key":"Question Card"},{"floor":25,"key":"Golden Egg"},{"floor":26,"key":"Pen Nib"},{"floor":27,"key":"Tiny Chest"},{"floor":29,"key":"Snack Pack"},{"floor":30,"key":"Singing Bowl"},{"floor":37,"key":"Lizard Tail"},{"floor":40,"key":"Strawberry"},{"floor":41,"key":"StrikeDummy"},{"floor":42,"key":"Smiling Mask"},{"floor":43,"key":"Replay:Wax Seal"},{"floor":45,"key":"Girya"}],"event_choices":[{"damage_healed":0,"gold_gain":75,"player_choice":"Gather Gold","damage_taken":11,"max_hp_gain":0,"max_hp_loss":0,"event_name":"World of Goop","floor":3,"gold_loss":0},{"damage_healed":0,"gold_gain":0,"player_choice":"Grow","damage_taken":0,"max_hp_gain":0,"max_hp_loss":0,"event_name":"Living Wall","floor":5,"gold_loss":0,"cards_upgraded":["Deaths_Shadow"]},{"damage_healed":0,"gold_gain":0,"player_choice":"Fought Bandits","damage_taken":0,"max_hp_gain":0,"max_hp_loss":0,"event_name":"Masked Bandits","floor":19,"gold_loss":0},{"damage_healed":0,"gold_gain":0,"player_choice":"Obtained Book","damage_taken":16,"max_hp_gain":0,"max_hp_loss":0,"event_name":"Cursed Tome","floor":20,"gold_loss":0},{"damage_healed":0,"gold_gain":0,"player_choice":"Read","damage_taken":0,"max_hp_gain":0,"max_hp_loss":0,"event_name":"The Library","floor":22,"gold_loss":0,"cards_obtained":["Summon_Undead_Army"]},{"damage_healed":0,"gold_gain":99,"player_choice":"Stole From Cult","damage_taken":0,"max_hp_gain":0,"max_hp_loss":0,"event_name":"Nest","floor":31,"gold_loss":0},{"damage_healed":0,"gold_gain":0,"player_choice":"Fight","damage_taken":0,"max_hp_gain":0,"max_hp_loss":0,"event_name":"MindBloom","floor":37,"gold_loss":0}],"is_beta":false,"boss_relics":[{"not_picked":["Tiny House","Abe\u0027s Treasure"],"picked":"Replay:Grab Bag"},{"not_picked":["Replay:Wanted Poster","Cursed Key"],"picked":"Sozu"},{"not_picked":["Ectoplasm","ReplayTheSpireMod:Onyx Gauntlets"],"picked":"Replay:Bronze Core"},{"not_picked":["Runic Pyramid","Kintsugi"],"picked":"SacredBark"},{"not_picked":["Honey Jar","Snecko Heart"],"picked":"Bromod:ArcaneEnergize"}],"items_purged_floors":[],"is_endless":false,"potions_floor_spawned":[1,6,11,12,16,18,19,33,37,41,42],"ascension_level":1}}