{"host":"r4yhuzs0e1z69tr3","time":1614223631,"event":{"mods":["BaseMod","Minty Spire (QoL Compilation)","Rare Cards Sparkle"],"gold_per_floor":[215,225,225,149,165,165,175,175,175,187,187,207,242,260,260,359,359,376,466,477,146,161,161,195,195,219,247,266,266,283,283,283,283,283],"floor_reached":33,"language":"ENG","playtime":1378,"items_purged":[],"score":347,"play_id":"913a0351-d5ae-4fdc-afa6-0efef8523ed2","local_time":"20210224222711","is_ascension_mode":true,"campfire_choices":[{"data":"Uppercut","floor":6,"key":"SMITH"},{"data":"Combust","floor":8,"key":"SMITH"},{"data":"Inflame","floor":11,"key":"SMITH"},{"floor":15,"key":"REST"},{"floor":23,"key":"REST"},{"data":"Demon Form","floor":25,"key":"SMITH"},{"floor":29,"key":"REST"},{"floor":32,"key":"REST"}],"circlet_count":0,"master_deck":["Strike_R+1","Strike_R+1","Strike_R+1","Strike_R+1","Strike_R+1","Defend_R+1","Defend_R+1","Defend_R+1","Bash","Combust+1","Inflame+1","Uppercut+1","Demon Form+1","Impervious","Pommel Strike+1","Clothesline+1","Heavy Blade","Shrug It Off+1","Cleave"],"relics":["Burning Blood","Omamori","Pantograph","Busted Crown","Magic Flower","Strawberry","Blood Vial","Smiling Mask"],"acts_visited":["Exordium","TheCity"],"potions_floor_usage":[24,24,24,33,33],"damage_taken":[{"damage":7,"enemies":"Jaw Worm","floor":1,"turns":3},{"damage":11,"enemies":"2 Louse","floor":2,"turns":4},{"damage":6,"enemies":"Cultist","floor":5,"turns":3},{"damage":22,"enemies":"Gremlin Gang","floor":7,"turns":4},{"damage":9,"enemies":"Looter","floor":10,"turns":3},{"damage":9,"enemies":"Blue Slaver","floor":12,"turns":3},{"damage":18,"enemies":"Gremlin Nob","floor":13,"turns":4},{"damage":17,"enemies":"3 Louse","floor":14,"turns":2},{"damage":30,"enemies":"Slime Boss","floor":16,"turns":7},{"damage":7,"enemies":"Chosen","floor":18,"turns":5},{"damage":22,"enemies":"Shell Parasite","floor":20,"turns":6},{"damage":37,"enemies":"Shelled Parasite and Fungi","floor":22,"turns":6},{"damage":75,"enemies":"Slavers","floor":24,"turns":6},{"damage":29,"enemies":"Gremlin Leader","floor":27,"turns":6},{"damage":6,"enemies":"3 Cultists","floor":28,"turns":5},{"damage":22,"enemies":"Sentry and Sphere","floor":30,"turns":5},{"damage":96,"enemies":"Automaton","floor":33,"turns":8}],"seed_played":"3233159770548798043","potions_obtained":[{"floor":2,"key":"Weak Potion"},{"floor":5,"key":"Regen Potion"},{"floor":14,"key":"Fire Potion"},{"floor":20,"key":"BloodPotion"},{"floor":24,"key":"GamblersBrew"},{"floor":28,"key":"Dexterity Potion"}],"is_trial":false,"path_per_floor":["M","M","?","$","M","R","M","R","T","M","R","M","E","M","R","B",null,"M","?","M","$","M","R","E","R","T","E","M","R","M","?","R","B"],"character_chosen":"IRONCLAD","items_purchased":["Inflame","Heavy Blade","Magic Flower"],"campfire_rested":4,"item_purchase_floors":[4,21,21],"current_hp_per_floor":[79,74,74,74,74,74,58,58,58,55,55,52,40,29,53,54,80,79,67,51,51,23,47,34,34,34,17,23,49,39,39,65,0,0],"gold":283,"neow_bonus":"HUNDRED_GOLD","is_daily":false,"chose_seed":false,"campfire_upgraded":4,"win_rate":0.0,"timestamp":1614223631,"path_taken":["M","M","?","$","M","R","M","R","T","M","R","M","E","M","R","BOSS","M","?","M","$","M","R","E","R","T","E","?","R","?","?","R","BOSS"],"items_purchased_type":["Card","Card","Relic"],"build_version":"2020-12-22","purchased_purges":0,"victory":false,"max_hp_per_floor":[80,80,80,80,80,80,80,80,80,80,80,80,80,80,80,80,80,80,80,80,80,80,80,87,87,87,87,87,87,87,87,87,87,87],"card_choices":[{"not_picked":["Iron Wave","Body Slam","Rupture"],"picked":"SKIP","floor":1},{"not_picked":["Searing Blow","Rage","Rupture"],"picked":"SKIP","floor":2},{"not_picked":["Flame Barrier","Spot Weakness"],"picked":"Uppercut","floor":5},{"not_picked":["Perfected Strike","Pommel Strike","Sentinel"],"picked":"SKIP","floor":7},{"not_picked":["Wild Strike","Dual Wield","Flame Barrier"],"picked":"SKIP","floor":10},{"not_picked":["Body Slam","Fire Breathing","Headbutt"],"picked":"SKIP","floor":12},{"not_picked":["Perfected Strike","Thunderclap","Cleave"],"picked":"SKIP","floor":13},{"not_picked":["Shrug It Off","Searing Blow"],"picked":"Demon Form","floor":14},{"not_picked":["Reaper","Barricade"],"picked":"Impervious","floor":16},{"not_picked":[],"picked":"Pommel Strike+1","floor":18},{"not_picked":[],"picked":"Clothesline+1","floor":20},{"not_picked":["Seeing Red+1"],"picked":"SKIP","floor":22},{"not_picked":["Combust+1"],"picked":"SKIP","floor":24},{"not_picked":[],"picked":"Shrug It Off+1","floor":27},{"not_picked":["Blood for Blood"],"picked":"SKIP","floor":28},{"not_picked":[],"picked":"Cleave","floor":30}],"player_experience":191454,"relics_obtained":[{"floor":9,"key":"Omamori"},{"floor":13,"key":"Pantograph"},{"floor":24,"key":"Strawberry"},{"floor":26,"key":"Blood Vial"},{"floor":27,"key":"Smiling Mask"}],"event_choices":[{"damage_healed":0,"gold_gain":0,"cards_transformed":["Defend_R"],"player_choice":"Change","damage_taken":0,"max_hp_gain":0,"max_hp_loss":0,"event_name":"Living Wall","floor":3,"gold_loss":0,"cards_obtained":["Combust"]},{"damage_healed":0,"gold_gain":90,"player_choice":"GOLD ","damage_taken":12,"max_hp_gain":0,"max_hp_loss":0,"event_name":"Knowing Skull","floor":19,"potions_obtained":[],"gold_loss":0,"cards_obtained":[]},{"damage_healed":0,"gold_gain":0,"player_choice":"Simplicity","damage_taken":0,"max_hp_gain":0,"max_hp_loss":0,"event_name":"Back to Basics","floor":31,"gold_loss":0,"cards_upgraded":["Strike_R","Strike_R","Strike_R","Strike_R","Strike_R","Defend_R","Defend_R","Defend_R"]}],"is_beta":false,"boss_relics":[{"not_picked":["SlaversCollar","Black Star"],"picked":"Busted Crown"}],"items_purged_floors":[],"is_endless":false,"potions_floor_spawned":[2,5,14,18,20,24,28],"killed_by":"Automaton","ascension_level":4}}