{"host":"ugys05tpep779cl6","time":1614276180,"event":{"mods":["AchievementEnabler","Aspiration","BaseMod","Beaked The Cultist","CatGirl Mod","Colored Powertips","HololiveMod","Lobotomy","Minty Spire (QoL Compilation)","Quick Restart","Replay The Spire","Spicy Shops","StSLib","The Druid"],"gold_per_floor":[118,129,139,139,153,181,198,231,231,251,251,281,106,106,106,201,201,212,212,227,241,241,241],"floor_reached":22,"language":"ENG","playtime":1034,"items_purged":["Strike_R","Defend_R"],"score":280,"play_id":"93de8cb1-2017-456d-a1fc-a934d4ee0505","local_time":"20210225190300","is_ascension_mode":true,"campfire_choices":[{"floor":15.0,"key":"REST"}],"circlet_count":0,"master_deck":["Strike_R","Strike_R","Strike_R","Strike_R","Defend_R","Defend_R","Defend_R","Shrug It Off","Survivor","Neutralize","Uppercut+1","Barricade","Metallicize","Iron Wave","Demon Form"],"relics":["Burning Blood","aspiration:DSix","aspiration:HummingbirdHeart","Counterbalance","Lizard Tail","aspiration:HiddenCompartment"],"acts_visited":["Exordium","TheCity"],"potions_floor_usage":[22,22],"damage_taken":[{"damage":6.0,"enemies":"Cultist","floor":1.0,"turns":3.0},{"damage":2.0,"enemies":"2 Louse","floor":2.0,"turns":2.0},{"damage":3.0,"enemies":"Small Slimes","floor":3.0,"turns":4.0},{"damage":2.0,"enemies":"Blue Slaver","floor":5.0,"turns":5.0},{"damage":26.0,"enemies":"Gremlin Nob","floor":6.0,"turns":5.0},{"damage":4.0,"enemies":"Looter","floor":7.0,"turns":4.0},{"damage":39.0,"enemies":"3 Sentries","floor":8.0,"turns":17.0},{"damage":8.0,"enemies":"2 Fungi Beasts","floor":10.0,"turns":5.0},{"damage":0.0,"enemies":"Lagavulin","floor":12.0,"turns":10.0},{"damage":7.0,"enemies":"The Guardian","floor":16.0,"turns":19.0},{"damage":12.0,"enemies":"Shell Parasite","floor":18.0,"turns":6.0},{"damage":17.0,"enemies":"Spheric Guardian","floor":20.0,"turns":11.0},{"damage":15.0,"enemies":"Snecko","floor":21.0,"turns":6.0},{"damage":56,"enemies":"3 Cultists","floor":22,"turns":6}],"seed_played":"-8870239857890545762","potions_obtained":[{"floor":2.0,"key":"CultistPotion"},{"floor":8.0,"key":"Milkshake"},{"floor":16.0,"key":"Milkshake"},{"floor":18.0,"key":"Energy Potion"}],"is_trial":false,"path_per_floor":["M","M","M","?","M","E","M","E","T","M","?","E","$","?","R","B",null,"M","?","M","M","M"],"character_chosen":"IRONCLAD","items_purchased":[],"campfire_rested":1,"item_purchase_floors":[],"current_hp_per_floor":[80,80,80,80,80,60,62,29,29,27,27,33,33,21,45,44,80,74,80,69,60,4,4],"gold":241,"neow_bonus":"DSIX","is_daily":false,"chose_seed":false,"campfire_upgraded":0,"win_rate":0.0,"timestamp":1614276180,"path_taken":["M","M","?","?","M","E","M","E","T","M","?","E","?","?","R","BOSS","M","?","?","M","M"],"items_purchased_type":[],"build_version":"2020-12-22","purchased_purges":2,"victory":false,"max_hp_per_floor":[80,80,80,80,80,80,80,80,80,80,80,80,80,80,80,80,80,80,80,80,80,80,80],"card_choices":[{"not_picked":["Warcry","Flex"],"picked":"Shrug It Off","floor":1.0},{"not_picked":["Pommel Strike","Thunderclap","Twin Strike"],"picked":"SKIP","floor":2.0},{"not_picked":["ReplayTheSpireMod:Corrosion Curse","Shrug It Off","Pummel"],"picked":"SKIP","floor":3.0},{"not_picked":["Heavy Blade","Inflame"],"picked":"Uppercut","floor":5.0},{"not_picked":["Clash","ReplayTheSpireMod:Corrosion Curse"],"picked":"Barricade","floor":6.0},{"not_picked":["ReplayTheSpireMod:Strike From Hell","Sword Boomerang","Rupture"],"picked":"SKIP","floor":7.0},{"not_picked":["Juggernaut","Cleave"],"picked":"Metallicize","floor":8.0},{"not_picked":["ReplayTheSpireMod:Strike From Hell","Searing Blow"],"picked":"Iron Wave","floor":10.0},{"not_picked":["Bloodletting","Massacre","ReplayTheSpireMod:LeadingStrike"],"picked":"SKIP","floor":12.0},{"not_picked":["Brutality","Impervious"],"picked":"Demon Form","floor":16.0},{"not_picked":["True Grit","Perfected Strike+1","Cleave"],"picked":"SKIP","floor":18.0},{"not_picked":["Clothesline","Shrug It Off","Feel No Pain"],"picked":"SKIP","floor":20.0},{"not_picked":["Pommel Strike","Perfected Strike+1","Armaments+1"],"picked":"SKIP","floor":21.0}],"player_experience":780802,"relics_obtained":[{"floor":6.0,"key":"aspiration:HummingbirdHeart"},{"floor":8.0,"key":"Counterbalance"},{"floor":12.0,"key":"Lizard Tail"}],"event_choices":[{"damage_healed":0.0,"max_hp_gain":0.0,"max_hp_loss":0.0,"gold_gain":0.0,"event_name":"Living Wall","player_choice":"Grow","floor":11.0,"gold_loss":0.0,"damage_taken":0.0,"cards_upgraded":["Uppercut"]},{"damage_healed":0.0,"max_hp_gain":0.0,"max_hp_loss":0.0,"gold_gain":0.0,"event_name":"Scrap Ooze","player_choice":"Success","floor":14.0,"gold_loss":0.0,"damage_taken":12.0,"relics_obtained":["aspiration:HiddenCompartment"]}],"is_beta":false,"boss_relics":[{"not_picked":["Replay:Wanted Poster","Mark of Pain","Kintsugi"]}],"items_purged_floors":[13,13],"is_endless":false,"potions_floor_spawned":[2,8,16,18],"killed_by":"3 Cultists","ascension_level":4}}