{"host":"50per11302020","time":1614236497,"event":{"mods":["AchievementEnabler","BaseMod","Colored Map","Minty Spire (QoL Compilation)","Relic Stats","StSLib"],"gold_per_floor":[115,65,65,83,1,1,13,30,56,56,56,66,66,28,28,123,123,136,136,136,147,161,161,192,192,216,65,65,65,79,89,89,190,190,205,109,109,127,144,144,144,144],"floor_reached":41,"language":"ENG","playtime":2628,"items_purged":["Defend_B"],"score":472,"play_id":"c0ec2e2b-3fde-4ea4-a7cb-edd7ef64ffaa","local_time":"20210224230137","is_ascension_mode":true,"campfire_choices":[{"data":"Consume","floor":6.0,"key":"SMITH"},{"data":"Capacitor","floor":15.0,"key":"SMITH"},{"floor":23.0,"key":"REST"},{"floor":25.0,"key":"REST"},{"data":"Creative AI","floor":29.0,"key":"SMITH"},{"data":"Echo Form","floor":32.0,"key":"SMITH"},{"data":"Enlightenment","floor":40.0,"key":"SMITH"}],"circlet_count":0,"master_deck":["Zap","Dualcast","Multi-Cast+1","Reboot+1","Rainbow+1","Capacitor","Consume+1","Capacitor+1","Glacier","Creative AI+1","Defragment","Loop","Recycle+1","Self Repair","Echo Form+1","Electrodynamics","Coolheaded+1","Turbo","Seek","Self Repair+1","Enlightenment+1"],"relics":["Astrolabe"],"acts_visited":["Exordium","TheCity","TheBeyond"],"potions_floor_usage":[],"damage_taken":[{"damage":0.0,"enemies":"Small Slimes","floor":1.0,"turns":4.0},{"damage":0.0,"enemies":"2 Louse","floor":4.0,"turns":2.0},{"damage":11.0,"enemies":"Jaw Worm","floor":7.0,"turns":3.0},{"damage":0.0,"enemies":"2 Fungi Beasts","floor":8.0,"turns":3.0},{"damage":6.0,"enemies":"Exordium Wildlife","floor":12.0,"turns":3.0},{"damage":20.0,"enemies":"Slime Boss","floor":16.0,"turns":8.0},{"damage":5.0,"enemies":"Spheric Guardian","floor":18.0,"turns":5.0},{"damage":10.0,"enemies":"Chosen","floor":21.0,"turns":6.0},{"damage":9.0,"enemies":"Centurion and Healer","floor":22.0,"turns":11.0},{"damage":31.0,"enemies":"Slavers","floor":24.0,"turns":9.0},{"damage":15.0,"enemies":"Snecko","floor":30.0,"turns":4.0},{"damage":33.0,"enemies":"Snake Plant","floor":31.0,"turns":5.0},{"damage":30.0,"enemies":"Champ","floor":33.0,"turns":17.0},{"damage":33.0,"enemies":"3 Darklings","floor":35.0,"turns":4.0},{"damage":18.0,"enemies":"3 Shapes","floor":38.0,"turns":2.0},{"damage":13.0,"enemies":"Writhing Mass","floor":39.0,"turns":8.0},{"damage":73,"enemies":"Reptomancer","floor":41,"turns":2}],"seed_played":"1475634841690458371","potions_obtained":[{"floor":1.0,"key":"SkillPotion"},{"floor":7.0,"key":"SneckoOil"},{"floor":12.0,"key":"Explosive Potion"},{"floor":16.0,"key":"Fruit Juice"},{"floor":22.0,"key":"Explosive Potion"},{"floor":31.0,"key":"PowerPotion"},{"floor":33.0,"key":"Weak Potion"},{"floor":35.0,"key":"Dexterity Potion"},{"floor":38.0,"key":"Strength Potion"}],"is_trial":false,"path_per_floor":["M","?","?","M","$","R","M","M","T","?","$","M","?","$","R","B",null,"M","?","?","M","M","R","E","R","T","$","?","R","M","M","R","B",null,"M","$","?","M","M","R","E"],"character_chosen":"DEFECT","items_purchased":["Consume","Glacier","Self Repair","Enlightenment"],"campfire_rested":2,"item_purchase_floors":[5,14,27,36],"current_hp_per_floor":[75,75,75,75,75,75,64,64,64,69,69,63,63,63,63,43,85,80,64,64,54,45,72,41,68,68,68,68,68,67,41,41,25,90,64,64,64,46,67,67,0,0],"gold":144,"neow_bonus":"BOSS_RELIC","is_daily":false,"chose_seed":false,"campfire_upgraded":5,"win_rate":0.0,"timestamp":1614236497,"path_taken":["M","?","?","M","?","R","M","M","T","?","$","?","?","$","R","BOSS","M","?","?","M","M","R","E","R","T","?","?","R","?","M","R","BOSS","M","$","?","M","M","R","E"],"items_purchased_type":["Card","Card","Card","Card"],"build_version":"2020-12-18","purchased_purges":1,"victory":false,"max_hp_per_floor":[75,75,75,75,75,75,75,75,75,80,80,80,80,80,80,80,85,85,90,90,90,90,90,90,90,90,90,90,90,90,90,90,90,90,90,90,90,90,90,90,90,90],"relic_stats":{"counters":[17,95],"Astrolabe":["Multi-Cast","Reboot","Rainbow"],"obtain_stats":[{"Astrolabe":0,"Cracked Core":0},{"Astrolabe":0,"Cracked Core":0},{"Astrolabe":0,"Cracked Core":0}]},"card_choices":[{"not_picked":["Static Discharge","Tempest"],"picked":"Capacitor","floor":1.0},{"not_picked":["Static Discharge","Rebound"],"picked":"FTL","floor":4.0},{"not_picked":["Hologram","Static Discharge"],"picked":"Capacitor","floor":7.0},{"not_picked":["Reinforced Body","Leap","Stack"],"picked":"SKIP","floor":8.0},{"not_picked":["Redo","Barrage","Meteor Strike"],"picked":"SKIP","floor":12.0},{"not_picked":["Multi-Cast","Amplify"],"picked":"Creative AI","floor":16.0},{"not_picked":["Coolheaded","Conserve Battery"],"picked":"Defragment","floor":18.0},{"not_picked":["Blizzard","Barrage","Melter"],"picked":"SKIP","floor":21.0},{"not_picked":["Beam Cell","Conserve Battery+1"],"picked":"Loop","floor":22.0},{"not_picked":["Lockon","Thunder Strike"],"picked":"Recycle+1","floor":24.0},{"not_picked":["Gash","Hologram"],"picked":"Coolheaded+1","floor":30.0},{"not_picked":["Rebound+1","Streamline"],"picked":"Turbo","floor":31.0},{"not_picked":["Electrodynamics","Hyperbeam"],"picked":"Seek","floor":33.0},{"not_picked":["Coolheaded","Go for the Eyes+1"],"picked":"Self Repair+1","floor":35.0},{"not_picked":["Gash","Stack","Ball Lightning+1"],"picked":"SKIP","floor":38.0},{"not_picked":["Cold Snap","Turbo","Darkness"],"picked":"SKIP","floor":39.0}],"player_experience":456864,"relics_obtained":[],"event_choices":[{"cards_removed":["Strike_B"],"damage_healed":0.0,"max_hp_gain":0.0,"max_hp_loss":0.0,"gold_gain":0.0,"event_name":"The Cleric","player_choice":"Card Removal","floor":2.0,"gold_loss":50.0,"damage_taken":0.0},{"damage_healed":0.0,"max_hp_gain":0.0,"max_hp_loss":0.0,"gold_gain":0.0,"event_name":"Golden Idol","player_choice":"Ignored","floor":3.0,"gold_loss":0.0,"damage_taken":0.0},{"damage_healed":0.0,"max_hp_gain":5.0,"max_hp_loss":0.0,"gold_gain":0.0,"event_name":"Big Fish","player_choice":"Donut","floor":10.0,"gold_loss":0.0,"damage_taken":0.0},{"damage_healed":0.0,"max_hp_gain":0.0,"max_hp_loss":0.0,"gold_gain":0.0,"event_name":"Dead Adventurer","player_choice":"Searched \u00270\u0027 times","floor":13.0,"gold_loss":0.0,"damage_taken":0.0},{"damage_healed":0.0,"max_hp_gain":5.0,"max_hp_loss":0.0,"gold_gain":0.0,"event_name":"Forgotten Altar","player_choice":"Shed Blood","floor":19.0,"gold_loss":0.0,"damage_taken":21.0},{"cards_removed":["Strike_B"],"damage_healed":0.0,"max_hp_gain":0.0,"max_hp_loss":0.0,"gold_gain":0.0,"event_name":"Back to Basics","player_choice":"Elegance","floor":20.0,"gold_loss":0.0,"damage_taken":0.0},{"damage_healed":0.0,"max_hp_gain":0.0,"max_hp_loss":0.0,"gold_gain":0.0,"cards_transformed":["Defend_B","Defend_B"],"event_name":"Drug Dealer","player_choice":"Became Test Subject","floor":28.0,"gold_loss":0.0,"damage_taken":0.0,"cards_obtained":["Echo Form","Electrodynamics"]},{"cards_removed":["FTL"],"damage_healed":0.0,"max_hp_gain":0.0,"max_hp_loss":0.0,"gold_gain":0.0,"event_name":"Falling","player_choice":"Removed Attack","floor":37.0,"gold_loss":0.0,"damage_taken":0.0}],"is_beta":true,"boss_relics":[{"not_picked":["Inserter","Busted Crown","Pandora\u0027s Box"]},{"not_picked":["Sozu","SacredBark","Philosopher\u0027s Stone"]}],"items_purged_floors":[27],"is_endless":false,"potions_floor_spawned":[1,7,12,16,22,31,33,35,38],"killed_by":"Reptomancer","ascension_level":1}}