{"host":"y080dcqw8fj32q7d","time":1614280716,"event":{"mods":["AchievementEnabler","BaseMod","Colored Map","Colored Powertips","DeckTracker","Minty Spire (QoL Compilation)","Relic Sorter"],"gold_per_floor":[117,117,133,133,151,176,49,49,125,157,173,190,223,235,235,332,332,343,343,15,15,15,15,15,30,30,40,9,26,44,59,59,163,163,173,173,28,46,46,46,65,77,77,58,58,58],"floor_reached":45,"language":"ENG","playtime":2832,"items_purged":["Strike_B","Defend_B"],"score":533,"play_id":"3ebd7a69-d182-4c7c-8b24-0a05f9c4c81d","local_time":"20210225221836","is_ascension_mode":true,"campfire_choices":[{"floor":8,"key":"REST"},{"data":"Buffer","floor":15,"key":"SMITH"},{"floor":23,"key":"RECALL"},{"data":"Thunder Strike","floor":32,"key":"SMITH"},{"data":"The Bomb","floor":40,"key":"SMITH"}],"circlet_count":0,"master_deck":["Defend_B+1","Defend_B+1","Zap+1","Ball Lightning","Stack+1","Self Repair","Core Surge","Ball Lightning","Buffer+1","Leap","White Noise","Ball Lightning","Thunder Strike+1","Buffer+1","Electrodynamics+1","FTL+1","Dramatic Entrance","Loop","Redo","Heatsinks","Leap+1","Barrage+1","Aggregate","Beam Cell","Electrodynamics+1","Beam Cell","Echo Form","Beam Cell","The Bomb+1","Self Repair+1","Ball Lightning"],"relics":["Cracked Core","War Paint","Letter Opener","The Courier","Du-Vu Doll","Sundial","Astrolabe","Happy Flower","DataDisk","Sozu","StrikeDummy"],"acts_visited":["Exordium","TheCity","TheBeyond"],"potions_floor_usage":[13,13,16,30,35,35,41],"damage_taken":[{"damage":0,"enemies":"Small Slimes","floor":1,"turns":2},{"damage":0,"enemies":"2 Louse","floor":3,"turns":2},{"damage":2,"enemies":"Jaw Worm","floor":5,"turns":3},{"damage":21,"enemies":"Gremlin Nob","floor":6,"turns":5},{"damage":10,"enemies":"Lagavulin","floor":10,"turns":4},{"damage":0,"enemies":"Blue Slaver","floor":11,"turns":3},{"damage":0,"enemies":"3 Louse","floor":12,"turns":2},{"damage":0,"enemies":"Gremlin Nob","floor":13,"turns":2},{"damage":2,"enemies":"Looter","floor":14,"turns":4},{"damage":37,"enemies":"Hexaghost","floor":16,"turns":8},{"damage":4,"enemies":"Chosen","floor":18,"turns":4},{"damage":0,"enemies":"3 Byrds","floor":25,"turns":2},{"damage":5,"enemies":"Shelled Parasite and Fungi","floor":27,"turns":4},{"damage":9,"enemies":"Cultist and Chosen","floor":29,"turns":5},{"damage":0,"enemies":"Centurion and Healer","floor":30,"turns":3},{"damage":6,"enemies":"Chosen and Byrds","floor":31,"turns":3},{"damage":10,"enemies":"Automaton","floor":33,"turns":6},{"damage":15,"enemies":"Orb Walker","floor":35,"turns":3},{"damage":14,"enemies":"3 Darklings","floor":38,"turns":3},{"damage":38,"enemies":"Writhing Mass","floor":41,"turns":4},{"damage":19,"enemies":"Sphere and 2 Shapes","floor":42,"turns":3},{"damage":23,"enemies":"Reptomancer","floor":45,"turns":4}],"seed_played":"-8058501904162788358","potions_obtained":[{"floor":3,"key":"SmokeBomb"},{"floor":11,"key":"Fire Potion"},{"floor":12,"key":"FearPotion"},{"floor":14,"key":"PowerPotion"},{"floor":29,"key":"AttackPotion"},{"floor":30,"key":"Explosive Potion"},{"floor":31,"key":"LiquidBronze"},{"floor":33,"key":"Explosive Potion"}],"is_trial":false,"path_per_floor":["M","?","M","?","M","E","$","R","T","E","M","M","E","M","R","B",null,"M","?","$","?","?","R","T","M","T","M","$","M","M","M","R","B",null,"M","?","$","M","?","R","M","M","T","$","E"],"character_chosen":"DEFECT","items_purchased":["Ball Lightning","Dramatic Entrance","Loop","Happy Flower","Aggregate","The Bomb","Ball Lightning"],"campfire_rested":1,"item_purchase_floors":[7,20,20,20,28,37,44],"current_hp_per_floor":[82,66,66,48,46,32,32,56,56,53,53,60,67,72,72,35,82,78,78,78,78,78,78,78,78,78,73,73,71,78,72,72,69,82,74,74,74,60,60,60,32,13,13,13,0,0],"gold":58,"neow_bonus":"TEN_PERCENT_HP_BONUS","is_daily":false,"chose_seed":false,"campfire_upgraded":3,"win_rate":0.0,"timestamp":1614280716,"path_taken":["M","?","M","?","M","E","?","R","T","E","M","M","E","M","R","BOSS","M","?","$","?","?","R","?","M","T","M","?","?","M","M","R","BOSS","M","?","$","?","?","R","?","M","T","$","E"],"items_purchased_type":["Card","Card","Card","Relic","Card","Card","Card"],"build_version":"2020-12-22","purchased_purges":2,"victory":false,"max_hp_per_floor":[82,82,82,82,82,82,82,82,82,82,82,82,82,82,82,82,82,82,82,82,82,82,82,82,82,82,82,82,82,82,82,82,82,82,82,82,82,82,82,82,82,82,82,82,82,82],"card_choices":[{"not_picked":["Stack","Hologram"],"picked":"Ball Lightning","floor":1},{"not_picked":["Recycle","Gash"],"picked":"Stack","floor":3},{"not_picked":["Turbo","Compile Driver"],"picked":"Self Repair","floor":5},{"not_picked":["Stack","Beam Cell"],"picked":"Core Surge","floor":6},{"not_picked":["Stack","Redo"],"picked":"Buffer","floor":10},{"not_picked":["FTL","Steam"],"picked":"Leap","floor":11},{"not_picked":["Heatsinks","Hologram"],"picked":"White Noise","floor":12},{"not_picked":["Barrage","Beam Cell","Streamline"],"picked":"SKIP","floor":13},{"not_picked":["Rebound","Sweeping Beam"],"picked":"Ball Lightning","floor":14},{"not_picked":["Meteor Strike","Hyperbeam"],"picked":"Thunder Strike","floor":16},{"not_picked":["Blizzard+1","Redo"],"picked":"Turbo","floor":18},{"not_picked":["Loop","Redo"],"picked":"Leap+1","floor":25},{"not_picked":["Steam","Go for the Eyes"],"picked":"Barrage+1","floor":27},{"not_picked":["Scrape","Sweeping Beam"],"picked":"Beam Cell","floor":29},{"not_picked":["Hologram+1","Coolheaded"],"picked":"Electrodynamics","floor":30},{"not_picked":["Coolheaded","Streamline"],"picked":"Beam Cell","floor":31},{"not_picked":["Machine Learning","Multi-Cast"],"picked":"Echo Form","floor":33},{"not_picked":["Chaos+1","Scrape"],"picked":"Beam Cell","floor":35},{"not_picked":["Fusion","Coolheaded"],"picked":"Self Repair+1","floor":38},{"not_picked":["Scrape","Go for the Eyes","Force Field+1"],"picked":"SKIP","floor":41},{"not_picked":["Darkness+1","Sweeping Beam","Compile Driver"],"picked":"SKIP","floor":42}],"player_experience":394308,"relics_obtained":[{"floor":6,"key":"Letter Opener"},{"floor":9,"key":"The Courier"},{"floor":10,"key":"Du-Vu Doll"},{"floor":13,"key":"Sundial"},{"floor":26,"key":"DataDisk"},{"floor":43,"key":"StrikeDummy"}],"event_choices":[{"damage_healed":0,"gold_gain":0,"player_choice":"Entered Light","damage_taken":16,"max_hp_gain":0,"max_hp_loss":0,"event_name":"Shining Light","floor":2,"gold_loss":0,"cards_upgraded":["Zap","Defend_B"]},{"damage_healed":0,"gold_gain":0,"player_choice":"Success","damage_taken":18,"relics_obtained":["War Paint"],"max_hp_gain":0,"max_hp_loss":0,"event_name":"Scrap Ooze","floor":4,"gold_loss":0},{"cards_removed":["Defend_B"],"damage_healed":0,"gold_gain":0,"player_choice":"Elegance","damage_taken":0,"max_hp_gain":0,"max_hp_loss":0,"event_name":"Back to Basics","floor":19,"gold_loss":0},{"damage_healed":0,"gold_gain":0,"cards_transformed":["Dualcast","Turbo"],"player_choice":"Became Test Subject","damage_taken":0,"max_hp_gain":0,"max_hp_loss":0,"event_name":"Drug Dealer","floor":21,"gold_loss":0,"cards_obtained":["Redo","Heatsinks"]},{"damage_healed":0,"gold_gain":0,"player_choice":"Ignored","damage_taken":0,"max_hp_gain":0,"max_hp_loss":0,"event_name":"Vampires","floor":22,"gold_loss":0},{"damage_healed":0,"gold_gain":0,"player_choice":"Bought 0 Potions","damage_taken":0,"max_hp_gain":0,"max_hp_loss":0,"event_name":"The Woman in Blue","floor":36,"gold_loss":0},{"damage_healed":0,"gold_gain":0,"player_choice":"Forge","damage_taken":0,"max_hp_gain":0,"max_hp_loss":0,"event_name":"Accursed Blacksmith","floor":39,"gold_loss":0,"cards_upgraded":["Electrodynamics"]}],"is_beta":false,"boss_relics":[{"not_picked":["Tiny House","Runic Dome"],"picked":"Astrolabe"},{"not_picked":["Empty Cage","Runic Pyramid"],"picked":"Sozu"}],"items_purged_floors":[7,20],"is_endless":false,"potions_floor_spawned":[3,11,12,14,29,30,31,33],"killed_by":"Reptomancer","ascension_level":2}}