{"host":"wogey4gsknv4ot2d","time":1614288433,"event":{"mods":["2.2 Compatiblity","AchievementEnabler","BaseMod","Bestiary","Better Match","Better Third Choice","Colored Map","Colored Powertips","Key Reminder","Minty Spire (QoL Compilation)","Permanent Neow","Rare Cards Sparkle","Relic Stats","StSLib"],"gold_per_floor":[110,130,130,149,149,149,184,184,231,269,284,284,284,324,324,324,324],"floor_reached":16,"language":"ENG","playtime":913,"items_purged":[],"score":130,"play_id":"e009f1fe-be4e-4424-add7-d1facf233357","local_time":"20210225152713","is_ascension_mode":true,"campfire_choices":[{"floor":6,"key":"RECALL"},{"floor":8,"key":"REST"},{"floor":12,"key":"REST"},{"floor":15,"key":"REST"}],"circlet_count":0,"master_deck":["Strike_G+1","Strike_G","Strike_G","Strike_G","Strike_G","Defend_G","Defend_G","Defend_G","Defend_G","Defend_G","Survivor+1","Neutralize","CurseOfTheBell","Well Laid Plans","Corpse Explosion","Backflip","Bane","Outmaneuver","Tactician","Parasite","Deadly Poison"],"relics":["Calling Bell","Ancient Tea Set","Ninja Scroll","Ginger","Golden Idol","keyreminder:keyreminder","Snake Skull","Orichalcum","The Courier","Paper Crane"],"acts_visited":["Exordium"],"potions_floor_usage":[10,16],"damage_taken":[{"damage":0,"enemies":"Small Slimes","floor":1,"turns":3},{"damage":2,"enemies":"Jaw Worm","floor":2,"turns":4},{"damage":0,"enemies":"2 Louse","floor":4,"turns":3},{"damage":18,"enemies":"3 Sentries","floor":7,"turns":3},{"damage":25,"enemies":"Lagavulin","floor":10,"turns":7},{"damage":3,"enemies":"2 Fungi Beasts","floor":11,"turns":4},{"damage":41,"enemies":"3 Sentries","floor":14,"turns":11},{"damage":46,"enemies":"Slime Boss","floor":16,"turns":8}],"seed_played":"6499727835580199502","potions_obtained":[{"floor":2,"key":"Block Potion"},{"floor":7,"key":"SkillPotion"},{"floor":14,"key":"SpeedPotion"}],"is_trial":false,"path_per_floor":["M","M","?","M","?","R","E","R","T","E","M","R","?","E","R","B"],"character_chosen":"THE_SILENT","items_purchased":[],"campfire_rested":3,"item_purchase_floors":[],"current_hp_per_floor":[70,68,65,65,52,52,34,53,53,28,25,44,60,19,38,0,0],"gold":324,"neow_bonus":"BOSS_RELIC","is_daily":false,"chose_seed":false,"campfire_upgraded":0,"win_rate":0.0,"timestamp":1614288433,"path_taken":["M","M","?","M","?","R","E","R","T","E","M","R","?","E","R","BOSS"],"items_purchased_type":[],"build_version":"2020-12-22","purchased_purges":0,"victory":false,"max_hp_per_floor":[70,70,65,65,65,65,65,65,65,65,65,65,65,65,65,65,65],"relic_stats":{"counters":[8,43],"Golden Idol":30,"Snake Skull":[7],"Ginger":[6],"Orichalcum":[36],"obtain_stats":[{"Calling Bell":0,"keyreminder:keyreminder":6,"Ninja Scroll":0,"Golden Idol":3,"Snake Skull":7,"The Courier":10,"Ginger":0,"Orichalcum":9,"Paper Crane":14,"Ancient Tea Set":0,"Ring of the Snake":0},{"Calling Bell":0,"keyreminder:keyreminder":3,"Ninja Scroll":0,"Golden Idol":2,"Snake Skull":4,"The Courier":5,"Ginger":0,"Orichalcum":4,"Paper Crane":7,"Ancient Tea Set":0,"Ring of the Snake":0},{"Calling Bell":0,"keyreminder:keyreminder":10,"Ninja Scroll":0,"Golden Idol":7,"Snake Skull":13,"The Courier":20,"Ginger":0,"Orichalcum":13,"Paper Crane":35,"Ancient Tea Set":0,"Ring of the Snake":0}]},"card_choices":[{"not_picked":["Slice","Blur"],"picked":"Well Laid Plans","floor":1},{"not_picked":["Deadly Poison","Dagger Throw"],"picked":"Corpse Explosion","floor":2},{"not_picked":["Dash","Masterful Stab"],"picked":"Backflip","floor":4},{"not_picked":["Deflect","Skewer"],"picked":"Bane","floor":7},{"not_picked":["Cloak And Dagger","Distraction"],"picked":"Outmaneuver","floor":10},{"not_picked":["Deflect","Skewer"],"picked":"Tactician","floor":11},{"not_picked":["Deflect","Slice"],"picked":"Deadly Poison","floor":14}],"player_experience":93567,"relics_obtained":[{"floor":0,"key":"Ancient Tea Set"},{"floor":0,"key":"Ninja Scroll"},{"floor":0,"key":"Ginger"},{"floor":7,"key":"Snake Skull"},{"floor":9,"key":"Orichalcum"},{"floor":10,"key":"The Courier"},{"floor":14,"key":"Paper Crane"}],"event_choices":[{"damage_healed":0,"gold_gain":0,"player_choice":"Lose Max HP","damage_taken":0,"relics_obtained":["Golden Idol"],"max_hp_gain":0,"max_hp_loss":5,"event_name":"Golden Idol","floor":3,"gold_loss":0},{"damage_healed":65,"gold_gain":0,"player_choice":"Upgrade","damage_taken":13,"max_hp_gain":0,"max_hp_loss":65,"event_name":"betterThird:BetterShining","floor":5,"gold_loss":0,"cards_upgraded":["Strike_G","Survivor"]},{"damage_healed":16,"gold_gain":0,"player_choice":"Healed and dodged fight","damage_taken":0,"max_hp_gain":0,"max_hp_loss":0,"event_name":"Mushrooms","floor":13,"gold_loss":0,"cards_obtained":["Parasite"]}],"is_beta":false,"boss_relics":[],"items_purged_floors":[],"is_endless":false,"potions_floor_spawned":[2,7,14],"killed_by":"Slime Boss","ascension_level":2}}