{"host":"thy1foxqb9mxzg9y","time":1614263477,"event":{"mods":["2.2 Compatiblity","AchievementEnabler","Act Like it!","BaseMod","Best Route Mod","Custom Start","Exacting","Halation","Hallownest","Hubris","Jorbs\u0027s Wanderer Trilogy","Minty Spire (QoL Compilation)","Permanent Neow","Rare Cards Sparkle","Replay The Spire","Shop Mod","Slumbering Mod","StSLib","The Bug Knight","The Disciple","The Elementalist","The Exalted","The Hierophant","The Judge"],"gold_per_floor":[116,130,130,130,130,130,163,179,179,202,202,322,322,23,23,23,23],"floor_reached":16,"language":"ENG","playtime":1049,"items_purged":[],"score":121,"play_id":"5f61fdfa-022f-4891-9f29-28f8fa0ff674","local_time":"20210225173117","daily_mods":["Heirloom","Time Dilation","Flight"],"is_ascension_mode":false,"campfire_choices":[{"data":"HollowMod:SiblingsSouls","floor":6,"key":"SMITH"},{"data":"HollowMod:MantisMark","floor":11,"key":"SMITH"},{"data":"HollowMod:MantisMark","floor":15,"key":"SMITH"}],"circlet_count":0,"master_deck":["HollowMod:NailStrikeStart","HollowMod:NailStrikeStart","HollowMod:NailStrikeStart","HollowMod:NailStrikeStart","HollowMod:QuickDashStart","HollowMod:QuickDashStart","HollowMod:QuickDashStart","HollowMod:QuickDashStart","HollowMod:FocusHealStart","HollowMod:PogoStrike","HollowMod:SiblingsSouls+1","HollowMod:ChannelNail","HollowMod:GoodIntentions","HollowMod:HuntersJournal","HollowMod:MantisMark+1","HollowMod:MantisMark+1","HollowMod:NewLittleFool"],"relics":["HollowMod:VesselMask","replay:Trail_Library","halation:OrihimeAndHikoboshiSamaAndTears","Tiny Chest","Bromod:ArcaneGuardian","halation:PinkSoulGem","Hallownest:DreamNailRelic","Replay:Ringing Soul","Onion Ring","halation:PrussianBluePaint","Bromod:ArcanePistoleer"],"acts_visited":["Exordium"],"potions_floor_usage":[],"damage_taken":[{"damage":6,"enemies":"Hallownest:2_Baldur","floor":1,"turns":3},{"damage":7,"enemies":"Hallownest:monsterHuskWarrior","floor":2,"turns":5},{"damage":8,"enemies":"Hallownest:eliteVengeflyKing","floor":7,"turns":13},{"damage":4,"enemies":"2_ Uuma","floor":8,"turns":6},{"damage":0,"enemies":"Hallownest:monsterAspidMother","floor":13,"turns":2},{"damage":79,"enemies":"Hallownest:BossHornet","floor":16,"turns":8}],"seed_played":"3085842065828792192","potions_obtained":[{"floor":7,"key":"DuplicationPotion"}],"is_trial":true,"path_per_floor":["M","M","?","?","?","R","E","M","T","T","R","?","M","$","R","B"],"character_chosen":"THE_BUGKNIGHT","items_purchased":["Bromod:ArcanePistoleer"],"campfire_rested":0,"item_purchase_floors":[14],"current_hp_per_floor":[75,74,46,46,46,46,51,56,56,59,62,62,71,71,71,0,0],"gold":23,"neow_bonus":"","is_daily":false,"chose_seed":false,"campfire_upgraded":3,"win_rate":0.0,"timestamp":1614263477,"path_taken":["M","M","?","?","?","R","E","?","T","?","R","?","?","$","R","BOSS"],"items_purchased_type":["Relic"],"build_version":"2020-12-22","purchased_purges":0,"victory":false,"max_hp_per_floor":[75,75,75,75,75,75,78,81,81,84,87,87,90,90,90,90,90],"card_choices":[{"not_picked":["HollowMod:HowlingWraiths","HollowMod:WraithStrike"],"picked":"HollowMod:SiblingsSouls","floor":1},{"not_picked":["HollowMod:SoulStrike","HollowMod:MonarchWings"],"picked":"HollowMod:ChannelNail","floor":2},{"not_picked":["HollowMod:SoulShaman","HollowMod:BaldurShell"],"picked":"HollowMod:GoodIntentions","floor":7},{"not_picked":["HollowMod:DescendingDark","HollowMod:VengefulVoid"],"picked":"HollowMod:HuntersJournal","floor":8},{"not_picked":["HollowMod:DoubleDash","HollowMod:HeavyBlow"],"picked":"HollowMod:NewLittleFool","floor":13}],"player_experience":129669,"relics_obtained":[{"floor":7,"key":"Replay:Ringing Soul"},{"floor":9,"key":"Onion Ring"},{"floor":10,"key":"halation:PrussianBluePaint"}],"event_choices":[],"is_beta":false,"boss_relics":[],"items_purged_floors":[],"is_endless":false,"potions_floor_spawned":[7],"killed_by":"Hallownest:BossHornet","ascension_level":0}}