{"host":"050ensmz1fh1c58u","time":1614290175,"event":{"mods":["BaseMod","Downfall","Hubris","JesterMod","Minty Spire (QoL Compilation)","READ ME - Guardian Mod","StSLib","The Disciple","The Marked","The Necromancer","The Servant 0.9.4"],"gold_per_floor":[111,111,59,59,59,59,86,86,86,119,119,146,164,196,196,300,300,313,412,426,441,219,219,251,251,277,305,31,66,77,108,108,207,207,224,224,243,118,118,151,151,180,207,207,222,254,288,313,325,337],"floor_reached":51,"language":"ENG","playtime":3657,"items_purged":["theMarked:EmpowerWeapon"],"score":1040,"play_id":"307983ab-981a-4c30-93e9-6f94988c60fa","local_time":"20210225225615","daily_mods":["SealedDeck","Allstar","DeadlyEvents","Elite Swarm"],"is_ascension_mode":false,"campfire_choices":[{"data":"theMarked:EmpowerWeapon","floor":6.0,"key":"SMITH"},{"data":"theMarked:WardOff","floor":8,"key":"SMITH"},{"data":"theMarked:ParalyzingBlade","floor":15,"key":"SMITH"},{"data":"theMarked:TurnInvisible","floor":23,"key":"SMITH"},{"data":"theMarked:WardOff","floor":25,"key":"SMITH"},{"data":"theMarked:Friction","floor":32,"key":"SMITH"},{"data":"theMarked:BindingBlade","floor":41,"key":"SMITH"},{"floor":44,"key":"REST"},{"data":"theMarked:GodGivenPower","floor":49,"key":"SMITH"}],"circlet_count":0,"master_deck":["theMarked:GodGivenPower+1","theMarked:MuscleMemory","theMarked:Friction+1","theMarked:ParalyzingBlade+1","theMarked:SwordAndMagic","theMarked:WardOff+1","theMarked:SwordAndMagic","theMarked:EmpowerWeapon+1","theMarked:TakeCover","theMarked:WardOff+1","theMarked:BiggerThanFate","theMarked:TurnInvisible+1","theMarked:BiggerThanFate","theMarked:BiggerThanFate","theMarked:BindingBlade+1","theMarked:BiggerThanFate","theMarked:TurnInvisible","Master of Strategy"],"relics":["theMarked:BronzeBlade","FossilizedHelix","MealTicket","Art of War","StoneCalendar","Ginger","Membership Card","Guardian:PocketSentry","Orichalcum","hubris:SlimyHat","Du-Vu Doll","sneckomod:BlankCard","InkBottle","Sling","hubris:BundleOfHerbs","Toy Ornithopter","Busted Crown","hexamod:Sixitude","Thread and Needle","Smiling Mask","Incense Burner","MawBank"],"acts_visited":["Exordium","TheCity","TheBeyond"],"potions_floor_usage":[12,12,18,24,27,27,29,42,45,45,47,47],"damage_taken":[{"damage":0.0,"enemies":"Small Slimes","floor":1.0,"turns":3.0},{"damage":22,"enemies":"3 Sentries","floor":7,"turns":7},{"damage":0,"enemies":"Lagavulin","floor":10,"turns":5},{"damage":0,"enemies":"3 Sentries","floor":12,"turns":5},{"damage":0,"enemies":"Jaw Worm","floor":13,"turns":3},{"damage":11,"enemies":"Gremlin Nob","floor":14,"turns":4},{"damage":0,"enemies":"Slime Boss","floor":16,"turns":6},{"damage":2,"enemies":"2 Thieves","floor":18,"turns":4},{"damage":0,"enemies":"Shell Parasite","floor":20,"turns":4},{"damage":8,"enemies":"Snake Plant","floor":21,"turns":3},{"damage":0,"enemies":"Book of Stabbing","floor":24,"turns":4},{"damage":0,"enemies":"Gremlin Leader","floor":27,"turns":5},{"damage":6,"enemies":"Book of Stabbing","floor":29,"turns":4},{"damage":0,"enemies":"Snecko","floor":30,"turns":4},{"damage":19,"enemies":"Slavers","floor":31,"turns":5},{"damage":10,"enemies":"Automaton","floor":33,"turns":7},{"damage":0,"enemies":"Orb Walker","floor":35,"turns":3},{"damage":0,"enemies":"3 Shapes","floor":37,"turns":4},{"damage":0,"enemies":"Giant Head","floor":40,"turns":6},{"damage":32,"enemies":"Reptomancer","floor":42,"turns":4},{"damage":0,"enemies":"Spire Growth","floor":45,"turns":3},{"damage":0,"enemies":"Giant Head","floor":46,"turns":5},{"damage":12,"enemies":"Reptomancer","floor":47,"turns":4},{"damage":0,"enemies":"Sphere and 2 Shapes","floor":48,"turns":3},{"damage":21,"enemies":"Time Eater","floor":50,"turns":8}],"seed_played":"-7109911561755133990","potions_obtained":[{"floor":7,"key":"GamblersBrew"},{"floor":10,"key":"Explosive Potion"},{"floor":14,"key":"Swift Potion"},{"floor":16,"key":"FearPotion"},{"floor":18,"key":"Fire Potion"},{"floor":21,"key":"SmokeBomb"},{"floor":24,"key":"Energy Potion"},{"floor":27,"key":"SneckoOil"},{"floor":33,"key":"Weak Potion"},{"floor":37,"key":"EssenceOfSteel"},{"floor":42,"key":"hexamod:SoulburnPotion"},{"floor":45,"key":"DuplicationPotion"},{"floor":46,"key":"Energy Potion"}],"is_trial":true,"path_per_floor":["M","?","$","$","?","R","E","R","T","E","$","E","M","E","R","B",null,"M","?","M","M","$","R","E","R","T","E","$","E","M","E","R","B",null,"M","?","M","$","?","E","R","E","T","R","M","E","E","M","R","B",null],"character_chosen":"THE_DEFAULT","items_purchased":["theMarked:WardOff","Membership Card","Guardian:PocketSentry","sneckomod:BlankCard","InkBottle","Sling","Master of Strategy"],"campfire_rested":1,"item_purchase_floors":[3,22,22,28,28,28,38],"current_hp_per_floor":[72,77,77,77,70,70,48,48,48,48,63,63,63,52,52,52,77,75,75,75,67,77,77,77,77,77,77,77,71,71,52,52,42,77,77,77,77,77,77,77,77,45,45,68,77,77,65,65,65,77],"gold":349,"neow_bonus":"","is_daily":false,"chose_seed":false,"campfire_upgraded":8,"win_rate":0.0,"timestamp":1614290175,"path_taken":["M","?","?","$","?","R","E","R","T","E","$","E","M","E","R","BOSS","M","?","M","M","$","R","E","R","T","E","$","E","M","E","R","BOSS","M","?","?","$","?","E","R","E","T","R","M","E","?","?","R","BOSS"],"items_purchased_type":["Card","Relic","Relic","Relic","Relic","Relic","Card"],"build_version":"2020-12-22","purchased_purges":1,"victory":true,"max_hp_per_floor":[72,77,77,77,77,77,77,77,77,77,77,77,77,77,77,77,77,77,77,77,77,77,77,77,77,77,77,77,77,77,77,77,77,77,77,77,77,77,77,77,77,77,77,77,77,77,77,77,77,77],"card_choices":[{"not_picked":["theMarked:Memento","theMarked:Seal"],"picked":"theMarked:TakeCover","floor":1.0},{"not_picked":["theMarked:Vacuum","theMarked:TurnInvisible"],"picked":"theMarked:BiggerThanFate","floor":7},{"not_picked":["theMarked:MagusForm","theMarked:UnarmedFury"],"picked":"theMarked:TurnInvisible","floor":10},{"not_picked":["theMarked:UnarmedFury","theMarked:Levitate"],"picked":"theMarked:BiggerThanFate","floor":12},{"not_picked":["theMarked:MysticalArsenal","theMarked:Reabsorb","theMarked:Parry"],"picked":"SKIP","floor":13},{"not_picked":["theMarked:DispelDoubt","theMarked:TakeOffHeels"],"picked":"theMarked:Abjuration","floor":14},{"not_picked":["theMarked:Snap","theMarked:MagusForm"],"picked":"theMarked:BiggerThanFate","floor":16},{"not_picked":["theMarked:RepellingDischarge","theMarked:Parkour","theMarked:EmpowerWeapon"],"picked":"SKIP","floor":18},{"not_picked":["theMarked:TwofoldDefense","theMarked:BanishingStrike","theMarked:ResourceFulStrike"],"picked":"SKIP","floor":20},{"not_picked":["theMarked:TwofoldDefense","theMarked:CreepingChasm","theMarked:ElectricStrings"],"picked":"SKIP","floor":21},{"not_picked":["theMarked:UnarmedFury","theMarked:Defy","theMarked:Levitate"],"picked":"SKIP","floor":24},{"not_picked":["theMarked:Abjuration","theMarked:EternalStudent","theMarked:MagusForm"],"picked":"SKIP","floor":27},{"not_picked":["theMarked:Defy","theMarked:Abjuration"],"picked":"theMarked:BindingBlade","floor":29},{"not_picked":["theMarked:Determination","theMarked:Parkour","theMarked:HeightenedSenses"],"picked":"SKIP","floor":30},{"not_picked":["theMarked:Levitate","theMarked:Snap"],"picked":"theMarked:BiggerThanFate","floor":31},{"not_picked":["theMarked:TakeOffHeels","theMarked:Abjuration"],"picked":"theMarked:TurnInvisible","floor":33},{"not_picked":["theMarked:Aftermath+1"],"picked":"SKIP","floor":35},{"not_picked":["theMarked:Panic"],"picked":"SKIP","floor":37},{"not_picked":["theMarked:Levitate"],"picked":"SKIP","floor":40},{"not_picked":["theMarked:Challenge"],"picked":"SKIP","floor":42},{"not_picked":["theMarked:TheMission+1"],"picked":"SKIP","floor":45},{"not_picked":["theMarked:Challenge"],"picked":"SKIP","floor":46},{"not_picked":["theMarked:Toughness"],"picked":"SKIP","floor":47},{"not_picked":["theMarked:RepellingDischarge+1"],"picked":"SKIP","floor":48}],"player_experience":1430945,"relics_obtained":[{"floor":7,"key":"FossilizedHelix"},{"floor":9,"key":"MealTicket"},{"floor":10,"key":"Art of War"},{"floor":12,"key":"StoneCalendar"},{"floor":14,"key":"Ginger"},{"floor":24,"key":"Orichalcum"},{"floor":26,"key":"hubris:SlimyHat"},{"floor":27,"key":"Du-Vu Doll"},{"floor":29,"key":"hubris:BundleOfHerbs"},{"floor":31,"key":"Toy Ornithopter"},{"floor":40,"key":"hexamod:Sixitude"},{"floor":42,"key":"Thread and Needle"},{"floor":43,"key":"Smiling Mask"},{"floor":46,"key":"Incense Burner"},{"floor":47,"key":"MawBank"}],"event_choices":[{"damage_healed":0.0,"max_hp_gain":5.0,"max_hp_loss":0.0,"gold_gain":0.0,"event_name":"Big Fish","player_choice":"Donut","floor":2.0,"gold_loss":0.0,"damage_taken":0.0},{"cards_removed":["theMarked:AttractMetal"],"damage_healed":0.0,"max_hp_gain":0.0,"max_hp_loss":0.0,"gold_gain":0.0,"event_name":"Golden Wing","player_choice":"Card Removal","floor":5.0,"gold_loss":0.0,"damage_taken":7.0},{"damage_healed":0,"gold_gain":99,"player_choice":"Stole From Cult","damage_taken":0,"max_hp_gain":0,"max_hp_loss":0,"event_name":"Nest","floor":19,"gold_loss":0},{"damage_healed":0,"gold_gain":0,"player_choice":"Memory 1","damage_taken":0,"max_hp_gain":0,"max_hp_loss":0,"event_name":"SensoryStone","floor":36,"gold_loss":0},{"cards_removed":["theMarked:Abjuration"],"damage_healed":0,"gold_gain":0,"player_choice":"Removed Attack","damage_taken":0,"max_hp_gain":0,"max_hp_loss":0,"event_name":"Falling","floor":39,"gold_loss":0}],"is_beta":false,"boss_relics":[{"not_picked":["hubris:ScarierMask","Black Star"],"picked":"theMarked:BronzeBlade"},{"not_picked":["SacredBark","Calling Bell"],"picked":"Busted Crown"}],"items_purged_floors":[38],"is_endless":false,"potions_floor_spawned":[7,10,14,16,18,21,24,27,33,37,42,45,46],"ascension_level":0}}