{"host":"h49usdrjeju7gyhi","time":1614224452,"event":{"mods":["Act Like it!","BaseMod","Minty Spire (QoL Compilation)","Ruina","StSLib","The Animator"],"gold_per_floor":[114,128,145,165,195,195,211,211,237,237,237,287,305,321,321,412,412,447,477,477,23,42,42,42,58,58,90,90,90],"floor_reached":28,"language":"ENG","playtime":1520,"items_purged":["animator:Strike"],"score":432,"play_id":"a42014b1-7e2c-486e-902e-b745863c48cb","local_time":"20210224224052","is_ascension_mode":true,"campfire_choices":[{"data":"animator:Bozes","floor":6,"key":"SMITH"},{"data":"animator:Alexander","floor":8,"key":"SMITH"},{"data":"animator:Pride","floor":10,"key":"SMITH"},{"floor":15,"key":"REST"},{"floor":23,"key":"REST"}],"circlet_count":0,"master_deck":["AscendersBane","animator:Strike_Fate","animator:Defend_Fate","animator:Strike+1","animator:Defend","animator:Alexander+1","animator:Rider","animator:KyokoSakura+1","animator:YaoHaDucy","animator:TukaLunaMarceau","animator:Bozes+1","animator:ShinjiMatou","animator:Pride+1","animator:Bozes","animator:Archer","animator:Guren","animator:RoryMercury","animator:Arpeggio","animator:Caster","animator:Emonzaemon","animator:GuildGirl","animator:LeleiLaLalena","animator:Shinoa","animator:SakuraMatou","animator:Jibril"],"relics":["animator:LivingPicture","animator:TheMissingPiece","animator:PurgingStone","Whetstone","Golden Idol","animator:RacePiece","Gambling Chip","Thread and Needle"],"acts_visited":["Exordium","TheCity"],"potions_floor_usage":[7,16,18,19],"damage_taken":[{"damage":19,"enemies":"Cultist","floor":1,"turns":6},{"damage":8,"enemies":"Small Slimes","floor":2,"turns":5},{"damage":7,"enemies":"Jaw Worm","floor":3,"turns":3},{"damage":6,"enemies":"Lots of Slimes","floor":4,"turns":4},{"damage":0,"enemies":"Blue Slaver","floor":5,"turns":6},{"damage":0,"enemies":"Gremlin Gang","floor":7,"turns":2},{"damage":0,"enemies":"Large Slime","floor":13,"turns":5},{"damage":8,"enemies":"Blue Slaver","floor":14,"turns":4},{"damage":13,"enemies":"Hexaghost","floor":16,"turns":8},{"damage":17,"enemies":"Shell Parasite","floor":18,"turns":4},{"damage":23,"enemies":"Chosen","floor":19,"turns":4},{"damage":5,"enemies":"Snake Plant","floor":22,"turns":3},{"damage":16,"enemies":"Sentry and Sphere","floor":25,"turns":5},{"damage":0,"enemies":"Snecko","floor":27,"turns":4},{"damage":12,"enemies":"Cultist and Chosen","floor":28,"turns":5}],"seed_played":"-6897838578008389777","potions_obtained":[{"floor":4,"key":"Explosive Potion"},{"floor":5,"key":"SneckoOil"},{"floor":7,"key":"Strength Potion"},{"floor":16,"key":"animator:FalseLifePotion"},{"floor":25,"key":"DuplicationPotion"}],"is_trial":false,"path_per_floor":["M","M","M","M","M","R","M","R","T","R","?","?","M","M","R","B",null,"M","M","?","$","M","R","$","M","T","M","M"],"character_chosen":"THE_ANIMATOR","items_purchased":["animator:LeleiLaLalena","Gambling Chip"],"campfire_rested":2,"item_purchase_floors":[21,21],"current_hp_per_floor":[41,33,26,20,20,20,20,20,20,20,20,20,20,13,31,18,50,33,10,10,10,5,23,23,8,8,8,0,0],"gold":90,"neow_bonus":"TEN_PERCENT_HP_BONUS","is_daily":false,"chose_seed":false,"campfire_upgraded":3,"win_rate":0.0,"timestamp":1614224452,"path_taken":["M","M","M","M","?","R","M","R","T","R","?","?","?","M","R","BOSS","M","M","?","$","M","R","$","?","T","M","M"],"items_purchased_type":["Card","Relic"],"build_version":"2020-12-22","purchased_purges":1,"victory":false,"max_hp_per_floor":[66,66,66,66,66,66,66,66,66,66,60,60,60,61,61,61,61,61,61,61,61,61,61,61,62,62,62,62,62],"card_choices":[{"not_picked":["animator:Jibril","animator:DolaStephanie"],"picked":"animator:KyokoSakura","floor":1},{"not_picked":["animator:HighElfArcher","animator:ShinjiMatou"],"picked":"animator:YaoHaDucy","floor":2},{"not_picked":["animator:YaoHaDucy","animator:YachiyoNanami"],"picked":"animator:TukaLunaMarceau","floor":3},{"not_picked":["animator:Tyuule","animator:Kuribayashi"],"picked":"animator:Bozes","floor":4},{"not_picked":["animator:Mikaela","animator:Yuuichirou"],"picked":"animator:ShinjiMatou","floor":5},{"not_picked":["animator:Rider","animator:Assassin"],"picked":"animator:Pride","floor":7},{"not_picked":["animator:SayakaMiki","animator:Aqua"],"picked":"animator:Bozes","floor":13},{"not_picked":["animator:Caster","animator:ShinjiMatou"],"picked":"animator:Archer","floor":14},{"not_picked":["animator:SwordMaiden","animator:Biyorigo"],"picked":"animator:Guren","floor":16},{"not_picked":["animator:Nanami","animator:Chris"],"picked":"animator:Caster","floor":18},{"not_picked":["animator:Darkness","animator:Chris"],"picked":"animator:Emonzaemon","floor":19},{"not_picked":["animator:Togame","animator:DolaCouronne"],"picked":"animator:Shinoa","floor":22},{"not_picked":["animator:ShinjiMatou","animator:Assassin"],"picked":"animator:SakuraMatou","floor":25},{"not_picked":["animator:DolaStephanie","animator:Rider"],"picked":"animator:Jibril","floor":27}],"player_experience":1605846,"relics_obtained":[{"floor":9,"key":"Whetstone"},{"floor":26,"key":"Thread and Needle"}],"event_choices":[{"damage_healed":0,"gold_gain":0,"player_choice":"Lose Max HP","damage_taken":0,"relics_obtained":["Golden Idol"],"max_hp_gain":0,"max_hp_loss":6,"event_name":"Golden Idol","floor":11,"gold_loss":0},{"damage_healed":0,"gold_gain":50,"player_choice":"Pray","damage_taken":0,"max_hp_gain":0,"max_hp_loss":0,"event_name":"Golden Shrine","floor":12,"gold_loss":0},{"damage_healed":0,"gold_gain":0,"cards_transformed":["animator:Kuribayashi"],"player_choice":"Transformed","damage_taken":0,"max_hp_gain":0,"max_hp_loss":0,"event_name":"Transmorgrifier","floor":20,"gold_loss":0,"cards_obtained":["animator:GuildGirl"]}],"is_beta":false,"boss_relics":[{"not_picked":["Velvet Choker","animator:CrumblingOrb"],"picked":"animator:RacePiece"}],"items_purged_floors":[21],"is_endless":false,"potions_floor_spawned":[4,5,7,16,25],"killed_by":"Cultist and Chosen","ascension_level":20}}