{"host":"xa0kvhbb1ful01xu","time":1614293491,"event":{"mods":["BaseMod","BetterRewards","Custom Start","Downfall","Hubris","Marisa????????","Minty Spire (QoL Compilation)","READ ME - Snecko Mod","StSLib"],"gold_per_floor":[99,116,116,136,153,167,191,191,208,208,226,240,240,259,269,369,369,369,388,402,417,417,437,437,457,457,490,490,504,520,537,553,654,704,404,420,440,122,138,138,138,138,138,152,152,186,186,186,198,198,198,230,139,139,139,139],"floor_reached":57,"language":"POL","playtime":9029,"items_purged":[],"score":1205,"play_id":"119e80cd-39d0-4ab4-bb16-a6243e6df94b","local_time":"20210225235131","is_ascension_mode":false,"campfire_choices":[{"floor":1,"key":"RECALL"},{"data":"Guardian:PrismaticBarrier","floor":26,"key":"SMITH"},{"data":"Guardian:FloatingOrbs","floor":35,"key":"SMITH"},{"data":"Guardian:FloatingOrbs","floor":40,"key":"SMITH"},{"data":"expansioncontent:Hexaburn","floor":42,"key":"SMITH"},{"data":"Guardian:ShieldCharger","floor":45,"key":"SMITH"},{"data":"Guardian:DonusPower","floor":47,"key":"SMITH"},{"data":"Guardian:PrismaticBeam","floor":54,"key":"SMITH"}],"circlet_count":0,"master_deck":["Guardian:Strike_Guardian","Guardian:Strike_Guardian","Guardian:Strike_Guardian+1","Guardian:Strike_Guardian","Guardian:Defend_Guardian","Guardian:Defend_Guardian+1","Guardian:Defend_Guardian","Guardian:Defend_Guardian","Guardian:CurlUp","Guardian:TwinSlam+1","Guardian:ShieldCharger+1","Guardian:FloatingOrbs+1","Guardian:StasisField+1","Guardian:PrismaticBarrier+1","Guardian:Reroute","Guardian:DonusPower+1","Guardian:BronzeArmor","Guardian:Gem_Red","Guardian:ArmoredProtocol+1","Guardian:TemporalShield+1","Guardian:PrimingBeam","Guardian:FloatingOrbs+1","Guardian:Gem_Yellow","Guardian:GuardianWhirl","Guardian:ChargeCore","Guardian:FloatingOrbs+1","Guardian:RollAttack","Guardian:ArmoredProtocol+1","expansioncontent:Hexaburn+1","Guardian:WalkerClaw+1","Parasite","Guardian:BronzeOrb+1","Guardian:RollAttack+1","Guardian:PrismaticBeam+1","Guardian:TimeCapacitor","Guardian:Gem_Cyan","Guardian:Gem_Crimson"],"relics":["Guardian:ModeShifter","Busted Crown","Blood Vial","Slimebound:StickyStick","Tiny House","downfall:HeartBlessingRed","downfall:HeartBlessingGreen","downfall:HeartBlessingBlue","Mummified Hand","hubris:Potato","Medical Kit","Darkstone Periapt","hubris:FunFungus","Spirit Poop","Boot","Guardian:SackOfGems","Toolbox"],"acts_visited":["Exordium","TheCity","TheBeyond","TheEnding"],"potions_floor_usage":[16,16,25,30,33,38,39,46,50,52,56],"damage_taken":[{"damage":0,"enemies":"Small Slimes","floor":2,"turns":3},{"damage":6,"enemies":"Cultist","floor":4,"turns":5},{"damage":5,"enemies":"Jaw Worm","floor":5,"turns":5},{"damage":11,"enemies":"Blue Slaver","floor":6,"turns":5},{"damage":1,"enemies":"Large Slime","floor":9,"turns":7},{"damage":3,"enemies":"Red Slaver","floor":11,"turns":6},{"damage":6,"enemies":"Exordium Wildlife","floor":12,"turns":5},{"damage":14,"enemies":"Gremlin Gang","floor":14,"turns":5},{"damage":7,"enemies":"3 Louse","floor":15,"turns":4},{"damage":30,"enemies":"WA_ARCHETYPE_RETAIN","floor":16,"turns":8},{"damage":7,"enemies":"downfall:LooterAlt2","floor":19,"turns":6},{"damage":5,"enemies":"Chosen","floor":20,"turns":5},{"damage":15,"enemies":"Centurion and Healer","floor":21,"turns":8},{"damage":14,"enemies":"Snake Plant","floor":23,"turns":5},{"damage":7,"enemies":"3 Cultists","floor":25,"turns":6},{"damage":17,"enemies":"Slavers","floor":27,"turns":8},{"damage":17,"enemies":"Shelled Parasite and Fungi","floor":29,"turns":7},{"damage":5,"enemies":"Cultist and Chosen","floor":30,"turns":7},{"damage":8,"enemies":"Centurion and Healer","floor":31,"turns":8},{"damage":4,"enemies":"Snecko","floor":32,"turns":4},{"damage":25,"enemies":"DF_ARCHETYPE_CLAW","floor":33,"turns":10},{"damage":9,"enemies":"3 Shapes","floor":36,"turns":4},{"damage":7,"enemies":"Orb Walker","floor":37,"turns":4},{"damage":10,"enemies":"downfall:FleeingMerchant","floor":38,"turns":4},{"damage":38,"enemies":"Transient","floor":39,"turns":5},{"damage":0,"enemies":"Writhing Mass","floor":44,"turns":6},{"damage":39,"enemies":"Nemesis","floor":46,"turns":4},{"damage":13,"enemies":"Jaw Worm Horde","floor":49,"turns":5},{"damage":86,"enemies":"IC_BLOCK_ARCHETYPE","floor":50,"turns":10},{"damage":33,"enemies":"downfall:CharBossMerchant","floor":52,"turns":10},{"damage":121,"enemies":"downfall:NeowBoss","floor":55,"turns":27},{"damage":126,"enemies":"downfall:NeowBossFinal","floor":56,"turns":15}],"seed_played":"-7901644673308527646","potions_obtained":[{"floor":2,"key":"SkillPotion"},{"floor":6,"key":"champ:CounterPotion"},{"floor":9,"key":"Guardian:DefensiveModePotion"},{"floor":21,"key":"SkillPotion"},{"floor":22,"key":"LiquidMemories"},{"floor":22,"key":"Fire Potion"},{"floor":22,"key":"Slimebound:ThreeZeroPotion"},{"floor":25,"key":"sneckomod:MuddlingPotion"},{"floor":31,"key":"SpeedPotion"},{"floor":33,"key":"Guardian:StasisDiscoveryPotion"},{"floor":36,"key":"BlessingOfTheForge"},{"floor":39,"key":"SteroidPotion"},{"floor":49,"key":"DistilledChaos"},{"floor":52,"key":"SteroidPotion"}],"is_trial":false,"path_per_floor":["R","M","?","M","M","M","T","?","M","?","M","M","R","M","M","B",null,"R","M","M","M","?","M","T","M","R","E","?","M","M","M","M","B",null,"R","M","M","$","M","R","T","R","?","M","R","E","R","?","M","B",null,"E","$","R","B","B",null],"character_chosen":"GUARDIAN","items_purchased":["expansioncontent:Hexaburn","Mummified Hand","hubris:Potato","Medical Kit","Guardian:PrismaticBeam","Guardian:TimeCapacitor","Guardian:SackOfGems","Toolbox"],"campfire_rested":0,"item_purchase_floors":[38,38,38,38,53,53,53,53],"current_hp_per_floor":[88,88,88,82,77,66,66,48,87,87,84,78,78,64,57,27,88,88,81,76,61,61,47,47,42,42,67,67,52,49,43,41,58,93,103,94,89,81,45,45,45,45,45,53,53,96,96,96,89,54,109,78,78,78,15,54],"gold":139,"neow_bonus":"TEN_PERCENT_HP_BONUS","is_daily":false,"chose_seed":false,"campfire_upgraded":7,"win_rate":0.0,"timestamp":1614293491,"path_taken":["R","M","?","M","?","M","T","?","M","?","M","M","R","M","M","BOSS","R","M","M","M","?","M","T","?","R","E","?","M","?","M","M","BOSS","R","M","M","$","M","R","T","R","?","M","R","E","R","?","M","BOSS","E","$","R","BOSS","BOSS"],"items_purchased_type":["Card","Relic","Relic","Relic","Card","Card","Relic","Relic"],"build_version":"2020-12-22","purchased_purges":0,"victory":true,"max_hp_per_floor":[88,88,88,88,88,88,88,88,88,88,88,88,88,88,88,88,88,88,88,88,88,88,88,88,88,88,88,88,88,88,88,88,88,93,103,103,103,103,103,103,103,103,103,109,109,109,109,109,109,109,109,109,109,109,109,109],"card_choices":[{"not_picked":["Guardian:SpikerProtocol","Guardian:Recover"],"picked":"Guardian:ShieldCharger","floor":2},{"not_picked":["Guardian:RollAttack","Guardian:RefractedBeam"],"picked":"Guardian:FloatingOrbs","floor":4},{"not_picked":["Guardian:VentSteam","Guardian:TemporalStrike"],"picked":"Guardian:Gem_Red","floor":5},{"not_picked":["Guardian:PiercingHide","Guardian:ChargeCore"],"picked":"Guardian:StasisField","floor":6},{"not_picked":["Guardian:ShieldCharger","Guardian:Gem_Cyan"],"picked":"Guardian:PrismaticBarrier","floor":9},{"not_picked":["Guardian:VentSteam","Guardian:TemporalShield"],"picked":"Guardian:Reroute","floor":11},{"not_picked":["Guardian:EvasiveProtocol","Guardian:ConstructionForm"],"picked":"Guardian:DonusPower","floor":12},{"not_picked":["Guardian:MultiBeam","Guardian:WalkerClaw"],"picked":"Guardian:BronzeArmor","floor":14},{"not_picked":["Guardian:PiercingHide","Guardian:Gem_Cyan"],"picked":"Guardian:Gem_Green","floor":15},{"not_picked":["Guardian:StasisField","Guardian:BaubleBeam"],"picked":"Guardian:Gem_Synthetic","floor":16},{"not_picked":[],"picked":"Guardian:Gem_Red","floor":19},{"not_picked":[],"picked":"Guardian:Gem_Red","floor":20},{"not_picked":[],"picked":"Guardian:ArmoredProtocol+1","floor":21},{"not_picked":[],"picked":"Guardian:Gem_Red","floor":23},{"not_picked":[],"picked":"Guardian:TemporalShield+1","floor":25},{"not_picked":[],"picked":"Guardian:PrimingBeam","floor":27},{"not_picked":[],"picked":"Guardian:FloatingOrbs","floor":29},{"not_picked":[],"picked":"Guardian:Gem_Yellow","floor":30},{"not_picked":[],"picked":"Guardian:GuardianWhirl","floor":31},{"not_picked":[],"picked":"Guardian:ChargeCore","floor":32},{"not_picked":[],"picked":"Guardian:Gem_Orange","floor":33},{"not_picked":[],"picked":"Guardian:FloatingOrbs","floor":34},{"not_picked":[],"picked":"Guardian:RollAttack","floor":36},{"not_picked":[],"picked":"Guardian:ArmoredProtocol+1","floor":37},{"not_picked":["Guardian:Harden+1"],"picked":"SKIP","floor":38},{"not_picked":[],"picked":"Guardian:WalkerClaw+1","floor":39},{"not_picked":["Guardian:FloatingOrbs"],"picked":"SKIP","floor":44},{"not_picked":["Guardian:Gem_Green"],"picked":"SKIP","floor":46},{"not_picked":[],"picked":"Guardian:BronzeOrb+1","floor":49},{"not_picked":[],"picked":"Guardian:RollAttack+1","floor":52}],"player_experience":140449,"relics_obtained":[{"floor":24,"key":"Blood Vial"},{"floor":27,"key":"Slimebound:StickyStick"},{"floor":41,"key":"Darkstone Periapt"},{"floor":46,"key":"hubris:FunFungus"},{"floor":52,"key":"Boot"}],"event_choices":[{"damage_healed":0,"gold_gain":0,"player_choice":"Success","damage_taken":18,"relics_obtained":["Guardian:PickAxe"],"max_hp_gain":0,"max_hp_loss":0,"event_name":"Scrap Ooze","floor":8,"gold_loss":0},{"cards_removed":["downfall:Malfunctioning"],"damage_healed":0,"gold_gain":0,"player_choice":"Offered Curse","damage_taken":0,"relics_obtained":["Spirit Poop"],"max_hp_gain":0,"max_hp_loss":0,"event_name":"Bonfire Elementals","floor":48,"gold_loss":0}],"is_beta":false,"boss_relics":[{"not_picked":["hubris:ScarierMask","expansioncontent:StudyCardRelic"],"picked":"Busted Crown"},{"not_picked":["Calling Bell","hubris:Backtick"],"picked":"Tiny House"}],"items_purged_floors":[],"is_endless":false,"potions_floor_spawned":[2,6,9,11,21,23,25,31,33,36,39,49,52],"ascension_level":0}}