{"host":"gfybn4j1d26rvz5e","time":1614226157,"event":{"mods":["BaseMod","Better Altar","Better Match","Better Note","Better Sensory Stone","Better Skull","Better Third Choice","BetterRewards","Highlight Path","Minty Spire (QoL Compilation)","Random Character Button","Relic Stats","StSLib"],"gold_per_floor":[118,393,188,198,218,218,318,352,429,441,488,503,503,537,537,638,638,650,650,731,751,152,152,163,198,198,198,198,6,31,48,48,48,48],"floor_reached":33,"language":"ENG","playtime":1933,"items_purged":["Regret","Strike_B"],"score":615,"play_id":"2c8f6534-6603-4f85-8177-06584d1ae148","local_time":"20210224220917","is_ascension_mode":true,"campfire_choices":[{"data":"Zap","floor":6,"key":"SMITH"},{"floor":13,"key":"REST"},{"floor":15,"key":"REST"},{"floor":23,"key":"REST"},{"data":"Dramatic Entrance","floor":27,"key":"SMITH"},{"floor":32,"key":"REST"}],"circlet_count":0,"master_deck":["AscendersBane","Strike_B","Strike_B","Strike_B","Defend_B","Defend_B","Defend_B","Defend_B","Zap+1","Dualcast","Ball Lightning","Leap","Dramatic Entrance+1","Hologram+1","Doom and Gloom","Echo Form","Leap+1","Electrodynamics","Conserve Battery","Self Repair","Consume","Barrage"],"relics":["Cracked Core","Dead Branch","Tiny Chest","Kunai","Toy Ornithopter","Question Card","Busted Crown","MutagenicStrength","Sundial","War Paint","Centennial Puzzle","Runic Capacitor","Boot","Bottled Lightning","NlothsMask","Membership Card","Mercury Hourglass"],"acts_visited":["Exordium","TheCity"],"potions_floor_usage":[8,25,30,33,33,33],"damage_taken":[{"damage":3,"enemies":"2 Louse","floor":1,"turns":2},{"damage":1,"enemies":"Cultist","floor":4,"turns":3},{"damage":2,"enemies":"Jaw Worm","floor":5,"turns":2},{"damage":35,"enemies":"Lagavulin","floor":8,"turns":7},{"damage":4,"enemies":"Large Slime","floor":10,"turns":4},{"damage":7,"enemies":"2 Fungi Beasts","floor":12,"turns":3},{"damage":14,"enemies":"3 Sentries","floor":14,"turns":4},{"damage":25,"enemies":"Hexaghost","floor":16,"turns":8},{"damage":16,"enemies":"2 Thieves","floor":18,"turns":3},{"damage":12,"enemies":"3 Byrds","floor":21,"turns":4},{"damage":12,"enemies":"Snake Plant","floor":24,"turns":5},{"damage":9,"enemies":"Gremlin Leader","floor":25,"turns":6},{"damage":32,"enemies":"Book of Stabbing","floor":30,"turns":5},{"damage":10,"enemies":"Snecko","floor":31,"turns":5},{"damage":83,"enemies":"Champ","floor":33,"turns":8}],"seed_played":"-1762922222753078509","potions_obtained":[{"floor":1,"key":"DuplicationPotion"},{"floor":8,"key":"CultistPotion"},{"floor":12,"key":"SteroidPotion"},{"floor":14,"key":"GamblersBrew"},{"floor":25,"key":"Block Potion"},{"floor":31,"key":"Weak Potion"}],"is_trial":false,"path_per_floor":["M","?","$","M","M","R","?","E","T","M","T","M","R","E","R","B",null,"M","?","T","M","$","R","M","E","T","R","?","$","E","M","R","B"],"character_chosen":"DEFECT","items_purchased":["Leap","Dramatic Entrance","War Paint","Centennial Puzzle","Runic Capacitor","Explosive Potion","Membership Card","Consume"],"campfire_rested":4,"item_purchase_floors":[3,3,22,22,22,22,29,29],"current_hp_per_floor":[65,65,65,64,62,62,62,27,27,23,23,16,38,24,46,21,62,46,46,46,34,34,56,44,47,47,47,47,47,27,24,46,0,0],"gold":48,"neow_bonus":"","is_daily":false,"chose_seed":false,"campfire_upgraded":2,"win_rate":0.0,"timestamp":1614226157,"path_taken":["M","?","$","?","?","R","?","E","T","?","?","M","R","E","R","BOSS","M","?","?","M","$","R","M","E","T","R","?","$","E","M","R","BOSS"],"items_purchased_type":["Card","Card","Relic","Relic","Relic","Potion","Relic","Card"],"build_version":"2020-12-22","purchased_purges":2,"victory":false,"max_hp_per_floor":[75,75,75,75,75,75,75,75,75,75,75,75,75,75,75,75,75,75,75,75,75,75,75,75,75,75,75,75,75,75,75,75,75,75],"relic_stats":{"counters":[91,391],"Dead Branch":[37],"War Paint":["Forethought","Defend_B","Leap","Hologram"],"Question Card":7,"Boot":[3],"Mercury Hourglass":[39],"Centennial Puzzle":[15],"Busted Crown":12,"Sundial":[4],"Tiny Chest":1,"Kunai":[7],"obtain_stats":[{"Ice Cream":0,"HoveringKite":34,"Runic Capacitor":22,"Whetstone":11,"Boot":43,"Sozu":17,"Centennial Puzzle":11,"FaceOfCleric":3,"Sundial":28,"Prayer Wheel":47,"Kunai":9,"Pear":9,"Happy Flower":9,"Dead Branch":0,"Eternal Feather":9,"Letter Opener":25,"War Paint":7,"Question Card":14,"SlaversCollar":34,"Bird Faced Urn":7,"Bronze Scales":26,"MutagenicStrength":19,"Snecko Eye":17,"Symbiotic Virus":24,"NlothsMask":28,"Regal Pillow":46,"Enchiridion":29,"StoneCalendar":0,"Juzu Bracelet":26,"Bag of Preparation":0,"Smiling Mask":10,"Ancient Tea Set":42,"Dream Catcher":25,"Matryoshka":28,"Ninja Scroll":23,"Tiny Chest":8,"Cracked Core":0,"InkBottle":7,"Ring of the Snake":0,"Potion Belt":9,"The Specimen":26,"PreservedInsect":9,"MawBank":43,"Mercury Hourglass":46,"DataDisk":12,"Busted Crown":17,"Art of War":43,"Bag of Marbles":40,"Bottled Lightning":21,"Membership Card":29,"Toy Ornithopter":8},{"Ice Cream":0,"HoveringKite":15,"Runic Capacitor":86,"Whetstone":72,"Boot":18,"Sozu":6,"Centennial Puzzle":28,"FaceOfCleric":49,"Sundial":58,"Prayer Wheel":19,"Kunai":80,"Pear":50,"Happy Flower":50,"Dead Branch":76,"Eternal Feather":72,"Letter Opener":12,"War Paint":72,"Question Card":83,"SlaversCollar":61,"Bird Faced Urn":43,"Bronze Scales":57,"MutagenicStrength":85,"Snecko Eye":32,"Symbiotic Virus":56,"NlothsMask":88,"Regal Pillow":18,"Enchiridion":13,"StoneCalendar":70,"Juzu Bracelet":36,"Bag of Preparation":70,"Smiling Mask":44,"Ancient Tea Set":67,"Dream Catcher":36,"Matryoshka":13,"Ninja Scroll":10,"Tiny Chest":80,"Cracked Core":0,"InkBottle":2,"Ring of the Snake":0,"Potion Belt":3,"The Specimen":12,"PreservedInsect":27,"MawBank":67,"Mercury Hourglass":18,"DataDisk":52,"Busted Crown":53,"Art of War":18,"Bag of Marbles":66,"Bottled Lightning":34,"Membership Card":88,"Toy Ornithopter":27},{"Ice Cream":0,"HoveringKite":69,"Runic Capacitor":362,"Whetstone":306,"Boot":81,"Sozu":25,"Centennial Puzzle":126,"FaceOfCleric":206,"Sundial":241,"Prayer Wheel":85,"Kunai":336,"Pear":210,"Happy Flower":210,"Dead Branch":322,"Eternal Feather":306,"Letter Opener":52,"War Paint":306,"Question Card":347,"SlaversCollar":258,"Bird Faced Urn":183,"Bronze Scales":237,"MutagenicStrength":358,"Snecko Eye":144,"Symbiotic Virus":234,"NlothsMask":373,"Regal Pillow":81,"Enchiridion":56,"StoneCalendar":296,"Juzu Bracelet":158,"Bag of Preparation":296,"Smiling Mask":188,"Ancient Tea Set":285,"Dream Catcher":158,"Matryoshka":56,"Ninja Scroll":42,"Tiny Chest":336,"Cracked Core":0,"InkBottle":11,"Ring of the Snake":0,"Potion Belt":13,"The Specimen":52,"PreservedInsect":122,"MawBank":285,"Mercury Hourglass":81,"DataDisk":217,"Busted Crown":223,"Art of War":81,"Bag of Marbles":281,"Bottled Lightning":151,"Membership Card":373,"Toy Ornithopter":122}],"Toy Ornithopter":25},"card_choices":[{"not_picked":["Stack","Glacier"],"picked":"Ball Lightning","floor":1},{"not_picked":["Gash","FTL"],"picked":"Hologram","floor":4},{"not_picked":["Hologram","Skim","Turbo"],"picked":"SKIP","floor":5},{"not_picked":["Darkness","Go for the Eyes"],"picked":"Doom and Gloom","floor":8},{"not_picked":["Sunder","Rebound"],"picked":"Echo Form","floor":10},{"not_picked":["Recycle","Turbo"],"picked":"Leap","floor":12},{"not_picked":["Compile Driver","Leap","Reprogram"],"picked":"SKIP","floor":14},{"not_picked":["All For One","Machine Learning","Thunder Strike"],"picked":"Electrodynamics","floor":16},{"not_picked":["Beam Cell"],"picked":"Conserve Battery","floor":18},{"not_picked":["Ball Lightning","Streamline"],"picked":"SKIP","floor":21},{"not_picked":["Turbo+1"],"picked":"Self Repair","floor":24},{"not_picked":["Melter","Capacitor"],"picked":"SKIP","floor":25},{"not_picked":["Force Field"],"picked":"Barrage","floor":30},{"not_picked":["Genetic Algorithm","Blizzard"],"picked":"SKIP","floor":31}],"player_experience":683930,"relics_obtained":[{"floor":8,"key":"Tiny Chest"},{"floor":9,"key":"Kunai"},{"floor":11,"key":"Toy Ornithopter"},{"floor":14,"key":"Question Card"},{"floor":20,"key":"Sundial"},{"floor":25,"key":"Boot"},{"floor":26,"key":"Bottled Lightning"},{"floor":30,"key":"Mercury Hourglass"}],"event_choices":[{"damage_healed":0,"gold_gain":275,"player_choice":"Desecrate","damage_taken":0,"max_hp_gain":0,"max_hp_loss":0,"event_name":"Golden Shrine","floor":2,"gold_loss":0,"cards_obtained":["Regret"]},{"damage_healed":0,"gold_gain":100,"player_choice":"Gold","damage_taken":0,"max_hp_gain":0,"max_hp_loss":0,"event_name":"Wheel of Change","floor":7,"gold_loss":0},{"damage_healed":0,"gold_gain":0,"player_choice":"Inject Mutagens","damage_taken":0,"relics_obtained":["MutagenicStrength"],"max_hp_gain":0,"max_hp_loss":0,"event_name":"Drug Dealer","floor":19,"gold_loss":0},{"damage_healed":0,"gold_gain":0,"player_choice":"Trade","damage_taken":0,"relics_obtained":["NlothsMask"],"max_hp_gain":0,"max_hp_loss":0,"event_name":"FaceTrader","floor":28,"gold_loss":0}],"is_beta":false,"boss_relics":[{"not_picked":["Tiny House","Nuclear Battery"],"picked":"Busted Crown"}],"items_purged_floors":[3,22],"is_endless":false,"potions_floor_spawned":[1,8,12,14,16,18,25,31],"killed_by":"Champ","ascension_level":10}}