{"host":"fuszjwm6fqgjjp4d","time":1614227018,"event":{"mods":["BaseMod","Colored Map","Minty Spire (QoL Compilation)","Permanent Neow","Relic Sorter","Relic Stats","StSLib"],"gold_per_floor":[112,112,127,34,52,52,70,99,99,132,144,144,144,172,172,250,250,266,277,289,289,43,43,43],"floor_reached":23,"language":"ENG","playtime":532,"items_purged":["Pain"],"score":472,"play_id":"73b7a83f-ced2-4457-97c0-70242cca7ed6","local_time":"20210224222338","is_ascension_mode":true,"campfire_choices":[{"data":"Eruption","floor":6.0,"key":"SMITH"},{"data":"Ragnarok","floor":12.0,"key":"SMITH"},{"floor":15.0,"key":"REST"}],"circlet_count":0,"master_deck":["AscendersBane","Strike_P","Strike_P","Strike_P","Strike_P","Defend_P","Defend_P","Defend_P","Defend_P","Eruption+1","Vigilance","CutThroughFate","Sanctity","FlyingSleeves","Weave","CrushJoints","Ragnarok+1","Consecrate","Protect","Prostrate","Tantrum","Devotion","EmptyFist","FollowUp","CutThroughFate","Writhe"],"relics":["PureWater","Regal Pillow","Peace Pipe","Dead Branch","Bottled Flame","WarpedTongs","Lantern","SlaversCollar","Juzu Bracelet","Akabeko"],"acts_visited":["Exordium","TheCity"],"potions_floor_usage":[],"damage_taken":[{"damage":5.0,"enemies":"2 Louse","floor":1.0,"turns":3.0},{"damage":2.0,"enemies":"Cultist","floor":3.0,"turns":3.0},{"damage":0.0,"enemies":"Small Slimes","floor":5.0,"turns":2.0},{"damage":0.0,"enemies":"Exordium Thugs","floor":7.0,"turns":2.0},{"damage":0.0,"enemies":"Gremlin Nob","floor":8.0,"turns":2.0},{"damage":35.0,"enemies":"Lagavulin","floor":10.0,"turns":5.0},{"damage":0.0,"enemies":"Blue Slaver","floor":11.0,"turns":1.0},{"damage":15.0,"enemies":"3 Sentries","floor":14.0,"turns":5.0},{"damage":16.0,"enemies":"The Guardian","floor":16.0,"turns":7.0},{"damage":3.0,"enemies":"Chosen","floor":18.0,"turns":4.0},{"damage":18.0,"enemies":"2 Thieves","floor":19.0,"turns":2.0},{"damage":29.0,"enemies":"3 Cultists","floor":20.0,"turns":5.0},{"damage":24,"enemies":"Book of Stabbing","floor":23,"turns":1}],"seed_played":"-7798972032215129824","potions_obtained":[{"floor":3.0,"key":"Regen Potion"},{"floor":10.0,"key":"Swift Potion"}],"is_trial":false,"path_per_floor":["M","?","M","$","M","R","M","E","T","E","M","R","?","E","R","B",null,"M","M","M","?","$","E"],"character_chosen":"WATCHER","items_purchased":["Weave","SteroidPotion","Akabeko"],"campfire_rested":1,"item_purchase_floors":[4,4,22],"current_hp_per_floor":[56,56,54,54,54,54,54,54,54,33,33,33,33,18,53,37,60,57,39,10,10,10,0,0],"gold":43,"neow_bonus":"RANDOM_COMMON_RELIC","is_daily":false,"chose_seed":false,"campfire_upgraded":2,"win_rate":0.0,"timestamp":1614227018,"path_taken":["M","?","M","$","M","R","M","E","T","E","?","R","?","E","R","BOSS","M","M","M","?","$","E"],"items_purchased_type":["Card","Potion","Relic"],"build_version":"2020-12-22","purchased_purges":1,"victory":false,"max_hp_per_floor":[68,68,68,68,68,68,68,68,68,68,68,68,68,68,68,68,68,68,68,68,68,68,68,68],"relic_stats":{"Peace Pipe":0,"Regal Pillow":15,"counters":[13,42],"Dead Branch":[15],"Juzu Bracelet":0,"obtain_stats":[{"Peace Pipe":8,"SlaversCollar":17,"Regal Pillow":0,"Bottled Flame":10,"Lantern":14,"Dead Branch":9,"Juzu Bracelet":21,"PureWater":0,"Akabeko":22,"WarpedTongs":13},{"Peace Pipe":5,"SlaversCollar":9,"Regal Pillow":0,"Bottled Flame":6,"Lantern":8,"Dead Branch":5,"Juzu Bracelet":12,"PureWater":0,"Akabeko":12,"WarpedTongs":7},{"Peace Pipe":12,"SlaversCollar":30,"Regal Pillow":0,"Bottled Flame":17,"Lantern":23,"Dead Branch":12,"Juzu Bracelet":41,"PureWater":0,"Akabeko":41,"WarpedTongs":18}],"WarpedTongs":[24]},"card_choices":[{"not_picked":["Prostrate","FlyingSleeves"],"picked":"CutThroughFate","floor":1.0},{"not_picked":["FlurryOfBlows","BowlingBash"],"picked":"FlyingSleeves","floor":3.0},{"not_picked":["Halt","JustLucky"],"picked":"CrushJoints","floor":5.0},{"not_picked":["SashWhip","FlurryOfBlows"],"picked":"Ragnarok","floor":7.0},{"not_picked":["ClearTheMind","BowlingBash"],"picked":"Consecrate","floor":8.0},{"not_picked":["Collect","WreathOfFlame"],"picked":"Protect","floor":10.0},{"not_picked":["CrushJoints","Brilliance"],"picked":"Prostrate","floor":11.0},{"not_picked":["Collect","CutThroughFate"],"picked":"Tantrum","floor":14.0},{"not_picked":["ConjureBlade","Scrawl"],"picked":"Devotion","floor":16.0},{"not_picked":["EmptyBody","Halt"],"picked":"EmptyFist","floor":18.0},{"not_picked":["Consecrate+1","BattleHymn"],"picked":"FollowUp","floor":19.0},{"not_picked":["DeceiveReality","Prostrate"],"picked":"CutThroughFate","floor":20.0}],"player_experience":1538883,"relics_obtained":[{"floor":8.0,"key":"Peace Pipe"},{"floor":9.0,"key":"Dead Branch"},{"floor":10.0,"key":"Bottled Flame"},{"floor":14.0,"key":"Lantern"}],"event_choices":[{"damage_healed":0.0,"max_hp_gain":0.0,"max_hp_loss":0.0,"gold_gain":0.0,"event_name":"Match and Keep!","player_choice":"1 cards matched","floor":2.0,"gold_loss":0.0,"damage_taken":0.0,"cards_obtained":["Sanctity"]},{"damage_healed":0.0,"max_hp_gain":0.0,"max_hp_loss":0.0,"gold_gain":0.0,"event_name":"Accursed Blacksmith","player_choice":"Rummage","floor":13.0,"gold_loss":0.0,"damage_taken":0.0,"relics_obtained":["WarpedTongs"],"cards_obtained":["Pain"]},{"damage_healed":0.0,"max_hp_gain":0.0,"max_hp_loss":0.0,"gold_gain":0.0,"event_name":"The Mausoleum","player_choice":"Opened","floor":21.0,"gold_loss":0.0,"damage_taken":0.0,"relics_obtained":["Juzu Bracelet"],"cards_obtained":["Writhe"]}],"is_beta":false,"boss_relics":[{"not_picked":["Black Star","Velvet Choker"],"picked":"SlaversCollar"}],"items_purged_floors":[22],"is_endless":false,"potions_floor_spawned":[3,7,10],"killed_by":"Book of Stabbing","ascension_level":20}}