{"host":"2se5dq1do2gp0x9k","time":1614238659,"event":{"mods":["AchievementEnabler","BaseMod","Block Reminder","Colored Map","Colored Powertips","Minty Spire (QoL Compilation)","Relic Stats","StSLib","SuperFastMode"],"gold_per_floor":[112,128,278,289,3,3,13,39,39,39,39,53,53,87,87,159,159,178,178,6,17,0,0,0],"floor_reached":23,"language":"ENG","playtime":559,"items_purged":["Doubt"],"score":534,"play_id":"c8b713a8-b959-4ca5-a744-46944ac6a7be","local_time":"20210224233739","is_ascension_mode":true,"campfire_choices":[{"data":"Ragnarok","floor":6.0,"key":"SMITH"},{"data":"Blasphemy","floor":10.0,"key":"SMITH"},{"data":"SandsOfTime","floor":15.0,"key":"SMITH"}],"circlet_count":0,"master_deck":["AscendersBane","Strike_P","Strike_P","Strike_P","Strike_P","Defend_P","Defend_P","Defend_P","Defend_P","Eruption","Vigilance","Indignation","FollowUp","BowlingBash","Halt","Ragnarok+1","Blasphemy+1","Tantrum","SandsOfTime+1","Establishment"],"relics":["SacredBark","Singing Bowl","Blue Candle","Philosopher\u0027s Stone","Lee\u0027s Waffle"],"acts_visited":["Exordium","TheCity"],"potions_floor_usage":[23],"damage_taken":[{"damage":1.0,"enemies":"Cultist","floor":1.0,"turns":4.0},{"damage":2.0,"enemies":"Jaw Worm","floor":2.0,"turns":4.0},{"damage":8.0,"enemies":"2 Louse","floor":4.0,"turns":3.0},{"damage":0.0,"enemies":"Large Slime","floor":7.0,"turns":3.0},{"damage":0.0,"enemies":"Lagavulin","floor":8.0,"turns":1.0},{"damage":10.0,"enemies":"Gremlin Gang","floor":12.0,"turns":2.0},{"damage":8.0,"enemies":"3 Sentries","floor":14.0,"turns":3.0},{"damage":0.0,"enemies":"Slime Boss","floor":16.0,"turns":3.0},{"damage":46.0,"enemies":"2 Thieves","floor":18.0,"turns":4.0},{"damage":0.0,"enemies":"Chosen","floor":21.0,"turns":1.0},{"damage":16,"enemies":"Slavers","floor":23,"turns":2}],"seed_played":"-3787802759894671197","potions_obtained":[{"floor":4.0,"key":"LiquidMemories"},{"floor":12.0,"key":"Swift Potion"},{"floor":14.0,"key":"BlessingOfTheForge"}],"is_trial":false,"path_per_floor":["M","M","?","M","$","R","M","E","T","R","?","M","$","E","R","B",null,"M","?","$","M","?","E"],"character_chosen":"WATCHER","items_purchased":["Halt","Ragnarok","Lee\u0027s Waffle"],"campfire_rested":0,"item_purchase_floors":[5,5,20],"current_hp_per_floor":[60,58,58,50,50,50,50,50,50,50,50,42,42,34,34,34,61,17,31,79,81,81,65,65],"gold":0,"neow_bonus":"BOSS_RELIC","is_daily":false,"chose_seed":false,"campfire_upgraded":3,"win_rate":0.0,"timestamp":1614238659,"path_taken":["M","M","?","M","$","R","M","E","T","R","?","M","$","E","R","BOSS","M","?","$","M","?","E"],"items_purchased_type":["Card","Card","Relic"],"build_version":"2020-12-22","purchased_purges":1,"victory":false,"max_hp_per_floor":[68,68,68,68,68,68,68,68,68,68,68,70,70,70,70,70,70,72,72,79,81,81,81,81],"relic_stats":{"Lee\u0027s Waffle":48,"Singing Bowl":6,"counters":[11,30],"Blue Candle":[0],"obtain_stats":[{"Lee\u0027s Waffle":20,"Singing Bowl":8,"SacredBark":0,"Blue Candle":14,"Philosopher\u0027s Stone":17,"PureWater":0},{"Lee\u0027s Waffle":9,"Singing Bowl":5,"SacredBark":0,"Blue Candle":7,"Philosopher\u0027s Stone":8,"PureWater":0},{"Lee\u0027s Waffle":27,"Singing Bowl":15,"SacredBark":0,"Blue Candle":20,"Philosopher\u0027s Stone":23,"PureWater":0}]},"card_choices":[{"not_picked":["ClearTheMind","Prostrate"],"picked":"Indignation","floor":1.0},{"not_picked":["EmptyFist","MentalFortress"],"picked":"FollowUp","floor":2.0},{"not_picked":["ClearTheMind","CrushJoints"],"picked":"BowlingBash","floor":4.0},{"not_picked":["Prostrate","Protect"],"picked":"Blasphemy","floor":7.0},{"not_picked":["SashWhip","FollowUp"],"picked":"Tantrum","floor":8.0},{"not_picked":["PathToVictory","Wallop","SashWhip"],"picked":"Singing Bowl","floor":12.0},{"not_picked":["Tantrum","BattleHymn"],"picked":"SandsOfTime","floor":14.0},{"not_picked":["DevaForm","Judgement"],"picked":"Establishment","floor":16.0},{"not_picked":["FollowUp","Wireheading","FlyingSleeves"],"picked":"Singing Bowl","floor":18.0},{"not_picked":["MentalFortress","EmptyBody","Tantrum"],"picked":"Singing Bowl","floor":21.0}],"player_experience":4151073,"relics_obtained":[{"floor":8.0,"key":"Singing Bowl"},{"floor":14.0,"key":"Blue Candle"}],"event_choices":[{"damage_healed":0.0,"max_hp_gain":0.0,"max_hp_loss":0.0,"gold_gain":150.0,"event_name":"Liars Game","player_choice":"AGREE","floor":3.0,"gold_loss":0.0,"damage_taken":0.0,"cards_obtained":["Doubt"]},{"damage_healed":0.0,"max_hp_gain":0.0,"max_hp_loss":0.0,"gold_gain":0.0,"event_name":"The Cleric","player_choice":"Leave","floor":11.0,"gold_loss":0.0,"damage_taken":0.0},{"damage_healed":14.0,"max_hp_gain":0.0,"max_hp_loss":0.0,"gold_gain":0.0,"event_name":"The Library","player_choice":"Heal","floor":19.0,"gold_loss":0.0,"damage_taken":0.0},{"damage_healed":0,"gold_gain":0,"player_choice":"Paid Fearfully","damage_taken":0,"max_hp_gain":0,"max_hp_loss":0,"event_name":"Masked Bandits","floor":22,"gold_loss":17}],"is_beta":false,"boss_relics":[{"not_picked":["SlaversCollar","Busted Crown"],"picked":"Philosopher\u0027s Stone"}],"items_purged_floors":[5],"is_endless":false,"potions_floor_spawned":[4,12,14],"killed_by":"Slavers","ascension_level":19}}