{"host":"kw4o7b3ro2ktmmbe","time":1614254355,"event":{"mods":["100% Spire Juice","BaseMod","Bossed Relics","Energized Spire","Evolution","Minty Spire (QoL Compilation)","StSLib"],"gold_per_floor":[115,70,70,45,105,105,105,155,181,231,9,9,9,22,22,99,99,119,187,204,254,264,24,41,75,75,49,69,88,156,206,206,282,282,298,309,329,404,141,170,170,170,170],"floor_reached":42,"language":"ENG","playtime":2819,"items_purged":["Moonworks:Strike"],"score":773,"play_id":"56246bfb-3eef-4203-97da-8b050e8da630","local_time":"20210226005915","is_ascension_mode":true,"campfire_choices":[{"data":"Moonworks:CloudOfSeagulls","floor":6.0,"key":"SMITH"},{"data":"Moonworks:Dinner","floor":12.0,"key":"SMITH"},{"data":"Moonworks:JonathanRush","floor":15.0,"key":"SMITH"},{"data":"Moonworks:AnotherUltimateWeapon","floor":23.0,"key":"SMITH"},{"data":"Moonworks:ExtendedPhotonRifle","floor":32,"key":"SMITH"},{"data":"Moonworks:Encore","floor":41,"key":"SMITH"}],"circlet_count":0,"master_deck":["AscendersBane","Moonworks:Strike","Moonworks:Defend","Moonworks:Defend","Moonworks:Defend","Moonworks:Defend","Moonworks:Ambush","Moonworks:LongDistanceShot","Moonworks:JonathanRush+1","Moonworks:JonathanRush","Moonworks:CloudOfSeagulls+1","Moonworks:Dinner+1","Moonworks:AnotherUltimateWeapon+1","Moonworks:Encore+1","Moonworks:CookingTime","Moonworks:PlushieMaster","Moonworks:RedAndBlue","Moonworks:JonathanRush","Moonworks:JonathanRush","Moonworks:JonathanRush","Moonworks:ExtendedPhotonRifle+1","Moonworks:NicePresent","Moonworks:Accelerator+1","Moonworks:NicePresent","Moonworks:EvilSpyWorkPreparation+1","Moonworks:NicePresent","Moonworks:RagingMadness+1","Moonworks:JonathanRush"],"relics":["Moonworks:Homemark","EVO:Axolotl","energizedSpire:NeverEndingSparkler","SsserpentHead","Anchor","Sozu","Frozen Egg 2","Sundial","Tiny House","Gambling Chip","Centennial Puzzle","Blood Vial"],"acts_visited":["Exordium","TheCity","TheBeyond"],"potions_floor_usage":[],"damage_taken":[{"damage":0.0,"enemies":"2 Louse","floor":1.0,"turns":3.0},{"damage":0.0,"enemies":"Cultist","floor":5.0,"turns":4.0},{"damage":0.0,"enemies":"Jaw Worm","floor":11.0,"turns":3.0},{"damage":0.0,"enemies":"Looter","floor":14.0,"turns":3.0},{"damage":44.0,"enemies":"The Guardian","floor":16.0,"turns":8.0},{"damage":0.0,"enemies":"Chosen","floor":18.0,"turns":3.0},{"damage":0.0,"enemies":"Spheric Guardian","floor":19.0,"turns":3.0},{"damage":28.0,"enemies":"Snake Plant","floor":20.0,"turns":4.0},{"damage":0.0,"enemies":"Centurion and Healer","floor":22.0,"turns":6.0},{"damage":1.0,"enemies":"Shelled Parasite and Fungi","floor":24.0,"turns":5.0},{"damage":38,"enemies":"Gremlin Leader","floor":25,"turns":6},{"damage":22,"enemies":"3 Cultists","floor":28,"turns":6},{"damage":0,"enemies":"Snecko","floor":29,"turns":5},{"damage":0,"enemies":"Cultist and Chosen","floor":30,"turns":3},{"damage":21,"enemies":"Automaton","floor":33,"turns":8},{"damage":21,"enemies":"3 Shapes","floor":35,"turns":6},{"damage":13,"enemies":"3 Darklings","floor":36,"turns":5},{"damage":0,"enemies":"Maw","floor":37,"turns":4},{"damage":0,"enemies":"Mind Bloom Boss Battle","floor":38,"turns":4},{"damage":46,"enemies":"Reptomancer","floor":40,"turns":5},{"damage":18,"enemies":"Sphere and 2 Shapes","floor":42,"turns":2}],"seed_played":"2506598586573424637","potions_obtained":[{"floor":1.0,"key":"Swift Potion"},{"floor":5.0,"key":"Strength Potion"},{"floor":14.0,"key":"BlessingOfTheForge"}],"is_trial":false,"path_per_floor":["M","?","?","$","M","R","$","?","T","?","M","R","$","M","R","B",null,"M","M","M","?","M","R","M","E","T","$","M","M","M","?","R","B",null,"M","M","M","?","$","E","R","M"],"character_chosen":"THE_STARBREAKER","items_purchased":["Moonworks:JonathanRush","Moonworks:JonathanRush","Moonworks:RagingMadness+1","Centennial Puzzle"],"campfire_rested":0,"item_purchase_floors":[4,27,39,39],"current_hp_per_floor":[50,39,39,39,39,39,39,39,39,39,42,42,42,42,42,8,43,50,55,27,27,40,40,55,29,29,29,23,46,50,50,50,41,52,40,37,37,52,52,16,16,0,0],"gold":170,"neow_bonus":"BOSS_RELIC","is_daily":false,"chose_seed":false,"campfire_upgraded":6,"win_rate":0.0,"timestamp":1614254355,"path_taken":["M","?","?","$","?","R","$","?","T","?","M","R","$","M","R","BOSS","M","?","M","?","M","R","M","E","T","$","M","M","?","?","R","BOSS","M","M","M","?","$","E","R","M"],"items_purchased_type":["Card","Card","Card","Relic"],"build_version":"2020-12-22","purchased_purges":1,"victory":false,"max_hp_per_floor":[55,55,55,55,55,55,55,55,55,55,55,55,55,55,55,55,55,55,55,55,55,55,55,55,55,55,55,55,55,55,55,55,55,55,55,55,55,55,55,55,55,55,55],"card_choices":[{"not_picked":["Moonworks:Poppoformation","Moonworks:EvilSpyWorkPreparation"],"picked":"Moonworks:JonathanRush","floor":1.0},{"not_picked":["Moonworks:WindyEnchantment","Moonworks:LulusLuckyEgg"],"picked":"Moonworks:CloudOfSeagulls","floor":5.0},{"not_picked":["Moonworks:ImOnFire","Moonworks:BigMagnum","Moonworks:SakisCookie"],"picked":"SKIP","floor":11.0},{"not_picked":["Moonworks:ImOnFire","Moonworks:ExtendedPhotonRifle","Moonworks:AwakeningOfTalent"],"picked":"SKIP","floor":14.0},{"not_picked":["Moonworks:HolyNight","Moonworks:Wanted"],"picked":"Moonworks:AnotherUltimateWeapon","floor":16.0},{"not_picked":["Moonworks:EvilSpyWorkPreparation","Moonworks:IndiscriminateFireSupport","Moonworks:SakisCookie"],"picked":"SKIP","floor":18.0},{"not_picked":["Moonworks:SakisCookie","Moonworks:ImmovableObject","Moonworks:Assault+1"],"picked":"SKIP","floor":19.0},{"not_picked":["Moonworks:CloudOfSeagulls","Moonworks:JonathanRush"],"picked":"Moonworks:Encore","floor":20.0},{"not_picked":["Moonworks:ImOnFire+1","Moonworks:Assault+1","Moonworks:IndiscriminateFireSupport"],"picked":"SKIP","floor":22.0},{"not_picked":["Moonworks:MiracleRedBeanIceCream","Moonworks:IndiscriminateFireSupport"],"picked":"Moonworks:JonathanRush","floor":24.0},{"not_picked":["Moonworks:IndiscriminateFireSupport","Moonworks:EvilSpyWorkPreparation","Moonworks:Assault+1"],"picked":"SKIP","floor":25},{"not_picked":["Moonworks:Dash","Moonworks:Assault"],"picked":"Moonworks:JonathanRush","floor":28},{"not_picked":["Moonworks:AwakeningOfTalent","Moonworks:LulusLuckyEgg"],"picked":"Moonworks:ExtendedPhotonRifle","floor":29},{"not_picked":["Moonworks:LulusLuckyEgg","Moonworks:Assault+1"],"picked":"Moonworks:NicePresent","floor":30},{"not_picked":["Moonworks:MeltingMemories+1","Moonworks:EvilMastermind"],"picked":"Moonworks:Accelerator+1","floor":33},{"not_picked":["Moonworks:Assault","Moonworks:TacticalRetreat","Moonworks:SakisCookie+1"],"picked":"SKIP","floor":35},{"not_picked":["Moonworks:BindingChains","Moonworks:CompletionReward"],"picked":"Moonworks:NicePresent","floor":36},{"not_picked":["Moonworks:DeployBits","Moonworks:BigBangBell+1"],"picked":"Moonworks:EvilSpyWorkPreparation+1","floor":37},{"not_picked":["Moonworks:IndiscriminateFireSupport","Moonworks:CloudOfSeagulls"],"picked":"Moonworks:NicePresent","floor":38},{"not_picked":["Moonworks:BeyondHell+1","Moonworks:Heat300Percent"],"picked":"Moonworks:JonathanRush","floor":40}],"player_experience":1969483,"relics_obtained":[{"floor":9.0,"key":"Anchor"},{"floor":25,"key":"Frozen Egg 2"},{"floor":26,"key":"Sundial"},{"floor":38,"key":"Gambling Chip"},{"floor":40,"key":"Blood Vial"}],"event_choices":[{"damage_healed":0.0,"max_hp_gain":0.0,"max_hp_loss":0.0,"gold_gain":75.0,"event_name":"World of Goop","player_choice":"Gather Gold","floor":2.0,"gold_loss":0.0,"damage_taken":11.0},{"damage_healed":0.0,"max_hp_gain":0.0,"max_hp_loss":0.0,"gold_gain":0.0,"event_name":"FaceTrader","player_choice":"Trade","floor":3.0,"gold_loss":0.0,"damage_taken":0.0,"relics_obtained":["SsserpentHead"]},{"damage_healed":0.0,"max_hp_gain":0.0,"max_hp_loss":0.0,"gold_gain":0.0,"cards_transformed":["Moonworks:Strike"],"event_name":"Living Wall","player_choice":"Change","floor":8.0,"gold_loss":0.0,"damage_taken":0.0,"cards_obtained":["Moonworks:Dinner"]},{"cards_removed":["Moonworks:Strike"],"damage_healed":0.0,"max_hp_gain":0.0,"max_hp_loss":0.0,"gold_gain":0.0,"event_name":"Purifier","player_choice":"Purged","floor":10.0,"gold_loss":0.0,"damage_taken":0.0},{"damage_healed":0.0,"max_hp_gain":0.0,"max_hp_loss":0.0,"gold_gain":0.0,"event_name":"Match and Keep!","player_choice":"3 cards matched","floor":21.0,"gold_loss":0.0,"damage_taken":0.0,"cards_obtained":["Moonworks:CookingTime","Moonworks:PlushieMaster","Moonworks:RedAndBlue"]},{"damage_healed":0,"gold_gain":0,"player_choice":"Bought 0 Potions","damage_taken":0,"max_hp_gain":0,"max_hp_loss":0,"event_name":"The Woman in Blue","floor":31,"gold_loss":0},{"damage_healed":0,"gold_gain":0,"player_choice":"Fight","damage_taken":0,"max_hp_gain":0,"max_hp_loss":0,"event_name":"MindBloom","floor":38,"gold_loss":0}],"is_beta":false,"boss_relics":[{"not_picked":["energizedSpire:StickyHand","energizedSpire:CursedPentagram"],"picked":"Sozu"},{"not_picked":["Runic Pyramid","Philosopher\u0027s Stone"],"picked":"Tiny House"}],"items_purged_floors":[39],"is_endless":false,"potions_floor_spawned":[1,5,14,19,20,29,33,35,40],"killed_by":"Sphere and 2 Shapes","ascension_level":14}}