{"host":"puhn14s7bdwcyqz6","time":1614246559,"event":{"mods":["BaseMod","CapriCore","Koishi","Marisa（霧雨　魔理沙）","Minty Spire (QoL Compilation)","Reimu（博丽灵梦）","Remilia（蕾米莉亚）","StSLib","The Administrix","The Immortal","The Senshi","The Servant 0.9.4"],"gold_per_floor":[114,130,141,102,277,306,306,322,322,401,401,412,437,457,457,555,555,540,299,314,328,328,360,360,380,406,418,434,460,488,500,512,623,685,716,748,775,787,819,831,727,754,766,788,813,852,256,287,287,287],"floor_reached":51,"language":"ENG","playtime":5226,"items_purged":[],"score":932,"play_id":"52e63572-847c-483f-b405-cad1bd2f719c","local_time":"20210225044919","is_ascension_mode":true,"campfire_choices":[{"data":"UltimateOffering","floor":7.0,"key":"SMITH"},{"data":"SuperhumanBloodyKnife","floor":15.0,"key":"SMITH"},{"data":"QueenOfMidnight","floor":32.0,"key":"SMITH"},{"floor":40.0,"key":"REST"},{"data":"HellCatastrophe","floor":49,"key":"SMITH"}],"circlet_count":0,"master_deck":["Strike_RM","Strike_RM","Strike_RM","Strike_RM","Defend_RM","Defend_RM","Defend_RM","Defend_RM","RedMoon","ScarletShoot","DiffusionOfMisfortune","BadLadyScramble","UltimateOffering+1","VampireFantasy","Doubt","MillenniumVampire","NightDance+1","Parasite","SuperhumanBloodyKnife+1","HellCatastrophe+1","LeisurelyOfLord","QueenOfMidnight+1","RedRainbow","DevilSight","MastersStateliness","CharismaGuard+1","EternalNight","RitualDagger","BloodyCatastrophe","ScarletNetherworld","EndlessAdversity","BlasphemousPunishment","DiffusionOfMisfortune+1","ScarletImprint+1","BloodyCatastrophe","BatForm","NightLord","ScarletDevil+1","NightLord+1","VampireKiss+1","BloodyCatastrophe","NightDance+1","BombardNight+1","DiffusionOfMisfortune+1","SuperhumanBloodyKnife+1","Apotheosis","VampirishNight","BloodyMagicSquare"],"relics":["ScarletHat","NeowsBlessing","Ornamental Fan","FossilizedHelix","Lizard Tail","Philosopher\u0027s Stone","TentaclePot:ReiMu","Omamori","Ginger","Bag of Preparation","MawBank","Tiny House","Toy Ornithopter","Question Card","Centennial Puzzle","theSenshi:SailorFukuRelic","RedBat","MealTicket"],"acts_visited":["Exordium","TheCity","TheBeyond"],"potions_floor_usage":[48,50],"damage_taken":[{"damage":0.0,"enemies":"Small Slimes","floor":1.0,"turns":2.0},{"damage":0.0,"enemies":"2 Louse","floor":2.0,"turns":1.0},{"damage":0.0,"enemies":"Jaw Worm","floor":3.0,"turns":1.0},{"damage":38.0,"enemies":"Gremlin Nob","floor":6.0,"turns":2.0},{"damage":0.0,"enemies":"2 Fungi Beasts","floor":8.0,"turns":6.0},{"damage":20.0,"enemies":"Red Slaver","floor":12.0,"turns":2.0},{"damage":9.0,"enemies":"3 Sentries","floor":13.0,"turns":16.0},{"damage":0.0,"enemies":"3 Louse","floor":14.0,"turns":3.0},{"damage":15.0,"enemies":"Hexaghost","floor":16.0,"turns":11.0},{"damage":39.0,"enemies":"2 Thieves","floor":18.0,"turns":4.0},{"damage":37.0,"enemies":"Shell Parasite","floor":20.0,"turns":2.0},{"damage":0.0,"enemies":"Cultist and Chosen","floor":21.0,"turns":4.0},{"damage":37.0,"enemies":"Gremlin Leader","floor":23.0,"turns":4.0},{"damage":27.0,"enemies":"Shelled Parasite and Fungi","floor":25.0,"turns":3.0},{"damage":20.0,"enemies":"Snake Plant","floor":27.0,"turns":3.0},{"damage":21.0,"enemies":"Cultist and Chosen","floor":28.0,"turns":4.0},{"damage":24.0,"enemies":"Book of Stabbing","floor":29.0,"turns":3.0},{"damage":0.0,"enemies":"Sentry and Sphere","floor":30.0,"turns":4.0},{"damage":28.0,"enemies":"Collector","floor":33.0,"turns":6.0},{"damage":54.0,"enemies":"3 Shapes","floor":35.0,"turns":2.0},{"damage":24.0,"enemies":"3 Darklings","floor":36.0,"turns":2.0},{"damage":2.0,"enemies":"Jaw Worm Horde","floor":37.0,"turns":2.0},{"damage":8.0,"enemies":"4 Shapes","floor":39.0,"turns":3.0},{"damage":23.0,"enemies":"Sphere and 2 Shapes","floor":42.0,"turns":3.0},{"damage":18.0,"enemies":"Maw","floor":44.0,"turns":4.0},{"damage":23.0,"enemies":"4 Shapes","floor":45.0,"turns":1.0},{"damage":4,"enemies":"Reptomancer","floor":46,"turns":5},{"damage":10,"enemies":"Giant Head","floor":48,"turns":4},{"damage":48,"enemies":"Donu and Deca","floor":50,"turns":4}],"seed_played":"996090122584885745","potions_obtained":[{"floor":2.0,"key":"FearPotion"},{"floor":6.0,"key":"LiquidMemories"},{"floor":8.0,"key":"MagicPotion:ReiMu"},{"floor":14.0,"key":"ZuzhouPotion:ReiMu"},{"floor":16.0,"key":"SneckoOil"},{"floor":18.0,"key":"LiquidBronze"},{"floor":28.0,"key":"LiquidMemories"},{"floor":33.0,"key":"DistilledChaos"},{"floor":34.0,"key":"DuplicationPotion"},{"floor":37.0,"key":"ColorlessPotion"},{"floor":44.0,"key":"Block Potion"},{"floor":48,"key":"Fire Potion"}],"is_trial":false,"path_per_floor":["M","M","M","$","?","E","R","M","T","?","?","M","E","M","R","B",null,"M","$","M","M","?","E","?","M","T","M","M","E","M","?","R","B",null,"M","M","M","?","M","R","?","M","T","M","M","E","$","E","R","B",null],"character_chosen":"REMILIA","items_purchased":["VampireFantasy","DevilSight","TentaclePot:ReiMu","MastersStateliness","Apotheosis","theSenshi:SailorFukuRelic","RedBat","VampirishNight"],"campfire_rested":1,"item_purchase_floors":[4,19,19,19,47,47,47,47],"current_hp_per_floor":[75,75,75,75,75,37,37,37,37,37,55,38,38,38,38,31,75,74,74,74,75,69,64,64,57,57,58,58,50,54,54,54,37,80,37,32,30,30,23,47,47,38,38,48,39,41,41,80,80,80],"gold":287,"neow_bonus":"THREE_ENEMY_KILL","is_daily":false,"chose_seed":false,"campfire_upgraded":4,"win_rate":0.0,"timestamp":1614246559,"path_taken":["M","M","M","$","?","E","R","M","T","?","?","M","E","M","R","BOSS","M","$","M","M","?","E","?","M","T","M","M","E","M","?","R","BOSS","M","M","M","?","M","R","?","M","T","M","M","E","$","E","R","BOSS"],"items_purchased_type":["Card","Card","Relic","Card","Card","Relic","Relic","Card"],"build_version":"2020-12-22","purchased_purges":0,"victory":true,"max_hp_per_floor":[75,75,75,75,75,75,75,75,75,75,75,75,75,75,75,75,75,75,75,75,75,75,75,75,75,75,75,75,75,75,75,75,75,80,80,80,80,80,80,80,80,80,80,80,80,80,80,80,80,80],"card_choices":[{"not_picked":["FavorOfDestiny","DevilSight"],"picked":"DiffusionOfMisfortune","floor":1.0},{"not_picked":["DevilSight","CharismaGuard"],"picked":"BadLadyScramble","floor":2.0},{"not_picked":["ScarletDevil","StarOfDavid"],"picked":"UltimateOffering","floor":3.0},{"not_picked":["VampireFantasy","StarOfDavid"],"picked":"MillenniumVampire","floor":6.0},{"not_picked":["VampireFantasy","UnderTheZenith"],"picked":"NightDance","floor":8.0},{"not_picked":["EternalNight","GlobalNightmare"],"picked":"SuperhumanBloodyKnife","floor":12.0},{"not_picked":["EndlessAdversity","MillenniumVampire"],"picked":"HellCatastrophe","floor":13.0},{"not_picked":["UnderTheZenith","DiffusionOfMisfortune"],"picked":"LeisurelyOfLord","floor":14.0},{"not_picked":["TransientEternity","CeilingFear"],"picked":"QueenOfMidnight","floor":16.0},{"not_picked":["UnderTheZenith","FavorOfDestiny"],"picked":"RedRainbow","floor":18.0},{"not_picked":["BloodHunter","UltimateOffering"],"picked":"CharismaGuard+1","floor":20.0},{"not_picked":["DiffusionOfMisfortune","UnderTheZenith+1"],"picked":"EternalNight","floor":21.0},{"not_picked":["VampirishNight+1","VampireSweep+1"],"picked":"BloodyCatastrophe","floor":23.0},{"not_picked":["DiffusionOfMisfortune","Septette"],"picked":"ScarletNetherworld","floor":25.0},{"not_picked":["UnstableMagic","NightDance"],"picked":"EndlessAdversity","floor":27.0},{"not_picked":["BombardNight+1","CharismaGuard"],"picked":"BlasphemousPunishment","floor":28.0},{"not_picked":["MastersStateliness","FavorOfDestiny"],"picked":"DiffusionOfMisfortune+1","floor":29.0},{"not_picked":["HellCatastrophe","BombardNight"],"picked":"ScarletImprint+1","floor":30.0},{"not_picked":["KillingBlow","CeilingFear"],"picked":"BatForm","floor":33.0},{"not_picked":["FitfulNightmare","Stigmanizer"],"picked":"NightLord","floor":34.0},{"not_picked":["MillenniumVampire+1","StarOfDavid"],"picked":"ScarletDevil+1","floor":35.0},{"not_picked":["VampireFantasy","StarOfDavid+1"],"picked":"NightLord+1","floor":36.0},{"not_picked":["ForbiddenFruit","ScarletDevil+1"],"picked":"VampireKiss+1","floor":37.0},{"not_picked":["DiffusionOfMisfortune+1","ForbiddenFruit"],"picked":"BloodyCatastrophe","floor":39.0},{"not_picked":["RedMagic+1","MastersStateliness+1"],"picked":"NightDance+1","floor":42.0},{"not_picked":["Stigmanizer","UnderTheZenith+1","RedRainbow"],"picked":"BombardNight+1","floor":44.0},{"not_picked":["ScarletImprint+1","LeisurelyOfLord","BlasphemousPunishment"],"picked":"DiffusionOfMisfortune+1","floor":45.0},{"not_picked":["MillenniumVampire+1","EndlessAdversity+1","AfternoonTea"],"picked":"SuperhumanBloodyKnife+1","floor":46},{"not_picked":["RedRainbow+1","EndlessAdversity+1","HunterOfTheNight"],"picked":"BloodyMagicSquare","floor":48}],"player_experience":79148,"relics_obtained":[{"floor":6.0,"key":"Ornamental Fan"},{"floor":9.0,"key":"FossilizedHelix"},{"floor":13.0,"key":"Lizard Tail"},{"floor":23.0,"key":"Omamori"},{"floor":26.0,"key":"Bag of Preparation"},{"floor":29.0,"key":"MawBank"},{"floor":43.0,"key":"Question Card"},{"floor":46,"key":"Centennial Puzzle"},{"floor":48,"key":"MealTicket"}],"event_choices":[{"damage_healed":0.0,"max_hp_gain":0.0,"max_hp_loss":0.0,"gold_gain":175.0,"event_name":"Liars Game","player_choice":"AGREE","floor":5.0,"gold_loss":0.0,"damage_taken":0.0,"cards_obtained":["Doubt"]},{"damage_healed":0.0,"max_hp_gain":0.0,"max_hp_loss":0.0,"gold_gain":79.0,"event_name":"Golden Wing","player_choice":"Gained Gold","floor":10.0,"gold_loss":0.0,"damage_taken":0.0},{"damage_healed":18.0,"max_hp_gain":0.0,"max_hp_loss":0.0,"gold_gain":0.0,"event_name":"Mushrooms","player_choice":"Healed and dodged fight","floor":11.0,"gold_loss":0.0,"damage_taken":0.0,"cards_obtained":["Parasite"]},{"damage_healed":0.0,"max_hp_gain":0.0,"max_hp_loss":0.0,"gold_gain":0.0,"event_name":"Nest","player_choice":"Joined the Cult","floor":22.0,"gold_loss":0.0,"damage_taken":6.0,"cards_obtained":["RitualDagger"]},{"damage_healed":0.0,"max_hp_gain":0.0,"max_hp_loss":0.0,"gold_gain":0.0,"event_name":"Addict","player_choice":"Stole Relic","floor":24.0,"gold_loss":0.0,"damage_taken":0.0,"relics_obtained":["Ginger"],"cards_obtained":["Shame"]},{"damage_healed":0.0,"max_hp_gain":0.0,"max_hp_loss":0.0,"gold_gain":0.0,"event_name":"Duplicator","player_choice":"Copied","floor":31.0,"gold_loss":0.0,"damage_taken":0.0,"cards_obtained":["BloodyCatastrophe"]},{"damage_healed":0.0,"max_hp_gain":0.0,"max_hp_loss":0.0,"gold_gain":0.0,"event_name":"Tomb of Lord Red Mask","player_choice":"Ignored","floor":38.0,"gold_loss":0.0,"damage_taken":0.0},{"damage_healed":0.0,"max_hp_gain":0.0,"max_hp_loss":0.0,"gold_gain":0.0,"event_name":"WeMeetAgain","player_choice":"Paid Gold","floor":41.0,"gold_loss":116.0,"damage_taken":0.0,"relics_obtained":["Toy Ornithopter"]}],"is_beta":false,"boss_relics":[{"not_picked":["Snecko Eye","Sozu"],"picked":"Philosopher\u0027s Stone"},{"not_picked":["Astrolabe","SacredBark"],"picked":"Tiny House"}],"items_purged_floors":[],"is_endless":false,"potions_floor_spawned":[2,6,8,14,16,18,20,25,27,28,33,37,39,44,48],"ascension_level":1}}