{"host":"1e3ivg30op4goso1","time":1614219365,"event":{"mods":["AchievementEnabler","Ascension Unlocker","BaseMod","Colored Map","Minty Spire (QoL Compilation)","Permanent Neow","Quick Restart","Relic Filter","StSLib","SuperFastMode"],"gold_per_floor":[117,135,135,135,160,160,160,160,160],"floor_reached":8,"language":"ENG","playtime":144,"items_purged":[],"score":69,"play_id":"22128721-71b6-49f8-954a-f3477ae5f909","local_time":"20210224211605","is_ascension_mode":true,"campfire_choices":[{"data":"Neutralize","floor":6,"key":"SMITH"}],"circlet_count":0,"master_deck":["AscendersBane","Strike_G","Strike_G","Strike_G","Strike_G","Strike_G","Defend_G","Defend_G","Defend_G","Defend_G","Defend_G","Survivor","Neutralize+1","Regret"],"relics":["Snecko Eye","Golden Idol","Regal Pillow"],"acts_visited":["Exordium"],"potions_floor_usage":[],"damage_taken":[{"damage":5.0,"enemies":"Jaw Worm","floor":1.0,"turns":4.0},{"damage":0.0,"enemies":"Small Slimes","floor":2.0,"turns":3.0},{"damage":1,"enemies":"2 Louse","floor":5,"turns":4},{"damage":0,"enemies":"Gremlin Nob","floor":8,"turns":1}],"seed_played":"-9057210475145754790","potions_obtained":[{"floor":2.0,"key":"CultistPotion"}],"is_trial":false,"path_per_floor":["M","M","?","?","M","R","?","E"],"character_chosen":"THE_SILENT","items_purchased":[],"campfire_rested":0,"item_purchase_floors":[],"current_hp_per_floor":[58,58,58,58,57,57,57,57,57],"gold":160,"neow_bonus":"BOSS_RELIC","is_daily":false,"chose_seed":false,"campfire_upgraded":1,"win_rate":0.0,"timestamp":1614219365,"path_taken":["M","M","?","?","M","R","?","E"],"items_purchased_type":[],"build_version":"2020-12-22","purchased_purges":0,"victory":false,"max_hp_per_floor":[70,70,70,65,65,65,65,65,65],"card_choices":[{"not_picked":["Cloak And Dagger","Dodge and Roll","Bane"],"picked":"SKIP","floor":1.0},{"not_picked":["Deflect","Cloak And Dagger","Sucker Punch"],"picked":"SKIP","floor":2.0},{"not_picked":["Dodge and Roll","Escape Plan","Slice"],"picked":"SKIP","floor":5}],"player_experience":28973,"relics_obtained":[],"event_choices":[{"damage_healed":0.0,"max_hp_gain":0.0,"max_hp_loss":0.0,"gold_gain":0.0,"event_name":"The Cleric","player_choice":"Leave","floor":3.0,"gold_loss":0.0,"damage_taken":0.0},{"damage_healed":0.0,"max_hp_gain":0.0,"max_hp_loss":5.0,"gold_gain":0.0,"event_name":"Golden Idol","player_choice":"Lose Max HP","floor":4.0,"gold_loss":0.0,"damage_taken":0.0,"relics_obtained":["Golden Idol"]},{"damage_healed":0,"gold_gain":0,"player_choice":"Box","damage_taken":0,"relics_obtained":["Regal Pillow"],"max_hp_gain":0,"max_hp_loss":0,"event_name":"Big Fish","floor":7,"gold_loss":0,"cards_obtained":["Regret"]}],"is_beta":false,"boss_relics":[],"items_purged_floors":[],"is_endless":false,"potions_floor_spawned":[2],"killed_by":"Gremlin Nob","ascension_level":10}}