{"host":"9n6i2vl93jt4o42q","time":1614243860,"event":{"mods":["BaseMod","Minty Spire (QoL Compilation)","Relic Stats"],"gold_per_floor":[118,134,45,45,45,79,79,97,97,97,112,112,112,133,133,226,226,249,5,24,42,42,42,66,66,66,80,124,124,150,166,166,166,166],"floor_reached":33,"language":"ENG","playtime":2456,"items_purged":[],"score":534,"play_id":"eb73bcd0-819b-4e84-8169-ea5c4814c376","local_time":"20210225100420","is_ascension_mode":true,"campfire_choices":[{"data":"Noxious Fumes","floor":7.0,"key":"SMITH"},{"data":"Blade Dance","floor":10.0,"key":"SMITH"},{"floor":12.0,"key":"REST"},{"floor":15.0,"key":"REST"},{"floor":23,"key":"REST"},{"floor":25,"key":"REST"},{"floor":29,"key":"REST"},{"floor":32,"key":"REST"}],"circlet_count":0,"master_deck":["AscendersBane","Strike_G","Strike_G","Strike_G","Defend_G","Defend_G","Defend_G","Defend_G","Survivor","Neutralize","Blade Dance+1","Well Laid Plans","Noxious Fumes+1","Slice","Burst","Dagger Throw","Bane","Flying Knee","After Image","Backflip","Leg Sweep","Deadly Poison","Outmaneuver+1","Blade Dance","Malaise"],"relics":["Ring of the Snake","Golden Idol","Sundial","Tiny Chest","Fusion Hammer","Anchor","Gambling Chip","The Courier","Happy Flower"],"acts_visited":["Exordium","TheCity"],"potions_floor_usage":[20,33],"damage_taken":[{"damage":6.0,"enemies":"2 Louse","floor":1.0,"turns":3.0},{"damage":0.0,"enemies":"Jaw Worm","floor":2.0,"turns":3.0},{"damage":18.0,"enemies":"3 Sentries","floor":6.0,"turns":7.0},{"damage":4.0,"enemies":"Small Slimes","floor":8.0,"turns":3.0},{"damage":5.0,"enemies":"Gremlin Gang","floor":11.0,"turns":5.0},{"damage":17.0,"enemies":"Exordium Wildlife","floor":14.0,"turns":5.0},{"damage":38.0,"enemies":"Slime Boss","floor":16.0,"turns":10.0},{"damage":7.0,"enemies":"Spheric Guardian","floor":18.0,"turns":6.0},{"damage":20,"enemies":"Chosen","floor":20,"turns":5},{"damage":4,"enemies":"Snake Plant","floor":21,"turns":5},{"damage":29,"enemies":"Snecko","floor":24,"turns":7},{"damage":17,"enemies":"Shelled Parasite and Fungi","floor":27,"turns":6},{"damage":10,"enemies":"Book of Stabbing","floor":28,"turns":7},{"damage":3,"enemies":"Chosen and Byrds","floor":31,"turns":7},{"damage":53,"enemies":"Collector","floor":33,"turns":9}],"seed_played":"-3387560436750973352","potions_obtained":[{"floor":2.0,"key":"ColorlessPotion"},{"floor":16.0,"key":"Poison Potion"},{"floor":20,"key":"SteroidPotion"},{"floor":21,"key":"Swift Potion"}],"is_trial":false,"path_per_floor":["M","M","$","?","?","E","R","M","T","R","M","R","?","M","R","B",null,"M","$","M","M","?","R","M","R","T","M","E","R","T","M","R","B"],"character_chosen":"THE_SILENT","items_purchased":["Noxious Fumes","Slice","Anchor","Leg Sweep"],"campfire_rested":6,"item_purchase_floors":[3,3,19,19],"current_hp_per_floor":[53,53,53,46,46,28,28,24,24,24,19,37,42,25,44,6,50,43,43,23,19,19,38,9,28,28,11,1,20,20,17,36,0,0],"gold":166,"neow_bonus":"REMOVE_CARD","is_daily":false,"chose_seed":false,"campfire_upgraded":2,"win_rate":0.0,"timestamp":1614243860,"path_taken":["M","M","$","?","?","E","R","M","T","R","M","R","?","M","R","BOSS","M","$","M","M","?","R","M","R","T","?","E","R","?","M","R","BOSS"],"items_purchased_type":["Card","Card","Relic","Card"],"build_version":"2020-12-22","purchased_purges":0,"victory":false,"max_hp_per_floor":[66,66,66,66,60,60,60,60,60,60,60,60,65,65,65,65,65,65,65,65,65,65,65,65,65,65,65,65,65,65,65,65,65,65],"relic_stats":{"Happy Flower":[5],"counters":[15,88],"Golden Idol":70,"Sundial":[8],"Gambling Chip":[18],"Tiny Chest":1,"obtain_stats":[{"Anchor":19,"Happy Flower":30,"Golden Idol":5,"Sundial":6,"Gambling Chip":26,"Tiny Chest":9,"Fusion Hammer":17,"The Courier":28,"Ring of the Snake":0},{"Anchor":8,"Happy Flower":13,"Golden Idol":2,"Sundial":3,"Gambling Chip":11,"Tiny Chest":4,"Fusion Hammer":7,"The Courier":13,"Ring of the Snake":0},{"Anchor":42,"Happy Flower":72,"Golden Idol":6,"Sundial":13,"Gambling Chip":59,"Tiny Chest":16,"Fusion Hammer":36,"The Courier":72,"Ring of the Snake":0}],"Ring of the Snake":[30]},"card_choices":[{"not_picked":["Deflect","Terror"],"picked":"Blade Dance","floor":1.0},{"not_picked":["Outmaneuver","PiercingWail"],"picked":"Well Laid Plans","floor":2.0},{"not_picked":["Expertise","Endless Agony"],"picked":"Burst","floor":6.0},{"not_picked":["Heel Hook","Quick Slash"],"picked":"Dagger Throw","floor":8.0},{"not_picked":["Infinite Blades","Slice"],"picked":"Bane","floor":11.0},{"not_picked":["Tactician","Dodge and Roll"],"picked":"Flying Knee","floor":14.0},{"not_picked":["Storm of Steel","Adrenaline"],"picked":"After Image","floor":16.0},{"not_picked":["Caltrops","Escape Plan"],"picked":"Backflip","floor":18.0},{"not_picked":["Cloak And Dagger","Quick Slash"],"picked":"Deadly Poison","floor":20},{"not_picked":["Deadly Poison","Cloak And Dagger"],"picked":"Outmaneuver+1","floor":21},{"not_picked":["Slice","Riddle With Holes","Flying Knee"],"picked":"SKIP","floor":24},{"not_picked":["Well Laid Plans","Bane"],"picked":"Blade Dance","floor":27},{"not_picked":["Cloak And Dagger","Choke"],"picked":"Malaise","floor":28},{"not_picked":["Dodge and Roll","Underhanded Strike","Eviscerate"],"picked":"SKIP","floor":31}],"player_experience":2643565,"relics_obtained":[{"floor":6.0,"key":"Sundial"},{"floor":9.0,"key":"Tiny Chest"},{"floor":26,"key":"Gambling Chip"},{"floor":28,"key":"The Courier"},{"floor":30,"key":"Happy Flower"}],"event_choices":[{"cards_removed":["Strike_G"],"damage_healed":0.0,"max_hp_gain":0.0,"max_hp_loss":0.0,"gold_gain":0.0,"event_name":"Golden Wing","player_choice":"Card Removal","floor":4.0,"gold_loss":0.0,"damage_taken":7.0},{"damage_healed":0.0,"max_hp_gain":0.0,"max_hp_loss":6.0,"gold_gain":0.0,"event_name":"Golden Idol","player_choice":"Lose Max HP","floor":5.0,"gold_loss":0.0,"damage_taken":0.0,"relics_obtained":["Golden Idol"]},{"damage_healed":0.0,"max_hp_gain":5.0,"max_hp_loss":0.0,"gold_gain":0.0,"event_name":"Big Fish","player_choice":"Donut","floor":13.0,"gold_loss":0.0,"damage_taken":0.0},{"cards_removed":["Strike_G"],"damage_healed":0,"gold_gain":0,"player_choice":"Offered Basic","damage_taken":0,"max_hp_gain":0,"max_hp_loss":0,"event_name":"Bonfire Elementals","floor":22,"gold_loss":0}],"is_beta":false,"boss_relics":[{"not_picked":["Pandora\u0027s Box","SacredBark"],"picked":"Fusion Hammer"}],"items_purged_floors":[],"is_endless":false,"potions_floor_spawned":[2,16,20,21,27],"killed_by":"Collector","ascension_level":20}}