{"host":"8akdrwfmzu5ai7mr","time":1614266598,"event":{"mods":["100% Spire Juice","Act Like it!","BaseMod","Colored Powertips","Downfall","Gensokyo","Marisa£®ÏF”Í°°ƒß¿Ì…≥£©","Minty Spire (QoL Compilation)","Quick Restart","Reimu£®≤©¿ˆ¡È√Œ£©","Remilia£®¿Ÿ√◊¿Ú—«£©","Replay The Spire","StSLib","The Administrix","The Marked","The Runesmith","The Servant 0.9.4","Youmu£®ªÍ∆«—˝√Œ£©","°æ“≈ŒÔø®≈∆°øREMEMod"],"gold_per_floor":[113,132,132,143,143,16,16,16,41,56,56,82,93,111,111,213,213,224,139,139,154,171,197,214,225,277,277,316,316,415,13,13,133,133,153,113,143,163,163,504,512,512],"floor_reached":41,"language":"ZHS","playtime":2861,"items_purged":["Regret","downfall:Bewildered"],"score":538,"play_id":"a43217c5-d662-420a-beed-68ea98a82429","local_time":"20210225232318","is_ascension_mode":false,"campfire_choices":[{"data":"Apotheosis","floor":7,"key":"SMITH"},{"data":"theMarked:ComboAttacks","floor":11,"key":"SMITH"},{"data":"theMarked:Pokerface","floor":15,"key":"SMITH"},{"data":"theMarked:SoldierOfQuellstein","floor":29,"key":"SMITH"},{"data":"theMarked:ChannelForce","floor":32,"key":"SMITH"}],"circlet_count":0,"master_deck":["theMarked:Strike","theMarked:Strike+1","theMarked:Strike","theMarked:Strike","theMarked:Strike","theMarked:Defend","theMarked:Defend","theMarked:Defend","theMarked:Defend+1","theMarked:SoldierOfQuellstein+1","Apotheosis+1","theMarked:ChannelForce+1","theMarked:WardOff","theMarked:ComboAttacks+1","theMarked:BanishingStrike","theMarked:BanishingWave+1","theMarked:WardOff","theMarked:BanishingStrike","theMarked:Pokerface+1","theMarked:ElectricStrings+1","theMarked:TakeOffHeels+1","theMarked:Indomitable+1","theMarked:Improvise+1","theMarked:Aftermath+1","theMarked:WardOff+1","theMarked:Memento+1","theMarked:RepellingDischarge+1","theMarked:BiggerThanFate+1","theMarked:Frustration+1","theMarked:HeightenedSenses+1","theMarked:WardOff+1","theMarked:Friction+1"],"relics":["theMarked:ArtifactOfAir","REME_ComplimentaryCards","Happy Flower","PreservedInsect","Replay:Rubber Ducky","RuthlessExorcism:ReiMu","Black Star","Quantum Egg","ScarletDevilRocket","Toxic Egg 2","Replay:Bandana","sneckomod:BabySnecko","theMarked:Gun","White Beast Statue","Counterbalance","SlaversCollar","Tea:ReiMu","Old Coin"],"acts_visited":["Exordium","TheCity","TheBeyond"],"potions_floor_usage":[12,16,16,24,24,24,33,33,37,40,41],"damage_taken":[{"damage":0,"enemies":"Cultist","floor":1,"turns":3},{"damage":5,"enemies":"Small Slimes","floor":2,"turns":3},{"damage":7,"enemies":"Jaw Worm","floor":4,"turns":4},{"damage":11,"enemies":"Exordium Wildlife","floor":10,"turns":2},{"damage":0,"enemies":"Lagavulin","floor":12,"turns":2},{"damage":0,"enemies":"Lots of Slimes","floor":13,"turns":2},{"damage":3,"enemies":"Blue Slaver","floor":14,"turns":2},{"damage":12,"enemies":"The Guardian","floor":16,"turns":7},{"damage":0,"enemies":"3 Byrds","floor":18,"turns":4},{"damage":9,"enemies":"Chosen","floor":21,"turns":4},{"damage":15,"enemies":"Snake Plant","floor":22,"turns":4},{"damage":8,"enemies":"Gremlin Leader","floor":23,"turns":3},{"damage":10,"enemies":"3 Cultists","floor":24,"turns":5},{"damage":0,"enemies":"Cultist and Chosen","floor":25,"turns":4},{"damage":5,"enemies":"Book of Stabbing","floor":28,"turns":3},{"damage":4,"enemies":"Automaton","floor":33,"turns":7},{"damage":0,"enemies":"Orb Walker","floor":35,"turns":3},{"damage":0,"enemies":"3 Shapes","floor":37,"turns":2},{"damage":35,"enemies":"Writhing Mass","floor":38,"turns":6},{"damage":9,"enemies":"R_Hoarder","floor":40,"turns":5},{"damage":28,"enemies":"Sphere and 2 Shapes","floor":41,"turns":3}],"seed_played":"2386045548792909823","potions_obtained":[{"floor":4,"key":"Explosive Potion"},{"floor":12,"key":"Toxic Potion"},{"floor":13,"key":"Adrenaline Potion"},{"floor":16,"key":"GamblersBrew"},{"floor":22,"key":"EntropicBrew"},{"floor":23,"key":"Fire Potion"},{"floor":33,"key":"Dexterity Potion"},{"floor":35,"key":"LifebloodPotion"},{"floor":37,"key":"Doom Potion"},{"floor":40,"key":"Fire Potion"}],"is_trial":false,"path_per_floor":["M","M","?","M","?","$","R","$","T","M","R","E","M","M","R","B",null,"M","?","?","M","M","E","M","M","T","?","E","R","?","$","R","B",null,"M","?","M","M","?","E","M"],"character_chosen":"THE_DEFAULT","items_purchased":["theMarked:BanishingWave+1","Counterbalance"],"campfire_rested":0,"item_purchase_floors":[6,31],"current_hp_per_floor":[72,67,49,42,42,42,42,42,42,31,31,31,31,28,28,16,72,72,72,72,63,48,40,30,30,30,30,25,25,25,25,25,21,72,72,72,72,37,37,28,0,0],"gold":512,"neow_bonus":"THREE_CARDS","is_daily":false,"chose_seed":false,"campfire_upgraded":5,"win_rate":0.0,"timestamp":1614266598,"path_taken":["M","M","?","M","?","?","R","$","T","?","R","E","?","M","R","BOSS","M","?","?","M","?","E","M","M","T","?","E","R","?","$","R","BOSS","M","?","?","M","?","E","M"],"items_purchased_type":["Card","Relic"],"build_version":"2020-12-22","purchased_purges":2,"victory":false,"max_hp_per_floor":[72,72,72,72,72,72,72,72,72,72,72,72,72,72,72,72,72,72,72,72,72,72,72,72,72,72,72,72,72,72,72,72,72,72,72,72,72,72,72,72,72,72],"card_choices":[{"not_picked":["theMarked:TwofoldDefense","theMarked:WastefulAttack"],"picked":"theMarked:ChannelForce","floor":0},{"not_picked":["theMarked:WastefulAttack","theMarked:Frustration"],"picked":"theMarked:WardOff","floor":1},{"not_picked":["theMarked:StartUp","theMarked:WastefulAttack"],"picked":"theMarked:ComboAttacks","floor":2},{"not_picked":["theMarked:Indomitable","theMarked:Aftermath"],"picked":"theMarked:BanishingStrike","floor":4},{"not_picked":["theMarked:Parry","theMarked:ChainLightning"],"picked":"theMarked:WardOff","floor":10},{"not_picked":["theMarked:ParalyzingBlade","theMarked:WardOff"],"picked":"theMarked:BanishingStrike","floor":12},{"not_picked":["theMarked:EnhanceMovement","theMarked:ResourceFulStrike"],"picked":"theMarked:Pokerface","floor":13},{"not_picked":["theMarked:Snap","theMarked:RepellingDischarge"],"picked":"theMarked:ElectricStrings","floor":14},{"not_picked":["theMarked:Levitate","theMarked:Challenge"],"picked":"theMarked:TakeOffHeels","floor":16},{"not_picked":["theMarked:ChannelForce","theMarked:EmpowerWeapon"],"picked":"theMarked:Indomitable+1","floor":18},{"not_picked":["theMarked:Overthink","theMarked:TunnelVision","theMarked:ResourceFulStrike"],"picked":"SKIP","floor":21},{"not_picked":["theMarked:TakeCover","theMarked:TwofoldDefense+1"],"picked":"theMarked:Improvise+1","floor":22},{"not_picked":["theMarked:Overthink+1","theMarked:WardOff+1"],"picked":"theMarked:Aftermath+1","floor":23},{"not_picked":["theMarked:KeepCalmAndFight","theMarked:ResourceFulStrike"],"picked":"theMarked:WardOff+1","floor":24},{"not_picked":["theMarked:WastefulAttack","theMarked:Improvise+1"],"picked":"theMarked:Memento+1","floor":25},{"not_picked":["theMarked:TwofoldDefense+1","theMarked:ThrowWeapon"],"picked":"theMarked:RepellingDischarge+1","floor":28},{"not_picked":["theMarked:UnarmedFury","theMarked:ThrowWeapon"],"picked":"theMarked:BiggerThanFate+1","floor":33},{"not_picked":["theMarked:RepellingDischarge+1","theMarked:TunnelVision+1"],"picked":"theMarked:Frustration+1","floor":35},{"not_picked":["theMarked:ElectricStrings","theMarked:PowerFlow+1"],"picked":"theMarked:HeightenedSenses+1","floor":37},{"not_picked":["theMarked:Aftermath+1","theMarked:Parkour"],"picked":"theMarked:WardOff+1","floor":38},{"not_picked":["theMarked:Maelstrom+1","theMarked:TheMission+1"],"picked":"theMarked:Friction+1","floor":40}],"player_experience":154429,"relics_obtained":[{"floor":9,"key":"Replay:Rubber Ducky"},{"floor":12,"key":"RuthlessExorcism:ReiMu"},{"floor":23,"key":"ScarletDevilRocket"},{"floor":23,"key":"Toxic Egg 2"},{"floor":26,"key":"Replay:Bandana"},{"floor":28,"key":"theMarked:Gun"},{"floor":28,"key":"White Beast Statue"},{"floor":40,"key":"Tea:ReiMu"},{"floor":40,"key":"Old Coin"}],"event_choices":[{"damage_healed":0,"gold_gain":0,"player_choice":"Success","damage_taken":18,"relics_obtained":["Happy Flower"],"max_hp_gain":0,"max_hp_loss":0,"event_name":"Scrap Ooze","floor":3,"gold_loss":0},{"damage_healed":0,"gold_gain":0,"player_choice":"Box","damage_taken":0,"relics_obtained":["PreservedInsect"],"max_hp_gain":0,"max_hp_loss":0,"event_name":"Big Fish","floor":5,"gold_loss":0,"cards_obtained":["Regret"]},{"damage_healed":0,"gold_gain":0,"player_choice":"Obtained Relic","damage_taken":0,"relics_obtained":["Quantum Egg"],"max_hp_gain":0,"max_hp_loss":0,"event_name":"Addict","floor":19,"gold_loss":85},{"damage_healed":0,"gold_gain":0,"player_choice":"Upgraded","damage_taken":0,"max_hp_gain":0,"max_hp_loss":0,"event_name":"Upgrade Shrine","floor":20,"gold_loss":0,"cards_upgraded":["theMarked:TakeOffHeels"]},{"damage_healed":0,"gold_gain":99,"player_choice":"Stole From Cult","damage_taken":0,"max_hp_gain":0,"max_hp_loss":0,"event_name":"Nest","floor":30,"gold_loss":0},{"damage_healed":0,"gold_gain":0,"player_choice":"Upgraded Two","damage_taken":0,"max_hp_gain":0,"max_hp_loss":0,"event_name":"Designer","floor":36,"gold_loss":40,"cards_upgraded":["theMarked:Strike","theMarked:Defend"]},{"damage_healed":0,"gold_gain":0,"player_choice":"Upgraded","damage_taken":0,"max_hp_gain":0,"max_hp_loss":0,"event_name":"Upgrade Shrine","floor":39,"gold_loss":0,"cards_upgraded":["theMarked:ElectricStrings"]}],"is_beta":false,"boss_relics":[{"not_picked":["REME_ChargedStone","Cursed Key"],"picked":"Black Star"},{"not_picked":["Replay:Wanted Poster","Ring of Chaos"],"picked":"SlaversCollar"}],"items_purged_floors":[6,31],"is_endless":false,"potions_floor_spawned":[4,12,13,16,22,23,25,28,33,35,37,38,40],"killed_by":"Sphere and 2 Shapes","ascension_level":0}}