{"host":"tr0r177cvmpvg89h","time":1614264202,"event":{"mods":["BaseMod","Colored Map","DeckTracker","Minty Spire (QoL Compilation)","StSLib","SuperFastMode"],"gold_per_floor":[111,32,32,43,218,218,234,234,234,234,247,273,273,293,293,396,396,409,421,421,435,435,435],"floor_reached":22,"language":"KOR","playtime":1200,"items_purged":[],"score":186,"play_id":"fdda00da-84ba-4908-8737-a2e58f294f99","local_time":"20210225234322","is_ascension_mode":false,"campfire_choices":[{"data":"Defragment","floor":6,"key":"SMITH"},{"data":"Streamline","floor":8,"key":"SMITH"},{"data":"Compile Driver","floor":10,"key":"SMITH"},{"data":"Beam Cell","floor":13,"key":"SMITH"},{"floor":15,"key":"REST"}],"circlet_count":0,"master_deck":["Strike_B","Strike_B","Strike_B","Strike_B","Defend_B","Defend_B","Defend_B","Defend_B","Zap","Dualcast","Conserve Battery","Defragment+1","Compile Driver+1","Streamline+1","Cold Snap","Beam Cell+1","Undo","Thunder Strike","Ball Lightning+1"],"relics":["Cracked Core","Potion Belt","Singing Bowl","Bag of Preparation","Empty Cage","Art of War"],"acts_visited":["Exordium","TheCity"],"potions_floor_usage":[12],"damage_taken":[{"damage":1,"enemies":"Jaw Worm","floor":1,"turns":3},{"damage":14,"enemies":"Small Slimes","floor":4,"turns":3},{"damage":8,"enemies":"Cultist","floor":7,"turns":3},{"damage":16,"enemies":"2 Fungi Beasts","floor":11,"turns":3},{"damage":21,"enemies":"Gremlin Nob","floor":12,"turns":4},{"damage":8,"enemies":"Exordium Wildlife","floor":14,"turns":5},{"damage":46,"enemies":"Hexaghost","floor":16,"turns":12},{"damage":31,"enemies":"3 Byrds","floor":18,"turns":6},{"damage":13,"enemies":"Spheric Guardian","floor":19,"turns":4},{"damage":21,"enemies":"Snecko","floor":21,"turns":4},{"damage":22,"enemies":"Centurion and Healer","floor":22,"turns":3}],"seed_played":"-6390856296628084894","potions_obtained":[{"floor":4,"key":"EssenceOfSteel"},{"floor":14,"key":"FairyPotion"},{"floor":18,"key":"Swift Potion"}],"is_trial":false,"path_per_floor":["M","$","?","M","?","R","M","R","T","R","M","E","R","M","R","B",null,"M","M","?","M","M"],"character_chosen":"DEFECT","items_purchased":["Defragment"],"campfire_rested":1,"item_purchase_floors":[2],"current_hp_per_floor":[81,81,81,67,67,67,59,59,59,59,43,22,22,14,38,18,82,51,40,40,21,0,0],"gold":435,"neow_bonus":"TEN_PERCENT_HP_BONUS","is_daily":false,"chose_seed":false,"campfire_upgraded":4,"win_rate":0.0,"timestamp":1614264202,"path_taken":["M","$","?","M","?","R","M","R","T","R","M","E","R","M","R","BOSS","M","M","?","M","M"],"items_purchased_type":["Card"],"build_version":"2020-12-22","purchased_purges":0,"victory":false,"max_hp_per_floor":[82,82,82,82,82,82,82,82,82,82,82,82,82,82,82,82,82,82,84,84,86,86,86],"card_choices":[{"not_picked":["Compile Driver","Gash"],"picked":"Conserve Battery","floor":1},{"not_picked":["Hologram","Sunder"],"picked":"Compile Driver","floor":4},{"not_picked":["Beam Cell","Compile Driver"],"picked":"Streamline","floor":7},{"not_picked":["Auto Shields","Coolheaded"],"picked":"Cold Snap","floor":11},{"not_picked":["Blizzard","Fission"],"picked":"Beam Cell","floor":12},{"not_picked":["Hologram","Cold Snap"],"picked":"Undo","floor":14},{"not_picked":["Amplify","Rainbow"],"picked":"Thunder Strike","floor":16},{"not_picked":["Redo+1","Hologram"],"picked":"Ball Lightning+1","floor":18},{"not_picked":["Hello World","Reinforced Body+1","Gash"],"picked":"Singing Bowl","floor":19},{"not_picked":["Steam+1","Conserve Battery","Redo+1"],"picked":"Singing Bowl","floor":21}],"player_experience":139211,"relics_obtained":[{"floor":9,"key":"Singing Bowl"},{"floor":12,"key":"Bag of Preparation"}],"event_choices":[{"damage_healed":0,"gold_gain":0,"player_choice":"Box","damage_taken":0,"relics_obtained":["Potion Belt"],"max_hp_gain":0,"max_hp_loss":0,"event_name":"Big Fish","floor":3,"gold_loss":0,"cards_obtained":["Regret"]},{"damage_healed":0,"gold_gain":175,"player_choice":"AGREE","damage_taken":0,"max_hp_gain":0,"max_hp_loss":0,"event_name":"Liars Game","floor":5,"gold_loss":0,"cards_obtained":["Doubt"]},{"damage_healed":0,"gold_gain":0,"player_choice":"Opened","damage_taken":0,"relics_obtained":["Art of War"],"max_hp_gain":0,"max_hp_loss":0,"event_name":"The Mausoleum","floor":20,"gold_loss":0}],"is_beta":false,"boss_relics":[{"not_picked":["Velvet Choker","Philosopher\u0027s Stone"],"picked":"Empty Cage"}],"items_purged_floors":[],"is_endless":false,"potions_floor_spawned":[4,14,18],"killed_by":"Centurion and Healer","ascension_level":0}}