{"host":"3vooxnyv2lwdr2a7","time":1614251028,"event":{"mods":["BaseMod","Marisa£®ÏF”Í°°ƒß¿Ì…≥£©","Minty Spire (QoL Compilation)","Remilia£®¿Ÿ√◊¿Ú—«£©","Shapeshifter Mod","StSLib","The Cursed","The Servant 0.9.4","Youmu£®ªÍ∆«—˝√Œ£©","Yuyuko"],"gold_per_floor":[111,286,304,304,338,288,349,373,424,424,480,523,586,624,624,756,756,788,788,852,852,852,852,943,943,943,577,605,723,790,790,790,979,979,1099,601,601,678,692,692],"floor_reached":39,"language":"ZHS","playtime":2882,"items_purged":["Wrath_TH"],"score":538,"play_id":"cfe8a8b6-acac-4a11-b3aa-320b8f6ad0d4","local_time":"20210225190348","is_ascension_mode":true,"campfire_choices":[{"floor":10.0,"key":"REST"},{"data":"EnergyFlow","floor":15.0,"key":"SMITH"},{"data":"MillisecondPulsars","floor":23.0,"key":"SMITH"},{"data":"WitchOfGreed","floor":25.0,"key":"SMITH"},{"floor":32.0,"key":"RECALL"}],"circlet_count":0,"master_deck":["Strike_MRS","Strike_MRS","Strike_MRS","Strike_MRS","Defend_MRS","Defend_MRS","Defend_MRS+1","Defend_MRS","MasterSpark+1","UpSweep+1","Robbery","AsteroidBelt","MilkyWay","RefractionSpark","EnergyFlow+1","SporeBomb","OortCloud","UltimateShortwave","WitchOfGreed+1","MillisecondPulsars+1","GravityBeat","AsteroidBelt+1","EndlessPower","EnergyRecoil","EnergyFlow+1","MachineGunSpark","GalacticHalo","UnstableBomb+1","OrrerysSun","TreasureHunter","UnstableBomb+1","Secret Weapon","Acceleration"],"relics":["MiniHakkero","Mummified Hand","MealTicket","Ancient Tea Set","ExperimentalFamiliar","PreservedInsect","Calipers","Kunai","DollysMirror","White Beast Statue","Pantograph","Busted Crown","Bronze Scales","ClockworkSouvenir"],"acts_visited":["Exordium","TheCity","TheBeyond"],"potions_floor_usage":[39],"damage_taken":[{"damage":8.0,"enemies":"Jaw Worm","floor":1.0,"turns":3.0},{"damage":7.0,"enemies":"2 Louse","floor":3.0,"turns":2.0},{"damage":0.0,"enemies":"Cultist","floor":5.0,"turns":4.0},{"damage":25.0,"enemies":"Lagavulin","floor":7.0,"turns":8.0},{"damage":2.0,"enemies":"Looter","floor":8.0,"turns":3.0},{"damage":5.0,"enemies":"3 Sentries","floor":11.0,"turns":10.0},{"damage":5.0,"enemies":"Large Slime","floor":12.0,"turns":6.0},{"damage":4.0,"enemies":"Lagavulin","floor":13.0,"turns":7.0},{"damage":5.0,"enemies":"2 Fungi Beasts","floor":14.0,"turns":4.0},{"damage":16.0,"enemies":"Slime Boss","floor":16.0,"turns":10.0},{"damage":0.0,"enemies":"Chosen","floor":18.0,"turns":3.0},{"damage":15.0,"enemies":"2 Thieves","floor":20.0,"turns":3.0},{"damage":9.0,"enemies":"Gremlin Leader","floor":24.0,"turns":5.0},{"damage":5.0,"enemies":"Book of Stabbing","floor":28.0,"turns":3.0},{"damage":5.0,"enemies":"Centurion and Healer","floor":29.0,"turns":5.0},{"damage":12.0,"enemies":"Shelled Parasite and Fungi","floor":30.0,"turns":4.0},{"damage":22.0,"enemies":"Collector","floor":33.0,"turns":9.0},{"damage":8.0,"enemies":"3 Darklings","floor":35.0,"turns":5.0},{"damage":5.0,"enemies":"3 Shapes","floor":38.0,"turns":4.0},{"damage":91,"enemies":"Orin","floor":39,"turns":6}],"seed_played":"-4178746959215980998","potions_obtained":[{"floor":1.0,"key":"SkillPotion"},{"floor":3.0,"key":"SpeedPotion"},{"floor":11.0,"key":"EssenceOfSteel"},{"floor":13.0,"key":"SpeedPotion"},{"floor":16.0,"key":"LiquidMemories"},{"floor":16.0,"key":"ShroomBrew"},{"floor":18.0,"key":"BottledSpark"},{"floor":18.0,"key":"Explosive Potion"},{"floor":24.0,"key":"BlessingOfTheForge"},{"floor":24.0,"key":"Swift Potion"},{"floor":29.0,"key":"Dexterity Potion"},{"floor":30.0,"key":"Fruit Juice"},{"floor":30.0,"key":"Dexterity Potion"},{"floor":33.0,"key":"Strength Potion"},{"floor":35.0,"key":"DistilledChaos"},{"floor":38.0,"key":"Regen Potion"}],"is_trial":false,"path_per_floor":["M","?","M","?","M","?","E","M","T","R","E","M","E","M","R","B",null,"M","?","M","?","?","R","E","R","T","$","E","M","M","T","R","B",null,"M","$","?","M","?"],"character_chosen":"MARISA","items_purchased":["LiquidBronze","DollysMirror","MachineGunSpark","Bronze Scales","ClockworkSouvenir","Secret Weapon"],"campfire_rested":1,"item_purchase_floors":[27,27,27,36,36,36],"current_hp_per_floor":[67,67,60,45,45,45,20,18,18,40,35,30,26,21,21,5,75,75,75,60,60,60,60,51,51,51,66,61,56,49,49,49,52,80,72,80,76,71,0,0],"gold":692,"neow_bonus":"UPGRADE_CARD","is_daily":false,"chose_seed":false,"campfire_upgraded":3,"win_rate":0.0,"timestamp":1614251028,"path_taken":["M","?","M","?","M","?","E","M","T","R","E","?","E","M","R","BOSS","M","?","M","?","?","R","E","R","T","$","E","M","M","?","R","BOSS","M","$","?","M","?"],"items_purchased_type":["Potion","Relic","Card","Relic","Relic","Card"],"build_version":"2020-12-22","purchased_purges":1,"victory":false,"max_hp_per_floor":[75,75,75,75,75,75,75,75,75,75,75,75,75,75,75,75,75,75,75,75,75,75,75,75,75,75,75,75,75,80,80,80,80,80,80,80,76,76,76,76],"card_choices":[{"not_picked":["SprinkleStarSeal","Orbital"],"picked":"Robbery","floor":1.0},{"not_picked":["IllusionStar","GrandCross"],"picked":"AsteroidBelt","floor":3.0},{"not_picked":["PowerUp","ChargeUpSpray"],"picked":"MilkyWay","floor":5.0},{"not_picked":["AsteroidBelt","DarkSpark"],"picked":"RefractionSpark","floor":7.0},{"not_picked":["Singularity","MysteriousBeam"],"picked":"EnergyFlow","floor":8.0},{"not_picked":["MagicChant","IllusionStar"],"picked":"SporeBomb","floor":11.0},{"not_picked":["BlazeAway","DoubleSpark"],"picked":"OortCloud","floor":12.0},{"not_picked":["WitchLeyline","GalacticHalo"],"picked":"UltimateShortwave","floor":13.0},{"not_picked":["ManaConvection","GravityBeat"],"picked":"WitchOfGreed","floor":14.0},{"not_picked":["UltimateShortwave","CollectingQuirk"],"picked":"MillisecondPulsars","floor":16.0},{"not_picked":["PulseMagic+1","OpenUniverse+1"],"picked":"GravityBeat","floor":18.0},{"not_picked":["UnstableBomb","RefractionSpark+1"],"picked":"AsteroidBelt+1","floor":20.0},{"not_picked":["WitchLeyline","DragonMeteor+1"],"picked":"EnergyRecoil","floor":24.0},{"not_picked":["StarlightTyphoon","MeteoricShower+1"],"picked":"GalacticHalo","floor":28.0},{"not_picked":["6A","SporeBomb"],"picked":"UnstableBomb+1","floor":29.0},{"not_picked":["LuminesStrike","PulseMagic"],"picked":"OrrerysSun","floor":30.0},{"not_picked":["EscapeVelocity","BlazingStar"],"picked":"TreasureHunter","floor":33.0},{"not_picked":[],"picked":"UnstableBomb+1","floor":35.0},{"not_picked":[],"picked":"Acceleration","floor":38.0}],"player_experience":969163,"relics_obtained":[{"floor":7.0,"key":"Mummified Hand"},{"floor":11.0,"key":"MealTicket"},{"floor":13.0,"key":"Ancient Tea Set"},{"floor":24.0,"key":"Calipers"},{"floor":26.0,"key":"Kunai"},{"floor":28.0,"key":"White Beast Statue"},{"floor":31.0,"key":"Pantograph"}],"event_choices":[{"damage_healed":0.0,"max_hp_gain":0.0,"max_hp_loss":0.0,"gold_gain":175.0,"event_name":"Liars Game","player_choice":"AGREE","floor":2.0,"gold_loss":0.0,"damage_taken":0.0,"cards_obtained":["Doubt"]},{"damage_healed":0.0,"max_hp_gain":0.0,"max_hp_loss":0.0,"gold_gain":0.0,"event_name":"Shining Light","player_choice":"Entered Light","floor":4.0,"gold_loss":0.0,"damage_taken":15.0,"cards_upgraded":["UpSweep","Defend_MRS"]},{"cards_removed":["Doubt"],"damage_healed":0.0,"max_hp_gain":0.0,"max_hp_loss":0.0,"gold_gain":0.0,"event_name":"The Cleric","player_choice":"Card Removal","floor":6.0,"gold_loss":50.0,"damage_taken":0.0},{"damage_healed":0.0,"max_hp_gain":0.0,"max_hp_loss":0.0,"gold_gain":0.0,"event_name":"The Mausoleum","player_choice":"Opened","floor":19.0,"gold_loss":0.0,"damage_taken":0.0,"relics_obtained":["PreservedInsect"]},{"damage_healed":0.0,"max_hp_gain":0.0,"max_hp_loss":0.0,"gold_gain":0.0,"event_name":"Cursed Tome","player_choice":"Ignored","floor":22.0,"gold_loss":0.0,"damage_taken":0.0},{"damage_healed":0.0,"max_hp_gain":0.0,"max_hp_loss":4.0,"gold_gain":0.0,"event_name":"Winding Halls","player_choice":"Max HP","floor":37.0,"gold_loss":0.0,"damage_taken":0.0},{"damage_healed":0,"gold_gain":0,"player_choice":"Fight","damage_taken":0,"max_hp_gain":0,"max_hp_loss":0,"event_name":"OrinTheCat","floor":39,"gold_loss":0}],"is_beta":false,"boss_relics":[{"not_picked":["Pandora\u0027s Box","Fusion Hammer"],"picked":"ExperimentalFamiliar"},{"not_picked":["Tiny House","BewitchedHakkero"],"picked":"Busted Crown"}],"items_purged_floors":[27],"is_endless":false,"potions_floor_spawned":[1,3,11,13,16,18,24,29,30,33,35,38],"killed_by":"Orin","ascension_level":1}}