{"host":"xpgmdkzynapqiwc4","time":1614271589,"event":{"mods":["BaseMod","Colored Map","Hubris","Minty Spire (QoL Compilation)","StSLib"],"gold_per_floor":[129,129,148,165,188,188,225,247,247,247,281,304,304,324,324,429,429,446,461,461,480,480,515,515,515,567,567,583,615,26,43,43,143,143,165,125,142,42,57,85,102,150,150,150,150,150,162,132,132,132],"floor_reached":51,"language":"ENG","playtime":2797,"items_purged":["Clothesline","hubris:Greed"],"score":805,"play_id":"f4e47db8-70e8-4b39-9c53-36d88281e8fd","local_time":"20210225104629","is_ascension_mode":true,"campfire_choices":[{"data":"Perfected Strike","floor":6,"key":"SMITH"},{"data":"Perfected Strike","floor":10,"key":"SMITH"},{"data":"hubris:DuctTapeCard","floor":13,"key":"SMITH"},{"floor":15,"key":"REST"},{"floor":24,"key":"REST"},{"floor":32,"key":"REST"},{"floor":44,"key":"REST"},{"data":"Shrug It Off","floor":46,"key":"SMITH"},{"floor":49,"key":"REST"}],"circlet_count":0,"master_deck":["Strike_R+1","Strike_R","Strike_R+1","Strike_R","Strike_R","Defend_R","Defend_R+1","Defend_R","Bash","Metallicize","Shockwave+1","Battle Trance","hubris:DuctTapeCard+2","Perfected Strike+1","Offering","Body Slam+1","Twin Strike","Impervious","Evolve","Fire Breathing","hubris:StunningStrike+1","Twin Strike+1","Ghostly Armor","Shrug It Off+1"],"relics":["Burning Blood","hubris:BundleOfHerbs","Spirit Poop","hubris:DuctTape","Letter Opener","War Paint","Philosopher\u0027s Stone","hubris:ToyBattleship","Gremlin Horn","Mercury Hourglass","Whetstone","Ancient Tea Set","Medical Kit","hubris:VirtuousBlindfold","Unceasing Top","hubris:Zylophone","Anchor"],"acts_visited":["Exordium","TheCity","TheBeyond"],"potions_floor_usage":[7,21,28,29,33,42,42,50,50],"damage_taken":[{"damage":7,"enemies":"Jaw Worm","floor":1,"turns":3},{"damage":0,"enemies":"Cultist","floor":3,"turns":2},{"damage":9,"enemies":"Small Slimes","floor":4,"turns":4},{"damage":3,"enemies":"2 Fungi Beasts","floor":5,"turns":5},{"damage":12,"enemies":"Lagavulin","floor":7,"turns":5},{"damage":20,"enemies":"Lots of Slimes","floor":8,"turns":7},{"damage":13,"enemies":"Gremlin Nob","floor":11,"turns":3},{"damage":13,"enemies":"Large Slime","floor":12,"turns":3},{"damage":13,"enemies":"3 Louse","floor":14,"turns":4},{"damage":22,"enemies":"Slime Boss","floor":16,"turns":7},{"damage":8,"enemies":"Chosen","floor":18,"turns":2},{"damage":6,"enemies":"Spheric Guardian","floor":19,"turns":2},{"damage":15,"enemies":"Snake Plant","floor":21,"turns":4},{"damage":30,"enemies":"Slavers","floor":23,"turns":5},{"damage":19,"enemies":"Centurion and Healer","floor":28,"turns":4},{"damage":26,"enemies":"Book of Stabbing","floor":29,"turns":4},{"damage":18,"enemies":"Sentry and Sphere","floor":31,"turns":4},{"damage":89,"enemies":"Automaton","floor":33,"turns":10},{"damage":13,"enemies":"3 Shapes","floor":35,"turns":2},{"damage":10,"enemies":"3 Darklings","floor":37,"turns":3},{"damage":38,"enemies":"Writhing Mass","floor":39,"turns":5},{"damage":14,"enemies":"Nemesis","floor":40,"turns":5},{"damage":17,"enemies":"Jaw Worm Horde","floor":41,"turns":3},{"damage":30,"enemies":"2 Orb Walkers","floor":42,"turns":4},{"damage":3,"enemies":"Transient","floor":47,"turns":5},{"damage":51,"enemies":"Donu and Deca","floor":50,"turns":10}],"seed_played":"-1743599951237493849","potions_obtained":[{"floor":1,"key":"SneckoOil"},{"floor":5,"key":"Energy Potion"},{"floor":14,"key":"SkillPotion"},{"floor":16,"key":"SteroidPotion"},{"floor":21,"key":"Fire Potion"},{"floor":28,"key":"BloodPotion"},{"floor":31,"key":"FairyPotion"},{"floor":40,"key":"PowerPotion"},{"floor":41,"key":"BlessingOfTheForge"},{"floor":42,"key":"FearPotion"},{"floor":48,"key":"BloodPotion"},{"floor":48,"key":"Weak Potion"}],"is_trial":false,"path_per_floor":["M","?","M","M","M","R","E","M","T","R","E","M","R","M","R","B",null,"M","M","?","M","?","E","R","?","T","?","M","E","$","M","R","B",null,"M","?","M","$","M","E","M","?","T","R","?","R","M","?","R","B",null],"character_chosen":"IRONCLAD","items_purchased":["Whetstone","Ancient Tea Set","Fire Breathing","Medical Kit"],"campfire_rested":5,"item_purchase_floors":[30,30,30,30],"current_hp_per_floor":[79,79,80,77,80,80,74,60,60,60,53,46,46,39,63,47,80,78,78,78,69,69,45,69,54,54,54,58,38,38,26,51,37,85,78,78,74,74,42,34,23,25,25,50,50,50,53,53,78,77],"gold":132,"neow_bonus":"ONE_RARE_RELIC","is_daily":false,"chose_seed":false,"campfire_upgraded":4,"win_rate":0.0,"timestamp":1614271589,"path_taken":["M","?","M","?","M","R","E","M","T","R","E","?","R","M","R","BOSS","M","M","?","M","?","E","R","?","T","?","M","E","$","?","R","BOSS","M","?","M","$","M","E","?","?","T","R","?","R","?","?","R","BOSS"],"items_purchased_type":["Relic","Relic","Card","Relic"],"build_version":"2020-12-22","purchased_purges":2,"victory":true,"max_hp_per_floor":[80,80,80,80,80,80,80,80,80,80,80,80,80,80,80,80,80,80,80,80,80,80,80,80,85,85,85,85,85,85,85,85,85,85,85,85,85,85,85,85,85,85,85,85,85,85,85,85,85,85],"card_choices":[{"not_picked":["Warcry","Flex"],"picked":"Perfected Strike","floor":1},{"not_picked":["Anger","Wild Strike"],"picked":"Metallicize","floor":3},{"not_picked":["Heavy Blade","Entrench"],"picked":"Shockwave","floor":4},{"not_picked":["Body Slam","Power Through"],"picked":"Pommel Strike","floor":5},{"not_picked":["Infernal Blade","Rupture"],"picked":"Battle Trance","floor":7},{"not_picked":["Flex","Sword Boomerang"],"picked":"Perfected Strike","floor":8},{"not_picked":["hubris:CleavingFinish","hubris:ReadiedAction","Bludgeon"],"picked":"SKIP","floor":11},{"not_picked":["Clash","Cleave","hubris:ReadiedAction"],"picked":"SKIP","floor":12},{"not_picked":["Perfected Strike","Blood for Blood"],"picked":"Clothesline","floor":14},{"not_picked":["Bludgeon","Juggernaut"],"picked":"Offering","floor":16},{"not_picked":["Carnage+1","Bloodletting","Rupture"],"picked":"SKIP","floor":18},{"not_picked":["Cleave","Reckless Charge"],"picked":"Body Slam+1","floor":19},{"not_picked":["Wild Strike+1","Perfected Strike"],"picked":"Twin Strike","floor":21},{"not_picked":["Blood for Blood","Clothesline"],"picked":"Impervious","floor":23},{"not_picked":["Wild Strike","Uppercut"],"picked":"Evolve","floor":28},{"not_picked":["Infernal Blade+1","Feel No Pain","Juggernaut"],"picked":"SKIP","floor":29},{"not_picked":["Warcry","Dark Embrace","Sever Soul"],"picked":"SKIP","floor":31},{"not_picked":["Fiend Fire","Immolate"],"picked":"hubris:StunningStrike","floor":33},{"not_picked":["Anger+1","hubris:ReadiedAction","Fire Breathing"],"picked":"SKIP","floor":35},{"not_picked":["Clash+1","Flex","Battle Trance+1"],"picked":"SKIP","floor":37},{"not_picked":["Sword Boomerang+1","Heavy Blade+1"],"picked":"Twin Strike+1","floor":39},{"not_picked":["Rupture+1","Thunderclap","hubris:CleavingFinish"],"picked":"SKIP","floor":40},{"not_picked":["Cleave","Clothesline"],"picked":"Ghostly Armor","floor":41},{"not_picked":["Warcry","Cleave+1"],"picked":"Shrug It Off","floor":42},{"not_picked":["Warcry+1","Headbutt","Clothesline"],"picked":"SKIP","floor":47}],"player_experience":21542,"relics_obtained":[{"floor":7,"key":"hubris:DuctTape"},{"floor":9,"key":"Letter Opener"},{"floor":11,"key":"War Paint"},{"floor":26,"key":"hubris:ToyBattleship"},{"floor":29,"key":"Mercury Hourglass"},{"floor":40,"key":"Unceasing Top"},{"floor":42,"key":"hubris:Zylophone"},{"floor":43,"key":"Anchor"}],"event_choices":[{"cards_removed":["hubris:Greed"],"damage_healed":0,"gold_gain":0,"player_choice":"Offered Curse","damage_taken":0,"relics_obtained":["Spirit Poop"],"max_hp_gain":0,"max_hp_loss":0,"event_name":"Bonfire Elementals","floor":2,"gold_loss":0},{"damage_healed":0,"gold_gain":0,"player_choice":"Ignored","damage_taken":0,"max_hp_gain":0,"max_hp_loss":0,"event_name":"The Mausoleum","floor":20,"gold_loss":0},{"damage_healed":0,"gold_gain":0,"player_choice":"Ignored","damage_taken":0,"max_hp_gain":0,"max_hp_loss":0,"event_name":"Vampires","floor":22,"gold_loss":0},{"damage_healed":0,"gold_gain":0,"player_choice":"Shed Blood","damage_taken":20,"max_hp_gain":5,"max_hp_loss":0,"event_name":"Forgotten Altar","floor":25,"gold_loss":0},{"damage_healed":0,"gold_gain":0,"player_choice":"Gave Potion","damage_taken":0,"relics_obtained":["Gremlin Horn"],"max_hp_gain":0,"max_hp_loss":0,"event_name":"WeMeetAgain","floor":27,"gold_loss":0},{"damage_healed":0,"gold_gain":0,"player_choice":"Upgrade","damage_taken":0,"max_hp_gain":0,"max_hp_loss":0,"event_name":"Designer","floor":36,"gold_loss":40,"cards_upgraded":["hubris:StunningStrike"]},{"damage_healed":0,"gold_gain":0,"player_choice":"Fight","damage_taken":0,"max_hp_gain":0,"max_hp_loss":0,"event_name":"Mysterious Sphere","floor":42,"gold_loss":0},{"cards_removed":["Defend_R"],"damage_healed":0,"gold_gain":0,"player_choice":"Purged","damage_taken":0,"max_hp_gain":0,"max_hp_loss":0,"event_name":"Purifier","floor":45,"gold_loss":0},{"damage_healed":0,"gold_gain":0,"player_choice":"Bought 2 Potions","damage_taken":0,"max_hp_gain":0,"max_hp_loss":0,"event_name":"The Woman in Blue","floor":48,"gold_loss":0}],"is_beta":false,"boss_relics":[{"not_picked":["hubris:Stopwatch","Runic Pyramid"],"picked":"Philosopher\u0027s Stone"},{"not_picked":["hubris:RunicObelisk","Empty Cage"],"picked":"hubris:VirtuousBlindfold"}],"items_purged_floors":[30,38],"is_endless":false,"potions_floor_spawned":[1,5,14,16,21,28,31,40,41,42],"ascension_level":3}}