{"host":"8rwnpls8n88jrgbg","time":1614214761,"event":{"mods":["AchievementEnabler","BaseMod","Colored Map","Colored Powertips","DeckTracker","Keyboard Shortcuts","Minty Spire (QoL Compilation)","Relic Stats","StSLib","SuperFastMode"],"gold_per_floor":[117,133,145,159,84,84,109,119,145,14,14,14,40,58,58,136,136,150,150,173,173,73,106,106,21,21,50,68,97,110,124,124,198,198,217,217,45,58,0,25,25,60,60,87,101,111,111,33,33,33,33,33,33,33,33],"floor_reached":54,"language":"KOR","playtime":3301,"items_purged":["Strike_R","Strike_R"],"score":1517,"play_id":"60cefb26-ffb3-4027-98bb-f92b939ef413","local_time":"20210225095921","is_ascension_mode":true,"campfire_choices":[{"data":"Armaments","floor":6.0,"key":"SMITH"},{"data":"Rage","floor":12.0,"key":"SMITH"},{"data":"Whirlwind","floor":15.0,"key":"SMITH"},{"floor":24.0,"key":"REST"},{"floor":32.0,"key":"REST"},{"floor":49,"key":"RECALL"},{"data":"Apotheosis","floor":52,"key":"SMITH"}],"circlet_count":0,"master_deck":["AscendersBane","Defend_R","Defend_R","Defend_R","Defend_R","Bash","Anger","Armaments+1","Rage+1","Juggernaut","Wild Strike+1","Whirlwind+1","Battle Trance","Ghostly Armor","True Grit+1","Entrench","Warcry+1","Impervious","Clothesline+1","Pummel+1","Barricade+1","Madness","Apotheosis+1","Offering","Impervious","Power Through+1","Parasite","Second Wind"],"relics":["Burning Blood","Anchor","Orichalcum","Strawberry","Dream Catcher","Philosopher\u0027s Stone","Happy Flower","Vajra","Bronze Scales","Oddly Smooth Stone","Ginger","Astrolabe","Red Mask","MealTicket","Smiling Mask","Sundial","Potion Belt"],"acts_visited":["TheEnding"],"potions_floor_usage":[40],"damage_taken":[{"damage":1.0,"enemies":"Jaw Worm","floor":1.0,"turns":4.0},{"damage":0.0,"enemies":"2 Louse","floor":2.0,"turns":2.0},{"damage":1.0,"enemies":"Cultist","floor":3.0,"turns":3.0},{"damage":16.0,"enemies":"Exordium Thugs","floor":4.0,"turns":8.0},{"damage":1.0,"enemies":"Gremlin Nob","floor":7.0,"turns":3.0},{"damage":5.0,"enemies":"3 Louse","floor":8.0,"turns":4.0},{"damage":17.0,"enemies":"3 Sentries","floor":13.0,"turns":7.0},{"damage":0.0,"enemies":"2 Fungi Beasts","floor":14.0,"turns":2.0},{"damage":25.0,"enemies":"The Guardian","floor":16.0,"turns":11.0},{"damage":7.0,"enemies":"Chosen","floor":18.0,"turns":5.0},{"damage":46.0,"enemies":"Slavers","floor":23.0,"turns":4.0},{"damage":0.0,"enemies":"Gremlin Leader","floor":27.0,"turns":7.0},{"damage":0.0,"enemies":"3 Byrds","floor":28.0,"turns":3.0},{"damage":54.0,"enemies":"Slavers","floor":29.0,"turns":4.0},{"damage":7.0,"enemies":"Shelled Parasite and Fungi","floor":30.0,"turns":4.0},{"damage":0.0,"enemies":"Snake Plant","floor":31.0,"turns":2.0},{"damage":7.0,"enemies":"Collector","floor":33.0,"turns":11.0},{"damage":0.0,"enemies":"3 Darklings","floor":35.0,"turns":5.0},{"damage":6,"enemies":"3 Shapes","floor":38,"turns":7},{"damage":6,"enemies":"Reptomancer","floor":40,"turns":8},{"damage":62,"enemies":"Nemesis","floor":42,"turns":15},{"damage":6,"enemies":"Giant Head","floor":44,"turns":14},{"damage":29,"enemies":"Sphere and 2 Shapes","floor":45,"turns":9},{"damage":9,"enemies":"Writhing Mass","floor":46,"turns":8},{"damage":11,"enemies":"Awakened One","floor":50,"turns":39},{"damage":113,"enemies":"Shield and Spear","floor":54,"turns":9}],"seed_played":"-7854026586842086404","potions_obtained":[{"floor":3.0,"key":"FearPotion"},{"floor":4.0,"key":"AttackPotion"},{"floor":14.0,"key":"Dexterity Potion"},{"floor":27.0,"key":"SpeedPotion"},{"floor":29.0,"key":"EntropicBrew"},{"floor":30.0,"key":"Weak Potion"},{"floor":33.0,"key":"BlessingOfTheForge"},{"floor":35,"key":"Dexterity Potion"},{"floor":40,"key":"PowerPotion"}],"is_trial":false,"path_per_floor":["M","M","M","M","?","R","E","M","T","$","?","R","E","M","R","B",null,"M","?","T","?","$","E","R","?","T","E","M","E","M","M","R","B",null,"M","?","$","M","?","E","?","E","T","E","M","M","?","$","R","B",null,"R","$","E"],"character_chosen":"IRONCLAD","items_purchased":["Sword Boomerang","Offering","Second Wind"],"campfire_rested":2,"item_purchase_floors":[10,37,48],"current_hp_per_floor":[73,75,75,65,65,65,70,71,78,78,78,78,67,73,73,54,75,74,74,74,74,74,34,58,58,58,64,70,22,21,27,51,50,74,80,70,70,70,70,70,92,36,36,36,13,10,10,25,25,20,74,74,89,0,0],"gold":33,"neow_bonus":"RANDOM_COMMON_RELIC","is_daily":false,"chose_seed":false,"campfire_upgraded":4,"win_rate":0.0,"timestamp":1614214761,"path_taken":["M","M","M","M","?","R","E","M","T","$","?","R","E","?","R","BOSS","M","?","?","?","$","E","R","?","T","E","?","E","M","M","R","BOSS","M","?","$","M","?","E","?","E","T","E","?","M","?","$","R","BOSS","R","$","E"],"items_purchased_type":["Card","Card","Card"],"build_version":"2020-12-22","purchased_purges":2,"victory":false,"max_hp_per_floor":[75,75,75,75,75,75,75,75,82,82,82,82,82,82,82,82,82,82,82,82,82,82,82,82,82,82,82,82,82,82,82,82,82,82,82,82,82,82,82,82,92,92,92,92,92,92,92,92,92,92,92,92,92,92,92],"relic_stats":{"Dream Catcher":0,"Happy Flower":[36],"counters":[8,109],"Sundial":[16],"Bronze Scales":[436],"Astrolabe":[],"MealTicket":30,"Ginger":[9],"Orichalcum":[0],"Smiling Mask":0,"obtain_stats":[{"Potion Belt":44,"Happy Flower":0,"Astrolabe":0,"Vajra":0,"Oddly Smooth Stone":0,"Ginger":0,"Orichalcum":0,"Smiling Mask":42,"Burning Blood":0,"Anchor":0,"Dream Catcher":0,"Sundial":43,"Strawberry":0,"Bronze Scales":0,"Philosopher\u0027s Stone":0,"MealTicket":40,"Red Mask":39},{"Potion Belt":4,"Happy Flower":0,"Astrolabe":0,"Vajra":0,"Oddly Smooth Stone":0,"Ginger":0,"Orichalcum":0,"Smiling Mask":3,"Burning Blood":0,"Anchor":0,"Dream Catcher":0,"Sundial":3,"Strawberry":0,"Bronze Scales":0,"Philosopher\u0027s Stone":0,"MealTicket":2,"Red Mask":1},{"Potion Belt":44,"Happy Flower":0,"Astrolabe":0,"Vajra":0,"Oddly Smooth Stone":0,"Ginger":0,"Orichalcum":0,"Smiling Mask":30,"Burning Blood":0,"Anchor":0,"Dream Catcher":0,"Sundial":30,"Strawberry":0,"Bronze Scales":0,"Philosopher\u0027s Stone":0,"MealTicket":15,"Red Mask":7}],"Burning Blood":42},"card_choices":[{"not_picked":["Twin Strike","Thunderclap"],"picked":"Anger","floor":1.0},{"not_picked":["Perfected Strike","Dark Embrace"],"picked":"Armaments","floor":2.0},{"not_picked":["Heavy Blade","Rage","True Grit"],"picked":"SKIP","floor":3.0},{"not_picked":["Heavy Blade","True Grit"],"picked":"Rage","floor":3.0},{"not_picked":["Headbutt","Pummel","Dual Wield"],"picked":"SKIP","floor":4.0},{"not_picked":["Rage","Uppercut"],"picked":"Juggernaut","floor":7.0},{"not_picked":["Sever Soul","Headbutt"],"picked":"Wild Strike","floor":8.0},{"not_picked":["Reaper","Clothesline"],"picked":"Whirlwind","floor":13.0},{"not_picked":["Havoc","Rage"],"picked":"Battle Trance","floor":14.0},{"not_picked":["Double Tap","Corruption"],"picked":"Barricade","floor":16.0},{"not_picked":["Shrug It Off","Searing Blow"],"picked":"Ghostly Armor","floor":18.0},{"not_picked":["Feel No Pain","Brutality"],"picked":"True Grit+1","floor":23.0},{"not_picked":["Blood for Blood","Clash"],"picked":"Entrench","floor":27.0},{"not_picked":["Wild Strike","Intimidate","Searing Blow"],"picked":"SKIP","floor":28.0},{"not_picked":["Sword Boomerang","Armaments","Battle Trance"],"picked":"SKIP","floor":29.0},{"not_picked":["Hemokinesis","Ghostly Armor","Sword Boomerang"],"picked":"SKIP","floor":30.0},{"not_picked":["Entrench","Intimidate"],"picked":"Warcry+1","floor":31.0},{"not_picked":["Bludgeon","Fiend Fire"],"picked":"Impervious","floor":33.0},{"not_picked":["Iron Wave","Sentinel","Clash"],"picked":"SKIP","floor":35},{"not_picked":["HandOfGreed","Finesse"],"picked":"Madness","floor":36},{"not_picked":["Dramatic Entrance","Panacea"],"picked":"Apotheosis","floor":36},{"not_picked":["Clothesline","Spot Weakness","Thunderclap"],"picked":"SKIP","floor":38},{"not_picked":["Clothesline","Spot Weakness","Thunderclap"],"picked":"SKIP","floor":38},{"not_picked":["Fire Breathing","Thunderclap","Twin Strike"],"picked":"SKIP","floor":40},{"not_picked":["Uppercut","Fire Breathing"],"picked":"Impervious","floor":42},{"not_picked":["Wild Strike+1","Pommel Strike","True Grit"],"picked":"SKIP","floor":44},{"not_picked":["Havoc+1","Cleave"],"picked":"Power Through+1","floor":45},{"not_picked":["Cleave","Anger","Armaments"],"picked":"SKIP","floor":46}],"player_experience":1530328,"relics_obtained":[{"floor":7.0,"key":"Orichalcum"},{"floor":9.0,"key":"Strawberry"},{"floor":13.0,"key":"Dream Catcher"},{"floor":20.0,"key":"Happy Flower"},{"floor":23.0,"key":"Vajra"},{"floor":27.0,"key":"Oddly Smooth Stone"},{"floor":29.0,"key":"Ginger"},{"floor":40,"key":"MealTicket"},{"floor":42,"key":"Smiling Mask"},{"floor":43,"key":"Sundial"},{"floor":44,"key":"Potion Belt"}],"event_choices":[{"cards_removed":["Strike_R"],"damage_healed":0.0,"max_hp_gain":0.0,"max_hp_loss":0.0,"gold_gain":0.0,"event_name":"The Cleric","player_choice":"Card Removal","floor":5.0,"gold_loss":75.0,"damage_taken":0.0},{"damage_healed":0.0,"max_hp_gain":0.0,"max_hp_loss":0.0,"gold_gain":0.0,"event_name":"Upgrade Shrine","player_choice":"Upgraded","floor":11.0,"gold_loss":0.0,"damage_taken":0.0,"cards_upgraded":["Wild Strike"]},{"damage_healed":0.0,"max_hp_gain":0.0,"max_hp_loss":0.0,"gold_gain":0.0,"event_name":"Cursed Tome","player_choice":"Ignored","floor":19.0,"gold_loss":0.0,"damage_taken":0.0},{"damage_healed":0.0,"max_hp_gain":0.0,"max_hp_loss":0.0,"gold_gain":0.0,"event_name":"The Mausoleum","player_choice":"Ignored","floor":21.0,"gold_loss":0.0,"damage_taken":0.0},{"damage_healed":0.0,"max_hp_gain":0.0,"max_hp_loss":0.0,"gold_gain":0.0,"event_name":"Addict","player_choice":"Obtained Relic","floor":25.0,"gold_loss":85.0,"damage_taken":0.0,"relics_obtained":["Bronze Scales"]},{"damage_healed":0,"gold_gain":0,"player_choice":"Memory 3","damage_taken":10,"max_hp_gain":0,"max_hp_loss":0,"event_name":"SensoryStone","floor":36,"gold_loss":0},{"damage_healed":0,"gold_gain":0,"player_choice":"Paid","damage_taken":0,"relics_obtained":["Red Mask"],"max_hp_gain":0,"max_hp_loss":0,"event_name":"Tomb of Lord Red Mask","floor":39,"gold_loss":58},{"cards_removed":["Barricade"],"damage_healed":12,"gold_gain":0,"player_choice":"Offered Rare","damage_taken":0,"max_hp_gain":10,"max_hp_loss":0,"event_name":"Bonfire Elementals","floor":41,"gold_loss":0},{"damage_healed":0,"gold_gain":0,"player_choice":"Ignored","damage_taken":0,"max_hp_gain":0,"max_hp_loss":0,"event_name":"Mysterious Sphere","floor":47,"gold_loss":0}],"is_beta":false,"boss_relics":[{"not_picked":["Coffee Dripper","Fusion Hammer"],"picked":"Philosopher\u0027s Stone"},{"not_picked":["Mark of Pain","Black Blood"],"picked":"Astrolabe"}],"items_purged_floors":[10,22],"is_endless":false,"potions_floor_spawned":[3,4,14,27,29,30,33,35,40,42],"killed_by":"Shield and Spear","ascension_level":16}}