{"host":"3azvxbhvx7nk2p5g","time":1614237497,"event":{"mods":["10 clothes from DAL","100% Spire Juice","ATMod(∞¢Ë™Mod)","Act Like it!","BaseMod","Colored Powertips","Minty Spire (QoL Compilation)","MostiFishMod","Onozuka Komachi Mod","Reimu£®≤©¿ˆ¡È√Œ£©","Remilia_Scarlet Moed£®¿Ÿ√◊¿Ú—«°§Àπø®¿◊Ãÿ£©3.3.5","Remilia£®¿Ÿ√◊¿Ú—«£©","Ring Of Destiny","Robot Space Explorer","StSLib","The Administrix","The Alterego","The Bug Knight","The Servant 0.9.4","Waifu the Spire","WarShipGirlsR/’ΩΩ¢…Ÿ≈ÆR mod","Warlord Emblem","Youmu£®ªÍ∆«—˝√Œ£©","Yuri Mod"],"gold_per_floor":[110,110,60,60,84,118,134,159,213,231,250,250,263,105,105,230,230,198,198,232,331,350,350,350,350],"floor_reached":24,"language":"ZHS","playtime":2151,"items_purged":["WarlordEmblem:RuneStrike"],"score":223,"play_id":"94373c55-8eb2-46fb-a168-5f1acd45e94a","local_time":"20210225151817","is_ascension_mode":false,"campfire_choices":[{"data":"WarlordEmblem:DeathContract","floor":15,"key":"SMITH"},{"data":"AT_ShrugMaster","floor":23,"key":"SMITH"}],"circlet_count":0,"master_deck":["WarlordEmblem:RuneStrike","WarlordEmblem:Defend_DK","WarlordEmblem:Defend_DK","WarlordEmblem:Defend_DK","WarlordEmblem:Defend_DK","WarlordEmblem:RuneDefend","WarlordEmblem:RuneHeavyStrike","AT_ShrugMaster+1","WarlordEmblem:Potential","WarlordEmblem:WindStrike","WarlordEmblem:DeathContract+1","WarlordEmblem:RuneBlade","WarlordEmblem:DeathGateway","WarlordEmblem:RuneFocus","WarlordEmblem:WrathOfSindragosa","WarlordEmblem:RuneBlade","WarlordEmblem:RuneMultiplex","WarlordEmblem:BoneShield","WarlordEmblem:RuneRecast","WarlordEmblem:BloodBoiling","WarlordEmblem:RuneRegen","WarlordEmblem:Hanging","WarlordEmblem:RuneRegen+1","WarlordEmblem:RuneRegen+1"],"relics":["WarlordEmblem:RuneSword","WarlordEmblem:BloodRealm","AT_ATBox","DaveBox","HaiYi:Twilight","NeowsBlessing","SynthV:TestCard","Golden Idol","CultistMask","AT_ImmortalShieldbow","PreservedInsect","HereWithMe","Red Mask"],"acts_visited":["Exordium","TheCity"],"potions_floor_usage":[18],"damage_taken":[{"damage":0,"enemies":"Small Slimes","floor":1,"turns":1},{"damage":0,"enemies":"2 Louse","floor":5,"turns":1},{"damage":0,"enemies":"Gremlin Nob","floor":6,"turns":1},{"damage":0,"enemies":"Cultist","floor":7,"turns":4},{"damage":2,"enemies":"Blue Slaver","floor":8,"turns":4},{"damage":9,"enemies":"3 Louse","floor":10,"turns":4},{"damage":1,"enemies":"2 Fungi Beasts","floor":11,"turns":5},{"damage":20,"enemies":"Exordium Wildlife","floor":13,"turns":5},{"damage":4,"enemies":"Hexaghost","floor":16,"turns":9},{"damage":30,"enemies":"2 Thieves","floor":18,"turns":5},{"damage":44,"enemies":"Masked Bandits","floor":20,"turns":5},{"damage":13,"enemies":"3 Byrds","floor":22,"turns":5},{"damage":39,"enemies":"Gremlin Leader","floor":24,"turns":4}],"seed_played":"5761770695732135865","potions_obtained":[{"floor":6,"key":"WarlordEmblem:RuneExpandPotion"},{"floor":8,"key":"Energy Potion"},{"floor":16,"key":"WarlordEmblem:DKPoisonPotion"}],"is_trial":false,"path_per_floor":["M","?","?","?","M","E","M","M","T","M","M","?","M","$","R","B",null,"M","?","?","?","M","R","E"],"character_chosen":"DeathKnight","items_purchased":["WarlordEmblem:BoneShield","WarlordEmblem:RuneRecast"],"campfire_rested":0,"item_purchase_floors":[14,14],"current_hp_per_floor":[80,74,74,74,74,74,75,75,75,68,69,69,51,51,51,50,81,55,55,36,36,27,27,0,0],"gold":350,"neow_bonus":"THREE_ENEMY_KILL","is_daily":false,"chose_seed":false,"campfire_upgraded":2,"win_rate":0.0,"timestamp":1614237497,"path_taken":["M","?","?","?","M","E","M","?","T","M","M","?","M","$","R","BOSS","M","?","?","?","M","R","E"],"items_purchased_type":["Card","Card"],"build_version":"2020-12-22","purchased_purges":1,"victory":false,"max_hp_per_floor":[80,74,74,74,74,74,75,76,76,77,78,78,79,79,79,81,81,83,83,85,85,87,87,89,89],"card_choices":[{"not_picked":["WarlordEmblem:VoidStrike","WarlordEmblem:SevereWinter"],"picked":"WarlordEmblem:Potential","floor":1},{"not_picked":["WarlordEmblem:RuneRegen","WarlordEmblem:Execute","WarlordEmblem:EvilWorm","WarlordEmblem:EvilPower"],"picked":"WarlordEmblem:WindStrike","floor":5},{"not_picked":["WarlordEmblem:AntiMagicShield","WarlordEmblem:HeartOfDeath","WarlordEmblem:CurseStrike","WarlordEmblem:WrathOfSindragosa"],"picked":"WarlordEmblem:DeathContract","floor":6},{"not_picked":["WarlordEmblem:Withstand","WarlordEmblem:EvilSee","WarlordEmblem:DeathCoil","WarlordEmblem:LichBody"],"picked":"WarlordEmblem:RuneBlade","floor":7},{"not_picked":["WarlordEmblem:FrostbiteStrike","WarlordEmblem:EvilPower","WarlordEmblem:CurseStrike","WarlordEmblem:VoidStrike"],"picked":"WarlordEmblem:DeathGateway","floor":8},{"not_picked":["WarlordEmblem:SevereWinter","WarlordEmblem:VoidStrike","WarlordEmblem:BloodStrike","WarlordEmblem:WrathOfSindragosa"],"picked":"WarlordEmblem:RuneFocus","floor":10},{"not_picked":["WarlordEmblem:EvilPower","WarlordEmblem:Execute","WarlordEmblem:FrostbiteStrike","WarlordEmblem:BlackCommand"],"picked":"WarlordEmblem:WrathOfSindragosa","floor":11},{"not_picked":["WarlordEmblem:RuneFocus","WarlordEmblem:DeathCoil","WarlordEmblem:Infect","WarlordEmblem:EvilSee"],"picked":"WarlordEmblem:RuneMultiplex","floor":13},{"not_picked":["WarlordEmblem:CondemnStrike","WarlordEmblem:EvilEager","WarlordEmblem:RunePerfusion","WarlordEmblem:RuneBurn"],"picked":"WarlordEmblem:BloodBoiling","floor":16},{"not_picked":["WarlordEmblem:VoidStrike","WarlordEmblem:Potential","WarlordEmblem:Annihilation","WarlordEmblem:VoidDefend"],"picked":"WarlordEmblem:RuneRegen","floor":18},{"not_picked":[],"picked":"WarlordEmblem:Hanging","floor":19},{"not_picked":["WarlordEmblem:NoLightShield","WarlordEmblem:DeathShake","WarlordEmblem:BodyStrike","WarlordEmblem:AntiMagicShield"],"picked":"WarlordEmblem:RuneRegen+1","floor":20},{"not_picked":["WarlordEmblem:CurseBlade","WarlordEmblem:FrozenChain+1","WarlordEmblem:DeathStrike","WarlordEmblem:DeathCoil"],"picked":"WarlordEmblem:RuneRegen+1","floor":22}],"player_experience":195937,"relics_obtained":[{"floor":1,"key":"SynthV:TestCard"},{"floor":6,"key":"AT_ImmortalShieldbow"},{"floor":9,"key":"PreservedInsect"},{"floor":20,"key":"Red Mask"}],"event_choices":[{"damage_healed":0,"gold_gain":0,"player_choice":"Lose Max HP","damage_taken":0,"relics_obtained":["Golden Idol"],"max_hp_gain":0,"max_hp_loss":6,"event_name":"Golden Idol","floor":2,"gold_loss":0},{"cards_removed":["WarlordEmblem:RuneStrike"],"damage_healed":0,"gold_gain":0,"player_choice":"Card Removal","damage_taken":0,"max_hp_gain":0,"max_hp_loss":0,"event_name":"The Cleric","floor":3,"gold_loss":50},{"damage_healed":0,"gold_gain":0,"player_choice":"Trade","damage_taken":0,"relics_obtained":["CultistMask"],"max_hp_gain":0,"max_hp_loss":0,"event_name":"FaceTrader","floor":4,"gold_loss":0},{"damage_healed":0,"gold_gain":0,"cards_transformed":["WarlordEmblem:RuneStrike"],"player_choice":"Change","damage_taken":0,"max_hp_gain":0,"max_hp_loss":0,"event_name":"Living Wall","floor":12,"gold_loss":0,"cards_obtained":["WarlordEmblem:RuneBlade"]},{"damage_healed":0,"gold_gain":0,"player_choice":"Fought Bandits","damage_taken":0,"max_hp_gain":0,"max_hp_loss":0,"event_name":"Masked Bandits","floor":20,"gold_loss":0},{"damage_healed":0,"gold_gain":99,"player_choice":"Stole From Cult","damage_taken":0,"max_hp_gain":0,"max_hp_loss":0,"event_name":"Nest","floor":21,"gold_loss":0}],"is_beta":false,"boss_relics":[{"not_picked":["Transparent","Tiny House"],"picked":"HereWithMe"}],"items_purged_floors":[14],"is_endless":false,"potions_floor_spawned":[6,8,16],"killed_by":"Gremlin Leader","ascension_level":0}}