{"host":"bf5upntvbdompq33","time":1614273447,"event":{"mods":["BaseMod","Bestiary","Colored Map","Colored Powertips","Curses Come First","Highlight Path","Minty Spire (QoL Compilation)","StSLib","ojb\u0027s Info Mod"],"gold_per_floor":[362,437,612,680,690,708,13,46,46,46,79,92,107,121,121,216,216,215,152,180,142,160,160,160,160],"floor_reached":24,"language":"ENG","playtime":3007,"items_purged":["Doubt"],"score":413,"play_id":"2b7e02b1-0db5-4b5f-ba3d-58003334b771","local_time":"20210225101727","is_ascension_mode":true,"campfire_choices":[{"data":"Streamline","floor":10,"key":"SMITH"},{"data":"Leap","floor":15,"key":"SMITH"},{"floor":23,"key":"REST"}],"circlet_count":0,"master_deck":["AscendersBane","Strike_B","Strike_B","Strike_B","Defend_B","Defend_B","Defend_B","Defend_B","Zap","Dualcast","Sunder","Streamline+1","Gash","Melter","Core Surge","Steam","Gash","Leap+1","Self Repair","Echo Form","CurseOfTheBell","Conserve Battery","Sweeping Beam"],"relics":["Cracked Core","HornCleat","Shuriken","Lee\u0027s Waffle","Unceasing Top","Pantograph","Letter Opener","Calling Bell","MawBank","Meat on the Bone","StoneCalendar"],"acts_visited":["Exordium","TheCity"],"potions_floor_usage":[12,16,16,18],"damage_taken":[{"damage":6,"enemies":"Cultist","floor":1,"turns":4},{"damage":0,"enemies":"2 Louse","floor":5,"turns":1},{"damage":2,"enemies":"Jaw Worm","floor":6,"turns":3},{"damage":15,"enemies":"3 Sentries","floor":8,"turns":6},{"damage":2,"enemies":"Gremlin Nob","floor":11,"turns":3},{"damage":0,"enemies":"Gremlin Gang","floor":12,"turns":3},{"damage":0,"enemies":"Exordium Thugs","floor":13,"turns":3},{"damage":3,"enemies":"Blue Slaver","floor":14,"turns":3},{"damage":0,"enemies":"Slime Boss","floor":16,"turns":8},{"damage":22,"enemies":"2 Thieves","floor":18,"turns":4},{"damage":21,"enemies":"Shell Parasite","floor":20,"turns":6},{"damage":37,"enemies":"Snake Plant","floor":22,"turns":5},{"damage":60,"enemies":"Slavers","floor":24,"turns":6}],"seed_played":"-4531275657021003155","potions_obtained":[{"floor":6,"key":"FearPotion"},{"floor":11,"key":"Energy Potion"},{"floor":12,"key":"AttackPotion"},{"floor":16,"key":"Fire Potion"}],"is_trial":false,"path_per_floor":["M","?","?","T","M","M","$","E","T","R","E","M","M","M","R","B",null,"M","?","M","$","M","R","E"],"character_chosen":"DEFECT","items_purchased":["Shuriken","Lee\u0027s Waffle","Melter","Core Surge","Steam","Sweeping Beam"],"campfire_rested":1,"item_purchase_floors":[7,7,7,7,7,21],"current_hp_per_floor":[62,51,51,51,51,49,75,60,60,60,58,58,58,62,62,75,75,67,67,53,53,35,57,0,0],"gold":160,"neow_bonus":"TWO_FIFTY_GOLD","is_daily":false,"chose_seed":false,"campfire_upgraded":2,"win_rate":0.0,"timestamp":1614273447,"path_taken":["M","?","?","?","M","M","$","E","T","R","E","M","?","M","R","BOSS","M","?","M","$","M","R","E"],"items_purchased_type":["Relic","Relic","Card","Card","Card","Card"],"build_version":"2020-12-22","purchased_purges":1,"victory":false,"max_hp_per_floor":[68,68,68,68,68,68,75,75,75,75,75,75,75,75,75,75,75,75,75,75,75,75,75,75,75],"card_choices":[{"not_picked":["Barrage","Scrape"],"picked":"Sunder","floor":1},{"not_picked":["Darkness","Redo"],"picked":"Streamline","floor":5},{"not_picked":["Steam Power","Streamline"],"picked":"Gash","floor":6},{"not_picked":["Darkness","Blizzard"],"picked":"Gash","floor":8},{"not_picked":["Cold Snap","Compile Driver"],"picked":"Leap","floor":11},{"not_picked":["Thunder Strike","Sunder","Lockon"],"picked":"SKIP","floor":12},{"not_picked":["Double Energy","Cold Snap"],"picked":"Self Repair","floor":13},{"not_picked":["Stack","Barrage","Coolheaded"],"picked":"SKIP","floor":14},{"not_picked":["Core Surge","Hyperbeam"],"picked":"Echo Form","floor":16},{"not_picked":["Stack","Steam"],"picked":"Conserve Battery","floor":18},{"not_picked":["Cold Snap+1","Tempest+1","Loop"],"picked":"SKIP","floor":20},{"not_picked":["Doom and Gloom","Defragment","Compile Driver"],"picked":"SKIP","floor":22}],"player_experience":1738235,"relics_obtained":[{"floor":4,"key":"HornCleat"},{"floor":8,"key":"Unceasing Top"},{"floor":9,"key":"Pantograph"},{"floor":11,"key":"Letter Opener"},{"floor":17,"key":"MawBank"},{"floor":17,"key":"Meat on the Bone"},{"floor":17,"key":"StoneCalendar"}],"event_choices":[{"damage_healed":0,"gold_gain":75,"player_choice":"Gather Gold","damage_taken":11,"max_hp_gain":0,"max_hp_loss":0,"event_name":"World of Goop","floor":2,"gold_loss":0},{"damage_healed":0,"gold_gain":175,"player_choice":"AGREE","damage_taken":0,"max_hp_gain":0,"max_hp_loss":0,"event_name":"Liars Game","floor":3,"gold_loss":0,"cards_obtained":["Doubt"]},{"cards_removed":["Strike_B"],"damage_healed":0,"gold_gain":0,"player_choice":"Gave Gold","damage_taken":0,"max_hp_gain":0,"max_hp_loss":0,"event_name":"Beggar","floor":19,"gold_loss":75}],"is_beta":false,"boss_relics":[{"not_picked":["Ectoplasm","Velvet Choker"],"picked":"Calling Bell"}],"items_purged_floors":[7],"is_endless":false,"potions_floor_spawned":[6,11,12,13,16],"killed_by":"Slavers","ascension_level":12}}