{"host":"sefdra8o7mt663cz","time":1614287816,"event":{"mods":["BaseMod","Minty Spire (QoL Compilation)","StSLib","The Forsaken"],"gold_per_floor":[111,111,111,111,25,25,38,3,3,16,32,44,44,62,62,166,166,181,200,215,215,215,215,26,42,42,58,77,92,92,92,92,187,187,199,212,212,212,212],"floor_reached":38,"language":"ENG","playtime":8181,"items_purged":[],"score":395,"play_id":"af0a9608-94fc-4cac-9f01-95eaff1b8770","local_time":"20210225221656","is_ascension_mode":false,"campfire_choices":[{"data":"Armaments","floor":6,"key":"SMITH"},{"floor":13,"key":"REST"},{"floor":15,"key":"REST"},{"data":"Armaments","floor":23,"key":"SMITH"},{"floor":32,"key":"REST"}],"circlet_count":0,"master_deck":["Defend_R+1","Defend_R","Defend_R","Defend_R","Bash","Inflame","Shockwave","Armaments+1","Entrench","Cleave","Armaments","Entrench","Shrug It Off","Feed","Armaments+1","Twin Strike","Warcry+1","Bite","Bite","Bite","Bite","Bite","Inflame","True Grit+1","Ghostly Armor","Flame Barrier","Anger","Feed","Heavy Blade","Thunderclap+1","Injury"],"relics":["Runic Pyramid","theForsaken:PlagueMask","Unceasing Top","Meat on the Bone","Mark of Pain","HandDrill","War Paint","Thread and Needle","theForsaken:PaleLantern"],"acts_visited":["Exordium","TheCity","TheBeyond"],"potions_floor_usage":[18,20],"damage_taken":[{"damage":5,"enemies":"Small Slimes","floor":1,"turns":3},{"damage":10,"enemies":"Jaw Worm","floor":7,"turns":5},{"damage":0,"enemies":"2 Louse","floor":10,"turns":5},{"damage":6,"enemies":"Exordium Wildlife","floor":11,"turns":4},{"damage":34,"enemies":"Exordium Thugs","floor":12,"turns":5},{"damage":12,"enemies":"Blue Slaver","floor":14,"turns":4},{"damage":30,"enemies":"Hexaghost","floor":16,"turns":13},{"damage":20,"enemies":"Spheric Guardian","floor":18,"turns":6},{"damage":5,"enemies":"3 Byrds","floor":19,"turns":6},{"damage":21,"enemies":"Centurion and Healer","floor":20,"turns":6},{"damage":22,"enemies":"Shelled Parasite and Fungi","floor":25,"turns":8},{"damage":26,"enemies":"Sentry and Sphere","floor":27,"turns":9},{"damage":5,"enemies":"3 Cultists","floor":28,"turns":5},{"damage":12,"enemies":"Snake Plant","floor":29,"turns":4},{"damage":48,"enemies":"Champ","floor":33,"turns":18},{"damage":10,"enemies":"Orb Walker","floor":35,"turns":6},{"damage":46,"enemies":"3 Shapes","floor":36,"turns":6},{"damage":60,"enemies":"Maw","floor":38,"turns":10}],"seed_played":"-8846579383472706938","potions_obtained":[{"floor":1,"key":"LiquidMemories"},{"floor":10,"key":"Ancient Potion"},{"floor":12,"key":"Strength Potion"},{"floor":19,"key":"CultistPotion"},{"floor":20,"key":"SteroidPotion"}],"is_trial":false,"path_per_floor":["M","?","?","T","$","R","M","?","T","M","M","M","R","M","R","B",null,"M","M","M","?","?","R","$","M","T","M","M","M","?","?","R","B",null,"M","M","?","M"],"character_chosen":"IRONCLAD","items_purchased":["Shockwave","Armaments","Inflame","HandDrill"],"campfire_rested":3,"item_purchase_floors":[5,5,24,24],"current_hp_per_floor":[75,75,68,68,68,68,58,78,78,78,72,50,74,62,80,50,80,64,62,57,57,57,57,57,60,60,54,63,59,46,46,68,41,79,76,47,47,0,0],"gold":212,"neow_bonus":"BOSS_RELIC","is_daily":false,"chose_seed":false,"campfire_upgraded":2,"win_rate":0.0,"timestamp":1614287816,"path_taken":["M","?","?","?","?","R","M","?","T","M","M","M","R","M","R","BOSS","M","M","M","?","?","R","$","?","T","M","M","M","?","?","R","BOSS","M","M","?","?"],"items_purchased_type":["Card","Card","Card","Relic"],"build_version":"2020-12-22","purchased_purges":0,"victory":false,"max_hp_per_floor":[80,80,80,80,80,80,80,80,80,80,80,80,80,80,80,80,80,84,87,91,63,63,63,63,66,66,70,70,70,75,75,75,79,79,83,91,91,91,91],"card_choices":[{"not_picked":["Infernal Blade","Flex"],"picked":"Inflame","floor":1},{"not_picked":["Headbutt","Pommel Strike"],"picked":"Entrench","floor":7},{"not_picked":["Iron Wave","Pommel Strike"],"picked":"Cleave","floor":10},{"not_picked":["Pommel Strike","Shrug It Off"],"picked":"Armaments","floor":11},{"not_picked":["Flex","Feel No Pain"],"picked":"Entrench","floor":12},{"not_picked":["Clothesline","Dark Embrace"],"picked":"Shrug It Off","floor":14},{"not_picked":["Corruption","Brutality"],"picked":"Feed","floor":16},{"not_picked":["Combust","Sword Boomerang"],"picked":"Armaments","floor":18},{"not_picked":["Iron Wave","Armaments"],"picked":"Twin Strike","floor":19},{"not_picked":["Pummel","Perfected Strike"],"picked":"Warcry","floor":20},{"not_picked":["Perfected Strike","Clash"],"picked":"True Grit+1","floor":25},{"not_picked":["Twin Strike+1","Sword Boomerang"],"picked":"Ghostly Armor","floor":27},{"not_picked":["Carnage","Spot Weakness"],"picked":"Flame Barrier","floor":28},{"not_picked":["Pommel Strike","Corruption"],"picked":"Anger","floor":29},{"not_picked":["Double Tap","Impervious"],"picked":"Feed","floor":33},{"not_picked":["Seeing Red+1","Thunderclap"],"picked":"Heavy Blade","floor":35},{"not_picked":["Armaments","Heavy Blade"],"picked":"Thunderclap+1","floor":36}],"player_experience":35522,"relics_obtained":[{"floor":4,"key":"Unceasing Top"},{"floor":9,"key":"Meat on the Bone"},{"floor":26,"key":"War Paint"}],"event_choices":[{"damage_healed":0,"gold_gain":0,"player_choice":"Obtain Plague Curse","damage_taken":0,"max_hp_gain":0,"max_hp_loss":0,"event_name":"Plague Doctor","floor":2,"gold_loss":0,"cards_obtained":["theForsaken:PlagueCurse"]},{"cards_removed":["theForsaken:PlagueCurse"],"damage_healed":0,"gold_gain":0,"player_choice":"Card Removal","damage_taken":7,"max_hp_gain":0,"max_hp_loss":0,"event_name":"Golden Wing","floor":3,"gold_loss":0},{"damage_healed":20,"gold_gain":0,"player_choice":"Healed","damage_taken":0,"max_hp_gain":0,"max_hp_loss":0,"event_name":"The Cleric","floor":8,"gold_loss":35},{"damage_healed":0,"gold_gain":0,"player_choice":"Became a vampire","damage_taken":0,"max_hp_gain":0,"max_hp_loss":28,"event_name":"Vampires","floor":21,"gold_loss":0,"cards_obtained":["Bite","Bite","Bite","Bite","Bite"]},{"damage_healed":0,"gold_gain":0,"player_choice":"Ignored","damage_taken":0,"max_hp_gain":0,"max_hp_loss":0,"event_name":"Beggar","floor":22,"gold_loss":0},{"damage_healed":0,"gold_gain":0,"player_choice":"Shed Blood","damage_taken":18,"max_hp_gain":5,"max_hp_loss":0,"event_name":"Forgotten Altar","floor":30,"gold_loss":0},{"damage_healed":0,"gold_gain":0,"player_choice":"Opened","damage_taken":0,"relics_obtained":["Thread and Needle"],"max_hp_gain":0,"max_hp_loss":0,"event_name":"The Mausoleum","floor":31,"gold_loss":0,"cards_obtained":["Writhe"]},{"damage_healed":0,"gold_gain":0,"cards_transformed":["Writhe"],"player_choice":"Transformed","damage_taken":0,"max_hp_gain":0,"max_hp_loss":0,"event_name":"Transmorgrifier","floor":37,"gold_loss":0,"cards_obtained":["Injury"]}],"is_beta":false,"boss_relics":[{"not_picked":["Tiny House","Fusion Hammer"],"picked":"Mark of Pain"},{"not_picked":["SlaversCollar","Runic Cube"],"picked":"theForsaken:PaleLantern"}],"items_purged_floors":[],"is_endless":false,"potions_floor_spawned":[1,10,12,14,19,20,25,33],"killed_by":"Maw","ascension_level":0}}