{"host":"eketvm4dld8igxnv","time":1614286317,"event":{"mods":["BaseMod","Better Skull","Better Third Choice","Downfall","Googly Eyes","Minty Spire (QoL Compilation)","StSLib"],"gold_per_floor":[99,114,133,133,133,152,179,295,314,341,12,27,45,45,62,158,158,58,76,61,61,71,97,151,182,193,207,107,138,138,151,169,272,272,172,185,185,200,200,234,306,306,320,40,60,142,157,203,213,213,213,244,5,5,5,5],"floor_reached":57,"language":"ENG","playtime":7148,"items_purged":["Regret","Doubt"],"score":1445,"play_id":"e07918ea-6d52-43f2-9287-517d29a3dc5c","local_time":"20210225155157","is_ascension_mode":true,"campfire_choices":[{"data":"Slimebound:Split","floor":1.0,"key":"SMITH"},{"data":"Slimebound:SplitSpecialist","floor":18.0,"key":"SMITH"},{"data":"Slimebound:PrepareCrush","floor":28.0,"key":"SMITH"},{"floor":30.0,"key":"RECALL"},{"data":"Slimebound:MassRepurpose","floor":35.0,"key":"SMITH"},{"data":"Slimebound:CorrosiveSpit","floor":42,"key":"SMITH"},{"data":"Slimebound:MassRepurpose","floor":54,"key":"SMITH"}],"circlet_count":0,"master_deck":["Slimebound:Strike_Slimebound","Slimebound:Strike_Slimebound","Slimebound:Tackle","Slimebound:Defend_Slimebound","Slimebound:Defend_Slimebound","Slimebound:Defend_Slimebound","Slimebound:Defend_Slimebound","Slimebound:Split+1","Slimebound:CorrosiveSpit+1","Slimebound:SplitLeeching","Slimebound:LeadByExample+1","Slimebound:ProtectTheBoss","Slimebound:SplitMire","Slimebound:SplitSpecialist+1","Slimebound:ProtectTheBoss","Slimebound:RallyTheTroops","Slimebound:LeechingTouch","Slimebound:SplitLeeching","Slimebound:LeadByExample","Slimebound:RallyTheTroops","Slimebound:SamplingLick+1","Slimebound:LeechEnergy+1","CurseOfTheBell","CurseOfTheBell","downfall:Icky","Slimebound:PrepareCrush+1","Slimebound:PressTheAttack","Slimebound:PressTheAttack","Slimebound:Repurpose+1","Slimebound:RejuvenatingLick+1","Slimebound:Schlurp+1","Slimebound:Equalize","Slimebound:MassRepurpose+1","Slimebound:LevelUp","Slimebound:SelfFormingGoo","Slimebound:MegaLick+1","Slimebound:SplitLeeching+1","Slimebound:Prepare+1","Slimebound:FormOfPuddle+1","Slimebound:DisruptingSlam+1","expansioncontent:DashGenerateEvil","Slimebound:Darklings","Decay","Slimebound:Repurpose","Slimebound:SplitLeeching","Slimebound:MassRepurpose+1","Slimebound:ForwardTackle+1","Slimebound:GoopSpray+1","Slimebound:LevelUp+1","Slimebound:SplitLeeching+1","Slimebound:ForwardTackle+1","Slimebound:Overexert","Slimebound:WasteNot","Slimebound:Repurpose"],"relics":["Slimebound:AbsorbEndCombat","Unceasing Top","Mercury Hourglass","Oddly Smooth Stone","Centennial Puzzle","Kunai","SlaversCollar","downfall:HeartBlessingGreen","downfall:ExtraCursedBell","Bag of Preparation","Pear","FossilizedHelix","Bronze Scales","Slimebound:MaxSlimesRelic","downfall:HeartBlessingBlue","Orichalcum","Cursed Key","downfall:HeartBlessingRed","Mummified Hand","HornCleat","Gremlin Horn","Orrery","Letter Opener","OrangePellets"],"acts_visited":["Exordium","TheCity","TheBeyond","TheEnding"],"potions_floor_usage":[43,44,44,55,56],"damage_taken":[{"damage":5.0,"enemies":"2 Louse","floor":2.0,"turns":2.0},{"damage":0.0,"enemies":"Small Slimes","floor":3.0,"turns":3.0},{"damage":0.0,"enemies":"Cultist","floor":6.0,"turns":3.0},{"damage":13.0,"enemies":"3 Louse","floor":9.0,"turns":3.0},{"damage":35.0,"enemies":"Gremlin Nob","floor":10.0,"turns":5.0},{"damage":5.0,"enemies":"downfall:FleeingMerchant","floor":11.0,"turns":4.0},{"damage":0.0,"enemies":"Exordium Wildlife","floor":12.0,"turns":3.0},{"damage":9.0,"enemies":"Blue Slaver","floor":13.0,"turns":4.0},{"damage":2.0,"enemies":"Red Slaver","floor":15.0,"turns":4.0},{"damage":4.0,"enemies":"SI_SHIV_ARCHETYPE","floor":16.0,"turns":6.0},{"damage":9.0,"enemies":"3 Byrds","floor":19.0,"turns":4.0},{"damage":0.0,"enemies":"downfall:FleeingMerchant","floor":20.0,"turns":4.0},{"damage":4.0,"enemies":"downfall:LooterAlt2","floor":22.0,"turns":5.0},{"damage":0.0,"enemies":"Book of Stabbing","floor":23.0,"turns":6.0},{"damage":6.0,"enemies":"Gremlin Leader","floor":25.0,"turns":5.0},{"damage":6.0,"enemies":"Snecko","floor":26.0,"turns":5.0},{"damage":15.0,"enemies":"Shelled Parasite and Fungi","floor":27.0,"turns":4.0},{"damage":8.0,"enemies":"Slavers","floor":29.0,"turns":4.0},{"damage":0.0,"enemies":"Snake Plant","floor":31.0,"turns":3.0},{"damage":6.0,"enemies":"3 Cultists","floor":32.0,"turns":3.0},{"damage":28.0,"enemies":"IC_MUSHROOM_ARCHETYPE","floor":33.0,"turns":5.0},{"damage":0.0,"enemies":"Orb Walker","floor":36.0,"turns":3.0},{"damage":0.0,"enemies":"3 Darklings","floor":38.0,"turns":3.0},{"damage":6.0,"enemies":"Nemesis","floor":40.0,"turns":3.0},{"damage":0,"enemies":"Transient","floor":43,"turns":5},{"damage":0,"enemies":"downfall:FleeingMerchant","floor":44,"turns":4},{"damage":0,"enemies":"Sphere and 2 Shapes","floor":45,"turns":3},{"damage":13,"enemies":"Jaw Worm Horde","floor":47,"turns":4},{"damage":0,"enemies":"downfall:FleeingMerchant","floor":48,"turns":1},{"damage":0,"enemies":"Maw","floor":49,"turns":5},{"damage":19,"enemies":"DF_ARCHETYPE_ORBS","floor":50,"turns":5},{"damage":0,"enemies":"downfall:CharBossMerchant","floor":52,"turns":6},{"damage":0,"enemies":"downfall:NeowBoss","floor":55,"turns":9},{"damage":69,"enemies":"downfall:NeowBossFinal","floor":56,"turns":8}],"seed_played":"663685415044698449","potions_obtained":[{"floor":2.0,"key":"FairyPotion"},{"floor":3.0,"key":"Swift Potion"},{"floor":10.0,"key":"Block Potion"},{"floor":12.0,"key":"bronze:BurnAndBuffPotion"},{"floor":22.0,"key":"SneckoOil"},{"floor":23.0,"key":"Regen Potion"},{"floor":27.0,"key":"sneckomod:MuddlingPotion"},{"floor":29.0,"key":"SkillPotion"},{"floor":33.0,"key":"BlessingOfTheForge"},{"floor":40.0,"key":"DistilledChaos"},{"floor":43,"key":"BlessingOfTheForge"},{"floor":47,"key":"FearPotion"}],"is_trial":false,"path_per_floor":["R","M","M","?","?","M","T","?","M","E","$","M","M","?","M","B",null,"R","M","$","?","M","E","T","E","M","M","R","E","R","M","M","B",null,"R","M","?","M","?","E","T","R","M","$","M","T","M","$","M","B",null,"E","$","R","B","B",null],"character_chosen":"SLIMEBOUND","items_purchased":["Slimebound:RallyTheTroops","Fruit Juice","expansioncontent:DashGenerateEvil","Slimebound:MassRepurpose","Orrery","OrangePellets","Slimebound:Repurpose","Block Potion"],"campfire_rested":0,"item_purchase_floors":[11,11,44,48,48,53,53,53],"current_hp_per_floor":[47,44,48,48,48,52,52,21,10,17,21,25,18,18,16,20,70,70,65,70,80,78,80,80,80,74,63,73,71,71,79,82,60,90,90,90,90,90,90,88,88,88,90,90,90,90,79,79,90,71,90,90,90,90,90,35],"gold":5,"neow_bonus":"ONE_RARE_RELIC","is_daily":false,"chose_seed":false,"campfire_upgraded":6,"win_rate":0.0,"timestamp":1614286317,"path_taken":["R","M","M","?","?","M","T","?","?","E","$","M","M","?","M","BOSS","R","M","$","?","M","E","T","E","M","M","R","E","R","M","M","BOSS","R","M","?","M","?","E","T","R","?","$","M","?","?","$","M","BOSS","E","$","R","BOSS","BOSS"],"items_purchased_type":["Card","Potion","Card","Card","Relic","Relic","Card","Potion"],"build_version":"2020-12-22","purchased_purges":2,"victory":true,"max_hp_per_floor":[65,65,65,65,65,65,65,65,65,65,70,70,70,70,70,70,70,70,70,70,80,80,80,80,80,80,80,90,90,90,90,90,90,90,90,90,90,90,90,90,90,90,90,90,90,90,90,90,90,90,90,90,90,90,90,90],"card_choices":[{"not_picked":["Slimebound:SpikyOuterGoop","Slimebound:AcidTongue"],"picked":"Slimebound:SplitLeeching","floor":2.0},{"not_picked":["Slimebound:LeechEnergy","Slimebound:GoopSpray"],"picked":"Slimebound:LeadByExample","floor":3.0},{"not_picked":["Slimebound:ComboTackle","Slimebound:ItLooksTasty"],"picked":"Slimebound:ProtectTheBoss","floor":6.0},{"not_picked":["Slimebound:RejuvenatingLick","Slimebound:FlameTackle"],"picked":"Slimebound:SplitMire","floor":9.0},{"not_picked":["Slimebound:SplitMire","Slimebound:LeechEnergy"],"picked":"Slimebound:SplitSpecialist","floor":10.0},{"not_picked":["Slimebound:DisruptingSlam","Slimebound:SelfFormingGoo"],"picked":"Slimebound:ProtectTheBoss","floor":11.0},{"not_picked":["Slimebound:ItLooksTasty","Slimebound:SplitLeeching"],"picked":"Slimebound:LeechingTouch","floor":12.0},{"not_picked":["Slimebound:ItLooksTasty","Slimebound:DisruptingSlam"],"picked":"Slimebound:SplitLeeching","floor":13.0},{"not_picked":["Slimebound:ComboTackle","Slimebound:Chomp"],"picked":"Slimebound:LeadByExample","floor":15.0},{"not_picked":["Slimebound:CheckThePlaybook","Slimebound:Teamwork"],"picked":"Slimebound:RallyTheTroops","floor":16.0},{"not_picked":["Slimebound:ProtectTheBoss","Slimebound:Dissolve"],"picked":"Slimebound:SamplingLick+1","floor":19.0},{"not_picked":["Slimebound:SamplingLick","Slimebound:GrowthPunch"],"picked":"Slimebound:LeechEnergy+1","floor":20.0},{"not_picked":["Slimebound:SlimeSpikes","Slimebound:ViciousTackle+1"],"picked":"Slimebound:PressTheAttack","floor":22.0},{"not_picked":["Slimebound:FlameTackle","Slimebound:ServeAndProtect"],"picked":"Slimebound:PressTheAttack","floor":23.0},{"not_picked":["Slimebound:MassFeed","Slimebound:SplitLeeching+1"],"picked":"Slimebound:Repurpose+1","floor":25.0},{"not_picked":["Slimebound:GoopSpray","Slimebound:FinishingTackle"],"picked":"Slimebound:RejuvenatingLick+1","floor":26.0},{"not_picked":["Slimebound:RollThrough","Slimebound:SlimeSpikes+1"],"picked":"Slimebound:Schlurp+1","floor":27.0},{"not_picked":["Slimebound:ComboTackle","Slimebound:SlimeTap"],"picked":"Slimebound:Equalize","floor":29.0},{"not_picked":["Slimebound:HauntingLick+1","Slimebound:GoopSpray"],"picked":"Slimebound:MassRepurpose","floor":31.0},{"not_picked":["Slimebound:SplitBruiser","Slimebound:FlameTackle"],"picked":"Slimebound:LevelUp","floor":32.0},{"not_picked":["Slimebound:Overexert","Slimebound:LeechLife"],"picked":"Slimebound:SelfFormingGoo","floor":33.0},{"not_picked":["Slimebound:Schlurp","Slimebound:LevelUp+1"],"picked":"Slimebound:MegaLick","floor":36.0},{"not_picked":["Slimebound:LevelUp","Slimebound:BestDefense"],"picked":"Slimebound:SplitLeeching+1","floor":38.0},{"not_picked":["Slimebound:Schlurp","Slimebound:LeechEnergy+1"],"picked":"Slimebound:Prepare+1","floor":40.0},{"not_picked":["Slimebound:LeechEnergy","Slimebound:LeadByExample"],"picked":"Slimebound:FormOfPuddle+1","floor":43},{"not_picked":["Slimebound:ViciousTackle","Slimebound:AcidTongue"],"picked":"Slimebound:DisruptingSlam+1","floor":44},{"not_picked":["Slimebound:SplitBruiser+1","Slimebound:LeechEnergy+1"],"picked":"Slimebound:Darklings","floor":45},{"not_picked":["Slimebound:LivingWall","Slimebound:PressTheAttack+1"],"picked":"Slimebound:Repurpose","floor":47},{"not_picked":["Slimebound:Schlurp+1","Slimebound:ItLooksTasty"],"picked":"Slimebound:SplitLeeching","floor":48},{"not_picked":["Slimebound:SplitMire","Slimebound:ItLooksTasty"],"picked":"Slimebound:ForwardTackle+1","floor":48},{"not_picked":["Slimebound:RollThrough","Slimebound:GoopTackle"],"picked":"Slimebound:GoopSpray+1","floor":48},{"not_picked":["Slimebound:LeechEnergy","Slimebound:SplitLeeching"],"picked":"Slimebound:LevelUp+1","floor":48},{"not_picked":["Slimebound:Prepare+1","Slimebound:Nibble+1"],"picked":"Slimebound:SplitLeeching+1","floor":48},{"not_picked":["Slimebound:ComboTackle","Slimebound:LeechEnergy"],"picked":"Slimebound:ForwardTackle+1","floor":48},{"not_picked":["Slimebound:RollThrough","Slimebound:GrowthPunch"],"picked":"Slimebound:Overexert","floor":49},{"not_picked":["Slimebound:BestDefense+1","Slimebound:FlameTackle"],"picked":"Slimebound:WasteNot","floor":52}],"player_experience":330506,"relics_obtained":[{"floor":7.0,"key":"Oddly Smooth Stone"},{"floor":10.0,"key":"Kunai"},{"floor":21.0,"key":"Bag of Preparation"},{"floor":21.0,"key":"Pear"},{"floor":21.0,"key":"FossilizedHelix"},{"floor":23.0,"key":"Bronze Scales"},{"floor":25.0,"key":"Slimebound:MaxSlimesRelic"},{"floor":29.0,"key":"Orichalcum"},{"floor":40.0,"key":"Mummified Hand"},{"floor":41.0,"key":"HornCleat"},{"floor":46,"key":"Gremlin Horn"},{"floor":52,"key":"Letter Opener"}],"event_choices":[{"damage_healed":0.0,"max_hp_gain":0.0,"max_hp_loss":0.0,"gold_gain":0.0,"event_name":"Big Fish","player_choice":"Box","floor":4.0,"gold_loss":0.0,"damage_taken":0.0,"relics_obtained":["Mercury Hourglass"],"cards_obtained":["Regret"]},{"damage_healed":0.0,"max_hp_gain":0.0,"max_hp_loss":0.0,"gold_gain":0.0,"event_name":"Living Wall","player_choice":"Grow","floor":5.0,"gold_loss":0.0,"damage_taken":0.0,"cards_upgraded":["Slimebound:LeadByExample"]},{"damage_healed":0.0,"max_hp_gain":0.0,"max_hp_loss":0.0,"gold_gain":116.0,"event_name":"betterSkull:BetterSkull","player_choice":"RE UP GO ","floor":8.0,"gold_loss":0.0,"damage_taken":36.0,"cards_upgraded":["Slimebound:Strike_Slimebound"],"relics_obtained":["Centennial Puzzle"]},{"cards_removed":["Slimebound:Strike_Slimebound"],"damage_healed":0.0,"max_hp_gain":0.0,"max_hp_loss":0.0,"gold_gain":0.0,"event_name":"Falling","player_choice":"Removed Attack","floor":37.0,"gold_loss":0.0,"damage_taken":0.0}],"is_beta":false,"boss_relics":[{"not_picked":["Sozu","Snecko Eye"],"picked":"SlaversCollar"},{"not_picked":["Runic Dome","Busted Crown"],"picked":"Cursed Key"}],"items_purged_floors":[11,44],"is_endless":false,"potions_floor_spawned":[2,3,10,12,22,23,27,29,33,40,43,47],"ascension_level":2}}