{"host":"75f7vpxw7p171fvt","time":1614228868,"event":{"mods":["100% Spire Juice","Act Like it!","Arknights","Astrologer","Bard","BaseMod","CapriCore","ChefMod","Clockwork Mod","Communication Mod","Downfall","Duelist Mod","Gensokyo","Gremlin Mod","Jorbs\u0027s Wanderer Trilogy","Minty Spire (QoL Compilation)","Potionbrewer","Reliquary","Robot Space Explorer","Shapeshifter Mod","StS++","StSLib","The Administrix","The Blackbeard","The Dragon Tamer","The Gatherer","The Immortal","The Mystic","The Poker Player"],"gold_per_floor":[99,109,25,45,57,77,77,77,107,125,125,139,139,32,50,50,50,50],"floor_reached":16,"language":"ENG","playtime":2114,"items_purged":[],"score":94,"play_id":"6ff66042-d99d-4864-8693-d2284ff6554a","local_time":"20210224205428","is_ascension_mode":false,"campfire_choices":[{"data":"sneckomod:Unknown","floor":1,"key":"SMITH"},{"data":"sneckomod:CheapStock","floor":8,"key":"SMITH"},{"floor":11,"key":"REST"},{"floor":13,"key":"REST"}],"circlet_count":0,"master_deck":["sneckomod:Strike","sneckomod:Strike","sneckomod:Strike","sneckomod:Defend","sneckomod:Defend","sneckomod:Defend","sneckomod:TailWhip","sneckomod:SnekBite","sneckomod:Unknown+1","sneckomod:Unknown","sneckomod:UnknownCommonAttack","sneckomod:CheapStock+1","sneckomod:SoulExchange","sneckomod:Unknown1Cost","sneckomod:UnknownDraw","sneckomod:UnknownUncommonPower","sneckomod:WideSting","sneckomod:SlitherStrike","sneckomod:UnknownBoss","sneckomod:UnknownCommonAttack","sneckomod:UnknownUncommonPower","sneckomod:Nope"],"relics":["sneckomod:SneckoSoul","Pocketwatch","StSpp:TwinEgg","reliquary:RosewoodLute"],"acts_visited":["Exordium"],"potions_floor_usage":[3],"damage_taken":[{"damage":0,"enemies":"ats:Genji","floor":2,"turns":4},{"damage":0,"enemies":"downfall:FleeingMerchant","floor":3,"turns":4},{"damage":0,"enemies":"Cultist","floor":4,"turns":3},{"damage":0,"enemies":"2 Louse","floor":5,"turns":2},{"damage":32,"enemies":"Large Slime","floor":6,"turns":6},{"damage":39,"enemies":"Exordium Thugs","floor":10,"turns":5},{"damage":14,"enemies":"Red Slaver","floor":12,"turns":4},{"damage":4,"enemies":"downfall:FleeingMerchant","floor":14,"turns":4},{"damage":0,"enemies":"Large Slime","floor":15,"turns":6},{"damage":41,"enemies":"DF_ARCHETYPE_STREAMLINE","floor":16,"turns":6}],"seed_played":"-2301616479663360566","potions_obtained":[{"floor":2,"key":"potionbrewer:ToxicPotion"},{"floor":5,"key":"potionbrewer:BoundlessPotion"},{"floor":15,"key":"Explosive Potion"}],"is_trial":false,"path_per_floor":["R","M","$","M","M","M","T","R","?","M","R","M","R","$","M","B"],"character_chosen":"THE_SNECKO","items_purchased":["sneckomod:SoulExchange","sneckomod:UnknownCommonAttack","sneckomod:UnknownUncommonPower"],"campfire_rested":2,"item_purchase_floors":[3,14,14],"current_hp_per_floor":[81,81,81,81,81,49,49,49,49,10,34,20,44,40,40,0,0,0],"gold":50,"neow_bonus":"ONE_RARE_RELIC","is_daily":false,"chose_seed":false,"campfire_upgraded":2,"win_rate":0.0,"timestamp":1614228868,"path_taken":["R","?","?","M","M","M","T","R","?","M","R","M","R","$","M","BOSS"],"items_purchased_type":["Card","Card","Card"],"build_version":"2020-12-22","purchased_purges":0,"victory":false,"max_hp_per_floor":[81,81,81,81,81,81,81,81,81,81,81,81,81,81,81,81,81,81],"card_choices":[{"not_picked":["sneckomod:QuickBite","sneckomod:IronFang"],"picked":"sneckomod:UnknownCommonAttack","floor":2},{"not_picked":["sneckomod:WideSting","sneckomod:DefensiveFlair"],"picked":"sneckomod:CheapStock","floor":3},{"not_picked":["sneckomod:UnknownCommonSkill","sneckomod:SoulDraw"],"picked":"sneckomod:Unknown1Cost","floor":4},{"not_picked":["sneckomod:UnknownBlock","sneckomod:RainOfDice"],"picked":"sneckomod:UnknownDraw","floor":5},{"not_picked":["sneckomod:Nope","sneckomod:DiceCrush"],"picked":"sneckomod:UnknownUncommonPower","floor":6},{"not_picked":["sneckomod:QuickBite","sneckomod:DiceBlock"],"picked":"sneckomod:WideSting","floor":10},{"not_picked":["sneckomod:DiceBlock","sneckomod:SoulDraw"],"picked":"sneckomod:SlitherStrike","floor":12},{"not_picked":["sneckomod:SoulRoll","sneckomod:Unknown1Cost"],"picked":"sneckomod:UnknownBoss","floor":14},{"not_picked":["sneckomod:Unknown2Cost","sneckomod:WideSting"],"picked":"sneckomod:Nope","floor":15}],"player_experience":33711,"relics_obtained":[{"floor":7,"key":"StSpp:TwinEgg"}],"event_choices":[],"is_beta":false,"boss_relics":[],"items_purged_floors":[],"is_endless":false,"potions_floor_spawned":[2,5,15],"killed_by":"DF_ARCHETYPE_STREAMLINE","ascension_level":0}}