{"host":"zk6vb2npgw3pu6j2","time":1614218981,"event":{"mods":["Act Like it!","Aspiration","Bard","BaseMod","Beaked The Cultist","Bestiary","Better Note","Better Sensory Stone","CapriCore","Conspire","Downfall","Friendly Minions","Gensokyo","GifTheSpireLib","Hermit","Hubris","Koishi","Marisa????????","Marked Mod","Minty Spire (QoL Compilation)","Quarter Circle Forward PUNCH!","Reimu??????","Reliquary","Replay The Spire","Retaliation","Ruina","StSLib","The Administrix","The Blue Laboratory","The Bug Knight","The Construct","The Exalted","The Hierophant","The Immortal","The Marked","The Runesmith","The Senshi","The Servant 0.9.4","The Wild Card","TheVacant","Wandering Minibosses","yUi"],"gold_per_floor":[99,135,135,152,172,72,125,180,180,54,54,54,54,79,90,190,190,90,102,102,122,60,10,10,110,209,209,209,209,38,49,148,148,148,148],"floor_reached":33,"language":"ENG","playtime":1877,"items_purged":["Slimebound:Defend_Slimebound"],"score":270,"play_id":"050069e5-4fcb-43e9-88c1-d57f3d59e92f","local_time":"20210224210941","is_ascension_mode":false,"campfire_choices":[{"floor":1,"key":"RECALL"},{"data":"Slimebound:ProtectTheBoss","floor":6,"key":"SMITH"},{"floor":9,"key":"REST"},{"data":"Slimebound:TongueLash","floor":18,"key":"SMITH"},{"floor":27,"key":"REST"}],"circlet_count":0,"master_deck":["conspire:GhostlyStrike","conspire:GhostlyStrike","conspire:GhostlyStrike","Slimebound:Tackle","conspire:GhostlyDefend","conspire:GhostlyDefend","conspire:GhostlyDefend","Slimebound:Split","Slimebound:CorrosiveSpit","Slimebound:ItLooksTasty","Slimebound:SplitMire","Slimebound:ProtectTheBoss+1","Slimebound:TongueLash+1","Slimebound:Schlurp","Slimebound:Schlurp","Slimebound:Schlurp","Slimebound:SplitMire","Slimebound:RejuvenatingLick","Slimebound:OneTwoCombo","Gensokyo:MorningStar","Slimebound:Gluttony","Slimebound:ComboTackle+1","Slimebound:GoopSpray","Slimebound:ItLooksTasty","Slimebound:Grow","Slimebound:AcidTongue","Slimebound:RejuvenatingLick","Slimebound:LivingWall+1","Slimebound:SamplingLick","Slimebound:LeechingTouch"],"relics":["Slimebound:AbsorbEndCombat","downfall:HeartBlessingRed","Anchor","hubris:Icosahedron","Garlic","beaked:SacredDeck","downfall:HeartBlessingGreen","hubris:SphereOfDissonance","FaceOfCleric","Lee\u0027s Waffle"],"acts_visited":["Exordium","TheCity"],"potions_floor_usage":[33,33],"damage_taken":[{"damage":13,"enemies":"Small Slimes","floor":2,"turns":6},{"damage":4,"enemies":"Cultist","floor":4,"turns":3},{"damage":2,"enemies":"2 Louse","floor":5,"turns":3},{"damage":27,"enemies":"Large Slime","floor":8,"turns":7},{"damage":8,"enemies":"downfall:FleeingMerchant","floor":10,"turns":4},{"damage":22,"enemies":"3 Sentries","floor":14,"turns":7},{"damage":0,"enemies":"downfall:LooterAlt","floor":15,"turns":3},{"damage":3,"enemies":"WA_ARCHETYPE_RETAIN","floor":16,"turns":6},{"damage":13,"enemies":"3 Byrds","floor":19,"turns":5},{"damage":0,"enemies":"Spheric Guardian","floor":21,"turns":3},{"damage":0,"enemies":"downfall:FleeingMerchant","floor":22,"turns":4},{"damage":3,"enemies":"downfall:FleeingMerchant","floor":23,"turns":4},{"damage":35,"enemies":"Cultist and Chosen","floor":26,"turns":8},{"damage":15,"enemies":"downfall:FleeingMerchant","floor":30,"turns":4},{"damage":13,"enemies":"Centurion and Healer","floor":31,"turns":5},{"damage":36,"enemies":"Snake Plant","floor":32,"turns":7},{"damage":76,"enemies":"DF_ARCHETYPE_CLAW","floor":33,"turns":7}],"seed_played":"-8639280310720540547","potions_obtained":[{"floor":4,"key":"blueLaboratory:BottledHope"},{"floor":5,"key":"Toxic Potion"},{"floor":8,"key":"Slimebound:SlimedPotion"},{"floor":20,"key":"FairyPotion"},{"floor":20,"key":"BlessingOfTheForge"}],"is_trial":false,"path_per_floor":["R","M","?","M","M","R","T","M","R","$","?","?","?","E","M","B",null,"R","M","?","M","$","$","T","?","M","R","?","?","$","M","M","B"],"character_chosen":"SLIMEBOUND","items_purchased":["Slimebound:Schlurp","Slimebound:ItLooksTasty","Slimebound:AcidTongue","Lee\u0027s Waffle"],"campfire_rested":2,"item_purchase_floors":[10,22,23,30],"current_hp_per_floor":[71,63,63,67,69,69,69,46,67,63,63,63,63,49,51,56,71,71,58,58,64,71,70,70,70,38,59,59,59,79,67,40,0,0,0],"gold":148,"neow_bonus":"TEN_PERCENT_HP_BONUS","is_daily":false,"chose_seed":false,"campfire_upgraded":2,"win_rate":0.0,"timestamp":1614218981,"path_taken":["R","M","?","M","M","R","T","M","R","?","?","?","?","E","M","BOSS","R","M","?","M","?","$","T","?","?","R","?","?","$","?","M","BOSS"],"items_purchased_type":["Card","Card","Card","Relic"],"build_version":"2020-12-22","purchased_purges":1,"victory":false,"max_hp_per_floor":[71,71,71,71,71,71,71,71,71,71,71,71,71,71,71,71,71,71,71,71,71,71,71,71,71,71,71,71,71,79,80,81,81,81,81],"card_choices":[{"not_picked":["Slimebound:Prepare","Slimebound:SlimeBrawl"],"picked":"Slimebound:ItLooksTasty","floor":2},{"not_picked":["Slimebound:LeadByExample","Slimebound:Chomp"],"picked":"Slimebound:SplitMire","floor":4},{"not_picked":["Slimebound:SplitMire","Slimebound:ComboTackle"],"picked":"Slimebound:ProtectTheBoss","floor":5},{"not_picked":["Slimebound:Repurpose","Slimebound:ComboTackle"],"picked":"Slimebound:TongueLash","floor":8},{"not_picked":["Slimebound:FinishingTackle","Slimebound:ComboTackle"],"picked":"Slimebound:Schlurp","floor":10},{"not_picked":["Slimebound:Replication","Slimebound:Prepare"],"picked":"Slimebound:SplitMire","floor":14},{"not_picked":["Slimebound:FlameTackle","Slimebound:SplitBruiser"],"picked":"Slimebound:RejuvenatingLick","floor":15},{"not_picked":["Slimebound:MassRepurpose","Slimebound:Overexert"],"picked":"Slimebound:OneTwoCombo","floor":16},{"not_picked":["Slimebound:AcidTongue","Slimebound:SamplingLick+1"],"picked":"Slimebound:Gluttony","floor":19},{"not_picked":["Slimebound:RollThrough","Slimebound:GoopTackle"],"picked":"Slimebound:ComboTackle+1","floor":21},{"not_picked":["Slimebound:DisruptingSlam","Slimebound:SplitLeeching"],"picked":"Slimebound:GoopSpray","floor":22},{"not_picked":["Slimebound:SlimeBarrage+1","Slimebound:RejuvenatingLick"],"picked":"Slimebound:Grow","floor":23},{"not_picked":["Slimebound:ForwardTackle+1","Slimebound:ProtectTheBoss"],"picked":"Slimebound:RejuvenatingLick","floor":26},{"not_picked":["Slimebound:SplitAcid","Slimebound:SelfFormingGoo"],"picked":"Slimebound:LivingWall+1","floor":30},{"not_picked":["Slimebound:LivingWall","Slimebound:SplitLeeching"],"picked":"Slimebound:SamplingLick","floor":31},{"not_picked":["Slimebound:ViciousTackle","Slimebound:Schlurp+1"],"picked":"Slimebound:LeechingTouch","floor":32}],"player_experience":320991,"relics_obtained":[{"floor":7,"key":"Anchor"},{"floor":14,"key":"Garlic"},{"floor":24,"key":"hubris:SphereOfDissonance"}],"event_choices":[{"damage_healed":0,"gold_gain":0,"player_choice":"Ignored","damage_taken":0,"max_hp_gain":0,"max_hp_loss":0,"event_name":"betterNote:BetterNote","floor":3,"gold_loss":0,"cards_obtained":["hexamod:ApocalypseNow"]},{"damage_healed":0,"gold_gain":0,"player_choice":"Leave","damage_taken":0,"max_hp_gain":0,"max_hp_loss":0,"event_name":"conspire:Investor","floor":12,"gold_loss":0},{"damage_healed":0,"gold_gain":0,"player_choice":"Agree","damage_taken":0,"max_hp_gain":0,"max_hp_loss":0,"event_name":"conspire:LoneGhost","floor":13,"gold_loss":0},{"damage_healed":0,"gold_gain":0,"player_choice":"Got Potions","damage_taken":0,"max_hp_gain":0,"max_hp_loss":0,"event_name":"Lab","floor":20,"gold_loss":0},{"damage_healed":0,"gold_gain":0,"player_choice":"Trade","damage_taken":0,"relics_obtained":["FaceOfCleric"],"max_hp_gain":0,"max_hp_loss":0,"event_name":"FaceTrader","floor":29,"gold_loss":0}],"is_beta":false,"boss_relics":[{"not_picked":["construct:WeddingRing","Fusion Hammer"],"picked":"beaked:SacredDeck"}],"items_purged_floors":[10],"is_endless":false,"potions_floor_spawned":[4,5,8,15,19,26,32],"killed_by":"DF_ARCHETYPE_CLAW","ascension_level":0}}