{"host":"oyzno85dy6ca94bi","time":1614233949,"event":{"mods":["AchievementEnabler","BaseMod","Colored Map","DeckTracker","Keyboard Shortcuts","Minty Spire (QoL Compilation)","Permanent Neow","SuperFastMode","everything is the same but u backflip on backflip"],"gold_per_floor":[118,133,145,145,145,145,172,184,184,203,229,245,245,256,256,352,352,368,293,293,308,79,104,116,131,131,182,182,0,16,36,36,139,139,156,167,167,92,92,92,124,124,147,165,165,180,180,235,235,235],"floor_reached":51,"language":"KOR","playtime":4960,"items_purged":["Strike_G"],"score":868,"play_id":"1461b510-148a-4ec4-b318-4eae9455af90","local_time":"20210225151909","is_ascension_mode":true,"campfire_choices":[{"data":"Poisoned Stab","floor":6.0,"key":"SMITH"},{"data":"Cloak And Dagger","floor":13.0,"key":"SMITH"},{"data":"Deadly Poison","floor":15.0,"key":"SMITH"},{"floor":28.0,"key":"REST"},{"floor":32.0,"key":"REST"},{"data":"Envenom","floor":40.0,"key":"SMITH"},{"data":"Catalyst","floor":42.0,"key":"SMITH"},{"data":"Bouncing Flask","floor":45.0,"key":"SMITH"},{"floor":47,"key":"REST"},{"floor":49,"key":"REST"}],"circlet_count":0,"master_deck":["Strike_G+1","Strike_G","Strike_G+1","Defend_G","Defend_G","Defend_G","Defend_G","Defend_G","Survivor","Neutralize","Terror+1","Poisoned Stab+1","Cloak And Dagger+1","Quick Slash","Noxious Fumes+1","Deadly Poison+1","Corpse Explosion","Prepared+1","Cloak And Dagger","Deflect","Prepared+1","PiercingWail","Expertise","Catalyst+1","Bouncing Flask+1","Envenom+1","Burst","Leg Sweep+1","Enlightenment","Footwork","PiercingWail+1","Tactician+1","Footwork","Backflip+1","Blur+1"],"relics":["Ring of the Snake","Matryoshka","Potion Belt","Eternal Feather","Whetstone","Vajra","Philosopher\u0027s Stone","Bronze Scales","Bottled Flame","Dream Catcher","Nunchaku","SacredBark","Regal Pillow","Happy Flower","Unceasing Top"],"acts_visited":["Exordium","TheCity","TheBeyond"],"potions_floor_usage":[48,48,50,50,50,50,50],"damage_taken":[{"damage":1.0,"enemies":"2 Louse","floor":1.0,"turns":3.0},{"damage":3.0,"enemies":"Small Slimes","floor":2.0,"turns":4.0},{"damage":2.0,"enemies":"Jaw Worm","floor":3.0,"turns":4.0},{"damage":12.0,"enemies":"Lagavulin","floor":7.0,"turns":5.0},{"damage":5.0,"enemies":"3 Louse","floor":8.0,"turns":4.0},{"damage":4.0,"enemies":"Large Slime","floor":10.0,"turns":6.0},{"damage":0.0,"enemies":"Red Slaver","floor":12.0,"turns":3.0},{"damage":9.0,"enemies":"Exordium Thugs","floor":14.0,"turns":4.0},{"damage":17.0,"enemies":"Hexaghost","floor":16.0,"turns":6.0},{"damage":16.0,"enemies":"Shell Parasite","floor":18.0,"turns":4.0},{"damage":0.0,"enemies":"Spheric Guardian","floor":21.0,"turns":3.0},{"damage":18.0,"enemies":"Gremlin Leader","floor":23.0,"turns":5.0},{"damage":10.0,"enemies":"Cultist and Chosen","floor":24.0,"turns":3.0},{"damage":3.0,"enemies":"Chosen and Byrds","floor":25.0,"turns":4.0},{"damage":2.0,"enemies":"Centurion and Healer","floor":30.0,"turns":3.0},{"damage":11.0,"enemies":"Snake Plant","floor":31.0,"turns":3.0},{"damage":47.0,"enemies":"Champ","floor":33.0,"turns":8.0},{"damage":3.0,"enemies":"3 Darklings","floor":35.0,"turns":2.0},{"damage":15.0,"enemies":"3 Shapes","floor":36.0,"turns":8.0},{"damage":19.0,"enemies":"Giant Head","floor":41.0,"turns":7.0},{"damage":16.0,"enemies":"Sphere and 2 Shapes","floor":44.0,"turns":5.0},{"damage":4,"enemies":"3 Darklings","floor":46,"turns":3},{"damage":35,"enemies":"2 Orb Walkers","floor":48,"turns":5},{"damage":57,"enemies":"Awakened One","floor":50,"turns":13}],"seed_played":"3783213915063396678","potions_obtained":[{"floor":0.0,"key":"Swift Potion"},{"floor":0.0,"key":"CultistPotion"},{"floor":0.0,"key":"DuplicationPotion"},{"floor":2.0,"key":"Energy Potion"},{"floor":7.0,"key":"Explosive Potion"},{"floor":10.0,"key":"FearPotion"},{"floor":14.0,"key":"SteroidPotion"},{"floor":16.0,"key":"Fire Potion"},{"floor":18.0,"key":"ColorlessPotion"},{"floor":24.0,"key":"BlessingOfTheForge"},{"floor":33.0,"key":"DistilledChaos"},{"floor":46,"key":"Swift Potion"},{"floor":48,"key":"EntropicBrew"}],"is_trial":false,"path_per_floor":["M","M","M","?","?","R","E","M","T","M","T","M","R","M","R","B",null,"M","?","?","M","$","E","M","M","T","T","R","$","M","M","R","B",null,"M","M","?","$","?","R","E","R","T","M","R","M","R","?","R","B",null],"character_chosen":"THE_SILENT","items_purchased":["Cloak And Dagger","EntropicBrew","Nunchaku","Expertise","Footwork"],"campfire_rested":4,"item_purchase_floors":[22,22,29,29,38],"current_hp_per_floor":[69,66,64,64,64,64,52,47,47,43,43,43,52,43,52,35,61,45,45,45,45,45,27,17,14,14,14,47,47,45,34,70,23,58,55,40,40,40,40,58,39,57,57,41,59,55,70,35,70,13],"gold":235,"neow_bonus":"THREE_SMALL_POTIONS","is_daily":false,"chose_seed":false,"campfire_upgraded":6,"win_rate":0.0,"timestamp":1614233949,"path_taken":["M","M","M","?","?","R","E","M","T","M","?","M","R","M","R","BOSS","M","?","?","?","$","E","M","M","T","?","R","$","M","M","R","BOSS","M","M","?","$","?","R","E","R","T","?","R","M","R","?","R","BOSS"],"items_purchased_type":["Card","Potion","Relic","Card","Card"],"build_version":"2020-12-22","purchased_purges":1,"victory":true,"max_hp_per_floor":[70,70,70,70,70,70,70,70,70,70,70,70,70,70,70,70,70,70,70,70,70,70,70,70,70,70,70,70,70,70,70,70,70,70,70,70,70,70,70,70,70,70,70,70,70,70,70,70,70,70],"card_choices":[{"not_picked":["Dodge and Roll","Acrobatics"],"picked":"Terror","floor":1.0},{"not_picked":["All Out Attack","Dodge and Roll","Prepared"],"picked":"SKIP","floor":2.0},{"not_picked":["Setup","Outmaneuver"],"picked":"Poisoned Stab","floor":3.0},{"not_picked":["Deflect","Prepared"],"picked":"Cloak And Dagger","floor":7.0},{"not_picked":["Eviscerate","Setup"],"picked":"Quick Slash","floor":8.0},{"not_picked":["Outmaneuver","Flying Knee"],"picked":"Storm of Steel","floor":10.0},{"not_picked":["All Out Attack","Outmaneuver"],"picked":"Noxious Fumes","floor":12.0},{"not_picked":["Deflect","Setup"],"picked":"Deadly Poison","floor":14.0},{"not_picked":["Die Die Die","Malaise"],"picked":"Corpse Explosion","floor":16.0},{"not_picked":["Deflect","Flying Knee+1"],"picked":"Prepared+1","floor":18.0},{"not_picked":["Flechettes","Quick Slash","Underhanded Strike"],"picked":"SKIP","floor":21.0},{"not_picked":["Caltrops","Distraction+1"],"picked":"Deflect","floor":23.0},{"not_picked":["Tools of the Trade","Underhanded Strike","Sucker Punch"],"picked":"SKIP","floor":24.0},{"not_picked":["Slice+1","Bane"],"picked":"Prepared+1","floor":25.0},{"not_picked":["Slice+1","Cloak And Dagger"],"picked":"PiercingWail","floor":28.0},{"not_picked":["Quick Slash+1","Underhanded Strike"],"picked":"Catalyst","floor":30.0},{"not_picked":["Backflip","Tactician"],"picked":"Bouncing Flask","floor":31.0},{"not_picked":["Dagger Spray","Quick Slash+1"],"picked":"Envenom","floor":32.0},{"not_picked":["Malaise","Glass Knife"],"picked":"Burst","floor":33.0},{"not_picked":["Underhanded Strike+1","Dash+1"],"picked":"Leg Sweep+1","floor":35.0},{"not_picked":["Prepared+1","Terror+1","Blade Dance"],"picked":"SKIP","floor":36.0},{"not_picked":["Metamorphosis","Good Instincts"],"picked":"Enlightenment","floor":37.0},{"not_picked":["Backstab","Masterful Stab"],"picked":"PiercingWail+1","floor":41.0},{"not_picked":["Outmaneuver+1","Dagger Spray+1"],"picked":"Tactician+1","floor":44.0},{"not_picked":["Quick Slash+1","Choke"],"picked":"Footwork","floor":46},{"not_picked":["Blade Dance+1","Masterful Stab+1"],"picked":"Backflip+1","floor":47},{"not_picked":["Cloak And Dagger+1","Poisoned Stab+1"],"picked":"Blur+1","floor":48}],"player_experience":518138,"relics_obtained":[{"floor":7.0,"key":"Matryoshka"},{"floor":9.0,"key":"Potion Belt"},{"floor":9.0,"key":"Eternal Feather"},{"floor":11.0,"key":"Whetstone"},{"floor":11.0,"key":"Vajra"},{"floor":23.0,"key":"Bronze Scales"},{"floor":26.0,"key":"Bottled Flame"},{"floor":27.0,"key":"Dream Catcher"},{"floor":41.0,"key":"Regal Pillow"},{"floor":43.0,"key":"Happy Flower"},{"floor":48,"key":"Unceasing Top"}],"event_choices":[{"damage_healed":0.0,"max_hp_gain":0.0,"max_hp_loss":0.0,"gold_gain":0.0,"event_name":"Golden Wing","player_choice":"Ignored","floor":4.0,"gold_loss":0.0,"damage_taken":0.0},{"damage_healed":0.0,"max_hp_gain":0.0,"max_hp_loss":0.0,"gold_gain":0.0,"event_name":"Living Wall","player_choice":"Grow","floor":5.0,"gold_loss":0.0,"damage_taken":0.0,"cards_upgraded":["Terror"]},{"cards_removed":["Storm of Steel"],"damage_healed":0.0,"max_hp_gain":0.0,"max_hp_loss":0.0,"gold_gain":0.0,"event_name":"Beggar","player_choice":"Gave Gold","floor":19.0,"gold_loss":75.0,"damage_taken":0.0},{"damage_healed":0.0,"max_hp_gain":0.0,"max_hp_loss":0.0,"gold_gain":0.0,"event_name":"Accursed Blacksmith","player_choice":"Forge","floor":20.0,"gold_loss":0.0,"damage_taken":0.0,"cards_upgraded":["Noxious Fumes"]},{"damage_healed":0.0,"max_hp_gain":0.0,"max_hp_loss":0.0,"gold_gain":0.0,"event_name":"SensoryStone","player_choice":"Memory 1","floor":37.0,"gold_loss":0.0,"damage_taken":0.0},{"cards_removed":["Strike_G"],"damage_healed":0.0,"max_hp_gain":0.0,"max_hp_loss":0.0,"gold_gain":0.0,"event_name":"Bonfire Elementals","player_choice":"Offered Basic","floor":39.0,"gold_loss":0.0,"damage_taken":0.0},{"damage_healed":0,"gold_gain":0,"player_choice":"Fight","damage_taken":0,"max_hp_gain":0,"max_hp_loss":0,"event_name":"Mysterious Sphere","floor":48,"gold_loss":0}],"is_beta":false,"boss_relics":[{"not_picked":["Calling Bell","Velvet Choker"],"picked":"Philosopher\u0027s Stone"},{"not_picked":["Black Star","SlaversCollar"],"picked":"SacredBark"}],"items_purged_floors":[22],"is_endless":false,"potions_floor_spawned":[2,7,10,14,16,18,24,33,46,48],"ascension_level":5}}