{"host":"7am2it9afgpzdoy6","time":1614263091,"event":{"mods":["2.2 Compatiblity","ATMod(°¢èªMod)","Act Like it!","Aspiration","BaseMod","Become a monster °Ù±ä¹Ö","Colored Powertips","Conspire","Downfall","Friendly Minions","Gensokyo","Hubris","Infinite Spire","Koishi","Library of Ruina","Library of Ruina Extra","Lobotomy","LobotomyExtend","Minty Spire (QoL Compilation)","Quick Restart","Reimu£¨²©ÀöÁéÃÎ£©","Remilia£¨ÀÙÃ×ÀòÑÇ£©","Replay The Spire","RumiaBox-Â¶Ã×æ«µÄÉñÃØºÐ×Ó","Shop Mod","StSLib","The Jungle","Waifu the Spire","Wandering Minibosses","Yuyuko","[IsaacMod]ÒÔÈö¼âËþ","¡¾ÒÅÎï¿¨ÅÆ¡¿REMEMod"],"gold_per_floor":[116,127,127,127,144,170,170,170,197,42,58,74,85,135,135,239,239,256,276,289,289,67,67,82,100,125,141,151,167,174,186,186,289,289,304,366,366,366,383,383,401,361,408,408,422,422,422,422,422,422,422],"floor_reached":52,"language":"ZHS","playtime":3229,"items_purged":["Languid","DeepDrag"],"score":883,"play_id":"399ab0dd-5197-47aa-bf72-bf73133fd33e","local_time":"20210225222450","is_ascension_mode":false,"campfire_choices":[{"floor":7,"key":"REST"},{"data":"ScarletDream","floor":15,"key":"SMITH"},{"floor":23,"key":"REST"},{"data":"hubris:InfiniteBlow+23","floor":40,"key":"SMITH"},{"data":"hubris:InfiniteBlow+25","floor":44,"key":"SMITH"},{"data":"hubris:InfiniteBlow+26","floor":49,"key":"SMITH"}],"circlet_count":0,"master_deck":["GrazeTheGrass","AT_KingSlayer","EnergyStrike","HighKick","EnergyShield","ScarletDream+1","UnstableMagic","UnavoidableGaze","UnforgettableMelody","FleetEdge","Parry2","FrontalAssault","LeRegole+1","TheArtOfRapidSteps+1","BulkyImpact+1","hubris:EnhanceAbility","Leap_lor+1","Deflect_lor","Disposal","WillProduceFineSilk","Castigation","GoinFirst","UnforgettableMelody","RagingStormLove","RepressedFlesh","QuickSuppression","FormingStorm","AbeCurse","BoundaryOfDeath","UnavoidableGaze+1","QuickSuppression+1","hubris:InfiniteBlow+27","EnergyCycle+1","QuickSuppression","Slimebound:Strike_Slimebound"],"relics":["PageOfLibrarian","HushsDoor","AT_ATBox","REME_ComplimentaryCards","GuppysPaw","LetterFromLob","hubris:DisguiseKit","ReplayTheSpireMod:Ninjato","ReplayTheSpireMod:Lightbulb","Gaze_r","BookOfRevelations","Replay:Baseball","PreservedInsect","infinitespire:Bottled Soul","REME_LowDesire","AT_BellDemon","Simple Rune","Vajra","Quantum Egg","aspiration:AnachronicSnailShell","bronze:BronzeIdol","PageOfMountain","SalivaCoin","hexamod:BolsterEngine","PageOfSpiderBud","SumBook","Juzu Bracelet","HornCleat","Abe\u0027s Treasure","hubris:Potato","ReplayTheSpireMod:Shallot","infinitespire:Satchel","AT_Manta","Bird Faced Urn","Toy Ornithopter","PageOfWayBackHome","Heaven_r"],"acts_visited":["Exordium","TheCity","TheBeyond"],"potions_floor_usage":[6,6,8,19,20,24,24,36,51,51,51],"damage_taken":[{"damage":7,"enemies":"2 Louse","floor":1,"turns":2},{"damage":0,"enemies":"Jaw Worm","floor":2,"turns":3},{"damage":2,"enemies":"Small Slimes","floor":5,"turns":2},{"damage":9,"enemies":"Lagavulin","floor":6,"turns":5},{"damage":3,"enemies":"Red Slaver","floor":8,"turns":2},{"damage":4,"enemies":"Red Slaver","floor":11,"turns":2},{"damage":10,"enemies":"2 Fungi Beasts","floor":12,"turns":4},{"damage":2,"enemies":"Looter","floor":13,"turns":4},{"damage":7,"enemies":"Hiden Room Battle","floor":14,"turns":5},{"damage":10,"enemies":"The Guardian","floor":16,"turns":9},{"damage":23,"enemies":"Shell Parasite","floor":18,"turns":5},{"damage":15,"enemies":"Chosen","floor":19,"turns":2},{"damage":20,"enemies":"3 Cultists","floor":20,"turns":5},{"damage":14,"enemies":"Snake Plant","floor":24,"turns":1},{"damage":0,"enemies":"Snecko","floor":25,"turns":3},{"damage":0,"enemies":"3 Cultists","floor":27,"turns":4},{"damage":0,"enemies":"Chosen and Byrds","floor":28,"turns":4},{"damage":0,"enemies":"Sentry and Sphere","floor":29,"turns":3},{"damage":0,"enemies":"Centurion and Healer","floor":31,"turns":3},{"damage":0,"enemies":"Automaton","floor":33,"turns":4},{"damage":0,"enemies":"Orb Walker","floor":35,"turns":2},{"damage":0,"enemies":"2 Orb Walkers","floor":36,"turns":3},{"damage":0,"enemies":"3 Shapes","floor":39,"turns":1},{"damage":0,"enemies":"Maw","floor":41,"turns":3},{"damage":0,"enemies":"Jaw Worm Horde","floor":45,"turns":1},{"damage":0,"enemies":"Jaw Worm Horde","floor":47,"turns":1},{"damage":0,"enemies":"Time Eater","floor":50,"turns":2},{"damage":0,"enemies":"Time Eater","floor":51,"turns":4}],"seed_played":"-7208763318751672408","potions_obtained":[{"floor":1,"key":"FearPotion"},{"floor":5,"key":"PowerPotion"},{"floor":6,"key":"Energy Potion"},{"floor":14,"key":"Doom Potion"},{"floor":19,"key":"Adrenaline Potion"},{"floor":21,"key":"Death Potion"},{"floor":21,"key":"LiquidBronze"},{"floor":21,"key":"BlessingOfTheForge"},{"floor":28,"key":"Weak Potion"},{"floor":33,"key":"AttackPotion"},{"floor":35,"key":"infinitespire:BlackPotion"},{"floor":41,"key":"bronze:BurnAndBuffPotion"}],"is_trial":false,"path_per_floor":["M","M","?","?","M","E","R","M","T","$","M","M","M","?","R","B",null,"M","M","M","?","$","R","M","M","T","M","M","M","?","M","R","B",null,"M","?","AVR","?","M","R","M","?","T","R","M","?","?","?","R","B",null,null],"character_chosen":"Librarian","items_purchased":["Replay:Baseball","LeRegole","BoundaryOfDeath"],"campfire_rested":2,"item_purchase_floors":[10,22,34],"current_hp_per_floor":[53,53,53,46,44,35,58,75,75,75,71,70,76,69,69,65,77,54,39,23,23,23,96,47,51,51,51,51,57,42,48,121,70,241,63,66,66,66,69,69,60,60,60,60,77,77,63,63,63,65,88],"gold":422,"neow_bonus":"THREE_CARDS","is_daily":false,"chose_seed":false,"campfire_upgraded":4,"win_rate":0.0,"timestamp":1614263090,"path_taken":["M","M","?","?","?","E","R","M","T","?","M","M","M","?","R","BOSS","M","M","M","?","$","R","M","M","T","M","M","M","?","M","R","BOSS","M","?","AVR","?","M","R","M","?","T","R","M","?","?","?","R","BOSS"],"items_purchased_type":["Relic","Card","Card"],"build_version":"2020-12-22","purchased_purges":2,"victory":true,"max_hp_per_floor":[63,63,63,63,78,78,78,78,78,78,76,76,77,77,77,77,77,77,77,244,244,244,244,244,244,244,244,244,244,244,244,244,244,241,241,241,241,241,241,241,241,241,241,241,241,241,241,241,241,241,241],"card_choices":[{"not_picked":["GuardingStance","FendThisOffIfYouCan"],"picked":"DeepDrag","floor":0},{"not_picked":["LoosenUp","Struggle","SnakesPrey","ProselytesBlade","Faith","Outburst","Parry","UnavoidableGaze"],"picked":"GrazeTheGrass","floor":1},{"not_picked":["AsThePrescriptOrders","FierceCharge","SinglePointStab","EnergyCycle","Parry","EndlessBattle","ViolentFlame","SerpentSwordTechnique"],"picked":"EnergyStrike","floor":2},{"not_picked":["HandlingWork","DarkCloud","ClassAndRespect","GuardingStance","RagingStormLove","PinpointShot","FleetFootsteps","DestructiveImpact","BlasphemousPunishment"],"picked":"HighKick","floor":5},{"not_picked":["Thrust","StayCalm","Preparation","Creak","Standoff","IdentifyWeakpoint","RagingStormLove","VenomousFangs","VampirishNight"],"picked":"Bomb","floor":6},{"not_picked":["FleetEdge","EndlessBattle","LeRegole","HandleRequest","BiAn","TendonChords","Multislash","AssaultOrder","UnstableMagic"],"picked":"EnergyShield","floor":11},{"not_picked":["IronWall","SpearedSweep","Punishment","JiaoTu","StrikeDown","GreatSerpentsImpact","BiAn","Reload","DesperateStruggle"],"picked":"ScarletDream","floor":12},{"not_picked":["SmokingPipe","WillBeTasty","WildCard","NonstopAssault","BackAttack","GuardingStance","ViolentFlame","Diversion","FlyingSword"],"picked":"UnstableMagic","floor":13},{"not_picked":["RapidGashes","FleetFootsteps","Feast","FleetEdge","DefenseOrder","StructuralAnalysis","SilentNight","InnerArdor","BloodyTrap"],"picked":"UnavoidableGaze","floor":14},{"not_picked":["Suppress","SenseQuarry","HeartBreak"],"picked":"UnforgettableMelody","floor":16},{"not_picked":["FierceCharge","PreparedMind","GatherIntel","SummaryJudgment+1","SinglePointStab+1","BattleCommand","Decapitation","SnakesPrey+1","Mayhem","StarOfDavid"],"picked":"FleetEdge","floor":18},{"not_picked":["ReadyUp","FierceCharge","CoordinatedAssault","StrikeDown","VioletBlade","ChopItOff","TasteMyFlamingBat","SinglePointStab","Replay:Parry","UnderTheZenith"],"picked":"Parry2","floor":19},{"not_picked":["BackAttack","GuardingStance","TheArtOfRapidSteps","Faith+1","ICanCookAnything+1","GreatSerpentsImpact","ChopItOff","ClassAndRespect","AT_BreakingExtremeWeapon","ScarletDevilSign"],"picked":"FrontalAssault","floor":20},{"not_picked":["TheRedNotes+1","WillOfThePrescript","Parry","SinglePointStab","ClassAndRespect","GreatSerpentsImpact","GuardingStance","Execute_lor","HandOfGreed","ScarletGensokyo"],"picked":"TheArtOfRapidSteps+1","floor":24},{"not_picked":["SinglePointStab","Overpower+1","BackAttack","Gigigig","Thrust","SmokingPipe","Parry+1","TimeForALittleTest+1","AT_CelerityRune+1","StarOfDavid"],"picked":"BulkyImpact+1","floor":25},{"not_picked":["ConcentratedFire","HighSpeedStabbing","EnergyShield","QuickAttack","Tailoring+1","Pound","DefenseOrder","SearingSword","StructuralAnalysis","FavorOfDestiny"],"picked":"hubris:EnhanceAbility","floor":27},{"not_picked":["WildCard","Outburst","QuickAttack+1","QuickSuppression","Rampage_lor","InkOver","ShockRound","EmotionalTurbulence","Apotheosis","RedNightlessCastle"],"picked":"Leap_lor+1","floor":28},{"not_picked":["FervidEmotions","UpbeatPerformance","GreatSerpentsImpact","RepressedFlesh","Thirst","MultiHit+1","ElectricShock+1","Gigigig","ViolentFlame","Replay:Bootleg Shield Generator+1","BlasphemousPunishment"],"picked":"SKIP","floor":29},{"not_picked":["ChiWen","TimeForALittleTest","SharpenedBlade","EnergyStrike","LossOfSenses","Standoff","ProselytesBlade+1","VioletBlade","AT_LightSaberMaster","CurseOfVladTepes"],"picked":"QuickSuppression","floor":31},{"not_picked":["SenseQuarry","LeRegole","Panache","TricksterDevil"],"picked":"FormingStorm","floor":33},{"not_picked":["CombatPreparation","InhaleSmoke+1","HandleRequest","Faith","SmokingPipe+1","Castigation","EnergyConversion","EndlessBattle+1","AT_Homeward+1","Maim"],"picked":"UnavoidableGaze+1","floor":35},{"not_picked":["StructuralAnalysis","Rewind","PreemptiveStrike","WildCard","GreatSerpentsImpact+1","MultiBlock","TendonChords","SpearedSweep","REME_BodyOfCthun","ScarletSymphony"],"picked":"QuickSuppression+1","floor":36},{"not_picked":["MultiBlock","EnergyConversion+1","SerpentineBarrier","PuppetBlockade","Parry2","StructuralAnalysis+1","TheRedNotes","NightInTheBackstreets","Retaliate","hubris:Ssssneak","EndlessAdversity"],"picked":"SKIP","floor":39},{"not_picked":["PuppetBlockade+1","SummaryJudgment+1","WillOfThePrescript","IllEndYou","Suppress","SharpNails+1","Standoff","SnakesPrey+1","conspire:Banana","NightLord"],"picked":"EnergyCycle+1","floor":41},{"not_picked":["Thrust+1","Castigation","BackAttack+1","MultiBlock+1","SerpentineBarrier","FocusFire+1","ViolentFlame","StrikeDown","Mind Blast+1","HunterOfTheNight"],"picked":"QuickSuppression","floor":45}],"player_experience":249577,"relics_obtained":[{"floor":1,"key":"LetterFromLob"},{"floor":6,"key":"ReplayTheSpireMod:Lightbulb"},{"floor":9,"key":"BookOfRevelations"},{"floor":14,"key":"PreservedInsect"},{"floor":14,"key":"infinitespire:Bottled Soul"},{"floor":17,"key":"AT_BellDemon"},{"floor":17,"key":"Simple Rune"},{"floor":18,"key":"Vajra"},{"floor":19,"key":"Quantum Egg"},{"floor":20,"key":"aspiration:AnachronicSnailShell"},{"floor":24,"key":"bronze:BronzeIdol"},{"floor":25,"key":"PageOfMountain"},{"floor":26,"key":"SalivaCoin"},{"floor":27,"key":"hexamod:BolsterEngine"},{"floor":28,"key":"PageOfSpiderBud"},{"floor":29,"key":"SumBook"},{"floor":31,"key":"HornCleat"},{"floor":36,"key":"hubris:Potato"},{"floor":36,"key":"ReplayTheSpireMod:Shallot"},{"floor":39,"key":"AT_Manta"},{"floor":41,"key":"Bird Faced Urn"},{"floor":43,"key":"Toy Ornithopter"},{"floor":45,"key":"PageOfWayBackHome"}],"event_choices":[{"damage_healed":0,"gold_gain":0,"player_choice":"Success","damage_taken":7,"relics_obtained":["ReplayTheSpireMod:Ninjato"],"max_hp_gain":0,"max_hp_loss":0,"event_name":"Scrap Ooze","floor":4,"gold_loss":0},{"damage_healed":0,"gold_gain":0,"player_choice":"Fight","damage_taken":0,"max_hp_gain":0,"max_hp_loss":0,"event_name":"HidenRoomEvent","floor":14,"gold_loss":0},{"damage_healed":0,"gold_gain":0,"player_choice":"Got Potions","damage_taken":0,"max_hp_gain":0,"max_hp_loss":0,"event_name":"Lab","floor":21,"gold_loss":0},{"damage_healed":0,"gold_gain":0,"player_choice":"Fight","damage_taken":0,"max_hp_gain":0,"max_hp_loss":0,"event_name":"Mysterious Sphere","floor":36,"gold_loss":0},{"damage_healed":0,"gold_gain":0,"player_choice":"Upgrade","damage_taken":0,"max_hp_gain":0,"max_hp_loss":0,"event_name":"Designer","floor":42,"gold_loss":40,"cards_upgraded":["hubris:InfiniteBlow"]},{"cards_removed":["Tttonst"],"damage_healed":0,"gold_gain":0,"player_choice":"Purged","damage_taken":0,"max_hp_gain":0,"max_hp_loss":0,"event_name":"Purifier","floor":46,"gold_loss":0},{"cards_removed":["DaringDecision"],"damage_healed":0,"gold_gain":0,"player_choice":"Took Card","damage_taken":0,"max_hp_gain":0,"max_hp_loss":0,"event_name":"NoteForYourself","floor":48,"gold_loss":0,"cards_obtained":["Slimebound:Strike_Slimebound"]}],"is_beta":false,"boss_relics":[{"not_picked":["Cursed Key","RedLine:ReiMu"],"picked":"REME_LowDesire"},{"not_picked":[]},{"not_picked":["Tiny House","Kintsugi"],"picked":"Abe\u0027s Treasure"},{"not_picked":[]}],"items_purged_floors":[22,37],"is_endless":false,"potions_floor_spawned":[1,5,6,8,14,19,28,33,35,41],"ascension_level":0}}