{"host":"ju58ncaxwefs1zmn","time":1614264266,"event":{"mods":["100% Spire Juice","2.2 Compatiblity","Act Like it!","Aspiration","BaseMod","CapriCore","ChefMod","Colored Map","Gensokyo","Hermit","Highlight Path","HololiveMod","Hubris","Infinite Spire","Koishi","Marisa????????","Minty Spire (QoL Compilation)","Monster B Gone","Permanent Neow","Quick Restart","Random Character Button","Relic Filter","Relic Sorter","Relic Stats","Reliquary","Robot Space Explorer","Smile Girya","StSLib","The Administrix","The Animator","The Cursed","The Hierophant","The Immortal","The Marked","The Servant 0.9.4","The Showman","TheBandit","Wandering Minibosses","Yakumo Yukari mod","thorton"],"gold_per_floor":[115,128,114,146,146,146,189,189,236,236,236,265,280,319,319,398,398,417,436,403,403,403],"floor_reached":21,"language":"ENG","playtime":2241,"items_purged":[],"score":439,"play_id":"6e95b2b0-5a72-4593-b082-6d075550f743","local_time":"20210225064426","is_ascension_mode":true,"campfire_choices":[{"data":"animator:DolaRiku","floor":6,"key":"SMITH"},{"data":"animator:Souei","floor":8,"key":"SMITH"},{"data":"animator:Aqua","floor":11,"key":"SMITH"},{"floor":15,"key":"REST"}],"circlet_count":0,"master_deck":["AscendersBane","animator:Strike_Konosuba","animator:Defend_Konosuba","animator:Strike","animator:Strike","animator:Strike","animator:Defend","animator:Defend","animator:Defend","animator:Kazuma","animator:Aqua+1","animator:Urushihara","animator:DolaRiku+1","animator:Alexander","animator:KyokoSakura","animator:Vanir","animator:Souei+1","Pain","animator:Shuna","animator:Megumin+2","animator:Benimaru","animator:Guren","animator:LizardPriest","Capacitor","BootSequence"],"relics":["animator:LivingPicture","reliquary:FerryPass","animator:TheMissingPiece","animator:PurgingStone","aspiration:StickyExplosives","WarpedTongs","reliquary:Aerogel","aspiration:DefectSkillbook"],"acts_visited":["Exordium","TheCity"],"potions_floor_usage":[12,17],"damage_taken":[{"damage":0,"enemies":"Cultist","floor":1,"turns":5},{"damage":3,"enemies":"Small Slimes","floor":2,"turns":9},{"damage":6,"enemies":"2 Louse","floor":3,"turns":6},{"damage":0,"enemies":"2 Fungi Beasts","floor":4,"turns":3},{"damage":25,"enemies":"3 Sentries","floor":7,"turns":7},{"damage":10,"enemies":"Gremlin Nob","floor":12,"turns":3},{"damage":7,"enemies":"Red Slaver","floor":13,"turns":4},{"damage":13,"enemies":"3 Sentries","floor":14,"turns":10},{"damage":0,"enemies":"The Guardian","floor":16,"turns":7},{"damage":6,"enemies":"Chosen","floor":18,"turns":4},{"damage":0,"enemies":"3 Byrds","floor":19,"turns":3},{"damage":44,"enemies":"Centurion and Healer","floor":20,"turns":7}],"seed_played":"-6481030590677791327","potions_obtained":[{"floor":4,"key":"EssenceOfSteel"},{"floor":7,"key":"ColorlessPotion"},{"floor":16,"key":"Fruit Juice"},{"floor":18,"key":"Ancient Potion"}],"is_trial":false,"path_per_floor":["M","M","M","M","?","R","E","R","T","?","R","E","M","E","R","B",null,"M","M","M","?"],"character_chosen":"THE_ANIMATOR","items_purchased":[],"campfire_rested":1,"item_purchase_floors":[],"current_hp_per_floor":[56,55,51,53,53,53,30,30,30,30,30,24,21,11,29,32,60,57,57,16,0,0],"gold":403,"neow_bonus":"RANDOM_COLORLESS","is_daily":false,"chose_seed":false,"campfire_upgraded":3,"win_rate":0.0,"timestamp":1614264266,"path_taken":["M","M","M","M","?","R","E","R","T","?","R","E","?","E","R","BOSS","M","M","M","?"],"items_purchased_type":[],"build_version":"2020-12-22","purchased_purges":0,"victory":false,"max_hp_per_floor":[60,60,60,60,60,60,60,60,60,60,60,61,62,62,62,62,67,67,67,67,72,72],"relic_stats":{"counters":[12,67],"obtain_stats":[{"aspiration:StickyExplosives":7,"animator:PurgingStone":0,"aspiration:DefectSkillbook":17,"reliquary:Aerogel":14,"animator:TheMissingPiece":0,"hubris:PeanutButter":12,"animator:LivingPicture":0,"reliquary:FerryPass":9,"WarpedTongs":10},{"aspiration:StickyExplosives":5,"animator:PurgingStone":0,"aspiration:DefectSkillbook":9,"reliquary:Aerogel":8,"animator:TheMissingPiece":0,"hubris:PeanutButter":6,"animator:LivingPicture":0,"reliquary:FerryPass":5,"WarpedTongs":5},{"aspiration:StickyExplosives":29,"animator:PurgingStone":0,"aspiration:DefectSkillbook":53,"reliquary:Aerogel":46,"animator:TheMissingPiece":0,"hubris:PeanutButter":32,"animator:LivingPicture":0,"reliquary:FerryPass":29,"WarpedTongs":29}],"WarpedTongs":[38]},"card_choices":[{"not_picked":["animator:Canti","animator:Shimakaze"],"picked":"animator:Urushihara","floor":0},{"not_picked":["animator:Sloth","animator:NagisaMomoe"],"picked":"animator:DolaRiku","floor":1},{"not_picked":["animator:Illya","animator:Verdia"],"picked":"animator:Alexander","floor":2},{"not_picked":["animator:Jibril","animator:Caster"],"picked":"animator:KyokoSakura","floor":3},{"not_picked":["animator:Mitsurugi","animator:Kazuma"],"picked":"animator:Vanir","floor":4},{"not_picked":["animator:Pride","animator:KyokoSakura"],"picked":"animator:Souei","floor":7},{"not_picked":["animator:Envy","animator:IrohaTamaki"],"picked":"animator:Shuna","floor":12},{"not_picked":["animator:Chris","animator:Verdia"],"picked":"animator:Megumin","floor":13},{"not_picked":["animator:GazelDwargon","animator:Vesta"],"picked":"animator:Benimaru","floor":14},{"not_picked":["animator:MadokaKaname","animator:Eris"],"picked":"animator:Guren","floor":16},{"not_picked":["animator:Jibril","Ball Lightning","animator:Shigure"],"picked":"animator:LizardPriest","floor":18},{"not_picked":["animator:Wiz","animator:Vesta","Ball Lightning"],"picked":"Capacitor","floor":19},{"not_picked":["animator:Chris","Melter","Rip and Tear+1"],"picked":"BootSequence","floor":20}],"player_experience":1198936,"relics_obtained":[{"floor":7,"key":"aspiration:StickyExplosives"},{"floor":9,"key":"reliquary:FerryPass"},{"floor":12,"key":"hubris:PeanutButter"},{"floor":14,"key":"reliquary:Aerogel"}],"event_choices":[{"damage_healed":0,"gold_gain":0,"player_choice":"Rummage","damage_taken":0,"relics_obtained":["WarpedTongs"],"max_hp_gain":0,"max_hp_loss":0,"event_name":"Accursed Blacksmith","floor":10,"gold_loss":0,"cards_obtained":["Pain"]}],"is_beta":false,"boss_relics":[{"not_picked":["hubris:Stopwatch","hubris:GrandSneckoEye"],"picked":"aspiration:DefectSkillbook"}],"items_purged_floors":[],"is_endless":false,"potions_floor_spawned":[4,7,16,18,19],"ascension_level":15}}