{"host":"ooetke516h53yqww","time":1614228392,"event":{"mods":["100% Spire Juice","2.2 Compatiblity","Abigail Mod","Act Like it!","Astrologer","BaseMod","Beaked The Cultist","Better Match","Better Third Choice","Conspire","Elementarium","Friendly Minions","Hallownest","Hermit","HololiveMod","Hubris","Infinite Spire","Kiyohime????","Library of Ruina","Library of Ruina Extra","Lobotomy","LobotomyExtend","Mari Mod (Legacy)","Mari\u0027s V1 Patch","Menagerie","Minty Spire (QoL Compilation)","Morshu Shopkeeper","Prisma Mod","Random Character Button","Reliquary","Replay The Spire","Robot Space Explorer","Ruina","Spicy Shops","StSLib","Td1madao Mod","The Alterego","The Bug Knight","The Marked","The Poker Player","The Senshi","TheSwordswoman","Uncapped","WarShipGirlsR/????R mod","Yakumo Yukari mod","Yohane!"],"gold_per_floor":[216,216,230,247,247,247,17,35,62,80,112,112,132,157,157,252,252,252,42,42,42,62,62,62,80,105,105,130,130,130,150,150,251,351,367,367,274,274,286,311,321,321,321,346,358,358,358,370,370,370,370,370,370,370,397,397,397],"floor_reached":56,"language":"ENG","playtime":2770,"items_purged":[],"score":673,"play_id":"baf8bbb9-8e54-4213-9531-f375c5aa2b3a","local_time":"20210224234632","is_ascension_mode":false,"campfire_choices":[{"data":"Unlock1","floor":6,"key":"SMITH"},{"data":"Reload","floor":12,"key":"SMITH"},{"data":"Reload","floor":15,"key":"SMITH"},{"data":"MultiBlock","floor":23,"key":"SMITH"},{"floor":27,"key":"REST"},{"data":"Feast","floor":29,"key":"SMITH"},{"floor":32,"key":"REST"},{"data":"Crow Ritual+1","floor":42,"key":"SMITH"},{"floor":46,"key":"RECALL"},{"data":"Crow Ritual+2","floor":49,"key":"SMITH"},{"data":"Crow Ritual+3","floor":53,"key":"SMITH"}],"circlet_count":0,"master_deck":["Dodge","LightDefense","LightAttack+1","LightAttack","LightDefense","LightDefense","LightDefense","ChargeAndCover","FocusedStrikes","BayonetCombat","SpearedSweep+1","Unlock1+1","MindPrepared+1","MirageStorm","Reload+1","Reload+1","FormingStorm","hubris:Wrath","hubris:Wrath","MultiBlock+1","BattleCommand+1","UpbeatPerformance","Feast+1","DesperateStruggle+1","SavageMode","Reload+1","Crow Ritual+4","Chrysalis","Flash of Steel","FrontalAssault+1","DesperateStruggle+1","ICanCookAnything","FleetFootsteps+1","SuppressingShot+1","QuickAttack","CleanUp"],"relics":["PageOfLibrarian","LetterFromLob","Chemical X","Gambling Chip","Whetstone","PageOfSnowWhitesApple","Regal Pillow","Replay:Ancient Bell","theSenshi:SailorFukuRelic","PageOfNothingThere","Unceasing Top","HandDrill","hubris:Icosahedron","ReplayTheSpireMod:TigerMarble","reliquary:NewFriend","hubris:Towel","Replay:Grab Bag","Philosopher\u0027s Stone","Replay:Wanted Poster","conspire:RunicOctahedron","conspire:InfiniteJournal","Gremlin Food","PageOfWrath","PageOfTheQueenOfHatred","PageOfTheKnightOfDespair"],"acts_visited":["Exordium","ruina:Briah","TheBeyond","TheEnding"],"potions_floor_usage":[11,16,33],"damage_taken":[{"damage":0,"enemies":"2 Louse","floor":1,"turns":4},{"damage":3,"enemies":"Jaw Worm","floor":3,"turns":3},{"damage":0,"enemies":"Cultist","floor":4,"turns":3},{"damage":0,"enemies":"Exordium Thugs","floor":8,"turns":4},{"damage":0,"enemies":"2 Fungi Beasts","floor":10,"turns":1},{"damage":9,"enemies":"Replay:BlueRogue","floor":11,"turns":3},{"damage":5,"enemies":"Looter","floor":13,"turns":2},{"damage":10,"enemies":"Slime Boss","floor":16,"turns":4},{"damage":0,"enemies":"ruina:2_Scarecrows","floor":22,"turns":2},{"damage":38,"enemies":"ruina:BadWolf","floor":25,"turns":6},{"damage":23,"enemies":"ruina:ServantOfWrath","floor":28,"turns":4},{"damage":11,"enemies":"ruina:QueenOfHate","floor":31,"turns":5},{"damage":41,"enemies":"ruina:JesterOfNihil","floor":33,"turns":9},{"damage":6,"enemies":"3 Darklings","floor":35,"turns":3},{"damage":3,"enemies":"Orb Walker","floor":39,"turns":2},{"damage":6,"enemies":"Nightmare","floor":40,"turns":4},{"damage":7,"enemies":"Maw","floor":41,"turns":4},{"damage":0,"enemies":"R_Hoarder","floor":44,"turns":4},{"damage":21,"enemies":"Writhing Mass","floor":45,"turns":3},{"damage":0,"enemies":"Transient","floor":48,"turns":5},{"damage":27,"enemies":"Time Eater","floor":50,"turns":7},{"damage":16,"enemies":"Time Eater","floor":51,"turns":5},{"damage":55,"enemies":"Shield and Spear","floor":55,"turns":4},{"damage":41,"enemies":"The Heart","floor":56,"turns":3}],"seed_played":"-2427219404357555641","potions_obtained":[{"floor":3,"key":"DistilledChaos"},{"floor":4,"key":"Explosive Potion"},{"floor":16,"key":"DuplicationPotion"},{"floor":33,"key":"Weak Potion"}],"is_trial":false,"path_per_floor":["M","?","M","M","?","R","$","M","T","M","E","R","M","T","R","B",null,"M","$","?","?","M","R","?","M","T","R","E","R","?","M","R","B",null,"M","?","$","?","M","NM","M","R","T","E","M","R","T","M","R","B",null,null,"R","$","E","B"],"character_chosen":"Librarian","items_purchased":["Chemical X","Gambling Chip","Unceasing Top","HandDrill","MultiBlock","conspire:InfiniteJournal"],"campfire_rested":2,"item_purchase_floors":[7,7,19,19,19,37],"current_hp_per_floor":[60,60,57,57,52,52,52,52,52,52,43,43,38,38,38,28,86,86,86,86,86,62,62,62,24,24,62,39,39,39,34,68,33,89,83,83,83,83,77,62,61,61,61,62,51,51,51,55,55,57,51,74,74,74,35,0,0],"gold":397,"neow_bonus":"HUNDRED_GOLD","is_daily":false,"chose_seed":false,"campfire_upgraded":8,"win_rate":0.0,"timestamp":1614228392,"path_taken":["M","?","M","M","?","R","?","M","T","M","E","R","?","?","R","BOSS","M","$","?","?","M","R","?","M","T","R","E","R","?","M","R","BOSS","M","?","$","?","M","NM","M","R","T","E","M","R","?","?","R","BOSS","R","$","E","BOSS"],"items_purchased_type":["Relic","Relic","Relic","Relic","Card","Relic"],"build_version":"2020-12-22","purchased_purges":0,"victory":false,"max_hp_per_floor":[65,65,63,65,65,65,65,71,71,70,84,84,84,84,84,86,86,86,86,86,86,62,62,62,78,78,78,68,68,68,68,68,89,89,89,89,89,89,77,62,62,62,62,70,61,61,61,74,74,74,74,74,74,74,79,79,79],"card_choices":[{"not_picked":["SerpentSwordTechnique","FlyingSword","TendonChords","BiAn","Parry2","SnakesPrey","ICanCookAnything","QuickSuppression"],"picked":"BayonetCombat","floor":1},{"not_picked":["Faith","TasteMyFlamingBat","SunsetBlade","GreatSerpentsImpact","Parry","DestructiveImpact","Diversion","Guardian_lor"],"picked":"SpearedSweep","floor":3},{"not_picked":["Creak","UpbeatPerformance","StructuralAnalysis","ScatteringSlash","Outburst","JiaoTu","EnergyCycle","ClassAndRespect"],"picked":"Unlock1","floor":4},{"not_picked":["EnergyCycle","FieryWaltz","SnakesPrey","NightInTheBackstreets","BiXi","DeepDrag","StructuralAnalysis","VioletBlade"],"picked":"MindPrepared","floor":8},{"not_picked":["HandlingWork","SinglePointStab","SerpentSwordTechnique","FrontalAssault","GuidanceOfTheGears","EnergyStrike","HeavyPeaks","SmokingPipe"],"picked":"MirageStorm","floor":10},{"not_picked":["Diversion","ChargeUp","UncannyStrike","Parry2","AbsorbImpact","Rewind","Multislash","DeepDrag"],"picked":"Reload","floor":11},{"not_picked":["Leap_lor","Duel_lor","BladeWhirl","Slice_lor","Crush","GreatSerpentsImpact","Track","BackAttack"],"picked":"Reload","floor":13},{"not_picked":["EnergyBeam","Deflect_lor"],"picked":"FormingStorm","floor":16},{"not_picked":["hubris:Lust","Parasite","Normality","Hallucinations","hubris:Disease","hubris:Envy","Overencumbered","Pain"],"picked":"Elementarium:StickyTar","floor":17},{"not_picked":["conspire:Blindness","hubris:Disease","Regret","Injury","hubris:Greed","Pain","hubris:Despair","infinitespire:Pacifist"],"picked":"hubris:Wrath","floor":17},{"not_picked":["Regret","Shame","hubris:Sloth","Menagerie:BloodySpellbook","hubris:Compulsion","hubris:Lust","hubris:Gluttony","Spreading Infection"],"picked":"hubris:Wrath","floor":17},{"not_picked":["Multislash","EnergyShield","CircusKnives","Creak","AssaultOrder","BayonetCombat","ChiWen","RipSpace"],"picked":"BattleCommand+1","floor":22},{"not_picked":["HighKick","StrongStrike","EndlessBattle","TendonChords","Parry+1","SharpSwipe+1","SunsetBlade","GuidanceOfTheGears"],"picked":"UpbeatPerformance","floor":25},{"not_picked":["StrikeDown","ShockingBlow","RapidGashes","PuppetBlockade","Standoff","DirtyBlow","Bvapour","DarkCloud+1"],"picked":"Feast","floor":28},{"not_picked":["Parry","ChopItOff+1","StrikeDown+1","QuickSuppression","EnergyShield","GatherIntel","SmokingPipe","Unlock1"],"picked":"DesperateStruggle+1","floor":31},{"not_picked":["BlazingStrike","Disposal"],"picked":"SavageMode","floor":33},{"not_picked":["UpbeatPerformance","UndertakePrescript","DimensionalRift","Slice_lor","StayCalm","BindingArms+1","Wallop_lor+1","Riposte"],"picked":"Reload+1","floor":35},{"not_picked":["Deep Breath","Impatience","Replay:Sssssssssshield","Specialist","hubris:EnhanceAbility","ReplayTheSpireMod:Trickstab","Trip","Finesse"],"picked":"Crow Ritual","floor":36},{"not_picked":["hubris:Ssssneak","Purity","Deep Breath","Forethought","Magnetism","Secret Weapon","Panacea","hubris:Insight"],"picked":"Chrysalis","floor":36},{"not_picked":["ReplayTheSpireMod:Brewmster","Replay:Sssssssssshield","Discovery","ReplayTheSpireMod:Trickstab","Master of Strategy","The Bomb","Deep Breath","Secret Weapon"],"picked":"Flash of Steel","floor":36},{"not_picked":["HandlingWork+1","EnergyShield","GreatSerpentsImpact","GuidanceOfTheGears","HighSpeedStabbing+1","HiddenBlade+1","IngredientHunt+1","FleetFootsteps"],"picked":"FrontalAssault+1","floor":39},{"not_picked":["HeavyPeaks","SunsetBlade","Unlock1","PinpointShot","InhaleSmoke","EnergyShield","GuardingStance","NonstopAssault+1"],"picked":"DesperateStruggle+1","floor":40},{"not_picked":["UncannyStrike+1","FierceCharge","WillBeTasty+1","DevastatingThrash+1","BiteOff+1","ScatteringSlash","RulesOfTheBackstreets+1","SpearedSweep"],"picked":"ICanCookAnything","floor":41},{"not_picked":["Pound+1","LossOfSenses+1","AutonomousRush","Outburst+1","AbsorbImpact+1","ViolentFlame","EndlessBattle","ShockingBlow+1"],"picked":"FleetFootsteps+1","floor":44},{"not_picked":["ElectricShock","CookingPrep+1","FlyingSword+1","CumulusWall","SmokingPipe","FieryWaltz","DefenseOrder","BurningFlash+1"],"picked":"SuppressingShot+1","floor":45},{"not_picked":["ElectricShock+1","TendonChords","PreemptiveStrike","SteelKnuckles","Commandeering","BiAn+1","Track+1","HighKick"],"picked":"QuickAttack","floor":48},{"not_picked":["FleetEdge","StrikeDown","SkyClearingCut+1","SharpNails","FleetFootsteps","Track+1","DriedUp","FlashOfSunup"],"picked":"CleanUp","floor":55}],"player_experience":1537617,"relics_obtained":[{"floor":1,"key":"LetterFromLob"},{"floor":9,"key":"Whetstone"},{"floor":11,"key":"PageOfSnowWhitesApple"},{"floor":14,"key":"Regal Pillow"},{"floor":26,"key":"ReplayTheSpireMod:TigerMarble"},{"floor":28,"key":"reliquary:NewFriend"},{"floor":40,"key":"Gremlin Food"},{"floor":44,"key":"PageOfWrath"},{"floor":47,"key":"PageOfTheQueenOfHatred"},{"floor":55,"key":"PageOfTheKnightOfDespair"}],"event_choices":[{"damage_healed":0,"gold_gain":0,"player_choice":"Leave","damage_taken":0,"max_hp_gain":0,"max_hp_loss":0,"event_name":"conspire:Investor","floor":2,"gold_loss":0},{"damage_healed":0,"gold_gain":0,"player_choice":"Memory 3","damage_taken":10,"max_hp_gain":0,"max_hp_loss":0,"event_name":"SensoryStone","floor":36,"gold_loss":0}],"is_beta":false,"boss_relics":[{"not_picked":["Hololive_TopUpMoneyS","Empty Cage"],"picked":"Replay:Ancient Bell"},{"not_picked":["Centennial Puzzle","reliquary:SilkGlove"],"picked":"theSenshi:SailorFukuRelic"},{"not_picked":["hubris:SphereOfDissonance","reliquary:HotPoker"],"picked":"PageOfNothingThere"},{"not_picked":["reliquary:ThirdArm","Runic Dome"],"picked":"Replay:Grab Bag"},{"not_picked":["Busted Crown","Coffee Dripper"],"picked":"Philosopher\u0027s Stone"},{"not_picked":["Replay:Bronze Core","reliquary:Ember"],"picked":"Replay:Wanted Poster"},{"not_picked":["hubris:BlackHole","hubris:Stopwatch"],"picked":"conspire:RunicOctahedron"}],"items_purged_floors":[],"is_endless":false,"potions_floor_spawned":[3,4,16,28,33,39,41,44],"killed_by":"The Heart","ascension_level":0}}