{"host":"egwexuw5uvnxf11j","time":1614229561,"event":{"mods":["2.2 Compatiblity","Aspiration","BaseMod","Better Note","Better Sensory Stone","Better Third Choice","Displayed Cursed Tome","Downfall","Hermit","Key Reminder","Koishi","Marisa????????","Minty Spire (QoL Compilation)","Quick Restart","Shade Mod","Spicy Shops","StSLib","The Construct","The Cursed","The Runesmith","The Senshi","The Servant 0.9.4","Transform Curses"],"gold_per_floor":[110,121,296,77,77,107,117,117,117,136,136,136,153,180,180,180,180],"floor_reached":16,"language":"ENG","playtime":514,"items_purged":["Doubt"],"score":132,"play_id":"668576fe-2ec8-4411-a77c-89068fc4b34f","local_time":"20210225000601","is_ascension_mode":true,"campfire_choices":[{"floor":8,"key":"REST"},{"floor":15,"key":"REST"}],"circlet_count":0,"master_deck":["Strike_R","Strike_R","Strike_R","Strike_R","Strike_R","Defend_R","Defend_R","Defend_R","Defend_R","Bash","Double Tap","Iron Wave","Pommel Strike","Armaments","Flex","Anger","Body Slam","Shrug It Off","Spot Weakness+1","Rampage","Fire Breathing"],"relics":["Burning Blood","Anchor","Pen Nib","Matryoshka"],"acts_visited":["Exordium"],"potions_floor_usage":[6,6,14],"damage_taken":[{"damage":12,"enemies":"2 Louse","floor":1,"turns":2},{"damage":14,"enemies":"Jaw Worm","floor":2,"turns":3},{"damage":36,"enemies":"Lagavulin","floor":6,"turns":6},{"damage":0,"enemies":"Cultist","floor":7,"turns":2},{"damage":0,"enemies":"Looter","floor":10,"turns":3},{"damage":2,"enemies":"Exordium Thugs","floor":13,"turns":4},{"damage":22,"enemies":"3 Sentries","floor":14,"turns":6},{"damage":76,"enemies":"Hexaghost","floor":16,"turns":9}],"seed_played":"-2934721935241266407","potions_obtained":[{"floor":1,"key":"ColorlessPotion"},{"floor":2,"key":"PowerPotion"},{"floor":10,"key":"Strength Potion"}],"is_trial":false,"path_per_floor":["M","M","?","$","?","E","M","R","T","M","?","$","M","E","R","B"],"character_chosen":"IRONCLAD","items_purchased":["Armaments","Flex","Anger"],"campfire_rested":2,"item_purchase_floors":[4,4,4],"current_hp_per_floor":[66,58,58,58,65,35,41,62,62,68,68,68,72,56,72,0,0],"gold":180,"neow_bonus":"THREE_RARE_CARDS","is_daily":false,"chose_seed":false,"campfire_upgraded":0,"win_rate":0.0,"timestamp":1614229561,"path_taken":["M","M","?","$","?","E","?","R","T","M","?","?","M","E","R","BOSS"],"items_purchased_type":["Card","Card","Card"],"build_version":"2020-12-22","purchased_purges":1,"victory":false,"max_hp_per_floor":[72,72,72,72,72,72,72,72,72,72,72,72,72,72,72,72,72],"card_choices":[{"not_picked":["Exhume","Reaper"],"picked":"Double Tap","floor":0},{"not_picked":["Evolve","Sentinel"],"picked":"Iron Wave","floor":1},{"not_picked":["Sword Boomerang","Twin Strike"],"picked":"Pommel Strike","floor":2},{"not_picked":["Iron Wave","Dropkick"],"picked":"Body Slam","floor":6},{"not_picked":["Body Slam","Inflame"],"picked":"Shrug It Off","floor":7},{"not_picked":["Havoc","Reckless Charge"],"picked":"Spot Weakness","floor":10},{"not_picked":["Havoc","Iron Wave"],"picked":"Rampage","floor":13},{"not_picked":["Infernal Blade","Second Wind"],"picked":"Fire Breathing","floor":14}],"player_experience":2142296,"relics_obtained":[{"floor":6,"key":"Anchor"},{"floor":9,"key":"Pen Nib"},{"floor":14,"key":"Matryoshka"}],"event_choices":[{"damage_healed":0,"gold_gain":175,"player_choice":"AGREE","damage_taken":121,"max_hp_gain":0,"max_hp_loss":0,"event_name":"betterThird:BetterSerpent","floor":3,"gold_loss":0},{"damage_healed":0,"gold_gain":0,"player_choice":"Grow","damage_taken":0,"max_hp_gain":0,"max_hp_loss":0,"event_name":"Living Wall","floor":11,"gold_loss":0,"cards_upgraded":["Spot Weakness"]}],"is_beta":false,"boss_relics":[],"items_purged_floors":[4],"is_endless":false,"potions_floor_spawned":[1,2,10],"killed_by":"Hexaghost","ascension_level":4}}