{"host":"0qlrtuw7bw78ucw4","time":1614241012,"event":{"mods":["BaseMod","Downfall","Minty Spire (QoL Compilation)","StSLib"],"gold_per_floor":[0,14,14,14,28,59,59,59,59,70,81,81,106,16,36,113,113,113,123,143,28,113,113,136,136,151,170,170,170,30,62,79,79,79,79],"floor_reached":33,"language":"ENG","playtime":2838,"items_purged":["downfall:Malfunctioning","Slimebound:Tackle+1","Slimebound:Defend_Slimebound"],"score":550,"play_id":"68779799-cd28-4356-926c-a34472feb2d8","local_time":"20210225191652","is_ascension_mode":true,"campfire_choices":[{"data":"Slimebound:Split","floor":1,"key":"SMITH"},{"data":"Slimebound:HauntingLick","floor":9,"key":"SMITH"},{"floor":12,"key":"REST"},{"data":"Slimebound:RollThrough","floor":18,"key":"SMITH"},{"floor":28,"key":"REST"}],"circlet_count":0,"master_deck":["AscendersBane","Slimebound:Defend_Slimebound","Slimebound:Split+1","Slimebound:CorrosiveSpit+1","Slimebound:GoopSpray+1","Slimebound:ViciousTackle","Slimebound:HauntingLick+1","Slimebound:Recollect","Slimebound:Equalize","Slimebound:RollThrough+1","Slimebound:TagTeam","Slimebound:ProtectTheBoss+1","Slimebound:SlimeBrawl+1","Slimebound:TagTeam+1","Slimebound:BestDefense+1","Slimebound:LeadByExample","Slimebound:SpikyOuterGoop","Slimebound:LivingWall","Slimebound:FormOfPuddle+1","Slimebound:ServeAndProtect","Slimebound:DuplicatedForm"],"relics":["Slimebound:AbsorbEndCombat","Ancient Tea Set","Letter Opener","Bottled Flame","Astrolabe","Akabeko","hexamod:CandleOfCauterizing","Bag of Marbles"],"acts_visited":["Exordium","TheCity"],"potions_floor_usage":[5,15,26,31,31,33],"damage_taken":[{"damage":10,"enemies":"2 Louse","floor":2,"turns":2},{"damage":2,"enemies":"Jaw Worm","floor":5,"turns":3},{"damage":29,"enemies":"3 Sentries","floor":6,"turns":7},{"damage":0,"enemies":"Cultist","floor":8,"turns":1},{"damage":1,"enemies":"Blue Slaver","floor":10,"turns":2},{"damage":18,"enemies":"3 Louse","floor":11,"turns":4},{"damage":12,"enemies":"Lagavulin","floor":13,"turns":5},{"damage":3,"enemies":"downfall:FleeingMerchant","floor":14,"turns":4},{"damage":13,"enemies":"Large Slime","floor":15,"turns":2},{"damage":46,"enemies":"SI_SHIV_ARCHETYPE","floor":16,"turns":9},{"damage":9,"enemies":"Shell Parasite","floor":19,"turns":3},{"damage":22,"enemies":"downfall:LooterAlt2","floor":20,"turns":3},{"damage":12,"enemies":"downfall:FleeingMerchant","floor":21,"turns":4},{"damage":21,"enemies":"Chosen and Byrds","floor":26,"turns":6},{"damage":0,"enemies":"Snecko","floor":27,"turns":4},{"damage":12,"enemies":"downfall:FleeingMerchant","floor":30,"turns":4},{"damage":26,"enemies":"Slavers","floor":31,"turns":5},{"damage":15,"enemies":"Cultist and Chosen","floor":32,"turns":8},{"damage":38,"enemies":"IC_MUSHROOM_ARCHETYPE","floor":33,"turns":7}],"seed_played":"-5394074011087347560","potions_obtained":[{"floor":5,"key":"Fruit Juice"},{"floor":6,"key":"Strength Potion"},{"floor":13,"key":"ColorlessPotion"},{"floor":20,"key":"Slimebound:SlimedPotion"},{"floor":27,"key":"Fire Potion"},{"floor":31,"key":"Explosive Potion"}],"is_trial":false,"path_per_floor":["R","M","?","?","M","E","T","M","R","M","M","R","E","$","M","B",null,"R","M","M","$","?","?","T","?","M","M","R","T","$","E","M","B"],"character_chosen":"SLIMEBOUND","items_purchased":[],"campfire_rested":2,"item_purchase_floors":[],"current_hp_per_floor":[53,45,45,45,52,29,29,29,29,30,14,33,35,46,35,5,49,49,54,46,50,26,5,5,18,11,17,36,36,38,28,17,0,0,0],"gold":79,"neow_bonus":"REMOVE_TWO","is_daily":false,"chose_seed":false,"campfire_upgraded":3,"win_rate":0.0,"timestamp":1614241012,"path_taken":["R","M","?","?","M","E","T","?","R","M","M","R","E","$","M","BOSS","R","M","M","?","?","?","T","?","M","?","R","?","$","E","M","BOSS"],"items_purchased_type":[],"build_version":"2020-12-22","purchased_purges":3,"victory":false,"max_hp_per_floor":[59,59,59,59,64,64,64,64,64,64,64,64,64,64,64,64,64,64,64,64,64,64,64,64,64,64,64,64,64,64,64,64,64,64,64],"card_choices":[{"not_picked":["Slimebound:FinishingTackle","Slimebound:LeechEnergy"],"picked":"Slimebound:GoopSpray","floor":2},{"not_picked":["Slimebound:LeechEnergy","Slimebound:GoopSpray"],"picked":"Slimebound:ViciousTackle","floor":5},{"not_picked":["Slimebound:SplitAcid","Slimebound:ProtectTheBoss","Slimebound:SplitMire"],"picked":"SKIP","floor":6},{"not_picked":["Slimebound:PressTheAttack","Slimebound:SplitBruiser"],"picked":"Slimebound:HauntingLick","floor":8},{"not_picked":["Slimebound:MinionMaster","Slimebound:Schlurp"],"picked":"Slimebound:Recollect","floor":10},{"not_picked":["Slimebound:FinishingTackle","Slimebound:SplitLeeching"],"picked":"Slimebound:Equalize","floor":11},{"not_picked":["Slimebound:SplitLeeching","Slimebound:Schlurp","Slimebound:SlimeBrawl"],"picked":"SKIP","floor":13},{"not_picked":["Slimebound:DisruptingSlam","Slimebound:HauntingLick","Slimebound:ViciousTackle"],"picked":"SKIP","floor":14},{"not_picked":["Slimebound:LivingWall","Slimebound:HauntingLick"],"picked":"Slimebound:RollThrough","floor":15},{"not_picked":["Slimebound:PrepareCrush","Slimebound:Darklings"],"picked":"Slimebound:TagTeam","floor":16},{"not_picked":["Slimebound:GoopSpray","Slimebound:Dissolve"],"picked":"Slimebound:BestDefense+1","floor":19},{"not_picked":["Slimebound:Chomp","Slimebound:HauntingLick+1"],"picked":"Slimebound:LeadByExample","floor":20},{"not_picked":["Slimebound:TagTeam","Slimebound:HauntingLick"],"picked":"Slimebound:SpikyOuterGoop","floor":21},{"not_picked":["Slimebound:SlimeSpikes","Slimebound:GoopTackle"],"picked":"Slimebound:LivingWall","floor":26},{"not_picked":["Slimebound:PressTheAttack","Slimebound:SlimeSpikes"],"picked":"Slimebound:FormOfPuddle+1","floor":27},{"not_picked":["Slimebound:SplitAcid","Slimebound:ComboTackle"],"picked":"Slimebound:ServeAndProtect","floor":30},{"not_picked":["Slimebound:SplitSpecialist","Slimebound:Prepare"],"picked":"Slimebound:DuplicatedForm","floor":31},{"not_picked":["Slimebound:ForwardTackle","Slimebound:DivideAndConquer+1","Slimebound:SplitBruiser"],"picked":"SKIP","floor":32}],"player_experience":1075535,"relics_obtained":[{"floor":6,"key":"Ancient Tea Set"},{"floor":7,"key":"Letter Opener"},{"floor":13,"key":"Bottled Flame"},{"floor":24,"key":"Akabeko"},{"floor":29,"key":"hexamod:CandleOfCauterizing"},{"floor":31,"key":"Bag of Marbles"}],"event_choices":[{"damage_healed":13,"gold_gain":0,"player_choice":"Heal","damage_taken":0,"max_hp_gain":0,"max_hp_loss":0,"event_name":"The Library","floor":25,"gold_loss":0}],"is_beta":false,"boss_relics":[{"not_picked":["Black Star","Snecko Eye"],"picked":"Astrolabe"}],"items_purged_floors":[14,21,30],"is_endless":false,"potions_floor_spawned":[5,6,13,20,27,31],"killed_by":"IC_MUSHROOM_ARCHETYPE","ascension_level":20}}