{"host":"1bvadgc0hovl67h4","time":1614227515,"event":{"mods":["Bard","BaseMod","Beaked The Cultist","Colored Map","Downfall","Halation","Hermit","Minty Spire (QoL Compilation)","Morshu Shopkeeper","Morshu Shopkeeper - ENHANCED","Replay The Spire","Robot Space Explorer","StSLib","The Blackbeard","The Cursed"],"gold_per_floor":[109,34,34,34,45,45,45,45,74,74,74,95,131,131,111,139,139,260,260,301,343,201,241,241,241,280,280,303,303,303,318,358,400,400,526,526,569,569,569,596,644,644,709,752,752,752,752,801,801,9,9,9],"floor_reached":53,"language":"ENG","playtime":2765,"items_purged":[],"score":755,"play_id":"16a2fbbf-fc36-4cfe-84a3-acda8084b02c","local_time":"20210224203155","is_ascension_mode":false,"campfire_choices":[{"data":"blackbeard:GoldenDefense","floor":8,"key":"SMITH"},{"data":"blackbeard:IntimidatingStrike","floor":10,"key":"SMITH"},{"data":"blackbeard:Cutlass","floor":14,"key":"SMITH"},{"data":"blackbeard:GoldenStrike","floor":17,"key":"SMITH"},{"floor":25,"key":"REST"},{"floor":27,"key":"REST"},{"floor":30,"key":"REST"},{"floor":34,"key":"REST"},{"data":"blackbeard:InfiniteBarrage","floor":42,"key":"SMITH"},{"floor":49,"key":"REST"},{"floor":51,"key":"REST"}],"circlet_count":0,"master_deck":["blackbeard:BlackbeardStrike+1","blackbeard:BlackbeardStrike+1","blackbeard:BlackbeardStrike+1","blackbeard:IntimidatingStrike+1","blackbeard:BlackbeardDefend+1","blackbeard:BlackbeardDefend","blackbeard:BlackbeardDefend+1","blackbeard:BlackbeardDefend","blackbeard:Cutlass+1","blackbeard:GoldenDefense+1","blackbeard:RearmingStrike","blackbeard:BlindAttacks+1","blackbeard:Bandana+1","blackbeard:Spear","blackbeard:GoldenStrike+1","blackbeard:Lifeboat","CurseOfTheBell","blackbeard:BeatUp+1","blackbeard:WiseDefense","blackbeard:InfiniteBarrage+1","Bandage Up+1","blackbeard:RearmingStrike+1","blackbeard:DoubleCannonball+1","blackbeard:ReapersScythe+1","blackbeard:AgileStrike+1","Pot Of Greed","Pot Of Greed","Pot Of Greed","blackbeard:PiratesWill","blackbeard:GoldenStrike+1","Apotheosis+1","blackbeard:Shrapnel+1","blackbeard:PirateEarring","blackbeard:BrownPants"],"relics":["blackbeard:LoadTheCannons","NeowsBlessing","Tiny Chest","PreservedInsect","Calling Bell","Gremlin Food","Molten Egg 2","Counterbalance","halation:PinkSoulGem","Replay:Mystery Machine","Meat on the Bone","The Courier","SlaversCollar","Snack Pack","Grinning Jar","Boot","StoneCalendar","HornCleat","Whetstone","Vajra","Mango"],"acts_visited":["Exordium","TheCity","TheBeyond"],"potions_floor_usage":[18,18,18,21,33,35,52,52],"damage_taken":[{"damage":0,"enemies":"Small Slimes","floor":1,"turns":1},{"damage":0,"enemies":"Jaw Worm","floor":5,"turns":1},{"damage":0,"enemies":"Lagavulin","floor":9,"turns":2},{"damage":0,"enemies":"2 Louse","floor":12,"turns":2},{"damage":17,"enemies":"Lots of Slimes","floor":13,"turns":4},{"damage":0,"enemies":"2 Fungi Beasts","floor":16,"turns":3},{"damage":23,"enemies":"Hexaghost","floor":18,"turns":10},{"damage":14,"enemies":"Spheric Guardian","floor":20,"turns":4},{"damage":13,"enemies":"2 Thieves","floor":21,"turns":5},{"damage":34,"enemies":"3 Cultists","floor":23,"turns":6},{"damage":35,"enemies":"Sentry and Sphere","floor":26,"turns":6},{"damage":9,"enemies":"Snecko","floor":31,"turns":4},{"damage":21,"enemies":"Shelled Parasite and Fungi","floor":32,"turns":5},{"damage":5,"enemies":"Slavers","floor":33,"turns":4},{"damage":51,"enemies":"Champ","floor":35,"turns":10},{"damage":24,"enemies":"Orb Walker","floor":37,"turns":5},{"damage":21,"enemies":"3 Shapes","floor":41,"turns":3},{"damage":43,"enemies":"beaked:SuperParasite","floor":43,"turns":6},{"damage":27,"enemies":"Maw","floor":44,"turns":7},{"damage":35,"enemies":"Sphere and 2 Shapes","floor":48,"turns":6},{"damage":33,"enemies":"Time Eater","floor":52,"turns":5}],"seed_played":"-4596831414827000213","potions_obtained":[{"floor":5,"key":"SpeedPotion"},{"floor":12,"key":"AttackPotion"},{"floor":15,"key":"PowerPotion"},{"floor":18,"key":"ColorlessPotion"},{"floor":23,"key":"Energy Potion"},{"floor":26,"key":"Milkshake"},{"floor":33,"key":"BlessingOfTheForge"},{"floor":48,"key":"AttackPotion"}],"is_trial":false,"path_per_floor":["M","$","?","?","M","PTL","PTL","R","E","R","T","M","M","R","?","M","R","B",null,"M","M","$","M","?","R","M","R","T","T","R","M","M","E","R","B",null,"M","?","T","T","M","R","E","M","T","?","?","M","R","$","R","B",null],"character_chosen":"BLACKBEARD_CLASS","items_purchased":["blackbeard:RearmingStrike","blackbeard:BlindAttacks","blackbeard:InfiniteBarrage","Bandage Up","blackbeard:PirateEarring","blackbeard:BrownPants","HornCleat","Whetstone","Vajra","Mango"],"campfire_rested":6,"item_purchase_floors":[2,2,22,22,50,50,50,50,50,50],"current_hp_per_floor":[75,75,75,68,68,68,68,68,68,68,68,68,51,51,51,51,51,28,75,61,48,48,18,18,40,9,31,31,31,53,50,47,42,64,31,75,53,53,53,53,40,40,25,26,26,26,26,15,37,51,77,46],"gold":9,"neow_bonus":"THREE_ENEMY_KILL","is_daily":false,"chose_seed":false,"campfire_upgraded":5,"win_rate":0.0,"timestamp":1614227515,"path_taken":["M","$","?","?","M","PTL","PTL","R","E","R","T","M","M","R","?","?","R","BOSS","M","M","$","M","?","R","M","R","T","?","R","?","M","E","R","BOSS","M","?","?","?","M","R","E","?","T","?","?","M","R","$","R","BOSS"],"items_purchased_type":["Card","Card","Card","Card","Card","Card","Relic","Relic","Relic","Relic"],"build_version":"2020-12-22","purchased_purges":0,"victory":true,"max_hp_per_floor":[75,75,75,75,75,75,75,75,75,75,75,75,75,75,75,75,75,75,75,75,75,75,75,75,75,75,75,75,75,75,75,75,75,75,75,75,75,75,75,75,75,75,75,75,75,75,75,75,75,89,89,89],"card_choices":[{"not_picked":["blackbeard:SwordDance","blackbeard:PirateHook"],"picked":"blackbeard:GoldenDefense","floor":1},{"not_picked":["blackbeard:WiseDefense","blackbeard:CloakAndCannonball"],"picked":"blackbeard:Bandana","floor":5},{"not_picked":["blackbeard:MegaUpgrade","blackbeard:Scrap"],"picked":"blackbeard:Spear","floor":9},{"not_picked":["blackbeard:BeatUp","blackbeard:Spear"],"picked":"blackbeard:GoldenStrike","floor":12},{"not_picked":["blackbeard:Sharpening","blackbeard:BlindAttacks","blackbeard:ChaoticDefense"],"picked":"SKIP","floor":13},{"not_picked":["blackbeard:SwordDance","blackbeard:CloakAndCannonball","blackbeard:TacticalRetreat"],"picked":"SKIP","floor":16},{"not_picked":["blackbeard:UndeadForm","blackbeard:HumongousCannonball"],"picked":"blackbeard:Lifeboat","floor":18},{"not_picked":["blackbeard:ChaoticDefense","blackbeard:WiseDefense"],"picked":"blackbeard:BeatUp+1","floor":20},{"not_picked":["blackbeard:WoodenLeg+1","blackbeard:Upgrade"],"picked":"blackbeard:WiseDefense","floor":21},{"not_picked":["blackbeard:FishingNets","blackbeard:Provisioning","blackbeard:ArmorUp"],"picked":"SKIP","floor":23},{"not_picked":["blackbeard:Upgrade+1","blackbeard:ArmorUp","blackbeard:ChaoticDefense+1"],"picked":"SKIP","floor":26},{"not_picked":["blackbeard:BeatUp+1","blackbeard:Provisioning"],"picked":"blackbeard:RearmingStrike+1","floor":31},{"not_picked":["blackbeard:Sharpening+1","blackbeard:BlindAttacks+1"],"picked":"blackbeard:DoubleCannonball+1","floor":32},{"not_picked":["blackbeard:BeatUp+1","blackbeard:Murder+1","blackbeard:CloakAndCannonball"],"picked":"SKIP","floor":33},{"not_picked":["blackbeard:PirateStrength","blackbeard:Lifeboat"],"picked":"blackbeard:ReapersScythe","floor":35},{"not_picked":["blackbeard:VengefulSpirit+1","blackbeard:Sharpening"],"picked":"blackbeard:AgileStrike+1","floor":37},{"not_picked":["blackbeard:CloakAndCannonball","blackbeard:CannonBarrage+1","blackbeard:CannonballSupply+1"],"picked":"SKIP","floor":41},{"not_picked":["blackbeard:Dagger+1","blackbeard:TacticalRetreat"],"picked":"blackbeard:PiratesWill","floor":43},{"not_picked":["blackbeard:BoostMorale","blackbeard:Bandana"],"picked":"blackbeard:GoldenStrike+1","floor":44},{"not_picked":["Mind Blast+1","PanicButton"],"picked":"Apotheosis","floor":46},{"not_picked":["blackbeard:Toast+1","blackbeard:PirateHook+1"],"picked":"blackbeard:Shrapnel+1","floor":48}],"player_experience":287433,"relics_obtained":[{"floor":9,"key":"Tiny Chest"},{"floor":11,"key":"PreservedInsect"},{"floor":19,"key":"Gremlin Food"},{"floor":19,"key":"Molten Egg 2"},{"floor":19,"key":"Counterbalance"},{"floor":28,"key":"Replay:Mystery Machine"},{"floor":29,"key":"Meat on the Bone"},{"floor":33,"key":"The Courier"},{"floor":39,"key":"Snack Pack"},{"floor":40,"key":"Grinning Jar"},{"floor":43,"key":"Boot"},{"floor":45,"key":"StoneCalendar"}],"event_choices":[{"cards_removed":["blackbeard:BlackbeardStrike"],"damage_healed":0,"gold_gain":0,"player_choice":"Card Removal","damage_taken":7,"max_hp_gain":0,"max_hp_loss":0,"event_name":"Golden Wing","floor":4,"gold_loss":0},{"damage_healed":0,"gold_gain":0,"player_choice":"Bought 1 Potion","damage_taken":0,"max_hp_gain":0,"max_hp_loss":0,"event_name":"The Woman in Blue","floor":15,"gold_loss":0},{"cards_removed":["blackbeard:InfiniteBarrage"],"damage_healed":0,"gold_gain":0,"player_choice":"Removed Power","damage_taken":0,"max_hp_gain":0,"max_hp_loss":0,"event_name":"Falling","floor":38,"gold_loss":0},{"damage_healed":0,"gold_gain":0,"player_choice":"Memory 1","damage_taken":0,"max_hp_gain":0,"max_hp_loss":0,"event_name":"SensoryStone","floor":46,"gold_loss":0},{"damage_healed":0,"gold_gain":0,"player_choice":"Upgraded","damage_taken":0,"max_hp_gain":0,"max_hp_loss":0,"event_name":"Upgrade Shrine","floor":47,"gold_loss":0,"cards_upgraded":["Apotheosis"]}],"is_beta":false,"boss_relics":[{"not_picked":["Replay:Drink Me","halation:Prosthetics"],"picked":"Calling Bell"},{"not_picked":["Pandora\u0027s Box","Ring of Chaos"],"picked":"SlaversCollar"}],"items_purged_floors":[],"is_endless":false,"potions_floor_spawned":[5,12,18,23,26,33,48],"ascension_level":0}}