{"host":"879u177vr8bnqwsn","time":1614297222,"event":{"mods":["BaseMod","Hubris","Minty Spire (QoL Compilation)","Reliquary","StSLib"],"gold_per_floor":[13,113,66,66,29,54,71,36,36,70,70,37,37,71,71,175,175,195,52,68,68,79,99,0,35,35,52,69,69,69,84,84,183,183,199,199,48,48,48,48,74,89,112,123,143,143,155,169,169,169],"floor_reached":51,"language":"ENG","playtime":2220,"items_purged":["Strike_R"],"score":765,"play_id":"ef689f35-a44e-4de3-aa18-bfaa472b8ee1","local_time":"20210225205342","is_ascension_mode":false,"campfire_choices":[{"data":"Armaments","floor":11,"key":"SMITH"},{"data":"Heavy Blade","floor":15,"key":"SMITH"},{"data":"True Grit","floor":29,"key":"SMITH"},{"data":"Spot Weakness","floor":32,"key":"SMITH"},{"data":"Mayhem","floor":40,"key":"SMITH"},{"floor":46,"key":"REST"},{"floor":49,"key":"REST"}],"circlet_count":0,"master_deck":["Strike_R","Strike_R","Strike_R","Strike_R","Defend_R+1","Defend_R","Defend_R","Defend_R","Bash","Ghostly Armor","Clothesline","Uppercut","Armaments+1","Battle Trance+1","Heavy Blade+1","Spot Weakness+1","Power Through","Reaper","True Grit+1","hubris:SharpeningStone","Blood for Blood","Feel No Pain","Sentinel+1","Iron Wave+1","Sword Boomerang","Feel No Pain","Demon Form","Thunderclap","Metallicize","Finesse","Discovery","Mayhem+1","Shockwave","Armaments+1","Sword Boomerang+1","Headbutt","Sever Soul","Headbutt"],"relics":["Burning Blood","hubris:GlazedTorus","reliquary:SilkGlove","hubris:MedicalManual","Boot","reliquary:Firecrackers","reliquary:KinkedSpring","Medical Kit","reliquary:ExpiredCoupon","reliquary:RedPaperclip","hubris:Icosahedron","Dream Catcher","War Paint"],"acts_visited":["Exordium","TheCity","TheBeyond"],"potions_floor_usage":[25,27,42,44,50,50,50],"damage_taken":[{"damage":0,"enemies":"Small Slimes","floor":1,"turns":4},{"damage":39,"enemies":"3 Sentries","floor":6,"turns":8},{"damage":0,"enemies":"Cultist","floor":7,"turns":3},{"damage":23,"enemies":"Lagavulin","floor":10,"turns":8},{"damage":18,"enemies":"Gremlin Nob","floor":14,"turns":4},{"damage":14,"enemies":"Hexaghost","floor":16,"turns":8},{"damage":5,"enemies":"Spheric Guardian","floor":18,"turns":3},{"damage":0,"enemies":"Chosen","floor":20,"turns":4},{"damage":22,"enemies":"3 Cultists","floor":22,"turns":5},{"damage":25,"enemies":"Snake Plant","floor":23,"turns":5},{"damage":41,"enemies":"Gremlin Leader","floor":25,"turns":9},{"damage":1,"enemies":"Centurion and Healer","floor":27,"turns":8},{"damage":0,"enemies":"Cultist and Chosen","floor":28,"turns":5},{"damage":4,"enemies":"Sentry and Sphere","floor":31,"turns":4},{"damage":67,"enemies":"Collector","floor":33,"turns":9},{"damage":4,"enemies":"Orb Walker","floor":35,"turns":5},{"damage":24,"enemies":"Reptomancer","floor":41,"turns":7},{"damage":21,"enemies":"3 Darklings","floor":42,"turns":5},{"damage":33,"enemies":"4 Shapes","floor":44,"turns":6},{"damage":13,"enemies":"Maw","floor":45,"turns":8},{"damage":15,"enemies":"Sphere and 2 Shapes","floor":47,"turns":11},{"damage":22,"enemies":"Spire Growth","floor":48,"turns":5},{"damage":53,"enemies":"Donu and Deca","floor":50,"turns":9}],"seed_played":"8011039918444329657","potions_obtained":[{"floor":1,"key":"FearPotion"},{"floor":16,"key":"Fire Potion"},{"floor":20,"key":"ColorlessPotion"},{"floor":31,"key":"BloodPotion"},{"floor":42,"key":"Weak Potion"},{"floor":45,"key":"PowerPotion"},{"floor":48,"key":"CultistPotion"}],"is_trial":false,"path_per_floor":["M","?","$","T","$","E","M","?","T","E","R","$","?","E","R","B",null,"M","$","M","T","M","M","?","E","T","M","M","R","?","M","R","B",null,"M","?","$","?","$","R","E","M","T","M","M","R","M","M","R","B",null],"character_chosen":"IRONCLAD","items_purchased":["Clothesline","Uppercut","Spot Weakness","Medical Kit","Metallicize"],"campfire_rested":2,"item_purchase_floors":[3,5,12,19,37],"current_hp_per_floor":[80,80,80,80,80,47,53,73,73,56,56,56,56,44,44,36,80,80,80,80,80,74,55,55,48,48,79,80,80,80,80,80,19,80,80,80,80,70,70,70,64,49,49,35,28,52,60,44,68,61],"gold":169,"neow_bonus":"ONE_RARE_RELIC","is_daily":false,"chose_seed":false,"campfire_upgraded":5,"win_rate":0.0,"timestamp":1614297222,"path_taken":["M","?","$","?","?","E","M","?","T","E","R","$","?","E","R","BOSS","M","?","M","?","M","M","?","E","T","M","M","R","?","M","R","BOSS","M","?","$","?","?","R","E","M","T","M","?","R","M","M","R","BOSS"],"items_purchased_type":["Card","Card","Card","Relic","Card"],"build_version":"2020-12-22","purchased_purges":1,"victory":true,"max_hp_per_floor":[80,80,80,80,80,80,80,80,80,80,80,80,80,80,80,80,80,80,80,80,80,80,80,80,80,80,80,80,80,80,80,80,80,80,80,80,80,80,80,80,80,80,80,80,80,80,80,80,80,80],"card_choices":[{"not_picked":["Rupture","Perfected Strike"],"picked":"Ghostly Armor","floor":1},{"not_picked":["hubris:CleavingFinish","Clothesline"],"picked":"Armaments","floor":6},{"not_picked":["Blood for Blood","True Grit"],"picked":"Battle Trance","floor":7},{"not_picked":["Power Through","Ghostly Armor"],"picked":"Heavy Blade","floor":10},{"not_picked":["Clothesline","Clash"],"picked":"Power Through","floor":14},{"not_picked":["Exhume","Demon Form"],"picked":"Reaper","floor":16},{"not_picked":["Headbutt","Sword Boomerang"],"picked":"True Grit","floor":18},{"not_picked":["Flex+1","Entrench"],"picked":"hubris:SharpeningStone","floor":20},{"not_picked":["Body Slam","Battle Trance+1"],"picked":"Blood for Blood","floor":22},{"not_picked":["Warcry+1","True Grit"],"picked":"Feel No Pain","floor":23},{"not_picked":["Spot Weakness","Sword Boomerang+1"],"picked":"Sentinel+1","floor":25},{"not_picked":["hubris:SharpeningStone","Clash+1"],"picked":"Iron Wave+1","floor":27},{"not_picked":["Anger+1","Intimidate"],"picked":"Sword Boomerang","floor":28},{"not_picked":["Iron Wave","Dropkick+1"],"picked":"Feel No Pain","floor":31},{"not_picked":["hubris:StunningStrike","Exhume"],"picked":"Demon Form","floor":33},{"not_picked":["Body Slam+1","Heavy Blade"],"picked":"Thunderclap","floor":35},{"not_picked":["Dramatic Entrance","Magnetism"],"picked":"Finesse","floor":38},{"not_picked":["PanicButton","Swift Strike"],"picked":"Discovery","floor":38},{"not_picked":["hubris:Ssssneak","Metamorphosis"],"picked":"Mayhem","floor":38},{"not_picked":["Clash+1","Havoc+1"],"picked":"Shockwave","floor":41},{"not_picked":["Thunderclap","Intimidate"],"picked":"Armaments+1","floor":42},{"not_picked":["Cleave","Heavy Blade+1"],"picked":"Sword Boomerang+1","floor":44},{"not_picked":["Anger+1","Perfected Strike+1"],"picked":"Headbutt","floor":45},{"not_picked":["Body Slam","Thunderclap","Clothesline"],"picked":"SKIP","floor":47},{"not_picked":["Heavy Blade","Uppercut"],"picked":"Sever Soul","floor":48},{"not_picked":["Cleave","Hemokinesis"],"picked":"Headbutt","floor":49}],"player_experience":747912,"relics_obtained":[{"floor":4,"key":"reliquary:BallBearing"},{"floor":6,"key":"reliquary:SilkGlove"},{"floor":9,"key":"hubris:MedicalManual"},{"floor":10,"key":"Boot"},{"floor":14,"key":"reliquary:Firecrackers"},{"floor":25,"key":"reliquary:ExpiredCoupon"},{"floor":26,"key":"Pen Nib"},{"floor":41,"key":"Dream Catcher"},{"floor":43,"key":"War Paint"}],"event_choices":[{"damage_healed":0,"gold_gain":100,"player_choice":"Pray","damage_taken":0,"max_hp_gain":0,"max_hp_loss":0,"event_name":"Golden Shrine","floor":2,"gold_loss":0},{"damage_healed":20,"gold_gain":0,"player_choice":"Healed","damage_taken":0,"max_hp_gain":0,"max_hp_loss":0,"event_name":"The Cleric","floor":8,"gold_loss":35},{"damage_healed":0,"gold_gain":0,"player_choice":"Ignored","damage_taken":0,"max_hp_gain":0,"max_hp_loss":0,"event_name":"NoteForYourself","floor":13,"gold_loss":0},{"damage_healed":0,"gold_gain":0,"player_choice":"Paid Fearfully","damage_taken":0,"max_hp_gain":0,"max_hp_loss":0,"event_name":"Masked Bandits","floor":24,"gold_loss":99},{"damage_healed":0,"gold_gain":0,"player_choice":"0 cards matched","damage_taken":0,"max_hp_gain":0,"max_hp_loss":0,"event_name":"Match and Keep!","floor":30,"gold_loss":0,"cards_obtained":[]},{"damage_healed":0,"gold_gain":0,"player_choice":"Memory 3","damage_taken":10,"max_hp_gain":0,"max_hp_loss":0,"event_name":"SensoryStone","floor":38,"gold_loss":0}],"is_beta":false,"boss_relics":[{"not_picked":["hubris:Backtick","Tiny House"],"picked":"reliquary:KinkedSpring"},{"not_picked":["reliquary:Ember","Snecko Eye"],"picked":"reliquary:RedPaperclip"}],"items_purged_floors":[37],"is_endless":false,"potions_floor_spawned":[1,16,20,22,31,42,45,48],"ascension_level":0}}