{"host":"rn3kwqbcoeui7au7","time":1614258861,"event":{"mods":["Act Like it!","BaseMod","Colored Powertips","Downfall","Gensokyo","Library of Ruina","Minty Spire (QoL Compilation)","Relic Stats","Remilia（蕾米莉亚）","RumiaBox-露米娅的神秘盒子","Spicy Shops","StSLib"],"gold_per_floor":[100,120,59,77,95,95,141,141,159,186,86,99,99,111,124,225,225,125,182,240,292,310,367,367,379,379,379,379,397,397,411,422,526,526,526,536,811,861,916,949,949,268,278,278,333,367,267,282,300,300,300,326,49,49,49,49,49],"floor_reached":56,"language":"ZHS","playtime":4733,"items_purged":["Reload"],"score":996,"play_id":"0bb16de0-58cb-429b-adf7-263047b80832","local_time":"20210225211421","is_ascension_mode":false,"campfire_choices":[{"data":"Dodge","floor":1,"key":"SMITH"},{"data":"ExtractFuel","floor":11,"key":"SMITH"},{"floor":13,"key":"RECALL"},{"data":"GutHarvesting","floor":18,"key":"SMITH"},{"data":"FrontalAssault","floor":28,"key":"SMITH"},{"data":"FleetFootsteps","floor":30,"key":"SMITH"},{"data":"FlamingDragonFist","floor":35,"key":"SMITH"},{"floor":47,"key":"REST"},{"data":"UnforgettableMelody","floor":54,"key":"SMITH"}],"circlet_count":0,"master_deck":["Dodge+1","LightDefense","LightAttack","LightAttack","LightAttack","LightDefense","LightDefense","LightDefense","FocusedStrikes","FleetFootsteps+1","Reload","FrontalAssault+1","ClassAndRespect+1","FleetEdge","ExtractFuel+1","Rewind","GutHarvesting+1","TrashDisposal","PreemptiveStrike","GuardingStance+1","Leap_lor+1","UndertakePrescript+1","Gamble+1","Writhe","Injury","Wallop_lor","HiddenBlade+1","FlamingDragonFist+1","ForTheFamily","Regret","TendonChords","Guardian_lor+1","Multislash+1","BackAttack+1","downfall:Haunted","UnforgettableMelody+1","downfall:Aged","Faith","Pound+1","YoureAHindrance+1","JiaoTu+1","SenseQuarry","HighKick"],"relics":["PageOfLibrarian","Du-Vu Doll","Gensokyo:YoukaiFlower","Letter Opener","downfall:HeartBlessingBlue","Black Star","downfall:HeartBlessingRed","PageOfBigBird","Vajra","Cursed Key","Matryoshka","MagicDraw1","GodSword1","PageOfTodaysShyLook","PageOfPunishingBird","Eternal Feather","Strange Spoon","PageOfSingingMachine","Ornamental Fan","downfall:HeartBlessingGreen","Ccalipers","Mercury Hourglass"],"acts_visited":["Exordium","TheCity","TheBeyond","TheEnding"],"potions_floor_usage":[16,16,33,42,42,50,53,53,56,56,56,56],"damage_taken":[{"damage":12,"enemies":"Gensokyo:Gryphon","floor":2,"turns":3},{"damage":0,"enemies":"downfall:FleeingMerchant","floor":3,"turns":4},{"damage":0,"enemies":"Gensokyo:3_Fairies","floor":4,"turns":6},{"damage":0,"enemies":"Gensokyo:2_Kodama","floor":5,"turns":2},{"damage":5,"enemies":"Gensokyo:2_Rabbits","floor":9,"turns":4},{"damage":7,"enemies":"Gensokyo:Aya","floor":10,"turns":4},{"damage":0,"enemies":"Gensokyo:Gryphon_and_Rabbit","floor":12,"turns":3},{"damage":5,"enemies":"Gensokyo:Kitsune","floor":14,"turns":2},{"damage":0,"enemies":"Gensokyo:3_Kodama","floor":15,"turns":4},{"damage":47,"enemies":"IC_STATUS_ARCHETYPE","floor":16,"turns":10},{"damage":10,"enemies":"3 Byrds","floor":19,"turns":4},{"damage":14,"enemies":"Spheric Guardian","floor":20,"turns":4},{"damage":5,"enemies":"Chosen and Byrds","floor":21,"turns":4},{"damage":35,"enemies":"Sentry and Sphere","floor":22,"turns":6},{"damage":21,"enemies":"Snake Plant","floor":23,"turns":3},{"damage":15,"enemies":"Centurion and Healer","floor":25,"turns":7},{"damage":0,"enemies":"3 Cultists","floor":29,"turns":3},{"damage":0,"enemies":"Sentry and Sphere","floor":31,"turns":2},{"damage":5,"enemies":"Centurion and Healer","floor":32,"turns":6},{"damage":1,"enemies":"WA_ARCHETYPE_CALM","floor":33,"turns":7},{"damage":15,"enemies":"3 Darklings","floor":36,"turns":3},{"damage":1,"enemies":"3 Shapes","floor":38,"turns":2},{"damage":13,"enemies":"Sphere and 2 Shapes","floor":39,"turns":4},{"damage":58,"enemies":"Nemesis","floor":40,"turns":5},{"damage":7,"enemies":"downfall:FleeingMerchant","floor":42,"turns":4},{"damage":10,"enemies":"Maw","floor":43,"turns":6},{"damage":7,"enemies":"Jaw Worm Horde","floor":45,"turns":3},{"damage":0,"enemies":"Reptomancer","floor":46,"turns":3},{"damage":2,"enemies":"Transient","floor":48,"turns":5},{"damage":1,"enemies":"Sphere and 2 Shapes","floor":49,"turns":3},{"damage":28,"enemies":"SI_POISON_ARCHETYPE","floor":50,"turns":5},{"damage":2,"enemies":"downfall:CharBossMerchant","floor":52,"turns":3},{"damage":17,"enemies":"downfall:NeowBoss","floor":55,"turns":9},{"damage":100,"enemies":"downfall:NeowBossFinal","floor":56,"turns":9}],"seed_played":"-4516238922967508414","potions_obtained":[{"floor":5,"key":"Explosive Potion"},{"floor":9,"key":"DuplicationPotion"},{"floor":12,"key":"SkillPotion"},{"floor":20,"key":"Fire Potion"},{"floor":23,"key":"FairyPotion"},{"floor":29,"key":"Weak Potion"},{"floor":31,"key":"bronze:BurnAndBuffPotion"},{"floor":39,"key":"GamblersBrew"},{"floor":40,"key":"Strength Potion"},{"floor":43,"key":"Regen Potion"}],"is_trial":false,"path_per_floor":["R","M","$","M","M","?","T","?","M","E","R","M","R","M","M","B",null,"R","M","M","M","M","M","T","M","?","?","R","M","R","M","M","B",null,"R","M","?","M","M","E","T","$","M","?","M","E","R","M","M","B",null,"E","$","R","B","B"],"character_chosen":"Librarian","items_purchased":["FrontalAssault","PageOfPunishingBird","PowerPotion","Block Potion","Eternal Feather","Strange Spoon","Fruit Juice","Fruit Juice","HighKick"],"campfire_rested":1,"item_purchase_floors":[3,42,42,42,42,42,53,53,53],"current_hp_per_floor":[54,42,42,44,46,46,46,46,41,34,44,46,46,41,45,2,227,93,75,61,58,55,36,36,32,32,32,32,34,34,34,53,80,81,81,67,67,66,57,24,24,21,16,16,11,23,115,57,61,45,227,54,64,84,76,0,0],"gold":49,"neow_bonus":"ONE_RARE_RELIC","is_daily":false,"chose_seed":false,"campfire_upgraded":7,"win_rate":0.0,"timestamp":1614258861,"path_taken":["R","M","?","?","M","?","T","?","M","E","R","M","R","M","M","BOSS","R","M","M","?","M","?","T","M","?","?","R","?","R","M","M","BOSS","R","M","?","M","M","E","T","$","?","?","M","E","R","?","M","BOSS","E","$","R","BOSS","BOSS"],"items_purchased_type":["Card","Relic","Potion","Potion","Relic","Relic","Potion","Potion","Card"],"build_version":"2020-12-22","purchased_purges":1,"victory":false,"max_hp_per_floor":[54,59,64,83,57,57,57,57,61,56,93,205,93,75,71,227,227,93,75,88,80,82,71,71,67,67,67,227,81,227,78,80,81,81,82,69,69,69,74,223,223,66,66,66,66,69,227,227,227,227,227,81,91,91,91,89,89],"relic_stats":{"Strange Spoon":[25],"counters":[34,152],"Ornamental Fan":[84],"Eternal Feather":48,"Black Star":3,"Letter Opener":[158],"Cursed Key":1,"obtain_stats":[{"downfall:HeartBlessingRed":18,"Vajra":26,"Eternal Feather":42,"downfall:HeartBlessingGreen":47,"Letter Opener":10,"PageOfPunishingBird":42,"PageOfSingingMachine":46,"Cursed Key":34,"MagicDraw1":40,"Mercury Hourglass":52,"PageOfLibrarian":0,"Du-Vu Doll":0,"Strange Spoon":42,"Matryoshka":40,"downfall:HeartBlessingBlue":11,"Ornamental Fan":46,"Ccalipers":52,"Gensokyo:YoukaiFlower":6,"Black Star":17,"PageOfBigBird":24,"PageOfTodaysShyLook":41,"GodSword1":41},{"downfall:HeartBlessingRed":10,"Vajra":16,"Eternal Feather":25,"downfall:HeartBlessingGreen":28,"Letter Opener":6,"PageOfPunishingBird":25,"PageOfSingingMachine":28,"Cursed Key":20,"MagicDraw1":24,"Mercury Hourglass":32,"PageOfLibrarian":0,"Du-Vu Doll":0,"Strange Spoon":25,"Matryoshka":24,"downfall:HeartBlessingBlue":6,"Ornamental Fan":28,"Ccalipers":32,"Gensokyo:YoukaiFlower":4,"Black Star":10,"PageOfBigBird":15,"PageOfTodaysShyLook":24,"GodSword1":24},{"downfall:HeartBlessingRed":42,"Vajra":70,"Eternal Feather":106,"downfall:HeartBlessingGreen":118,"Letter Opener":23,"PageOfPunishingBird":106,"PageOfSingingMachine":118,"Cursed Key":88,"MagicDraw1":102,"Mercury Hourglass":134,"PageOfLibrarian":0,"Du-Vu Doll":0,"Strange Spoon":106,"Matryoshka":102,"downfall:HeartBlessingBlue":23,"Ornamental Fan":118,"Ccalipers":134,"Gensokyo:YoukaiFlower":15,"Black Star":42,"PageOfBigBird":63,"PageOfTodaysShyLook":102,"GodSword1":102}],"Mercury Hourglass":[36]},"card_choices":[{"not_picked":["DarkCloud","StrongStrike","DefenseOrder","Gigigig","RulesOfTheBackstreets","KeepItFresh","FierceCharge","FrontalAssault"],"picked":"FleetFootsteps","floor":2},{"not_picked":["StrongStrike","Thrust","UnavoidableGaze","Suppress","OpportunitySpotted","MultiBlock","Pound","EndlessBattle"],"picked":"Reload","floor":3},{"not_picked":["Standoff","CookingPrep","EnergyStrike","Diversion","ConcentratedFire","LawAndOrder","GuardingStance","SmokingPipe"],"picked":"PreemptiveStrike","floor":4},{"not_picked":["SerpentSwordTechnique","ViolentFlame","EnergyCycle","QuickAttack","EnergyStrike","ScatteringSlash","StrongStrike","SharpSwipe"],"picked":"Reload","floor":5},{"not_picked":["FleetFootsteps","ChiWen","ForcefulGesture","BayonetCombat","Fence","Reload","WaitUp","SilentMist"],"picked":"FleetEdge","floor":9},{"not_picked":["Standoff","Reload","Riposte","DefenseOrder","DaringDecision","EnergyShield","UpbeatPerformance","SerpentSwordTechnique"],"picked":"ExtractFuel","floor":10},{"not_picked":["TraceOfFumes","StartinOutLightly","RhinoRam","ReadyUp","Quickness","SturdyDefense","CleanUp","QuickSuppression","FrontalAssault"],"picked":"SKIP","floor":12},{"not_picked":["TraceOfFumes","StartinOutLightly","RhinoRam","ReadyUp","Quickness","SturdyDefense","CleanUp","QuickSuppression","FrontalAssault"],"picked":"SKIP","floor":12},{"not_picked":["UpbeatPerformance","BattleCommand","EnergyCycle","MindWhip","TimeForALittleTest","GreatSerpentsImpact","MultiBlock","Pound"],"picked":"Rewind","floor":14},{"not_picked":["Fence","Outburst","HighKick","Rewind","BackAttack","Diversion","Thrust","GreatSerpentsImpact"],"picked":"GutHarvesting","floor":15},{"not_picked":["SuanNi","GoinFirst"],"picked":"TrashDisposal","floor":16},{"not_picked":["RapidGashes","StrongStrike+1","HandleRequest","UpbeatPerformance","FleetEdge","Outburst","Wallop_lor","Slice_lor"],"picked":"PreemptiveStrike","floor":19},{"not_picked":["UpbeatPerformance+1","WillBeTasty","FleetEdge","Faith","FierceOnslaught+1","DesperateStruggle","GreatSerpentsImpact","BurningFlash"],"picked":"GuardingStance+1","floor":20},{"not_picked":["Thrust","StrongStrike","QuickSuppression","FleetFootsteps","Standoff+1","QuickAttack","PinpointShot","BlowItUp"],"picked":"Leap_lor+1","floor":21},{"not_picked":["Laceration","DarkCloud","Thrust","Diversion","DefenseOrder","MultiBlock","BackstreetsDash","Collision"],"picked":"UndertakePrescript","floor":22},{"not_picked":["DefenseOrder","FeatherShield","EnergyCycle+1","Observe","FleetEdge","Juggling+1","EnergyStrike","DestructiveImpact"],"picked":"GuidanceOfTheGears+1","floor":23},{"not_picked":["GuidanceOfTheGears+1","FaintMemories","Reload+1","ForcefulGesture+1","Diversion","HighKick","JiaoTu+1","MindCrush"],"picked":"Gamble","floor":25},{"not_picked":["LossOfSenses","EnergyCycle","HighKick","QuickSuppression+1","InkOver","Tttonst","Faith+1","FieryDragonSlash"],"picked":"Wallop_lor","floor":29},{"not_picked":["EnergyCycle+1","EnergyStrike","Leap_lor","FlashOfSunup+1","Gamble","ToWhereThePrescriptPoints+1","PinpointShot+1","TendonChords+1"],"picked":"HiddenBlade+1","floor":31},{"not_picked":["Rewind","StrongStrike","BiAn","QuickSuppression","Reload","Wallop_lor+1","MultiBlock","HighKick+1","EndlessBattle+1"],"picked":"SKIP","floor":32},{"not_picked":["Rewind","StrongStrike","BiAn","QuickSuppression","Reload","Wallop_lor+1","MultiBlock","HighKick+1","EndlessBattle+1"],"picked":"SKIP","floor":32},{"not_picked":["BlazingStrike","TrashDisposal"],"picked":"FlamingDragonFist","floor":33},{"not_picked":["GuidanceOfTheGears+1","AbsorbImpact+1","LawAndOrder+1","Diversion+1","BiAn+1","FrontalAssault+1","SharpSwipe+1","Tailoring"],"picked":"ForTheFamily","floor":36},{"not_picked":["Brawl","Reload","SerpentSwordTechnique+1","DriedUp+1","SkyClearingCut","HandleRequest","ToOvercomeCrisis","HiddenBlade+1"],"picked":"TendonChords","floor":38},{"not_picked":["SharpSwipe","Wallop_lor+1","SkitterAway","Unlock1+1","Eject","Parry","IngredientHunt+1","Diversion+1"],"picked":"Guardian_lor+1","floor":39},{"not_picked":["EnergyCycle+1","Bvapour","Quickness+1","Collision","Faith","SnakeSlit+1","UpbeatPerformance","EndlessBattle"],"picked":"Multislash+1","floor":40},{"not_picked":["ScratchThat","Gigigig+1","AlloutWar","SnakesPrey","BladeWhirl+1","GreatSerpentsImpact","Thrust","DefenseOrder"],"picked":"BackAttack+1","floor":42},{"not_picked":["SweepTheBackstreets+1","ConcentratedFire+1","EnergyStrike+1","PreemptiveStrike+1","PinpointShot+1","Endure","Laceration","Collision","GrazeTheGrass+1"],"picked":"SKIP","floor":43},{"not_picked":["CoordinatedAssault+1","AssaultOrder","Brawl+1","SpearedSweep","UncannyStrike+1","SharpSwipe+1","HiddenBlade+1","Zzzzzap"],"picked":"Pound+1","floor":45},{"not_picked":["HandleRequest+1","BackstreetsDash","GreatSerpentsImpact","ChiWen","Pound","FervidEmotions+1","Parry","SenseQuarry"],"picked":"YoureAHindrance+1","floor":46},{"not_picked":["FieryWaltz","Multislash+1","MultiHit+1","AssaultOrder+1","RulesOfTheBackstreets+1","QuickSuppression+1","Eject+1","DarkCloud","HighKick"],"picked":"SKIP","floor":48},{"not_picked":["Diversion+1","StartinOutLightly+1","FleetFootsteps","Wallop_lor+1","Rewind+1","EnergyBeam","DefenseOrder","FleetEdge+1"],"picked":"JiaoTu+1","floor":49},{"not_picked":["MultiHit","BlowItUp","EnergyShield+1","DesperateStruggle+1","BlazingStrike","Thirst+1","GreatSerpentsImpact","Concentration+1"],"picked":"SenseQuarry","floor":52}],"player_experience":208512,"relics_obtained":[{"floor":10,"key":"Letter Opener"},{"floor":24,"key":"PageOfBigBird"},{"floor":40,"key":"Matryoshka"},{"floor":40,"key":"MagicDraw1"},{"floor":41,"key":"GodSword1"},{"floor":41,"key":"PageOfTodaysShyLook"},{"floor":46,"key":"PageOfSingingMachine"},{"floor":46,"key":"Ornamental Fan"},{"floor":52,"key":"Ccalipers"},{"floor":52,"key":"Mercury Hourglass"}],"event_choices":[],"is_beta":false,"boss_relics":[{"not_picked":["Velvet Choker","Sozu"],"picked":"Black Star"},{"not_picked":["bronze:MakeshiftBattery","PageOfBlackSwan"],"picked":"Cursed Key"}],"items_purged_floors":[42],"is_endless":false,"potions_floor_spawned":[5,9,12,15,20,23,29,31,32,39,40,43,46,49],"killed_by":"downfall:NeowBossFinal","ascension_level":0}}