{"host":"21o28mgl9u9ntir2","time":1614252796,"event":{"mods":["BaseMod","BetterRewards","Colored Powertips","Minty Spire (QoL Compilation)","Quick Restart","Remove Card Discount Mod","SOS（斯巴达之子）","Spicy Shops","StSLib","SuperFastMode","[IsaacMod]以撒尖塔","【遗物卡牌】REMEMod","残留之物"],"gold_per_floor":[139,115,54,68,85,160,160,195,215,240,78,78,78,98,117,117,212,212,229,229,249,26,45,80,80,99,99,177,177,218,242,270,270,375,375,398,398,398,398,398,398,398,419,501,532,554,571,571,571,571,574],"floor_reached":51,"language":"ZHS","playtime":1351,"items_purged":["PlaceholderMod:ProliferateStrike","PlaceholderMod:BaseStrike","PlaceholderMod:BaseStrike","PlaceholderMod:BaseDefend","PlaceholderMod:BaseDefend","PlaceholderMod:BaseStrike","PlaceholderMod:BaseStrike","PlaceholderMod:BaseDefend","Regret","PlaceholderMod:PoisonWhip","PlaceholderMod:PoisonAbsorb","PlaceholderMod:HardStinger"],"score":1948,"play_id":"1bd9915d-c662-49ad-8c9e-48e62b39b404","local_time":"20210225193316","is_ascension_mode":true,"campfire_choices":[{"floor":6.0,"key":"REST"},{"floor":11.0,"key":"REST"},{"floor":15.0,"key":"REST"},{"floor":24.0,"key":"REST"},{"floor":32.0,"key":"REST"},{"data":"PlaceholderMod:DiffusionPoison","floor":40.0,"key":"SMITH"},{"data":"PlaceholderMod:CorePoison","floor":47.0,"key":"SMITH"},{"data":"PlaceholderMod:StrongAcid","floor":49.0,"key":"SMITH"}],"circlet_count":0,"master_deck":["AscendersBane","PlaceholderMod:BaseStrike","PlaceholderMod:BaseDefend","PlaceholderMod:BaseDefend","PlaceholderMod:Crystal","PlaceholderMod:DirectingGroup","PlaceholderMod:StrongAcid+1","PlaceholderMod:TriggerStrike","PlaceholderMod:CorePoison+1","PlaceholderMod:DiffusionPoison+1","PlaceholderMod:HardStinger+1","PlaceholderMod:PoisonAbsorb+1","PlaceholderMod:CorePoison+1","PlaceholderMod:SeverePoisonStrike+1","PlaceholderMod:CorePoison+1","PlaceholderMod:PoisonAbsorb+1","PlaceholderMod:DirectingGroup+1"],"relics":["PlaceholderMod:Tancle","HushsDoor","REME_ComplimentaryCards","SatanicBible","Mercury Hourglass","Orrery","Boot","Chaos","Philosopher\u0027s Stone","Thread and Needle","Frozen Eye","GuppysTail","Membership Card","SteamSale","Potion Belt","TungstenRod","Toxic Egg 2","MoneyPower","REME_ArchaeologicalTools","PillsDrop","Du-Vu Doll","FossilizedHelix","HornCleat","Juzu Bracelet","Blue Candle","StoneCalendar","OrangePellets","Mango","GuppysHead","BelialBook","TuHaoJin","MomsKnife","Omamori","Medical Kit","Anchor","REME_ChargedStone","DollysMirror","MegaBlast","MegaBlast","DoctorsRemote","Busted Crown","PlaceholderMod:EltdownShards"],"acts_visited":["Exordium","TheCity","TheBeyond"],"potions_floor_usage":[50],"damage_taken":[{"damage":0.0,"enemies":"Cultist","floor":1.0,"turns":3.0},{"damage":7.0,"enemies":"Jaw Worm","floor":3.0,"turns":3.0},{"damage":0.0,"enemies":"2 Louse","floor":4.0,"turns":2.0},{"damage":18.0,"enemies":"Gremlin Nob","floor":7.0,"turns":3.0},{"damage":20.0,"enemies":"Gremlin Gang","floor":8.0,"turns":5.0},{"damage":0.0,"enemies":"Exordium Thugs","floor":13.0,"turns":3.0},{"damage":0.0,"enemies":"3 Louse","floor":14.0,"turns":2.0},{"damage":0.0,"enemies":"The Guardian","floor":16.0,"turns":7.0},{"damage":0.0,"enemies":"Shell Parasite","floor":18.0,"turns":3.0},{"damage":0.0,"enemies":"2 Thieves","floor":20.0,"turns":4.0},{"damage":0.0,"enemies":"Chosen and Byrds","floor":22.0,"turns":4.0},{"damage":31.0,"enemies":"Gremlin Leader","floor":23.0,"turns":6.0},{"damage":0.0,"enemies":"Snecko","floor":25.0,"turns":3.0},{"damage":8.0,"enemies":"Book of Stabbing","floor":27.0,"turns":4.0},{"damage":14.0,"enemies":"Slavers","floor":29.0,"turns":5.0},{"damage":0.0,"enemies":"Sentry and Sphere","floor":30.0,"turns":4.0},{"damage":20.0,"enemies":"Gremlin Leader","floor":31.0,"turns":7.0},{"damage":0.0,"enemies":"Champ","floor":33.0,"turns":6.0},{"damage":0.0,"enemies":"Orb Walker","floor":35.0,"turns":3.0},{"damage":0.0,"enemies":"3 Darklings","floor":42.0,"turns":2.0},{"damage":0.0,"enemies":"Reptomancer","floor":44.0,"turns":3.0},{"damage":0.0,"enemies":"Sphere and 2 Shapes","floor":45.0,"turns":2.0},{"damage":0.0,"enemies":"Maw","floor":46.0,"turns":5.0},{"damage":0,"enemies":"Time Eater","floor":50,"turns":3}],"seed_played":"-1220667908348869325","potions_obtained":[{"floor":1.0,"key":"DuplicationPotion"},{"floor":4.0,"key":"Dexterity Potion"},{"floor":7.0,"key":"FairyPotion"},{"floor":27.0,"key":"Regen Potion"},{"floor":29.0,"key":"DistilledChaos"},{"floor":35.0,"key":"BlessingOfTheForge"}],"is_trial":false,"path_per_floor":["M","$","M","M","?","R","E","M","T","$","R","?","M","M","R","B",null,"M","?","M","$","M","E","R","M","T","E","$","E","M","E","R","B",null,"M","?","T","?","$","R","?","M","T","E","M","M","R","$","R","B",null],"character_chosen":"THE_PLACEHOLDER","items_purchased":["Mercury Hourglass","PlaceholderMod:PoisonAbsorb","Orrery","Boot","PlaceholderMod:DirectingGroup","PlaceholderMod:TriggerStrike","Thread and Needle","PlaceholderMod:CorePoison","GuppysTail","Membership Card","SteamSale","Potion Belt","TungstenRod","Toxic Egg 2","Fire Potion","Du-Vu Doll","FossilizedHelix","HornCleat","Juzu Bracelet","Blue Candle","GuppysHead","BelialBook","MomsKnife","Omamori","Medical Kit","Anchor","REME_ChargedStone","Diplopia","DoctorsRemote","Busted Crown","PlaceholderMod:EltdownShards"],"campfire_rested":5,"item_purchase_floors":[0,0,0,0,2,10,10,17,17,21,21,21,21,21,21,28,28,28,28,28,34,34,39,39,39,39,39,48,48,48,48],"current_hp_per_floor":[27,47,47,40,40,29,52,34,14,14,14,37,37,37,37,60,60,63,63,52,52,52,52,21,41,41,41,33,33,36,36,16,37,37,59,59,59,59,59,59,59,59,59,59,59,62,62,62,62,62,62],"gold":574,"neow_bonus":"","is_daily":false,"chose_seed":false,"campfire_upgraded":3,"win_rate":0.0,"timestamp":1614252796,"path_taken":["M","$","M","M","?","R","E","M","T","$","R","?","M","M","R","BOSS","M","?","M","$","?","E","R","M","T","E","$","E","M","E","R","BOSS","M","?","?","?","$","R","?","M","T","E","M","M","R","$","R","BOSS"],"items_purchased_type":["Relic","Card","Relic","Relic","Card","Card","Relic","Card","Relic","Relic","Relic","Relic","Relic","Relic","Potion","Relic","Relic","Relic","Relic","Relic","Relic","Relic","Relic","Relic","Relic","Relic","Relic","Relic","Relic","Relic","Relic"],"build_version":"2020-12-22","purchased_purges":12,"victory":true,"max_hp_per_floor":[64,78,78,78,78,78,78,78,78,78,78,78,78,78,78,78,78,64,64,69,69,69,69,69,69,69,69,69,69,72,72,72,72,67,61,61,61,61,61,61,61,61,61,61,61,64,64,64,64,64,64],"card_choices":[{"not_picked":["PlaceholderMod:HornyBlast","PlaceholderMod:ConsolidateHit"],"picked":"PlaceholderMod:PoisonExcitation","floor":0.0},{"not_picked":["PlaceholderMod:Polyp","PlaceholderMod:PoisonAbsorb"],"picked":"PlaceholderMod:HardStinger","floor":1.0},{"not_picked":["PlaceholderMod:ConsolidateHit","PlaceholderMod:OHStrongAttack"],"picked":"PlaceholderMod:StrongAcid","floor":3.0},{"not_picked":["PlaceholderMod:ParasiteChange","PlaceholderMod:Internalization","PlaceholderMod:Turn"],"picked":"SKIP","floor":4.0},{"not_picked":["PlaceholderMod:DoublePoint","PlaceholderMod:UnpureUse","PlaceholderMod:SprayAttack"],"picked":"SKIP","floor":7.0},{"not_picked":["PlaceholderMod:Internalization","PlaceholderMod:HardStinger","PlaceholderMod:Turn"],"picked":"SKIP","floor":8.0},{"not_picked":["PlaceholderMod:StressReaction","PlaceholderMod:Stable","PlaceholderMod:ParasiteChange"],"picked":"SKIP","floor":13.0},{"not_picked":["PlaceholderMod:MultipleOxi","PlaceholderMod:ThreeBenzyolStart","PlaceholderMod:HornyBlast"],"picked":"SKIP","floor":14.0},{"not_picked":["PlaceholderMod:HardStrike","PlaceholderMod:NearChange","PlaceholderMod:PoisonAbsorb"],"picked":"SKIP","floor":18.0},{"not_picked":["PlaceholderMod:Polyp","PlaceholderMod:SpinBlade+1","PlaceholderMod:SprayAttack"],"picked":"SKIP","floor":20.0},{"not_picked":["PlaceholderMod:HornyBlast","PlaceholderMod:SpinBlade","PlaceholderMod:EvolutionSpray"],"picked":"SKIP","floor":22.0},{"not_picked":["PlaceholderMod:UnpureUse+1","PlaceholderMod:OHStrongAttack"],"picked":"PlaceholderMod:DiffusionPoison","floor":23.0},{"not_picked":["PlaceholderMod:ConsolidateHit","PlaceholderMod:Hyperplasia+1"],"picked":"PlaceholderMod:HardStinger+1","floor":25.0},{"not_picked":["PlaceholderMod:OHStrongAttack","PlaceholderMod:EvolutionSpray","PlaceholderMod:PoisonExcitation"],"picked":"SKIP","floor":27.0},{"not_picked":["PlaceholderMod:Hard+1","PlaceholderMod:TriggerStrike"],"picked":"PlaceholderMod:PoisonAbsorb+1","floor":29.0},{"not_picked":["PlaceholderMod:HardStrike","PlaceholderMod:HornyBlast","PlaceholderMod:HealingAttack+1"],"picked":"SKIP","floor":30.0},{"not_picked":["PlaceholderMod:StressReaction+1","PlaceholderMod:Internalization+1","PlaceholderMod:CycleAttack"],"picked":"SKIP","floor":31.0},{"not_picked":["PlaceholderMod:HornyCollision","PlaceholderMod:ReactionCatalyze+1"],"picked":"PlaceholderMod:CorePoison+1","floor":33.0},{"not_picked":["PlaceholderMod:TriggerStrike+1","PlaceholderMod:HornyBlast","PlaceholderMod:NutritionAbsorb+1"],"picked":"SKIP","floor":35.0},{"not_picked":["PlaceholderMod:Sweep","PlaceholderMod:Internalization+1"],"picked":"PlaceholderMod:SeverePoisonStrike+1","floor":42.0},{"not_picked":["PlaceholderMod:SpinBlade","PlaceholderMod:ConsolidateHit","PlaceholderMod:Internalization+1"],"picked":"SKIP","floor":44.0},{"not_picked":["PlaceholderMod:MultiReaction+1","PlaceholderMod:PoisonAbsorb+1","PlaceholderMod:FastReaction+1"],"picked":"SKIP","floor":45.0},{"not_picked":["PlaceholderMod:MultiReaction+1","PlaceholderMod:FastReaction+1"],"picked":"PlaceholderMod:PoisonAbsorb+1","floor":45.0},{"not_picked":["PlaceholderMod:SeverePoisonStrike+1","PlaceholderMod:EnergyAbsorb+1"],"picked":"PlaceholderMod:DirectingGroup+1","floor":46.0}],"player_experience":770833,"relics_obtained":[{"floor":7.0,"key":"Chaos"},{"floor":9.0,"key":"Philosopher\u0027s Stone"},{"floor":23.0,"key":"MoneyPower"},{"floor":26.0,"key":"REME_ArchaeologicalTools"},{"floor":27.0,"key":"PillsDrop"},{"floor":29.0,"key":"StoneCalendar"},{"floor":31.0,"key":"OrangePellets"},{"floor":37.0,"key":"TuHaoJin"},{"floor":43.0,"key":"DollysMirror"},{"floor":44.0,"key":"MegaBlast"}],"event_choices":[{"damage_healed":0.0,"max_hp_gain":0.0,"max_hp_loss":0.0,"gold_gain":75.0,"event_name":"World of Goop","player_choice":"Gather Gold","floor":5.0,"gold_loss":0.0,"damage_taken":11.0},{"damage_healed":0.0,"max_hp_gain":5.0,"max_hp_loss":0.0,"gold_gain":0.0,"event_name":"Forgotten Altar","player_choice":"Shed Blood","floor":19.0,"gold_loss":0.0,"damage_taken":16.0},{"damage_healed":0.0,"max_hp_gain":0.0,"max_hp_loss":0.0,"gold_gain":0.0,"event_name":"Tomb of Lord Red Mask","player_choice":"Ignored","floor":36.0,"gold_loss":0.0,"damage_taken":0.0},{"damage_healed":0.0,"max_hp_gain":0.0,"max_hp_loss":0.0,"gold_gain":0.0,"event_name":"SensoryStone","player_choice":"Memory 1","floor":38.0,"gold_loss":0.0,"damage_taken":0.0},{"cards_removed":["PlaceholderMod:PoisonExcitation"],"damage_healed":0.0,"max_hp_gain":0.0,"max_hp_loss":0.0,"gold_gain":0.0,"event_name":"Falling","player_choice":"Removed Attack","floor":41.0,"gold_loss":0.0,"damage_taken":0.0}],"is_beta":false,"boss_relics":[{"not_picked":["Runic Pyramid","Toy Ornithopter"],"picked":"Frozen Eye"},{"not_picked":[]},{"not_picked":["SharpPlug","Habit"],"picked":"Mango"},{"not_picked":[]}],"items_purged_floors":[2,2,2,2,2,2,10,10,28,28,39,39],"is_endless":false,"potions_floor_spawned":[1,4,7,14,20,27,29,30,35,45],"ascension_level":12}}