{"host":"5tzvto3beate6p8b","time":1614254531,"event":{"mods":["BaseMod","Colored Map","DeckTracker","Minty Spire (QoL Compilation)","Relic Stats","StSLib","SuperFastMode"],"gold_per_floor":[367,379,379,54,64,64,98,98,98,113,113,129,129,148,148,225,225,235,255,3,3,3,3,28,40,52,64,120,132,168,220,232,332,371,400,434,455,128,154,154,186,213,261,272,272,13,51,77,77,77,77],"floor_reached":50,"language":"JPN","playtime":1847,"items_purged":["Strike_G"],"score":1195,"play_id":"43731bc0-6b95-4701-a86c-8fa6e65e116e","local_time":"20210225210211","is_ascension_mode":true,"campfire_choices":[{"data":"Accuracy","floor":6.0,"key":"SMITH"},{"data":"Blade Dance","floor":8.0,"key":"SMITH"},{"data":"Blade Dance","floor":11.0,"key":"SMITH"},{"data":"Cloak And Dagger","floor":15.0,"key":"SMITH"},{"data":"Terror","floor":23.0,"key":"SMITH"},{"data":"Blade Dance","floor":27.0,"key":"SMITH"},{"data":"Dash","floor":29.0,"key":"SMITH"},{"floor":32.0,"key":"REST"},{"data":"Blade Dance","floor":40.0,"key":"SMITH"},{"floor":45,"key":"RECALL"},{"data":"Finisher","floor":49,"key":"SMITH"}],"circlet_count":0,"master_deck":["AscendersBane","Defend_G","Defend_G","Defend_G","Defend_G","Defend_G","Survivor","Neutralize","Blade Dance+1","Dagger Spray","Blur","Neutralize","Accuracy+1","Terror+1","Heel Hook","Blade Dance+1","Storm of Steel","Cloak And Dagger+1","Blur","Malaise","Dagger Spray","Slice","Blade Dance+1","Choke","Dash+1","Blade Dance+1","Backflip","Adrenaline","Blur+1","Underhanded Strike+1","Calculated Gamble+1","Leg Sweep","Accuracy+1","Bandage Up","Bandage Up","PiercingWail","Cloak And Dagger","Infinite Blades","Infinite Blades","Accuracy","Acrobatics","Finisher+1"],"relics":["Ring of the Snake","The Courier","Bag of Marbles","WristBlade","Bottled Lightning","MawBank","CeramicFish","Mummified Hand","Pocketwatch","Astrolabe","Bottled Tornado","Toy Ornithopter","ClockworkSouvenir","Lantern"],"acts_visited":["Exordium","TheCity","TheBeyond"],"potions_floor_usage":[42,50],"damage_taken":[{"damage":4.0,"enemies":"Jaw Worm","floor":1.0,"turns":5.0},{"damage":1.0,"enemies":"Cultist","floor":2.0,"turns":3.0},{"damage":0.0,"enemies":"Small Slimes","floor":5.0,"turns":4.0},{"damage":4.0,"enemies":"Gremlin Nob","floor":7.0,"turns":3.0},{"damage":0.0,"enemies":"Exordium Thugs","floor":10.0,"turns":3.0},{"damage":4.0,"enemies":"Red Slaver","floor":12.0,"turns":4.0},{"damage":0.0,"enemies":"Blue Slaver","floor":14.0,"turns":1.0},{"damage":2.0,"enemies":"Slime Boss","floor":16.0,"turns":7.0},{"damage":1.0,"enemies":"3 Byrds","floor":18.0,"turns":3.0},{"damage":5.0,"enemies":"Spheric Guardian","floor":19.0,"turns":4.0},{"damage":7.0,"enemies":"Book of Stabbing","floor":24.0,"turns":3.0},{"damage":8.0,"enemies":"Slavers","floor":28.0,"turns":4.0},{"damage":0.0,"enemies":"Snecko","floor":30.0,"turns":2.0},{"damage":23.0,"enemies":"Book of Stabbing","floor":31.0,"turns":4.0},{"damage":17.0,"enemies":"Champ","floor":33.0,"turns":5.0},{"damage":4.0,"enemies":"3 Shapes","floor":35.0,"turns":3.0},{"damage":0.0,"enemies":"3 Darklings","floor":36.0,"turns":3.0},{"damage":5.0,"enemies":"Writhing Mass","floor":39.0,"turns":3.0},{"damage":14.0,"enemies":"Nemesis","floor":41.0,"turns":3.0},{"damage":0,"enemies":"Transient","floor":42,"turns":6},{"damage":1,"enemies":"Maw","floor":44,"turns":4},{"damage":13,"enemies":"Giant Head","floor":47,"turns":5},{"damage":0,"enemies":"3 Darklings","floor":48,"turns":1},{"damage":62,"enemies":"Donu and Deca","floor":50,"turns":5}],"seed_played":"-5487195115749468778","potions_obtained":[{"floor":5.0,"key":"Energy Potion"},{"floor":7.0,"key":"Block Potion"},{"floor":12.0,"key":"Fire Potion"},{"floor":19.0,"key":"ColorlessPotion"},{"floor":31.0,"key":"Energy Potion"},{"floor":33.0,"key":"Block Potion"},{"floor":36.0,"key":"SkillPotion"},{"floor":41.0,"key":"SkillPotion"},{"floor":47,"key":"Block Potion"}],"is_trial":false,"path_per_floor":["M","M","?","$","M","R","E","R","T","M","R","M","?","M","R","B",null,"M","M","$","?","?","R","E","$","T","R","E","R","M","E","R","B",null,"M","M","?","$","M","R","E","M","T","M","R","$","E","M","R","B"],"character_chosen":"THE_SILENT","items_purchased":["Accuracy","Terror","Heel Hook","Explosive Potion","Bottled Lightning","Blade Dance","Bottled Tornado","Bandage Up","Bandage Up","ClockworkSouvenir","Infinite Blades","Infinite Blades","Accuracy"],"campfire_rested":1,"item_purchase_floors":[4,4,4,4,20,20,38,38,38,46,46,46,46],"current_hp_per_floor":[55,54,54,54,54,54,50,50,50,50,50,46,46,46,46,44,56,55,50,50,50,50,50,43,43,43,43,35,35,35,12,30,13,48,44,44,44,44,47,47,37,50,50,57,57,57,47,47,47,0,0],"gold":77,"neow_bonus":"TWO_FIFTY_GOLD","is_daily":false,"chose_seed":false,"campfire_upgraded":9,"win_rate":0.0,"timestamp":1614254531,"path_taken":["M","M","?","$","M","R","E","R","T","?","R","M","?","?","R","BOSS","M","M","$","?","?","R","E","?","T","R","E","R","M","E","R","BOSS","M","M","?","?","M","R","E","M","T","M","R","$","E","M","R","BOSS"],"items_purchased_type":["Card","Card","Card","Potion","Relic","Card","Relic","Card","Card","Relic","Card","Card","Card"],"build_version":"2020-12-22","purchased_purges":1,"victory":false,"max_hp_per_floor":[60,60,60,60,60,60,60,60,60,60,60,60,60,60,60,60,60,60,60,60,60,60,60,60,60,60,60,60,60,60,60,60,60,60,60,60,60,60,60,60,60,60,60,60,60,60,60,60,60,60,60],"relic_stats":{"counters":[24,88],"Mummified Hand":[15],"CeramicFish":162,"Astrolabe":["Blur","Underhanded Strike","Calculated Gamble"],"MawBank":168,"obtain_stats":[{"Lantern":47,"CeramicFish":26,"Astrolabe":34,"The Courier":7,"Bottled Tornado":38,"MawBank":24,"ClockworkSouvenir":46,"WristBlade":17,"Mummified Hand":28,"Bag of Marbles":9,"Bottled Lightning":20,"Toy Ornithopter":41,"Ring of the Snake":0,"Pocketwatch":31},{"Lantern":22,"CeramicFish":11,"Astrolabe":15,"The Courier":4,"Bottled Tornado":17,"MawBank":11,"ClockworkSouvenir":21,"WristBlade":8,"Mummified Hand":12,"Bag of Marbles":4,"Bottled Lightning":10,"Toy Ornithopter":19,"Ring of the Snake":0,"Pocketwatch":14},{"Lantern":82,"CeramicFish":40,"Astrolabe":55,"The Courier":15,"Bottled Tornado":61,"MawBank":40,"ClockworkSouvenir":77,"WristBlade":30,"Mummified Hand":44,"Bag of Marbles":15,"Bottled Lightning":37,"Toy Ornithopter":67,"Ring of the Snake":0,"Pocketwatch":50}],"Toy Ornithopter":10,"Ring of the Snake":[48],"Pocketwatch":[9]},"card_choices":[{"not_picked":["Dagger Spray","Dagger Throw"],"picked":"Blade Dance","floor":1.0},{"not_picked":["Predator","Crippling Poison"],"picked":"Dagger Spray","floor":2.0},{"not_picked":["Predator","Finisher"],"picked":"Blade Dance","floor":5.0},{"not_picked":["Setup","Underhanded Strike"],"picked":"Storm of Steel","floor":7.0},{"not_picked":["Poisoned Stab","Dagger Throw"],"picked":"Cloak And Dagger","floor":10.0},{"not_picked":["Poisoned Stab","Prepared","Slice"],"picked":"SKIP","floor":12.0},{"not_picked":["Prepared","Sucker Punch"],"picked":"Blur","floor":14.0},{"not_picked":["Storm of Steel","Corpse Explosion"],"picked":"Malaise","floor":16.0},{"not_picked":["Deflect","Acrobatics"],"picked":"Dagger Spray","floor":18.0},{"not_picked":["Underhanded Strike","Prepared"],"picked":"Slice","floor":19.0},{"not_picked":["Unload","Dagger Throw"],"picked":"Choke","floor":24.0},{"not_picked":["Masterful Stab","Choke"],"picked":"Dash","floor":28.0},{"not_picked":["Distraction","Quick Slash"],"picked":"Blade Dance","floor":30.0},{"not_picked":["Deadly Poison","Masterful Stab"],"picked":"Backflip","floor":31.0},{"not_picked":["Phantasmal Killer","Night Terror"],"picked":"Adrenaline","floor":33.0},{"not_picked":["Sucker Punch","Deadly Poison","Bane+1"],"picked":"SKIP","floor":35.0},{"not_picked":["Slice","Escape Plan"],"picked":"Leg Sweep","floor":36.0},{"not_picked":["Backflip","Dodge and Roll+1"],"picked":"PiercingWail","floor":39.0},{"not_picked":["Skewer+1","Dagger Spray","Dodge and Roll"],"picked":"SKIP","floor":41.0},{"not_picked":["Quick Slash","Sucker Punch"],"picked":"Cloak And Dagger","floor":42},{"not_picked":["Deflect","Eviscerate","Grand Finale"],"picked":"SKIP","floor":44},{"not_picked":["Slice","Envenom"],"picked":"Acrobatics","floor":47},{"not_picked":["PiercingWail","Masterful Stab+1"],"picked":"Finisher","floor":48}],"player_experience":890751,"relics_obtained":[{"floor":7.0,"key":"The Courier"},{"floor":9.0,"key":"Bag of Marbles"},{"floor":24.0,"key":"MawBank"},{"floor":26.0,"key":"CeramicFish"},{"floor":28.0,"key":"Mummified Hand"},{"floor":31.0,"key":"Pocketwatch"},{"floor":41.0,"key":"Toy Ornithopter"},{"floor":47,"key":"Lantern"}],"event_choices":[{"damage_healed":0.0,"max_hp_gain":0.0,"max_hp_loss":0.0,"gold_gain":0.0,"event_name":"Match and Keep!","player_choice":"2 cards matched","floor":3.0,"gold_loss":0.0,"damage_taken":0.0,"cards_obtained":["Blur","Neutralize"]},{"cards_removed":["Strike_G"],"damage_healed":0.0,"max_hp_gain":0.0,"max_hp_loss":0.0,"gold_gain":0.0,"event_name":"Purifier","player_choice":"Purged","floor":13.0,"gold_loss":0.0,"damage_taken":0.0},{"damage_healed":0.0,"max_hp_gain":0.0,"max_hp_loss":0.0,"gold_gain":0.0,"event_name":"Ghosts","player_choice":"Ignored","floor":21.0,"gold_loss":0.0,"damage_taken":0.0},{"damage_healed":0.0,"max_hp_gain":0.0,"max_hp_loss":0.0,"gold_gain":0.0,"event_name":"Cursed Tome","player_choice":"Ignored","floor":22.0,"gold_loss":0.0,"damage_taken":0.0},{"damage_healed":0.0,"max_hp_gain":0.0,"max_hp_loss":0.0,"gold_gain":0.0,"event_name":"Duplicator","player_choice":"Copied","floor":37.0,"gold_loss":0.0,"damage_taken":0.0,"cards_obtained":["Accuracy"]}],"is_beta":false,"boss_relics":[{"not_picked":["Sozu","Runic Dome"],"picked":"WristBlade"},{"not_picked":["Velvet Choker","Snecko Eye"],"picked":"Astrolabe"}],"items_purged_floors":[4],"is_endless":false,"potions_floor_spawned":[5,7,12,14,19,31,33,36,41,47],"killed_by":"Donu and Deca","ascension_level":20}}