{"host":"5dhwd44u3dydylwe","time":1614221357,"event":{"mods":["AchievementEnabler","BaseMod","BetterRewards","Dota2Spire","Duelist Mod","GifTheSpireLib","Hubris","Minty Spire (QoL Compilation)","Shop Mod","StSLib","Wandering Minibosses"],"gold_per_floor":[138,138,138,391,408,442,442,442,442,442,473,490,516,529,546,546,623,623,643,0,156,170,186,221,221,285,309,309,359,419,460,460,137,137,243,243,243,345,345,360,360,405,405,451,507,507,565,893,918,918,929,929,969,969,997,997,1027,1057,1057,1057,516,580,610],"floor_reached":64,"language":"ENG","playtime":9372,"items_purged":[],"score":5093,"play_id":"af491416-7072-4dd2-9a1f-6bcd81baf0c3","local_time":"20210225104917","is_ascension_mode":true,"campfire_choices":[{"data":"theDuelist:ExodiaHead","floor":7.0,"key":"SMITH"},{"data":"theDuelist:GracefulCharity","floor":16.0,"key":"SMITH"},{"floor":25.0,"key":"RECALL"},{"floor":28.0,"key":"REST"},{"floor":32.0,"key":"REST"},{"floor":34.0,"key":"REST"},{"floor":37.0,"key":"REST"},{"floor":46.0,"key":"REST"},{"floor":56.0,"key":"REST"},{"floor":60,"key":"REST"}],"circlet_count":0,"master_deck":["theDuelist:IceQueen","theDuelist:FeatherShot","theDuelist:Sparks","theDuelist:PowerWall","theDuelist:DarkMagician","theDuelist:MagicCylinder","theDuelist:PotGreed","theDuelist:CaveDragon","theDuelist:BlockSpider","theDuelist:SummonedSkull","theDuelist:Mixeroid","theDuelist:ExodiaNecross","theDuelist:Polymerization","theDuelist:CaveDragon","AscendersBane","theDuelist:BlueEyes","theDuelist:GreenGadget","theDuelist:ExodiaLL","theDuelist:OjamaYellow","theDuelist:OneForOne","theDuelist:ClownZombie","theDuelist:Sparks","theDuelist:FairyBox","theDuelist:ClownZombie","theDuelist:ZombieCorpse","theDuelist:Mixeroid","theDuelist:PowerWall","theDuelist:ExodiaRL","theDuelist:CardDestruction","theDuelist:Hinotama+1","theDuelist:BeastTalwar","theDuelist:ExodiaNecross","theDuelist:ExodiaRA","theDuelist:OneForOne","theDuelist:MysticalElf","theDuelist:PowerWall","theDuelist:LabyrinthWall","theDuelist:GracefulCharity","theDuelist:Hinotama+1","theDuelist:Wildfire","theDuelist:RainbowDragon","theDuelist:ExodiaHead+1","theDuelist:MillenniumScorpion","theDuelist:MillenniumShield","theDuelist:ArchfiendSoldier","theDuelist:DarkMasterZorc","theDuelist:CyberArchfiend","theDuelist:GracefulCharity+1","theDuelist:Sparks","theDuelist:Sparks","theDuelist:ArchfiendSoldier","theDuelist:ExodiaLA","theDuelist:ShardGreed","theDuelist:PowerWall","theDuelist:LegendaryExodia","theDuelist:CombinationAttack","theDuelist:BlockSpider","theDuelist:MiraculousDescent+1","theDuelist:SpiralSpearStrike","theDuelist:ChangeHeart"],"relics":["theDuelist:MillenniumPuzzle","theDuelist:CardPoolRelic","theDuelist:CardPoolBasicRelic","theDuelist:BoosterPackPoolRelic","hubris:Potato","theDuelist:MillenniumRod","theDuelist:MillenniumArmor","Dota2Spire:MagicBottle","Dota2Spire:ArcaneBoots","theDuelist:TributeEggRelic","Gremlin Horn","theDuelist:ArmorPlateC","Medical Kit","theDuelist:MillenniumCoin","Pantograph","TwistedFunnel","PreservedInsect","Lizard Tail","Anchor","theDuelist:DuelistUrn","hubris:SlimyHat","theDuelist:ArmorPlateE","theDuelist:ZoneToken","theDuelist:DuelistOrichalcum","theDuelist:MillenniumPrayerbook","Bird Faced Urn","Boot","theDuelist:MillenniumPeriapt","Fusion Hammer","theDuelist:WhiteBowlRelic","Mango","Dota2Spire:HandOfMidas","Toy Ornithopter","InkBottle","Happy Flower","ClockworkSouvenir","Inserter","theDuelist:ArmorPlateA","hubris:SphereOfDissonance","wanderingMiniBosses:LockLocket","Bag of Preparation","theDuelist:DuelistLetterOpener","theDuelist:PrayerPageA","Paper Frog","Pear","Centennial Puzzle","MerchantsRug","hubris:DeckOfHolding"],"acts_visited":["Exordium","TheCity","TheBeyond","TheEnding"],"potions_floor_usage":[58,62,63],"damage_taken":[{"damage":0.0,"enemies":"Small Slimes","floor":1.0,"turns":1.0},{"damage":0.0,"enemies":"Cultist","floor":4.0,"turns":7.0},{"damage":0.0,"enemies":"Jaw Worm","floor":5.0,"turns":1.0},{"damage":0.0,"enemies":"3 Sentries","floor":6.0,"turns":4.0},{"damage":0.0,"enemies":"Lagavulin","floor":11.0,"turns":2.0},{"damage":0.0,"enemies":"2 Fungi Beasts","floor":12.0,"turns":6.0},{"damage":0.0,"enemies":"Gremlin Nob","floor":13.0,"turns":2.0},{"damage":0.0,"enemies":"Looter","floor":14.0,"turns":5.0},{"damage":0.0,"enemies":"3 Louse","floor":15.0,"turns":1.0},{"damage":0.0,"enemies":"Hexaghost","floor":17.0,"turns":9.0},{"damage":0.0,"enemies":"Chosen","floor":19.0,"turns":6.0},{"damage":0.0,"enemies":"Shell Parasite","floor":21.0,"turns":6.0},{"damage":0.0,"enemies":"3 Cultists","floor":22.0,"turns":4.0},{"damage":0.0,"enemies":"Cultist and Chosen","floor":23.0,"turns":6.0},{"damage":0.0,"enemies":"theDuelist:KaibaA2","floor":24.0,"turns":5.0},{"damage":0.0,"enemies":"Slavers","floor":26.0,"turns":5.0},{"damage":0.0,"enemies":"theDuelist:KaibaA2","floor":30.0,"turns":3.0},{"damage":0.0,"enemies":"Centurion and Healer","floor":31.0,"turns":7.0},{"damage":29.0,"enemies":"Collector","floor":35.0,"turns":9.0},{"damage":0.0,"enemies":"Collector","floor":38.0,"turns":6.0},{"damage":0.0,"enemies":"Orb Walker","floor":40.0,"turns":3.0},{"damage":0.0,"enemies":"3 Shapes","floor":42.0,"turns":5.0},{"damage":0.0,"enemies":"Writhing Mass","floor":44.0,"turns":5.0},{"damage":0.0,"enemies":"Reptomancer","floor":45.0,"turns":5.0},{"damage":21.0,"enemies":"Giant Head","floor":47.0,"turns":6.0},{"damage":0.0,"enemies":"Transient","floor":48.0,"turns":6.0},{"damage":1.0,"enemies":"Jaw Worm Horde","floor":51.0,"turns":4.0},{"damage":0.0,"enemies":"Maw","floor":53.0,"turns":5.0},{"damage":4.0,"enemies":"Nemesis","floor":55.0,"turns":3.0},{"damage":0,"enemies":"Time Eater","floor":57,"turns":10},{"damage":0,"enemies":"Awakened One","floor":58,"turns":12},{"damage":22,"enemies":"Shield and Spear","floor":62,"turns":8},{"damage":33,"enemies":"The Heart","floor":63,"turns":11}],"seed_played":"-76417023855142853","potions_obtained":[{"floor":35.0,"key":"Swift Potion"},{"floor":38.0,"key":"FearPotion"},{"floor":47.0,"key":"GhostInAJar"}],"is_trial":false,"path_per_floor":["M","$","?","M","M","E","R","?","T","T","E","M","E","M","M","R","B",null,"M","$","M","M","M","E","R","E","T","R","?","E","M","R","$","R","B",null,"R","B",null,"M","$","M","?","M","E","R","E","M","T","T","M","?","M","?","E","R","B","B",null,"R","$","E","B",null],"character_chosen":"THE_DUELIST","items_purchased":["hubris:Potato","theDuelist:MillenniumRod","theDuelist:MillenniumArmor","Dota2Spire:MagicBottle","Master of Strategy","Dota2Spire:ArcaneBoots","theDuelist:TributeEggRelic","Gremlin Horn","theDuelist:ArmorPlateC","Medical Kit","theDuelist:MillenniumCoin","Pantograph","TwistedFunnel","PreservedInsect","Lizard Tail","Anchor","theDuelist:DuelistUrn","hubris:SlimyHat","theDuelist:ArmorPlateE","theDuelist:ZoneToken","BlessingOfTheForge","theDuelist:WaterBottle","theDuelist:WhiteBowlRelic","Mango","Happy Flower","ClockworkSouvenir","Pear","Centennial Puzzle","MerchantsRug","LiquidMemories"],"campfire_rested":7,"item_purchase_floors":[0,0,0,0,0,0,0,0,0,0,0,0,0,0,0,0,0,0,0,0,0,0,20,20,33,33,61,61,61,61],"current_hp_per_floor":[21,21,21,27,27,29,29,21,21,21,21,33,33,39,41,41,70,70,70,84,84,84,84,84,84,84,84,84,84,84,84,84,84,84,63,63,84,84,84,84,84,84,84,84,84,84,67,69,69,69,78,70,84,84,80,84,84,84,84,84,94,81,65],"gold":610,"neow_bonus":"","is_daily":false,"chose_seed":false,"campfire_upgraded":2,"win_rate":0.0,"timestamp":1614221357,"path_taken":["M","$","?","?","M","E","R","?","T","T","E","M","E","?","M","R","BOSS","M","$","M","M","M","E","R","E","T","R","?","E","M","R","$","R","BOSS","R","BOSS","M","$","M","?","M","E","R","E","M","T","T","M","?","M","?","E","R","BOSS","BOSS","R","$","E","BOSS"],"items_purchased_type":["Relic","Relic","Relic","Relic","Card","Relic","Relic","Relic","Relic","Relic","Relic","Relic","Relic","Relic","Relic","Relic","Relic","Relic","Relic","Relic","Potion","Potion","Relic","Relic","Relic","Relic","Relic","Relic","Relic","Potion"],"build_version":"2020-12-22","purchased_purges":0,"victory":true,"max_hp_per_floor":[70,70,70,70,70,70,70,70,70,70,70,70,70,70,70,70,70,70,70,84,84,84,84,84,84,84,84,84,84,84,84,84,84,84,84,84,84,84,84,84,84,84,84,84,84,84,84,84,84,84,84,84,84,84,84,84,84,84,84,84,94,94,94],"card_choices":[{"not_picked":["theDuelist:MechMoleZombie","theDuelist:GhostrickJiangshi","theDuelist:Tsukahagi","theDuelist:DarkFusion","theDuelist:CardSafeReturn"],"picked":"SKIP","floor":1.0},{"not_picked":["theDuelist:DestroyerGolem","theDuelist:SilverApples","theDuelist:EvilswarmHeliotrope","theDuelist:HammerShot","theDuelist:WeepingIdol"],"picked":"SKIP","floor":4.0},{"not_picked":["theDuelist:CardSafeReturn","theDuelist:DimensionFusion","theDuelist:PyramidWonders","theDuelist:VendreadReunion","theDuelist:Doomdog"],"picked":"SKIP","floor":5.0},{"not_picked":["theDuelist:TwinHeadedWolf","theDuelist:VampireBaby","theDuelist:AmbitiousGofer","theDuelist:BattleFusion","theDuelist:SummonedSkull"],"picked":"SKIP","floor":6.0},{"not_picked":["theDuelist:Zombyra","theDuelist:GhostrickMuseum","theDuelist:UmbralHorrorUniform","theDuelist:GhostrickGhoul","theDuelist:GrossGhost"],"picked":"SKIP","floor":11.0},{"not_picked":["HandOfGreed","Madness","Thinking Ahead","Transmutation"],"picked":"SKIP","floor":12.0},{"not_picked":["theDuelist:BattleOx","theDuelist:Cloning","theDuelist:WormApocalypse","theDuelist:HammerShot","theDuelist:MillenniumScorpion"],"picked":"SKIP","floor":13.0},{"not_picked":["theDuelist:ShadowVampire","theDuelist:VampireDragon","theDuelist:VampireGrace","theDuelist:VampireRedBaron","theDuelist:VampireRetainer"],"picked":"SKIP","floor":14.0},{"not_picked":["theDuelist:RevendreadExecutor","theDuelist:SoulRelease","theDuelist:SoulAbsorbingBone","theDuelist:GracefulCharity","theDuelist:BookLife"],"picked":"SKIP","floor":15.0},{"not_picked":["theDuelist:ArchfiendHeiress","theDuelist:RegenMummy","theDuelist:MoltenZombie","theDuelist:VampireLord","theDuelist:SpiritReaper"],"picked":"SKIP","floor":19.0},{"not_picked":["theDuelist:ShadowVampire","theDuelist:VampireFamiliar+1","theDuelist:VampireHunter","theDuelist:Tsukahagi","theDuelist:Yasha"],"picked":"SKIP","floor":21.0},{"not_picked":["theDuelist:MayakashiReturn","theDuelist:PyramidWonders","theDuelist:VampireDomain","theDuelist:Doomdog"],"picked":"SKIP","floor":22.0},{"not_picked":["theDuelist:DestroyerGolem","theDuelist:GraniteLoyalist+1","theDuelist:WormKing","theDuelist:BattleOx","theDuelist:BattleguardKing"],"picked":"SKIP","floor":23.0},{"not_picked":["theDuelist:DespairFromDark","theDuelist:DecayedCommander","theDuelist:DarkMasterZorc"],"picked":"SKIP","floor":24.0},{"not_picked":["theDuelist:ShadowVampire","theDuelist:VampireDragon","theDuelist:GhostrickWarwolf","theDuelist:GhostrickYeti","theDuelist:YukiOnnaIce"],"picked":"SKIP","floor":26.0},{"not_picked":["theDuelist:FuryFire","theDuelist:WeepingIdol","theDuelist:WingedKuribohLv9","theDuelist:LightningRodLord","theDuelist:Kuribohrn"],"picked":"SKIP","floor":30.0},{"not_picked":["theDuelist:VampireDragon","theDuelist:RedEyesZombie","theDuelist:PurplePainOni+1","theDuelist:RainbowKuriboh","theDuelist:YellowBelliedOni+1"],"picked":"SKIP","floor":31.0},{"not_picked":["theDuelist:DarkEnergy","theDuelist:ParallelWorldFusion+1","theDuelist:DimensionFusion+1","theDuelist:BookMoon","theDuelist:Mausoleum"],"picked":"SKIP","floor":40.0},{"not_picked":["theDuelist:VendreadCore+1","theDuelist:Tsukahagi","theDuelist:ShadowVampire+1","theDuelist:Tengu+1","theDuelist:VendreadBattlelord+1"],"picked":"SKIP","floor":42.0},{"not_picked":["theDuelist:Hinotama+1","theDuelist:GracefulCharity","theDuelist:VampireKingdom","theDuelist:VendreadCharge","theDuelist:ChangeHeart"],"picked":"SKIP","floor":44.0},{"not_picked":["theDuelist:DarkFusion","theDuelist:VampireDesire","theDuelist:Polymerization"],"picked":"SKIP","floor":45.0},{"not_picked":["theDuelist:BlockGolem","theDuelist:DokiDoki+1","theDuelist:DummyGolem","theDuelist:GemArmadillo+1","theDuelist:RainbowKuriboh"],"picked":"SKIP","floor":47.0},{"not_picked":["theDuelist:GemElephant+1","theDuelist:MudGolem","theDuelist:PowerGiant","theDuelist:RainbowOverdragon","theDuelist:WeepingIdol+1"],"picked":"SKIP","floor":48.0},{"not_picked":["theDuelist:Wildfire","theDuelist:VendreadDaybreak","theDuelist:MonsterReborn","theDuelist:MayakashiWinter","theDuelist:BookLife"],"picked":"SKIP","floor":51.0},{"not_picked":["theDuelist:OjamaYellow","theDuelist:VampireHunter","theDuelist:FabledGallabas+1","theDuelist:Pumpking","theDuelist:ArchfiendHeiress"],"picked":"SKIP","floor":53.0},{"not_picked":["theDuelist:VendreadNights","theDuelist:AbsorbFusion","theDuelist:VampireDomain+1","theDuelist:OniGamiCombo+1"],"picked":"theDuelist:BerserkerCrush","floor":55.0},{"not_picked":["theDuelist:DarkFusion+4","theDuelist:ParallelWorldFusion+1","theDuelist:DarkEnergy+1"],"picked":"SKIP","floor":62}],"player_experience":316095,"relics_obtained":[{"floor":6.0,"key":"theDuelist:DuelistOrichalcum"},{"floor":9.0,"key":"Bird Faced Urn"},{"floor":11.0,"key":"Boot"},{"floor":13.0,"key":"theDuelist:MillenniumPeriapt"},{"floor":24.0,"key":"Dota2Spire:HandOfMidas"},{"floor":26.0,"key":"Toy Ornithopter"},{"floor":30.0,"key":"InkBottle"},{"floor":45.0,"key":"theDuelist:ArmorPlateA"},{"floor":47.0,"key":"hubris:SphereOfDissonance"},{"floor":48.0,"key":"wanderingMiniBosses:LockLocket"},{"floor":49.0,"key":"Bag of Preparation"},{"floor":50.0,"key":"theDuelist:DuelistLetterOpener"},{"floor":55.0,"key":"Paper Frog"},{"floor":62,"key":"hubris:DeckOfHolding"}],"event_choices":[{"damage_healed":0.0,"max_hp_gain":0.0,"max_hp_loss":0.0,"gold_gain":0.0,"event_name":"Purifier","player_choice":"Ignored","floor":3.0,"gold_loss":0.0,"damage_taken":0.0},{"damage_healed":0.0,"max_hp_gain":0.0,"max_hp_loss":0.0,"gold_gain":0.0,"event_name":"Aknamkanon\u0027s Tomb","player_choice":"Dig - random Duelist relic","duelist":true,"floor":8.0,"gold_loss":0.0,"damage_taken":0.0},{"damage_healed":0.0,"max_hp_gain":0.0,"max_hp_loss":0.0,"gold_gain":50.0,"event_name":"Nest","player_choice":"Stole From Cult","floor":29.0,"gold_loss":0.0,"damage_taken":0.0},{"damage_healed":0.0,"max_hp_gain":0.0,"max_hp_loss":0.0,"gold_gain":0.0,"event_name":"SensoryStone","player_choice":"Memory 1","floor":43.0,"gold_loss":0.0,"damage_taken":0.0},{"damage_healed":0.0,"max_hp_gain":0.0,"max_hp_loss":0.0,"gold_gain":0.0,"event_name":"Aknamkanon\u0027s Tomb","player_choice":"Dig - random Duelist relic","duelist":true,"floor":52.0,"gold_loss":0.0,"damage_taken":0.0},{"cards_removed":["theDuelist:BerserkerCrush"],"damage_healed":0.0,"max_hp_gain":0.0,"max_hp_loss":0.0,"gold_gain":0.0,"event_name":"Falling","player_choice":"Removed Attack","floor":54.0,"gold_loss":0.0,"damage_taken":0.0}],"is_beta":false,"boss_relics":[{"not_picked":["hubris:ScarierMask","hubris:RunicObelisk"],"picked":"Fusion Hammer"},{"not_picked":["Sozu","theDuelist:MillenniumKey"],"picked":"Inserter"},{"not_picked":["hubris:HollowSoul","Tiny House"],"picked":"Velvet Choker"}],"items_purged_floors":[],"is_endless":false,"potions_floor_spawned":[11,13,14,17,19,24,30,35,38,42,47,51],"ascension_level":20}}