{"host":"v4nyfngrgywi7zc6","time":1614281638,"event":{"mods":["2.2 Compatiblity","Act Like it!","BaseMod","Custom Start","Friendly Minions","Minty Spire (QoL Compilation)","Reliquary","Ruina","Shade Mod","Shop Mod","StSLib","The Cursed","The Judge","The Jungle","The Marked","The Mystic","The Necromancer","The Saiyan"],"gold_per_floor":[115,115,135,135,11,54,54,75,75,100,133,33,33,71,71,200,200,221,237,42,58,58,58,74,112,158,158,158,158,173,197,197,318,318,342,342,192,192,192,223,223,48,48,62,102,102,126,139,139,139,139,139,91,130,130],"floor_reached":56,"language":"ENG","playtime":3670,"items_purged":["theMarked:Strike","theMarked:Defend","theMarked:Strike","theMarked:Strike","theMarked:Strike"],"score":1043,"play_id":"6eefd610-502c-4df8-8893-af50c717ffa8","local_time":"20210225133358","is_ascension_mode":false,"campfire_choices":[{"floor":13.0,"key":"REST"},{"data":"theMarked:Seal","floor":15.0,"key":"SMITH"},{"data":"theMarked:MysticalArsenal","floor":23.0,"key":"SMITH"},{"floor":32.0,"key":"RECALL"},{"data":"theMarked:Heritage","floor":41.0,"key":"SMITH"},{"data":"theMarked:Determination","floor":49.0,"key":"SMITH"},{"data":"theMarked:Heritage","floor":52.0,"key":"SMITH"}],"circlet_count":0,"master_deck":["theMarked:Defend","theMarked:Defend","theMarked:SoldierOfQuellstein+1","CurseOfTheBell","theMarked:Seal+1","theMarked:BanishingStrike","theMarked:AttractMetal","theMarked:ChannelForce","theMarked:Heritage+1","theMarked:BanishingStrike","theMarked:Abjuration+1","theMarked:MysticalArsenal+1","theMarked:Abjuration","ruina:FadedMemories","theMarked:Determination+1","theMarked:Abjuration","theMarked:TheMission+1","Finesse","theMarked:Heritage","theMarked:WardOff+1","theMarked:Heritage+1"],"relics":["Calling Bell","Oddly Smooth Stone","reliquary:PrincelyHelmet","Pocketwatch","Golden Idol","Bottled Lightning","reliquary:RoseTintedGlasses","Blood Vial","reliquary:Ember","Pen Nib","Ancient Tea Set","Dream Catcher","theMarked:SpiritSword","Bag of Preparation","reliquary:Vitrine","MealTicket","Akabeko"],"acts_visited":["Exordium","Exordium","TheBeyond","TheEnding"],"potions_floor_usage":[54,54,55,55],"damage_taken":[{"damage":0.0,"enemies":"Jaw Worm","floor":1.0,"turns":3.0},{"damage":0.0,"enemies":"Cultist","floor":3.0,"turns":3.0},{"damage":5.0,"enemies":"3 Sentries","floor":6.0,"turns":8.0},{"damage":0.0,"enemies":"Small Slimes","floor":8.0,"turns":3.0},{"damage":8.0,"enemies":"Exordium Thugs","floor":10.0,"turns":6.0},{"damage":12.0,"enemies":"Gremlin Nob","floor":11.0,"turns":3.0},{"damage":16.0,"enemies":"3 Sentries","floor":14.0,"turns":8.0},{"damage":0.0,"enemies":"Hexaghost","floor":16.0,"turns":8.0},{"damage":0.0,"enemies":"ruina:Nosferatu","floor":18.0,"turns":3.0},{"damage":18.0,"enemies":"ruina:BadWolf","floor":19.0,"turns":3.0},{"damage":0.0,"enemies":"ruina:KingOfGreed","floor":21.0,"turns":4.0},{"damage":0.0,"enemies":"ruina:KnightOfDespair","floor":24.0,"turns":3.0},{"damage":10.0,"enemies":"ruina:Mountain","floor":25.0,"turns":4.0},{"damage":2.0,"enemies":"ruina:Woodsman","floor":30.0,"turns":3.0},{"damage":4.0,"enemies":"ruina:3_Scarecrows","floor":31.0,"turns":5.0},{"damage":27.0,"enemies":"ruina:Ozma","floor":33.0,"turns":5.0},{"damage":0.0,"enemies":"3 Shapes","floor":35.0,"turns":6.0},{"damage":7.0,"enemies":"Giant Head","floor":40.0,"turns":6.0},{"damage":0.0,"enemies":"Orb Walker","floor":44.0,"turns":3.0},{"damage":0.0,"enemies":"Nemesis","floor":45.0,"turns":5.0},{"damage":0.0,"enemies":"4 Shapes","floor":47.0,"turns":4.0},{"damage":4.0,"enemies":"3 Darklings","floor":48.0,"turns":4.0},{"damage":9.0,"enemies":"Donu and Deca","floor":50.0,"turns":8.0},{"damage":15,"enemies":"Shield and Spear","floor":54,"turns":5},{"damage":5,"enemies":"The Heart","floor":55,"turns":9}],"seed_played":"-8869525977135297581","potions_obtained":[{"floor":1.0,"key":"Fire Potion"},{"floor":10.0,"key":"SpeedPotion"},{"floor":16.0,"key":"SteroidPotion"},{"floor":19.0,"key":"Regen Potion"},{"floor":24.0,"key":"SkillPotion"},{"floor":30.0,"key":"ColorlessPotion"},{"floor":31.0,"key":"BlessingOfTheForge"},{"floor":44.0,"key":"LiquidMemories"},{"floor":54,"key":"FearPotion"}],"is_trial":false,"path_per_floor":["M","?","M","?","$","E","?","M","T","M","E","$","R","E","R","B",null,"M","M","$","M","?","R","M","E","T","?","?","T","M","M","R","B",null,"M","?","$","?","?","E","R","$","T","M","E","$","M","M","R","B",null,"R","$","E","B",null],"character_chosen":"THE_DEFAULT","items_purchased":["theMarked:BanishingStrike","theMarked:MysticalArsenal","SkillPotion"],"campfire_rested":1,"item_purchase_floors":[5,20,53],"current_hp_per_floor":[72,72,72,54,54,49,49,49,49,41,29,29,50,34,34,36,72,72,54,54,56,56,56,58,62,62,62,62,62,62,60,60,35,68,68,68,68,68,68,61,61,61,61,63,65,68,68,64,64,57,68,68,68,53,50],"gold":130,"neow_bonus":"BOSS_RELIC","is_daily":false,"chose_seed":false,"campfire_upgraded":5,"win_rate":0.0,"timestamp":1614281638,"path_taken":["M","?","?","?","?","E","?","?","T","M","E","$","R","E","R","BOSS","M","M","$","M","?","R","M","E","T","?","?","?","M","M","R","BOSS","M","?","?","?","?","E","R","$","T","M","E","$","M","M","R","BOSS","R","$","E","BOSS"],"items_purchased_type":["Card","Card","Potion"],"build_version":"2020-12-22","purchased_purges":5,"victory":true,"max_hp_per_floor":[72,72,72,72,72,72,72,72,72,72,72,72,72,72,72,72,72,72,72,72,72,72,72,72,72,72,68,68,68,68,68,68,68,68,68,68,68,68,68,68,68,68,68,68,68,68,68,68,68,68,68,68,68,68,68],"card_choices":[{"not_picked":["theMarked:OneWithTheBlade","theMarked:TunnelVision","theMarked:GodGivenPower"],"picked":"SKIP","floor":1.0},{"not_picked":["theMarked:WastefulAttack","theMarked:Electrocute"],"picked":"theMarked:Seal","floor":3.0},{"not_picked":["theMarked:EmpowerWeapon","theMarked:Frustration"],"picked":"theMarked:AttractMetal","floor":6.0},{"not_picked":["theMarked:PowerFlow","theMarked:Overthink"],"picked":"theMarked:ChannelForce","floor":8.0},{"not_picked":["theMarked:TunnelVision","theMarked:ResourceFulStrike"],"picked":"theMarked:Heritage","floor":10.0},{"not_picked":["theMarked:LightningStrikesTwice","theMarked:HeightenedSenses"],"picked":"theMarked:BanishingStrike","floor":11.0},{"not_picked":["theMarked:EmpowerWeapon","theMarked:Indomitable","theMarked:ChainLightning"],"picked":"SKIP","floor":14.0},{"not_picked":["theMarked:TurnInvisible","theMarked:EternalStudent"],"picked":"theMarked:Abjuration","floor":16.0},{"not_picked":["theMarked:TakeCover","theMarked:Parkour","theMarked:Polarize"],"picked":"SKIP","floor":18.0},{"not_picked":["theMarked:SwordAndMagic","theMarked:ParalyzingBlade+1","theMarked:Frustration+1"],"picked":"SKIP","floor":19.0},{"not_picked":["theMarked:TwofoldDefense+1","theMarked:Aftermath","theMarked:AttractMetal+1"],"picked":"SKIP","floor":21.0},{"not_picked":["theMarked:Frustration","theMarked:EmpowerWeapon","theMarked:TakeCover+1"],"picked":"SKIP","floor":24.0},{"not_picked":["theMarked:Maelstrom","theMarked:SwordAndMagic+1"],"picked":"theMarked:Abjuration","floor":25.0},{"not_picked":["theMarked:Polarize+1","theMarked:Electrify"],"picked":"theMarked:Determination","floor":30.0},{"not_picked":["theMarked:LightningStrikesTwice","theMarked:Pokerface","theMarked:EmpowerWeapon"],"picked":"SKIP","floor":31.0},{"not_picked":["theMarked:EternalStudent","theMarked:Toughness"],"picked":"theMarked:Abjuration","floor":33.0},{"not_picked":["theMarked:TakeCover+1","theMarked:Reabsorb"],"picked":"theMarked:TheMission+1","floor":35.0},{"not_picked":["Discovery","Jack Of All Trades"],"picked":"Finesse","floor":39.0},{"not_picked":["theMarked:Generate+1","theMarked:Memento+1","theMarked:SwordAndMagic"],"picked":"SKIP","floor":40.0},{"not_picked":["theMarked:Aftermath+1","theMarked:ChainLightning+1"],"picked":"theMarked:Heritage","floor":44.0},{"not_picked":["theMarked:Panic","theMarked:BiggerThanFate"],"picked":"theMarked:WardOff+1","floor":45.0},{"not_picked":["theMarked:EmpowerWeapon+1","theMarked:Panic+1"],"picked":"theMarked:Heritage","floor":47.0},{"not_picked":["theMarked:Improvise+1","theMarked:Aftermath+1","theMarked:ChainLightning+1"],"picked":"SKIP","floor":48.0},{"not_picked":["theMarked:Opportunist","theMarked:CreepingChasm+1","theMarked:EmpowerWeapon+1"],"picked":"SKIP","floor":54}],"player_experience":305570,"relics_obtained":[{"floor":0.0,"key":"Oddly Smooth Stone"},{"floor":0.0,"key":"reliquary:PrincelyHelmet"},{"floor":0.0,"key":"Pocketwatch"},{"floor":6.0,"key":"Bottled Lightning"},{"floor":11.0,"key":"reliquary:RoseTintedGlasses"},{"floor":14.0,"key":"Blood Vial"},{"floor":25.0,"key":"Pen Nib"},{"floor":26.0,"key":"Ancient Tea Set"},{"floor":29.0,"key":"Dream Catcher"},{"floor":40.0,"key":"Bag of Preparation"},{"floor":43.0,"key":"reliquary:Vitrine"},{"floor":45.0,"key":"MealTicket"},{"floor":54,"key":"Akabeko"}],"event_choices":[{"damage_healed":0.0,"max_hp_gain":0.0,"max_hp_loss":0.0,"gold_gain":0.0,"event_name":"Upgrade Shrine","player_choice":"Upgraded","floor":2.0,"gold_loss":0.0,"damage_taken":0.0,"cards_upgraded":["theMarked:SoldierOfQuellstein"]},{"damage_healed":0.0,"max_hp_gain":0.0,"max_hp_loss":0.0,"gold_gain":0.0,"event_name":"Golden Idol","player_choice":"Take Damage","floor":4.0,"gold_loss":0.0,"damage_taken":18.0,"relics_obtained":["Golden Idol"]},{"damage_healed":0.0,"max_hp_gain":0.0,"max_hp_loss":0.0,"gold_gain":0.0,"event_name":"The Woman in Blue","player_choice":"Bought 0 Potions","floor":7.0,"gold_loss":0.0,"damage_taken":0.0},{"damage_healed":0.0,"max_hp_gain":0.0,"max_hp_loss":0.0,"gold_gain":0.0,"event_name":"Upgrade Shrine","player_choice":"Upgraded","floor":36.0,"gold_loss":0.0,"damage_taken":0.0,"cards_upgraded":["theMarked:Abjuration"]},{"damage_healed":0.0,"max_hp_gain":0.0,"max_hp_loss":0.0,"gold_gain":0.0,"event_name":"Tomb of Lord Red Mask","player_choice":"Ignored","floor":38.0,"gold_loss":0.0,"damage_taken":0.0},{"damage_healed":0.0,"max_hp_gain":0.0,"max_hp_loss":0.0,"gold_gain":0.0,"event_name":"SensoryStone","player_choice":"Memory 1","floor":39.0,"gold_loss":0.0,"damage_taken":0.0}],"is_beta":false,"boss_relics":[{"not_picked":["Snecko Eye","reliquary:KinkedSpring"],"picked":"reliquary:Ember"},{"not_picked":["Tiny House","Black Star"],"picked":"theMarked:SpiritSword"}],"items_purged_floors":[5,12,20,37,42],"is_endless":false,"potions_floor_spawned":[1,10,16,19,24,30,31,44,45,47,54],"ascension_level":0}}