{"host":"x1qj4d8ympd5jdqh","time":1614263214,"event":{"mods":["AchievementEnabler","AlwaysNeverKeys","BaseMod","Colored Map","Custom Start","DeckTracker","Highlight Path","Minty Spire (QoL Compilation)","StSLib","SuperFastMode"],"gold_per_floor":[116,128,140,154,154,154,183,183,234,252,252,252,17,46,46,120,120,135,145,145,145,60,60,92,108,131,131,131,131],"floor_reached":28,"language":"KOR","playtime":884,"items_purged":["Strike_R"],"score":492,"play_id":"53649ed9-80f0-4d57-b596-975f7c5e9f5a","local_time":"20210225232654","is_ascension_mode":true,"campfire_choices":[{"data":"Pommel Strike","floor":6,"key":"SMITH"},{"data":"Hemokinesis","floor":8,"key":"SMITH"},{"data":"Uppercut","floor":11,"key":"SMITH"},{"floor":15,"key":"REST"},{"data":"Offering","floor":23,"key":"SMITH"}],"circlet_count":0,"master_deck":["AscendersBane","Strike_R+1","Defend_R+1","Defend_R+1","Defend_R+1","Defend_R+1","Bash","Anger","Pommel Strike+1","Hemokinesis+1","Uppercut+1","Flame Barrier","Inflame","Armaments","Metallicize","Corruption","CurseOfTheBell","Shrug It Off+1","Offering+1","Twin Strike","Feed","Evolve","Infernal Blade"],"relics":["Burning Blood","Ice Cream","Self Forming Clay","Oddly Smooth Stone","Dream Catcher","Calling Bell","Bag of Preparation","Question Card","Prayer Wheel","Boot","Lantern"],"acts_visited":["Exordium","TheCity"],"potions_floor_usage":[7,14,14,18,24,24],"damage_taken":[{"damage":10,"enemies":"Small Slimes","floor":1,"turns":4},{"damage":7,"enemies":"Jaw Worm","floor":2,"turns":4},{"damage":2,"enemies":"2 Louse","floor":3,"turns":4},{"damage":16,"enemies":"Blue Slaver","floor":4,"turns":3},{"damage":20,"enemies":"Lagavulin","floor":7,"turns":5},{"damage":14,"enemies":"2 Fungi Beasts","floor":10,"turns":2},{"damage":17,"enemies":"3 Sentries","floor":14,"turns":8},{"damage":8,"enemies":"The Guardian","floor":16,"turns":12},{"damage":13,"enemies":"Shell Parasite","floor":18,"turns":5},{"damage":21,"enemies":"3 Byrds","floor":19,"turns":7},{"damage":30,"enemies":"Gremlin Leader","floor":24,"turns":7},{"damage":6,"enemies":"Snecko","floor":25,"turns":7},{"damage":0,"enemies":"Centurion and Healer","floor":28,"turns":1}],"seed_played":"174642517147813143","potions_obtained":[{"floor":1,"key":"Dexterity Potion"},{"floor":3,"key":"ColorlessPotion"},{"floor":7,"key":"DuplicationPotion"},{"floor":16,"key":"EntropicBrew"}],"is_trial":false,"path_per_floor":["M","M","M","M","?","R","E","R","T","M","R","?","$","E","R","B",null,"M","M","?","?","$","R","E","M","T","?","M"],"character_chosen":"IRONCLAD","items_purchased":["Flame Barrier","Inflame","Evolve"],"campfire_rested":1,"item_purchase_floors":[13,13,22],"current_hp_per_floor":[64,63,67,57,57,57,43,43,43,35,35,28,28,17,37,35,60,53,38,38,38,38,38,14,14,14,28,28,28],"gold":131,"neow_bonus":"ONE_RARE_RELIC","is_daily":false,"chose_seed":false,"campfire_upgraded":4,"win_rate":0.0,"timestamp":1614263214,"path_taken":["M","M","M","M","?","R","E","R","T","M","R","?","?","E","R","BOSS","M","M","?","?","$","R","E","M","T","?","M"],"items_purchased_type":["Card","Card","Card"],"build_version":"2020-12-22","purchased_purges":1,"victory":false,"max_hp_per_floor":[68,68,68,68,68,68,68,68,68,68,68,68,68,68,68,68,68,68,68,68,68,68,68,68,68,68,68,68,68],"card_choices":[{"not_picked":["Bloodletting","Havoc"],"picked":"Anger","floor":1},{"not_picked":["Fire Breathing","Headbutt"],"picked":"Pommel Strike","floor":2},{"not_picked":["Dual Wield","Barricade","Wild Strike"],"picked":"SKIP","floor":3},{"not_picked":["Iron Wave","Rage","Sever Soul"],"picked":"SKIP","floor":4},{"not_picked":["Sword Boomerang","Pommel Strike"],"picked":"Hemokinesis","floor":7},{"not_picked":["Clothesline","Iron Wave"],"picked":"Uppercut","floor":10},{"not_picked":["Burning Pact","Thunderclap"],"picked":"Armaments","floor":14},{"not_picked":["Dual Wield","Inflame"],"picked":"Metallicize","floor":15},{"not_picked":["Double Tap","Fiend Fire"],"picked":"Corruption","floor":16},{"not_picked":["Perfected Strike","Metallicize","Havoc"],"picked":"Shrug It Off+1","floor":18},{"not_picked":["Heavy Blade","Pommel Strike","Anger","Clothesline"],"picked":"SKIP","floor":18},{"not_picked":["Anger","Rupture+1","Searing Blow"],"picked":"Offering","floor":19},{"not_picked":["Wild Strike","Cleave","Thunderclap+1","Combust"],"picked":"SKIP","floor":19},{"not_picked":["Cleave","Twin Strike","Entrench","Dual Wield"],"picked":"SKIP","floor":24},{"not_picked":["Iron Wave","Perfected Strike","Headbutt"],"picked":"Infernal Blade","floor":25},{"not_picked":["Rampage","Armaments","Anger","True Grit"],"picked":"SKIP","floor":25}],"player_experience":1332256,"relics_obtained":[{"floor":7,"key":"Self Forming Clay"},{"floor":9,"key":"Oddly Smooth Stone"},{"floor":14,"key":"Dream Catcher"},{"floor":17,"key":"Bag of Preparation"},{"floor":17,"key":"Question Card"},{"floor":17,"key":"Prayer Wheel"},{"floor":24,"key":"Boot"},{"floor":26,"key":"Lantern"}],"event_choices":[{"damage_healed":0,"gold_gain":0,"player_choice":"Ignored","damage_taken":0,"max_hp_gain":0,"max_hp_loss":0,"event_name":"Liars Game","floor":5,"gold_loss":0},{"cards_removed":["Strike_R"],"damage_healed":0,"gold_gain":0,"player_choice":"Card Removal","damage_taken":7,"max_hp_gain":0,"max_hp_loss":0,"event_name":"Golden Wing","floor":12,"gold_loss":0},{"damage_healed":0,"gold_gain":0,"cards_transformed":["Strike_R","Strike_R"],"player_choice":"Became Test Subject","damage_taken":0,"max_hp_gain":0,"max_hp_loss":0,"event_name":"Drug Dealer","floor":20,"gold_loss":0,"cards_obtained":["Twin Strike","Feed"]},{"damage_healed":0,"gold_gain":0,"player_choice":"Simplicity","damage_taken":0,"max_hp_gain":0,"max_hp_loss":0,"event_name":"Back to Basics","floor":21,"gold_loss":0,"cards_upgraded":["Strike_R","Defend_R","Defend_R","Defend_R","Defend_R"]},{"damage_healed":14,"gold_gain":0,"player_choice":"Heal","damage_taken":0,"max_hp_gain":0,"max_hp_loss":0,"event_name":"The Library","floor":27,"gold_loss":0}],"is_beta":false,"boss_relics":[{"not_picked":["Mark of Pain","Runic Pyramid"],"picked":"Calling Bell"}],"items_purged_floors":[13],"is_endless":false,"potions_floor_spawned":[1,3,7,10,16,19],"killed_by":"Centurion and Healer","ascension_level":20}}