{"host":"uioim0xrpyrmw01v","time":1614317338,"event":{"mods":["BaseMod","Minty Spire (QoL Compilation)"],"gold_per_floor":[117,133,83,83,99,126,96,126,126,136,216,216,263,283,283,388,388,404,438,449,449,449],"floor_reached":21,"language":"ENG","playtime":950,"items_purged":[],"score":242,"play_id":"90581967-e577-43d0-b90d-fc2fc7cdb543","local_time":"20210225212858","is_ascension_mode":true,"campfire_choices":[{"data":"Inflame","floor":12,"key":"SMITH"},{"floor":15,"key":"REST"}],"circlet_count":0,"master_deck":["Strike_R+1","Strike_R","Strike_R","Strike_R","Defend_R","Defend_R","Defend_R","Defend_R","Bash","Inflame+1","Feed+1","Anger","Heavy Blade","Heavy Blade","True Grit","Feed","Cleave"],"relics":["Burning Blood","NeowsBlessing","Whetstone","Blue Candle","PreservedInsect","Mark of Pain","Red Mask"],"acts_visited":["Exordium","TheCity"],"potions_floor_usage":[6,8,16,16,16,20],"damage_taken":[{"damage":0,"enemies":"Cultist","floor":1,"turns":1},{"damage":0,"enemies":"Jaw Worm","floor":2,"turns":1},{"damage":0,"enemies":"2 Louse","floor":5,"turns":1},{"damage":24,"enemies":"Lagavulin","floor":6,"turns":6},{"damage":50,"enemies":"3 Sentries","floor":8,"turns":9},{"damage":16,"enemies":"Red Slaver","floor":10,"turns":4},{"damage":17,"enemies":"2 Fungi Beasts","floor":14,"turns":4},{"damage":48,"enemies":"The Guardian","floor":16,"turns":12},{"damage":28,"enemies":"2 Thieves","floor":18,"turns":4},{"damage":49,"enemies":"Masked Bandits","floor":19,"turns":5},{"damage":17,"enemies":"3 Byrds","floor":20,"turns":3},{"damage":31,"enemies":"Shelled Parasite and Fungi","floor":21,"turns":3}],"seed_played":"5249974456449575259","potions_obtained":[{"floor":2,"key":"SkillPotion"},{"floor":6,"key":"LiquidBronze"},{"floor":7,"key":"Regen Potion"},{"floor":7,"key":"Weak Potion"},{"floor":14,"key":"Explosive Potion"},{"floor":19,"key":"LiquidBronze"}],"is_trial":false,"path_per_floor":["M","M","?","?","M","E","?","E","T","M","?","R","T","M","R","B",null,"M","?","M","M"],"character_chosen":"IRONCLAD","items_purchased":[],"campfire_rested":1,"item_purchase_floors":[],"current_hp_per_floor":[80,80,80,85,85,70,70,41,41,31,31,31,31,24,51,9,92,70,30,19,0,0],"gold":449,"neow_bonus":"THREE_ENEMY_KILL","is_daily":false,"chose_seed":false,"campfire_upgraded":1,"win_rate":0.0,"timestamp":1614317338,"path_taken":["M","?","?","?","M","E","?","E","T","?","?","R","?","M","R","BOSS","M","?","M","M"],"items_purchased_type":[],"build_version":"2020-12-22","purchased_purges":0,"victory":false,"max_hp_per_floor":[80,80,80,85,85,88,88,88,88,88,88,88,88,92,92,92,92,92,95,95,99,99],"card_choices":[{"not_picked":["Sword Boomerang","Twin Strike"],"picked":"Inflame","floor":1},{"not_picked":["Pummel","Twin Strike"],"picked":"Feed","floor":2},{"not_picked":["Flex","Searing Blow"],"picked":"Anger","floor":5},{"not_picked":["Dropkick","Hemokinesis"],"picked":"Heavy Blade","floor":6},{"not_picked":["Cleave","Flex"],"picked":"Heavy Blade","floor":8},{"not_picked":["Clothesline","Pommel Strike"],"picked":"True Grit","floor":10},{"not_picked":["Havoc","Clash","Power Through"],"picked":"SKIP","floor":14},{"not_picked":["Juggernaut","Bludgeon"],"picked":"Feed","floor":16},{"not_picked":["Body Slam+1","Anger","True Grit"],"picked":"SKIP","floor":18},{"not_picked":["Flame Barrier","Armaments"],"picked":"Cleave","floor":19},{"not_picked":["Cleave","Thunderclap","Power Through"],"picked":"SKIP","floor":20}],"player_experience":204459,"relics_obtained":[{"floor":6,"key":"Whetstone"},{"floor":8,"key":"Blue Candle"},{"floor":13,"key":"PreservedInsect"},{"floor":19,"key":"Red Mask"}],"event_choices":[{"cards_removed":["Strike_R"],"damage_healed":0,"gold_gain":0,"player_choice":"Card Removal","damage_taken":0,"max_hp_gain":0,"max_hp_loss":0,"event_name":"The Cleric","floor":3,"gold_loss":50},{"damage_healed":0,"gold_gain":0,"player_choice":"Donut","damage_taken":0,"max_hp_gain":5,"max_hp_loss":0,"event_name":"Big Fish","floor":4,"gold_loss":0},{"damage_healed":0,"gold_gain":0,"player_choice":"Bought 2 Potions","damage_taken":0,"max_hp_gain":0,"max_hp_loss":0,"event_name":"The Woman in Blue","floor":7,"gold_loss":0},{"damage_healed":0,"gold_gain":80,"player_choice":"Gained Gold","damage_taken":0,"max_hp_gain":0,"max_hp_loss":0,"event_name":"Golden Wing","floor":11,"gold_loss":0},{"damage_healed":0,"gold_gain":0,"player_choice":"Fought Bandits","damage_taken":0,"max_hp_gain":0,"max_hp_loss":0,"event_name":"Masked Bandits","floor":19,"gold_loss":0}],"is_beta":false,"boss_relics":[{"not_picked":["Runic Cube","Ectoplasm"],"picked":"Mark of Pain"}],"items_purged_floors":[],"is_endless":false,"potions_floor_spawned":[2,6,14,19],"killed_by":"Shelled Parasite and Fungi","ascension_level":3}}