{"host":"xr2w6q7a088fu8w2","time":1614254533,"event":{"mods":["AchievementEnabler","BaseMod","Colored Powertips","Good Game Mod","Koishi","Minty Spire (QoL Compilation)","MostiFishMod","Reimu£®≤©¿ˆ¡È√Œ£©","Reliquary","StSLib","SuperFastMode","UnlockEverythingMod"],"gold_per_floor":[111,-1364,-1352,-1352,-1338,-1338,-1303,-1303,-1278,-1268,-1268,-1193,-1193,-1193,-1193,-1092,-1092,-1082,-1067,-1067,-1049,-1049,-1049,-1037,-1037,-1037,-1007,-1007,-1007,-1007,-987,-987,-887,-887,-877,-860,-845,-845,-745,-745,-711,-693,-693,-660,-649,-631,-618,-618,-618,-516,-516,-501,-501],"floor_reached":52,"language":"ZHS","playtime":1268,"items_purged":["Defend_G"],"score":1134,"play_id":"9f02759e-be37-491e-8d2d-45e0734aec39","local_time":"20210225200213","daily_mods":["Vintage","Green Cards","Colorless Cards","Heirloom","Time Dilation"],"is_ascension_mode":false,"campfire_choices":[{"data":"Koishi:Whimsy","floor":6,"key":"SMITH"},{"data":"Koishi:EmbryosDream","floor":8,"key":"SMITH"},{"data":"Neutralize","floor":11,"key":"SMITH"},{"data":"Survivor","floor":15,"key":"SMITH"},{"data":"Defend_G","floor":23,"key":"SMITH"},{"data":"Strike_G","floor":25,"key":"SMITH"},{"data":"Defend_G","floor":28,"key":"SMITH"},{"data":"InherentArray:ReiMu","floor":32,"key":"SMITH"},{"data":"Strike_G","floor":40,"key":"SMITH"},{"data":"Defend_G","floor":49,"key":"SMITH"}],"circlet_count":0,"master_deck":["Strike_G+1","Strike_G+1","Strike_G","Strike_G+1","Defend_G+1","Defend_G+1","Defend_G+1","Defend_G+1","Survivor+1","Neutralize+1","Koishi:Whimsy+1","Koishi:EmbryosDream+1","InherentArray:ReiMu+1"],"relics":["Ring of the Snake","REME:ComplimentaryCards","DaveBox","HaiYi:Twilight","Turnip","reliquary:TuningFork","SynthV:TestCard","SynthV:MejaisSoulstealer","Meat on the Bone","Kunai","reliquary:KillPill","reliquary:ExpiredCoupon","reliquary:Sideboard","FeatherPendant","Oddly Smooth Stone","reliquary:SilkGlove","Akabeko","Lizard Tail","Darkstone Periapt","StrikeDummy","Toy Ornithopter","ExusiaiGun","Singing Bowl","Letter Opener","Tea:ReiMu","Matryoshka","Blood Vial","Juzu Bracelet","White Beast Statue","reliquary:Buckler","reliquary:Stiletto","Omamori","Black Star"],"acts_visited":["Exordium","TheCity","TheBeyond","Exordium"],"potions_floor_usage":[16,33,33,44,44,46,47],"damage_taken":[{"damage":0,"enemies":"Cultist","floor":1,"turns":4},{"damage":0,"enemies":"2 Louse","floor":3,"turns":2},{"damage":0,"enemies":"Jaw Worm","floor":5,"turns":2},{"damage":0,"enemies":"Gremlin Nob","floor":7,"turns":3},{"damage":0,"enemies":"Red Slaver","floor":10,"turns":2},{"damage":9,"enemies":"Hexaghost","floor":16,"turns":7},{"damage":0,"enemies":"Shell Parasite","floor":18,"turns":2},{"damage":0,"enemies":"Chosen","floor":19,"turns":2},{"damage":0,"enemies":"Shelled Parasite and Fungi","floor":21,"turns":1},{"damage":0,"enemies":"3 Cultists","floor":24,"turns":2},{"damage":0,"enemies":"Book of Stabbing","floor":27,"turns":3},{"damage":0,"enemies":"Sentry and Sphere","floor":31,"turns":2},{"damage":0,"enemies":"Champ","floor":33,"turns":6},{"damage":0,"enemies":"Orb Walker","floor":35,"turns":1},{"damage":0,"enemies":"3 Darklings","floor":36,"turns":2},{"damage":0,"enemies":"Writhing Mass","floor":37,"turns":1},{"damage":0,"enemies":"Giant Head","floor":41,"turns":3},{"damage":0,"enemies":"Spire Growth","floor":42,"turns":1},{"damage":0,"enemies":"Reptomancer","floor":44,"turns":1},{"damage":0,"enemies":"Jaw Worm Horde","floor":45,"turns":1},{"damage":0,"enemies":"3 Darklings","floor":46,"turns":1},{"damage":0,"enemies":"Writhing Mass","floor":47,"turns":1},{"damage":0,"enemies":"Time Eater","floor":50,"turns":3},{"damage":0,"enemies":"Cultist","floor":52,"turns":1}],"seed_played":"-6631175371882494546","potions_obtained":[{"floor":10,"key":"ColorlessPotion"},{"floor":16,"key":"Block Potion"},{"floor":21,"key":"SkillPotion"},{"floor":27,"key":"Explosive Potion"},{"floor":31,"key":"EssenceOfSteel"},{"floor":36,"key":"Explosive Potion"},{"floor":37,"key":"Explosive Potion"},{"floor":44,"key":"ZuzhouPotion:ReiMu"},{"floor":45,"key":"DuplicationPotion"},{"floor":46,"key":"Swift Potion"},{"floor":47,"key":"Energy Potion"},{"floor":50,"key":"Strength Potion"}],"is_trial":true,"path_per_floor":["M","$","M","?","M","R","E","R","T","M","R","?","$","$","R","B",null,"M","M","?","M","?","R","M","R","T","E","R","T","?","M","R","B",null,"M","M","M","$","?","R","E","M","T","E","M","M","M","$","R","B",null,"M"],"character_chosen":"THE_SILENT","items_purchased":["SynthV:MejaisSoulstealer"],"campfire_rested":0,"item_purchase_floors":[2],"current_hp_per_floor":[70,70,70,70,70,70,70,70,70,70,70,59,59,59,59,50,70,70,70,70,70,70,70,70,70,70,70,70,70,70,70,70,70,70,70,70,70,70,70,70,72,72,72,72,72,72,72,72,72,74,74,74,74],"gold":-501,"neow_bonus":"","is_daily":false,"chose_seed":false,"campfire_upgraded":10,"win_rate":0.0,"timestamp":1614254533,"path_taken":["M","?","M","?","M","R","E","R","T","M","R","?","?","$","R","BOSS","M","M","?","M","?","R","M","R","T","E","R","?","?","M","R","BOSS","M","M","?","?","?","R","E","?","T","E","M","M","M","$","R","BOSS","M"],"items_purchased_type":["Relic"],"build_version":"2020-12-22","purchased_purges":1,"victory":false,"max_hp_per_floor":[70,70,70,70,70,70,70,70,70,70,70,70,70,70,70,70,70,70,70,70,70,70,70,70,70,70,70,70,70,70,70,70,70,70,70,70,70,70,70,70,72,72,72,72,72,72,72,72,72,74,74,74,74],"card_choices":[{"not_picked":["OctopathBindingBorder2:ReiMu","Quick Slash","Koishi:FourthEye","Endless Agony"],"picked":"Koishi:EmbryosDream","floor":7},{"not_picked":["Secret Technique","Venomology","Koishi:GrowingPain","Magnetism"],"picked":"Koishi:RollingInRichesHeart","floor":16},{"not_picked":["Koishi:SubterraneanRose+1","Choke","Finisher","Dreaming2:ReiMu+1","Sucker Punch"],"picked":"SKIP","floor":27},{"not_picked":["Glass Knife","Phantasmal Killer","Corpse Explosion","A Thousand Cuts"],"picked":"MostiFishMod:Kaleido","floor":33},{"not_picked":["Meditation:ReiMu","Escape Plan+1","Koishi:FourthEye+1","Catalyst+1","Eviscerate"],"picked":"Singing Bowl","floor":41},{"not_picked":["MostiFishMod:InvigoratingSolution+1","Prepared+1","Koishi:MindNumbingTerror","Revelation:ReiMu"],"picked":"Koishi:StingingMind","floor":44},{"not_picked":["Magnetism","A Thousand Cuts","MostiFishMod:ForestofLight","Koishi:ConditionedTeleport","Storm of Steel"],"picked":"Singing Bowl","floor":50}],"player_experience":154151,"relics_obtained":[{"floor":1,"key":"reliquary:TuningFork"},{"floor":1,"key":"SynthV:TestCard"},{"floor":3,"key":"Meat on the Bone"},{"floor":5,"key":"Kunai"},{"floor":7,"key":"reliquary:KillPill"},{"floor":9,"key":"reliquary:ExpiredCoupon"},{"floor":10,"key":"reliquary:Sideboard"},{"floor":18,"key":"Oddly Smooth Stone"},{"floor":19,"key":"reliquary:SilkGlove"},{"floor":21,"key":"Akabeko"},{"floor":24,"key":"Lizard Tail"},{"floor":26,"key":"Darkstone Periapt"},{"floor":27,"key":"StrikeDummy"},{"floor":31,"key":"Toy Ornithopter"},{"floor":35,"key":"Singing Bowl"},{"floor":36,"key":"Letter Opener"},{"floor":37,"key":"Tea:ReiMu"},{"floor":41,"key":"Matryoshka"},{"floor":42,"key":"Blood Vial"},{"floor":43,"key":"Juzu Bracelet"},{"floor":43,"key":"White Beast Statue"},{"floor":44,"key":"reliquary:Buckler"},{"floor":45,"key":"reliquary:Stiletto"},{"floor":47,"key":"Omamori"}],"event_choices":[{"damage_healed":0,"gold_gain":0,"player_choice":"Ignored","damage_taken":0,"max_hp_gain":0,"max_hp_loss":0,"event_name":"Liars Game","floor":4,"gold_loss":0},{"damage_healed":0,"gold_gain":75,"player_choice":"Gather Gold","damage_taken":11,"max_hp_gain":0,"max_hp_loss":0,"event_name":"World of Goop","floor":12,"gold_loss":0},{"damage_healed":0,"gold_gain":0,"player_choice":"Ignored","damage_taken":0,"max_hp_gain":0,"max_hp_loss":0,"event_name":"Ghosts","floor":20,"gold_loss":0},{"damage_healed":0,"gold_gain":0,"cards_transformed":["Strike_G"],"player_choice":"Transformed","damage_taken":0,"max_hp_gain":0,"max_hp_loss":0,"event_name":"Transmorgrifier","floor":30,"gold_loss":0,"cards_obtained":["InherentArray:ReiMu"]},{"damage_healed":0,"gold_gain":100,"player_choice":"Pray","damage_taken":0,"max_hp_gain":0,"max_hp_loss":0,"event_name":"Golden Shrine","floor":39,"gold_loss":0}],"is_beta":false,"boss_relics":[{"not_picked":["SacredBark","HereWithMe"],"picked":"FeatherPendant"},{"not_picked":["PatriotShield","xbg"],"picked":"ExusiaiGun"},{"not_picked":["Pandora\u0027s Box","SlaversCollar"],"picked":"Black Star"}],"items_purged_floors":[2],"is_endless":true,"potions_floor_spawned":[10,16,21,27,31,36,37,42,44,45,46,47,50,52],"killed_by":"Cultist","ascension_level":0}}