{"host":"onk0sru1v5nf4gev","time":1614287126,"event":{"mods":["AchievementEnabler","BaseMod","Colored Map","Colored Powertips","Downfall","Googly Eyes","Infinite Spire","Minty Spire (QoL Compilation)","Quick Restart","Replay The Spire","StSLib","SuperFastMode","The Cursed"],"gold_per_floor":[116,116,129,143,166,166,189,189,216,231,231,247,52,76,76,204,204,229,229,229,242,266,266,285,285,285,285,285,304,323,323,323,323,323],"floor_reached":33,"language":"FRA","playtime":1216,"items_purged":[],"score":243,"play_id":"d7bbab27-e874-4c5e-9456-1edb104adf77","local_time":"20210225220526","is_ascension_mode":false,"campfire_choices":[{"data":"Infinite Blades","floor":6.0,"key":"SMITH"},{"data":"Infinite Blades","floor":8.0,"key":"SMITH"},{"floor":23,"key":"REST"},{"floor":25,"key":"REST"},{"floor":27,"key":"REST"},{"floor":32,"key":"REST"}],"circlet_count":0,"master_deck":["Strike_G","Strike_G","Strike_G","Strike_G","Strike_G","Defend_G","Defend_G","Defend_G+1","Defend_G","Defend_G","Survivor+1","Neutralize","CurseOfTheBell","Blade Dance","Eviscerate","Infinite Blades+1","Infinite Blades+1","All Out Attack+1","Backflip","Infinite Blades+1","Flying Knee","Night Terror","Accuracy","Necronomicurse","infinitespire:Punishment","Skewer","Blade Dance","ReplayTheSpireMod:Shiv Toss+1","Cloak And Dagger"],"relics":["Calling Bell","War Paint","Pear","Tingsha","Golden Idol","Vajra","Centennial Puzzle","DollysMirror","Sozu","Necronomicon","Gremlin Horn"],"acts_visited":["Exordium","TheCity"],"potions_floor_usage":[16,16,22],"damage_taken":[{"damage":3.0,"enemies":"Small Slimes","floor":1.0,"turns":4.0},{"damage":0.0,"enemies":"Jaw Worm","floor":3.0,"turns":3.0},{"damage":8.0,"enemies":"Cultist","floor":4.0,"turns":4.0},{"damage":6.0,"enemies":"Red Slaver","floor":5.0,"turns":5.0},{"damage":9.0,"enemies":"Blue Slaver","floor":7.0,"turns":4.0},{"damage":5.0,"enemies":"Exordium Wildlife","floor":10.0,"turns":4.0},{"damage":5.0,"enemies":"2 Fungi Beasts","floor":12.0,"turns":2.0},{"damage":7.0,"enemies":"Blue Slaver","floor":14.0,"turns":3.0},{"damage":28,"enemies":"Hexaghost","floor":16,"turns":8},{"damage":10,"enemies":"Chosen","floor":18,"turns":3},{"damage":20,"enemies":"3 Byrds","floor":21,"turns":3},{"damage":2,"enemies":"Sentry and Sphere","floor":22,"turns":3},{"damage":21,"enemies":"Snake Plant","floor":24,"turns":2},{"damage":7,"enemies":"Centurion and Healer","floor":29,"turns":3},{"damage":17,"enemies":"Sentry and Sphere","floor":30,"turns":4},{"damage":70,"enemies":"Pondfish","floor":33,"turns":7}],"seed_played":"-5788340134685292284","potions_obtained":[{"floor":1.0,"key":"Explosive Potion"},{"floor":5.0,"key":"Swift Potion"},{"floor":10.0,"key":"Dexterity Potion"},{"floor":12.0,"key":"Reflective Coating"},{"floor":14.0,"key":"Slimebound:ThreeZeroPotion"}],"is_trial":false,"path_per_floor":["M","?","M","M","M","R","M","R","T","M","?","M","$","M","R_BF","B",null,"M","?","AVR","M","M","R","M","R","T","R","?","M","M","?","R","B"],"character_chosen":"THE_SILENT","items_purchased":["DollysMirror","Fire Potion"],"campfire_rested":4,"item_purchase_floors":[13,13],"current_hp_per_floor":[77,74,74,66,60,60,51,51,51,46,43,38,38,31,53,25,74,64,48,48,28,26,48,27,49,49,71,71,64,47,47,69,0,0],"gold":323,"neow_bonus":"BOSS_RELIC","is_daily":false,"chose_seed":false,"campfire_upgraded":2,"win_rate":0.0,"timestamp":1614287126,"path_taken":["M","?","M","M","M","R","M","R","T","M","?","?","$","M","R_BF","BOSS","M","?","AVR","M","M","R","M","R","T","R","?","M","?","?","R","BOSS"],"items_purchased_type":["Relic","Potion"],"build_version":"2020-12-22","purchased_purges":0,"victory":false,"max_hp_per_floor":[80,74,74,74,74,74,74,74,74,74,74,74,74,74,74,74,74,74,74,74,74,74,74,74,74,74,74,74,74,74,74,74,74,74],"card_choices":[{"not_picked":["Underhanded Strike","Poisoned Stab"],"picked":"Blade Dance","floor":1.0},{"not_picked":["Distraction","Slice"],"picked":"Eviscerate","floor":3.0},{"not_picked":["Calculated Gamble","Bane"],"picked":"Infinite Blades","floor":4.0},{"not_picked":["Bane","ReplayTheSpireMod:The Works"],"picked":"Infinite Blades","floor":5.0},{"not_picked":["Escape Plan","Prepared"],"picked":"All Out Attack","floor":7.0},{"not_picked":["Calculated Gamble","Quick Slash"],"picked":"Backflip","floor":10.0},{"not_picked":["Draining Mist","Endless Agony","Riddle With Holes"],"picked":"SKIP","floor":12.0},{"not_picked":["Finisher","Calculated Gamble"],"picked":"Flying Knee","floor":14.0},{"not_picked":["Envenom","Replay:Bag of Tricks"],"picked":"Night Terror","floor":16},{"not_picked":["Deadly Poison+1","Dagger Spray"],"picked":"Accuracy","floor":18},{"not_picked":["Endless Agony","Poisoned Stab","Deadly Poison+1"],"picked":"SKIP","floor":21},{"not_picked":["Deadly Poison","Masterful Stab"],"picked":"Skewer","floor":22},{"not_picked":["Deadly Poison","PiercingWail"],"picked":"Blade Dance","floor":24},{"not_picked":["Deadly Poison+1","Setup"],"picked":"ReplayTheSpireMod:Shiv Toss+1","floor":29},{"not_picked":["Dodge and Roll+1","Blade Dance"],"picked":"Cloak And Dagger","floor":30}],"player_experience":310681,"relics_obtained":[{"floor":0.0,"key":"War Paint"},{"floor":0.0,"key":"Pear"},{"floor":0.0,"key":"Tingsha"},{"floor":9.0,"key":"Vajra"},{"floor":19,"key":"Necronomicon"},{"floor":26,"key":"Gremlin Horn"}],"event_choices":[{"damage_healed":0.0,"max_hp_gain":0.0,"max_hp_loss":6.0,"gold_gain":0.0,"event_name":"Golden Idol","player_choice":"Lose Max HP","floor":2.0,"gold_loss":0.0,"damage_taken":0.0,"relics_obtained":["Golden Idol"]},{"damage_healed":0.0,"max_hp_gain":0.0,"max_hp_loss":0.0,"gold_gain":0.0,"event_name":"Scrap Ooze","player_choice":"Success","floor":11.0,"gold_loss":0.0,"damage_taken":3.0,"relics_obtained":["Centennial Puzzle"]},{"damage_healed":0,"gold_gain":0,"player_choice":"Obtained Book","damage_taken":16,"max_hp_gain":0,"max_hp_loss":0,"event_name":"Cursed Tome","floor":19,"gold_loss":0},{"damage_healed":0,"gold_gain":0,"player_choice":"Ignored","damage_taken":0,"max_hp_gain":0,"max_hp_loss":0,"event_name":"Ghosts","floor":28,"gold_loss":0},{"damage_healed":0,"gold_gain":0,"player_choice":"Ignored","damage_taken":0,"max_hp_gain":0,"max_hp_loss":0,"event_name":"The Mausoleum","floor":31,"gold_loss":0}],"is_beta":false,"boss_relics":[{"not_picked":["Astrolabe","Ring of Chaos"],"picked":"Sozu"}],"items_purged_floors":[],"is_endless":false,"potions_floor_spawned":[1,5,10,12,14,21,24,30],"killed_by":"Pondfish","ascension_level":0}}