{"host":"zxd2l8an9de7z7b9","time":1614267501,"event":{"mods":["100% Spire Juice","2.2 Compatiblity","AchievementEnabler","BaseMod","CapriCore","Colored Map","Colored Powertips","Marisa£¨Ùöéë¡¡Øª×âÞÞ£©","Minty Spire (QoL Compilation)","Rare Cards Sparkle","StSLib","SuperFastMode","Td1madao Mod","everything is the same but u backflip on backflip"],"gold_per_floor":[109,109,109,34,54,54,79,79,79,79,96,96,110,128,128,128,128],"floor_reached":16,"language":"KOR","playtime":346,"items_purged":["Defend_B"],"score":100,"play_id":"5ac67e29-55f4-400e-b0bf-1e56a23a9459","local_time":"20210226003821","is_ascension_mode":false,"campfire_choices":[{"data":"Beam Cell","floor":6.0,"key":"SMITH"},{"floor":8.0,"key":"DIG"},{"floor":12.0,"key":"DIG"},{"floor":15.0,"key":"DIG"}],"circlet_count":0,"master_deck":["Strike_B","Strike_B","Strike_B","Defend_B","Defend_B","Defend_B","Zap","Dualcast","Beam Cell+1","Skim","Turbo","Hologram","Skim"],"relics":["Cracked Core","Anchor","Shovel","Unceasing Top","Centennial Puzzle","CaptainsWheel","Regal Pillow"],"acts_visited":["Exordium"],"potions_floor_usage":[16,16],"damage_taken":[{"damage":0.0,"enemies":"Small Slimes","floor":1.0,"turns":3.0},{"damage":0.0,"enemies":"2 Louse","floor":5.0,"turns":1.0},{"damage":31.0,"enemies":"3 Sentries","floor":7.0,"turns":8.0},{"damage":0.0,"enemies":"Jaw Worm","floor":11.0,"turns":2.0},{"damage":0.0,"enemies":"2 Fungi Beasts","floor":13.0,"turns":3.0},{"damage":1.0,"enemies":"Large Slime","floor":14.0,"turns":4.0},{"damage":42,"enemies":"The Guardian","floor":16,"turns":10}],"seed_played":"-1807948887697651840","potions_obtained":[{"floor":5.0,"key":"Energy Potion"},{"floor":7.0,"key":"Block Potion"},{"floor":13.0,"key":"Fruit Juice"},{"floor":14.0,"key":"GamblersBrew"}],"is_trial":false,"path_per_floor":["M","?","?","$","M","R","E","R","T","T","M","R","M","M","R","B"],"character_chosen":"DEFECT","items_purchased":[],"campfire_rested":0,"item_purchase_floors":[],"current_hp_per_floor":[75,68,73,73,73,73,42,42,42,42,42,42,47,46,46,4,4],"gold":128,"neow_bonus":"RANDOM_COMMON_RELIC","is_daily":false,"chose_seed":true,"campfire_upgraded":1,"win_rate":0.0,"timestamp":1614267501,"path_taken":["M","?","?","$","M","R","E","R","T","?","M","R","M","M","R","BOSS"],"items_purchased_type":[],"build_version":"2020-12-22","purchased_purges":1,"victory":false,"max_hp_per_floor":[75,75,80,80,80,80,80,80,80,80,80,80,85,85,85,85,85],"card_choices":[{"not_picked":["Steam","Barrage"],"picked":"Beam Cell","floor":1.0},{"not_picked":["Blizzard","Defragment"],"picked":"Skim","floor":5.0},{"not_picked":["Redo","Defragment","Go for the Eyes"],"picked":"SKIP","floor":7.0},{"not_picked":["Redo","Defragment","Go for the Eyes"],"picked":"SKIP","floor":7.0},{"not_picked":["Chaos","Beam Cell"],"picked":"Turbo","floor":11.0},{"not_picked":["Turbo","Melter"],"picked":"Hologram","floor":13.0},{"not_picked":["Rebound","Hologram"],"picked":"Skim","floor":14.0}],"player_experience":479873,"relics_obtained":[{"floor":7.0,"key":"Shovel"},{"floor":8.0,"key":"Unceasing Top"},{"floor":9.0,"key":"Centennial Puzzle"},{"floor":10.0,"key":"CaptainsWheel"},{"floor":15.0,"key":"Regal Pillow"}],"event_choices":[{"cards_removed":["Strike_B"],"damage_healed":0.0,"max_hp_gain":0.0,"max_hp_loss":0.0,"gold_gain":0.0,"event_name":"Golden Wing","player_choice":"Card Removal","floor":2.0,"gold_loss":0.0,"damage_taken":7.0},{"damage_healed":0.0,"max_hp_gain":5.0,"max_hp_loss":0.0,"gold_gain":0.0,"event_name":"Big Fish","player_choice":"Donut","floor":3.0,"gold_loss":0.0,"damage_taken":0.0}],"is_beta":false,"boss_relics":[],"items_purged_floors":[4],"is_endless":false,"potions_floor_spawned":[5,7,13,14],"killed_by":"The Guardian","ascension_level":0}}