{"host":"iv24d026eac8pm4e","time":1614285905,"event":{"mods":["BaseMod","Minty Spire (QoL Compilation)"],"gold_per_floor":[111,122,138,148,298,298,325,325,370,380,380,380,380,409,409,409,409],"floor_reached":16,"language":"ENG","playtime":405,"items_purged":[],"score":204,"play_id":"703a78b7-6608-41df-83a2-e2585906df12","local_time":"20210225124505","is_ascension_mode":true,"campfire_choices":[{"data":"Conserve Battery","floor":6,"key":"SMITH"},{"floor":11,"key":"REST"},{"floor":13,"key":"REST"},{"data":"Zap","floor":15,"key":"SMITH"}],"circlet_count":0,"master_deck":["AscendersBane","Strike_B","Strike_B","Strike_B","Defend_B","Defend_B","Defend_B","Defend_B","Zap+1","Dualcast","Cold Snap","Compile Driver","Cold Snap","Conserve Battery+1","Doubt","BootSequence","Sweeping Beam","Conserve Battery"],"relics":["Cracked Core","Smiling Mask","Singing Bowl","DataDisk","Blood Vial"],"acts_visited":["Exordium"],"potions_floor_usage":[4,14,16],"damage_taken":[{"damage":1,"enemies":"Cultist","floor":1,"turns":3},{"damage":5,"enemies":"Jaw Worm","floor":2,"turns":4},{"damage":0,"enemies":"Small Slimes","floor":3,"turns":2},{"damage":6,"enemies":"3 Louse","floor":4,"turns":2},{"damage":25,"enemies":"Lagavulin","floor":7,"turns":9},{"damage":24,"enemies":"Gremlin Gang","floor":10,"turns":5},{"damage":11,"enemies":"3 Sentries","floor":14,"turns":7},{"damage":32,"enemies":"Slime Boss","floor":16,"turns":3}],"seed_played":"1733658812733760311","potions_obtained":[{"floor":2,"key":"GamblersBrew"},{"floor":3,"key":"AttackPotion"},{"floor":14,"key":"Fruit Juice"}],"is_trial":false,"path_per_floor":["M","M","M","M","?","R","E","?","T","M","R","?","R","E","R","B"],"character_chosen":"DEFECT","items_purchased":[],"campfire_rested":2,"item_purchase_floors":[],"current_hp_per_floor":[63,58,58,52,52,52,27,27,27,5,26,8,29,23,23,0,0],"gold":409,"neow_bonus":"RANDOM_COMMON_RELIC","is_daily":false,"chose_seed":false,"campfire_upgraded":2,"win_rate":0.0,"timestamp":1614285905,"path_taken":["M","M","?","M","?","R","E","?","T","M","R","?","R","E","R","BOSS"],"items_purchased_type":[],"build_version":"2020-12-22","purchased_purges":0,"victory":false,"max_hp_per_floor":[71,71,71,71,71,71,71,71,71,73,73,73,73,78,78,78,78],"card_choices":[{"not_picked":["Barrage","Rebound"],"picked":"Cold Snap","floor":1},{"not_picked":["Reprogram","Leap"],"picked":"Compile Driver","floor":2},{"not_picked":["Sunder","Redo"],"picked":"Cold Snap","floor":3},{"not_picked":["Chaos","Cold Snap"],"picked":"Conserve Battery","floor":4},{"not_picked":["Force Field","Reboot"],"picked":"BootSequence","floor":7},{"not_picked":["Gash","Steam","Streamline"],"picked":"Singing Bowl","floor":10},{"not_picked":["Reprogram","Sweeping Beam"],"picked":"Conserve Battery","floor":14}],"player_experience":2633803,"relics_obtained":[{"floor":7,"key":"Singing Bowl"},{"floor":9,"key":"DataDisk"},{"floor":14,"key":"Blood Vial"}],"event_choices":[{"damage_healed":0,"gold_gain":150,"player_choice":"AGREE","damage_taken":0,"max_hp_gain":0,"max_hp_loss":0,"event_name":"Liars Game","floor":5,"gold_loss":0,"cards_obtained":["Doubt"]},{"damage_healed":0,"gold_gain":0,"cards_transformed":["Strike_B"],"player_choice":"Change","damage_taken":0,"max_hp_gain":0,"max_hp_loss":0,"event_name":"Living Wall","floor":8,"gold_loss":0,"cards_obtained":["Sweeping Beam"]},{"damage_healed":0,"gold_gain":0,"player_choice":"Fled","damage_taken":18,"max_hp_gain":0,"max_hp_loss":0,"event_name":"Scrap Ooze","floor":12,"gold_loss":0}],"is_beta":false,"boss_relics":[],"items_purged_floors":[],"is_endless":false,"potions_floor_spawned":[2,3,14],"killed_by":"Slime Boss","ascension_level":17}}