{"host":"8anmd7ibyxevnonj","time":1614270207,"event":{"mods":["BaseMod","Curses Come First","Downfall","Minty Spire (QoL Compilation)","Reliquary","StSLib"],"gold_per_floor":[99,118,118,118,132,165,214,249,88,100,128,143,143,160,175,280,280,280,292,38,54,67,67,145,165,191,211,211,224,256,2,13,118,168,168,184,184,194,388,388,388,388,443,443,469,485,485,517,528,528],"floor_reached":51,"language":"ENG","playtime":5794,"items_purged":[],"score":830,"play_id":"dce06113-a760-41dd-9c3c-98b91cf9fc72","local_time":"20210225172327","is_ascension_mode":true,"campfire_choices":[{"data":"champ:Execute","floor":1,"key":"SMITH"},{"data":"champ:UltimateStance","floor":13,"key":"SMITH"},{"data":"champ:GladiatorForm","floor":18,"key":"SMITH"},{"data":"champ:Taunt","floor":23,"key":"SMITH"},{"data":"champ:ShieldWall","floor":28,"key":"SMITH"},{"data":"champ:ArenaPreparation","floor":35,"key":"SMITH"},{"floor":42,"key":"RECALL"},{"data":"champ:ShieldWall","floor":44,"key":"SMITH"},{"data":"champ:SwordSigil","floor":47,"key":"SMITH"}],"circlet_count":0,"master_deck":["champ:Strike","champ:Strike","champ:Strike","champ:Defend","champ:Defend","champ:Defend","champ:Defend","champ:Execute+1","champ:Taunt+1","champ:DeathBlow","champ:EnchantSword","champ:PreciseThrust","champ:FocusedDefense","champ:EnchantCrown","champ:ArenaPreparation+1","champ:SwordSigil+1","champ:UltimateStance+1","champ:EndlessRage","champ:SetATrap","champ:RageSigil","champ:GladiatorForm+1","champ:FlashCut","champ:AdrenalArmor+1","expansioncontent:AwakenDeath","champ:CalledShot+1","champ:FocusedBerserking+1","champ:ShieldWall+1","champ:PreciseThrust","champ:BladeFlurry+1","champ:CheapShot+1","champ:Endure+1","champ:RisingSlash","champ:CrownThrow+1","champ:TripleStrike","champ:FaceSlap","champ:TornadoPunch+1","champ:Haymaker+1","champ:ShieldWall+1","expansioncontent:AwakenDeath","sneckomod:UnendingSupply+1","Guardian:ChargeUp+1","champ:RisingSlash","expansioncontent:PrepareCrush+1"],"relics":["champ:ChampionCrown","downfall:ShatteredFragment","Darkstone Periapt","Calipers","Pear","Bag of Preparation","reliquary:SharkskinSheath","reliquary:RedCape","champ:BerserkersGuideToSlaughter","HornCleat","Anchor","reliquary:Boomerang","reliquary:BallBearing","Tiny House","PrismaticShard","Bird Faced Urn","Thread and Needle","reliquary:PurpleTingedLeaf","Shuriken"],"acts_visited":["Exordium","TheCity","TheBeyond"],"potions_floor_usage":[11,26,36,43,50],"damage_taken":[{"damage":10,"enemies":"2 Louse","floor":2,"turns":2},{"damage":20,"enemies":"Cultist","floor":5,"turns":3},{"damage":51,"enemies":"Lagavulin","floor":6,"turns":5},{"damage":25,"enemies":"3 Sentries","floor":8,"turns":6},{"damage":20,"enemies":"downfall:FleeingMerchant","floor":9,"turns":4},{"damage":40,"enemies":"Jaw Worm","floor":10,"turns":2},{"damage":23,"enemies":"Gremlin Nob","floor":11,"turns":3},{"damage":0,"enemies":"Exordium Wildlife","floor":12,"turns":3},{"damage":27,"enemies":"Blue Slaver","floor":14,"turns":3},{"damage":25,"enemies":"2 Fungi Beasts","floor":15,"turns":2},{"damage":73,"enemies":"WA_ARCHETYPE_RETAIN","floor":16,"turns":7},{"damage":25,"enemies":"Chosen","floor":19,"turns":4},{"damage":50,"enemies":"downfall:FleeingMerchant","floor":20,"turns":4},{"damage":23,"enemies":"Shell Parasite","floor":21,"turns":4},{"damage":79,"enemies":"Snake Plant","floor":22,"turns":4},{"damage":50,"enemies":"Centurion and Healer","floor":25,"turns":4},{"damage":101,"enemies":"Slavers","floor":26,"turns":3},{"damage":19,"enemies":"Snecko","floor":27,"turns":4},{"damage":32,"enemies":"3 Cultists","floor":29,"turns":4},{"damage":70,"enemies":"Gremlin Leader","floor":30,"turns":5},{"damage":70,"enemies":"downfall:FleeingMerchant","floor":31,"turns":5},{"damage":50,"enemies":"Cultist and Chosen","floor":32,"turns":3},{"damage":72,"enemies":"DF_ARCHETYPE_CLAW","floor":33,"turns":7},{"damage":20,"enemies":"Orb Walker","floor":36,"turns":3},{"damage":50,"enemies":"3 Darklings","floor":38,"turns":5},{"damage":0,"enemies":"downfall:FleeingMerchant","floor":39,"turns":1},{"damage":24,"enemies":"2 Orb Walkers","floor":43,"turns":4},{"damage":70,"enemies":"Reptomancer","floor":45,"turns":6},{"damage":45,"enemies":"Jaw Worm Horde","floor":46,"turns":4},{"damage":22,"enemies":"Nemesis","floor":48,"turns":7},{"damage":25,"enemies":"Writhing Mass","floor":49,"turns":4},{"damage":290,"enemies":"IC_BLOCK_ARCHETYPE","floor":50,"turns":8}],"seed_played":"1717802810489133253","potions_obtained":[{"floor":5,"key":"Energy Potion"},{"floor":6,"key":"champ:OpenerPotion"},{"floor":11,"key":"EssenceOfSteel"},{"floor":15,"key":"hexamod:SoulburnPotion"},{"floor":16,"key":"Slimebound:ThreeZeroPotion"},{"floor":21,"key":"ColorlessPotion"},{"floor":26,"key":"Slimebound:ThreeZeroPotion"},{"floor":33,"key":"FairyPotion"},{"floor":38,"key":"SkillPotion"},{"floor":45,"key":"AttackPotion"},{"floor":46,"key":"AttackPotion"},{"floor":48,"key":"champ:UltimateStancePotion"}],"is_trial":false,"path_per_floor":["R","M","?","?","M","E","T","E","$","M","E","M","R","M","M","B",null,"R","M","$","M","M","R","T","M","E","M","R","M","E","$","M","B",null,"R","M","?","M","$","?","T","R","?","R","E","M","R","E","M","B",null],"character_chosen":"THE_CHAMP","items_purchased":["Bag of Preparation","champ:BerserkersGuideToSlaughter","expansioncontent:AwakenDeath","reliquary:BallBearing","PrismaticShard"],"campfire_rested":0,"item_purchase_floors":[9,20,20,31,39],"current_hp_per_floor":[99,99,72,72,72,51,51,56,56,56,53,53,53,51,51,36,109,109,109,109,109,109,109,109,109,83,89,89,92,77,87,97,90,114,114,114,114,104,104,104,104,104,91,91,87,91,91,89,101,28],"gold":528,"neow_bonus":"TEN_PERCENT_HP_BONUS","is_daily":false,"chose_seed":false,"campfire_upgraded":8,"win_rate":0.0,"timestamp":1614270207,"path_taken":["R","M","?","?","?","E","T","E","$","M","E","M","R","M","M","BOSS","R","M","$","M","M","R","T","?","E","M","R","M","E","$","M","BOSS","R","M","?","M","$","?","T","R","?","R","E","M","R","E","M","BOSS"],"items_purchased_type":["Relic","Relic","Card","Relic","Relic"],"build_version":"2020-12-13","purchased_purges":0,"victory":true,"max_hp_per_floor":[99,99,99,99,99,99,99,109,109,109,109,109,109,109,109,109,109,109,109,109,109,109,109,109,109,109,109,109,109,109,109,109,109,114,114,114,114,114,114,114,114,114,114,114,114,114,114,114,114,114],"card_choices":[{"not_picked":["champ:Circumvent","champ:FocusedBerserking"],"picked":"champ:DeathBlow","floor":2},{"not_picked":["champ:DefensiveShout","champ:Shatter"],"picked":"champ:PreciseThrust","floor":5},{"not_picked":["champ:RageSigil","champ:Backstep"],"picked":"champ:FocusedDefense","floor":6},{"not_picked":["champ:ShieldThrow","champ:PreemptiveStrike"],"picked":"champ:EnchantCrown","floor":8},{"not_picked":["champ:PerfectedStrike","champ:Encircle"],"picked":"champ:ArenaPreparation","floor":9},{"not_picked":["champ:BladeFlurry","champ:Haymaker"],"picked":"champ:SwordSigil","floor":10},{"not_picked":["champ:Encircle","champ:Haymaker"],"picked":"champ:UltimateStance","floor":11},{"not_picked":["champ:Parry","champ:Haymaker"],"picked":"champ:EndlessRage","floor":12},{"not_picked":["champ:BerserkersShout","champ:PreciseThrust"],"picked":"champ:SetATrap","floor":14},{"not_picked":["champ:Shatter","champ:FaceSlap"],"picked":"champ:RageSigil","floor":15},{"not_picked":["champ:UltimateStance","champ:ShieldThrow"],"picked":"champ:GladiatorForm","floor":16},{"not_picked":["champ:PerfectedStrike","champ:Backstep"],"picked":"champ:FlashCut","floor":19},{"not_picked":["champ:BerserkerStyle","champ:CrownThrow"],"picked":"champ:AdrenalArmor+1","floor":20},{"not_picked":["champ:Backstep","champ:ArenaPreparation"],"picked":"champ:CalledShot+1","floor":21},{"not_picked":["champ:SetATrap+1","champ:GutPunch"],"picked":"champ:FocusedBerserking+1","floor":22},{"not_picked":["champ:AdrenalArmor","champ:Endure"],"picked":"champ:ShieldWall","floor":25},{"not_picked":["champ:Circumvent","champ:RecklessLeap"],"picked":"champ:PreciseThrust","floor":26},{"not_picked":["champ:BringItOn","champ:StanceDance"],"picked":"champ:BladeFlurry+1","floor":27},{"not_picked":["champ:PreciseThrust","champ:FancyFootwork"],"picked":"champ:CheapShot","floor":29},{"not_picked":["champ:Backstep","champ:ShieldSigil"],"picked":"champ:Endure+1","floor":30},{"not_picked":["champ:AdrenalArmor","champ:Circumvent"],"picked":"champ:RisingSlash","floor":31},{"not_picked":["champ:PreciseThrust","champ:FanOfKnives"],"picked":"champ:CrownThrow+1","floor":32},{"not_picked":["champ:LastStand","champ:CheapShot"],"picked":"champ:TripleStrike","floor":33},{"not_picked":["champ:Shatter","champ:PreciseThrust"],"picked":"champ:FaceSlap","floor":34},{"not_picked":["champ:Parry+1","champ:FlashCut"],"picked":"champ:TornadoPunch+1","floor":36},{"not_picked":["champ:FlashCut+1","champ:FanOfKnives+1"],"picked":"champ:Haymaker+1","floor":38},{"not_picked":["champ:TornadoPunch","champ:Shatter"],"picked":"champ:ShieldWall","floor":39},{"not_picked":["expansioncontent:Hexaburn","expansioncontent:GuardianWhirl"],"picked":"expansioncontent:AwakenDeath","floor":40},{"not_picked":["SignatureMove","champ:TornadoPunch"],"picked":"sneckomod:UnendingSupply+1","floor":43},{"not_picked":["champ:EnchantSword","Scrape"],"picked":"Guardian:ChargeUp+1","floor":45},{"not_picked":["Go for the Eyes+1","bronze:Iterate"],"picked":"champ:RisingSlash","floor":46},{"not_picked":["Slimebound:GoopTackle+1","bronze:Branch+1","Lockon"],"picked":"SKIP","floor":48},{"not_picked":["sneckomod:Unknown1Cost+1","ClearTheMind"],"picked":"expansioncontent:PrepareCrush+1","floor":49}],"player_experience":194008,"relics_obtained":[{"floor":6,"key":"Darkstone Periapt"},{"floor":7,"key":"reliquary:FerryPass"},{"floor":8,"key":"Calipers"},{"floor":8,"key":"Pear"},{"floor":11,"key":"reliquary:SharkskinSheath"},{"floor":24,"key":"HornCleat"},{"floor":26,"key":"Anchor"},{"floor":30,"key":"reliquary:Boomerang"},{"floor":41,"key":"Bird Faced Urn"},{"floor":43,"key":"Thread and Needle"},{"floor":45,"key":"reliquary:PurpleTingedLeaf"},{"floor":48,"key":"Shuriken"}],"event_choices":[{"damage_healed":0,"gold_gain":0,"player_choice":"Fight","damage_taken":0,"max_hp_gain":0,"max_hp_loss":0,"event_name":"Mysterious Sphere","floor":43,"gold_loss":0}],"is_beta":false,"boss_relics":[{"not_picked":["Astrolabe","SacredBark"],"picked":"reliquary:RedCape"},{"not_picked":["bronze:MakeshiftBattery","Velvet Choker"],"picked":"Tiny House"}],"items_purged_floors":[],"is_endless":false,"potions_floor_spawned":[5,6,11,15,16,21,22,26,29,33,38,45,46,48,49],"ascension_level":1}}