{"host":"Hutts","time":1614219724,"event":{"mods":["BaseMod","Downfall","Googly Eyes","Hermit","Minty Spire (QoL Compilation)","StSLib","The Cursed","The IronCluck"],"gold_per_floor":[219,233,233,233,408,408,76,102,127,157,157,170,245,277,277,380,380,392,212,122,139,139,168,182,182,182,209,223,233,259,259,259,358,358,376,396,410,425,425,456,456,475,475,475,142,168,168,197,197,197],"floor_reached":51,"language":"ENG","playtime":2185,"items_purged":["Doubt","Strike_R","Writhe"],"score":950,"play_id":"4a2f88d3-1fc8-4428-ba7c-2291e1e4d7a6","local_time":"20210224202204","is_ascension_mode":true,"campfire_choices":[{"data":"Iron Wave","floor":6.0,"key":"SMITH"},{"floor":11.0,"key":"REST"},{"data":"Heavy Blade","floor":15.0,"key":"SMITH"},{"data":"Demon Form","floor":25.0,"key":"SMITH"},{"floor":32.0,"key":"REST"},{"floor":41,"key":"REST"},{"floor":44,"key":"REST"},{"data":"Berserk","floor":49,"key":"SMITH"}],"circlet_count":0,"master_deck":["Strike_R+1","Strike_R+1","Strike_R+1","Defend_R+1","Defend_R+1","Defend_R+1","Defend_R+1","Bash+1","Twin Strike","Iron Wave+1","Battle Trance+1","Iron Wave","Demon Form+1","Heavy Blade+1","Double Tap+1","Sword Boomerang+1","Feed","Armaments+1","Berserk+1","Sword Boomerang","Heavy Blade+1","Clash","Master of Strategy+1","Flash of Steel"],"relics":["Burning Blood","Toxic Egg 2","Juzu Bracelet","Red Skull","War Paint","Pen Nib","expansioncontent:StudyCardRelic","Shuriken","Orichalcum","Boot","Singing Bowl","Strawberry","Velvet Choker","Pear","Bottled Flame","Lee\u0027s Waffle","Art of War","Self Forming Clay"],"acts_visited":["Exordium","TheCity","TheBeyond"],"potions_floor_usage":[40,42,50,50],"damage_taken":[{"damage":12.0,"enemies":"2 Louse","floor":1.0,"turns":3.0},{"damage":8.0,"enemies":"Jaw Worm","floor":2.0,"turns":3.0},{"damage":24.0,"enemies":"Lagavulin","floor":8.0,"turns":5.0},{"damage":6.0,"enemies":"Gremlin Nob","floor":10.0,"turns":3.0},{"damage":1.0,"enemies":"Cultist","floor":12.0,"turns":3.0},{"damage":5.0,"enemies":"Lagavulin","floor":14.0,"turns":5.0},{"damage":35.0,"enemies":"Slime Boss","floor":16.0,"turns":8.0},{"damage":4.0,"enemies":"3 Byrds","floor":18.0,"turns":4.0},{"damage":10.0,"enemies":"Spheric Guardian","floor":21.0,"turns":3.0},{"damage":19.0,"enemies":"Book of Stabbing","floor":23.0,"turns":4.0},{"damage":13.0,"enemies":"Cultist and Chosen","floor":24.0,"turns":7.0},{"damage":29.0,"enemies":"Slavers","floor":27.0,"turns":4.0},{"damage":0.0,"enemies":"Snecko","floor":28.0,"turns":4.0},{"damage":18.0,"enemies":"Snake Plant","floor":29.0,"turns":4.0},{"damage":15.0,"enemies":"Book of Stabbing","floor":30.0,"turns":3.0},{"damage":32.0,"enemies":"Champ","floor":33.0,"turns":7.0},{"damage":8,"enemies":"Orb Walker","floor":35,"turns":4},{"damage":30,"enemies":"3 Darklings","floor":36,"turns":6},{"damage":29,"enemies":"4 Shapes","floor":37,"turns":8},{"damage":51,"enemies":"Writhing Mass","floor":38,"turns":4},{"damage":3,"enemies":"Giant Head","floor":40,"turns":5},{"damage":3,"enemies":"Transient","floor":42,"turns":5},{"damage":9,"enemies":"Reptomancer","floor":46,"turns":5},{"damage":15,"enemies":"Giant Head","floor":48,"turns":6},{"damage":91,"enemies":"Donu and Deca","floor":50,"turns":8}],"seed_played":"2890448069796836901","potions_obtained":[{"floor":2.0,"key":"Strength Potion"},{"floor":8.0,"key":"SteroidPotion"},{"floor":14.0,"key":"FearPotion"},{"floor":16.0,"key":"Fire Potion"},{"floor":23.0,"key":"SpeedPotion"},{"floor":24.0,"key":"Block Potion"},{"floor":28.0,"key":"ElixirPotion"},{"floor":29.0,"key":"BlessingOfTheForge"},{"floor":33.0,"key":"HeartOfIron"},{"floor":36,"key":"GamblersBrew"},{"floor":38,"key":"SteroidPotion"},{"floor":46,"key":"AttackPotion"}],"is_trial":false,"path_per_floor":["M","M","?","$","?","R","$","E","T","E","R","M","?","E","R","B",null,"M","$","?","M","?","E","M","R","T","E","M","M","E","?","R","B",null,"M","M","M","M","?","E","R","M","T","R","$","E","?","E","R","B",null],"character_chosen":"IRONCLAD","items_purchased":["Toxic Egg 2","Feed","Lee\u0027s Waffle","Block Potion"],"campfire_rested":4,"item_purchase_floors":[7,19,45,45],"current_hp_per_floor":[74,72,72,72,72,72,72,54,54,54,78,80,69,70,70,41,80,80,80,80,76,76,67,60,60,60,42,50,40,40,40,70,44,102,100,78,60,17,6,21,57,60,60,96,130,127,122,115,115,30],"gold":197,"neow_bonus":"HUNDRED_GOLD","is_daily":false,"chose_seed":false,"campfire_upgraded":4,"win_rate":0.0,"timestamp":1614219724,"path_taken":["M","M","?","$","?","R","$","E","T","E","R","M","?","E","R","BOSS","M","$","?","M","?","E","M","R","T","E","M","M","E","?","R","BOSS","M","M","M","M","?","E","R","M","T","R","?","E","?","E","R","BOSS"],"items_purchased_type":["Relic","Card","Relic","Potion"],"build_version":"2020-12-18","purchased_purges":3,"victory":true,"max_hp_per_floor":[80,80,80,80,80,80,80,80,80,80,80,80,80,80,80,80,80,80,80,80,80,80,84,84,84,84,89,91,93,102,102,102,102,102,102,104,109,111,111,123,123,123,123,123,130,130,130,132,132,132],"card_choices":[{"not_picked":["Headbutt","Battle Trance"],"picked":"Twin Strike","floor":1.0},{"not_picked":["Inflame","Thunderclap"],"picked":"Iron Wave","floor":2.0},{"not_picked":["True Grit+1","Perfected Strike"],"picked":"Battle Trance+1","floor":8.0},{"not_picked":["Perfected Strike","Carnage"],"picked":"Iron Wave","floor":10.0},{"not_picked":["Cleave","Armaments+1"],"picked":"Demon Form","floor":12.0},{"not_picked":["Anger","Pommel Strike"],"picked":"Heavy Blade","floor":14.0},{"not_picked":["Exhume+1","Berserk"],"picked":"Double Tap+1","floor":16.0},{"not_picked":["Carnage","True Grit+1"],"picked":"Sword Boomerang+1","floor":18.0},{"not_picked":["Fire Breathing","Infernal Blade+1"],"picked":"Armaments+1","floor":21.0},{"not_picked":["Combust","Cleave+1","Shockwave+1"],"picked":"SKIP","floor":23.0},{"not_picked":["Perfected Strike","Twin Strike+1","Disarm+1"],"picked":"SKIP","floor":24.0},{"not_picked":["Warcry+1","Disarm+1","Cleave"],"picked":"Singing Bowl","floor":27.0},{"not_picked":["Immolate","Twin Strike","Shockwave+1"],"picked":"Singing Bowl","floor":28.0},{"not_picked":["Thunderclap+1","Flex+1","Evolve"],"picked":"Singing Bowl","floor":29.0},{"not_picked":["Iron Wave","Clothesline","Anger"],"picked":"Singing Bowl","floor":30.0},{"not_picked":["Impervious+1","Juggernaut"],"picked":"Berserk","floor":33.0},{"not_picked":["Iron Wave","Intimidate+1"],"picked":"Sword Boomerang","floor":35},{"not_picked":["Carnage+1","Headbutt+1","Armaments+1"],"picked":"Singing Bowl","floor":36},{"not_picked":["Disarm+1","Headbutt","Shrug It Off+1"],"picked":"Singing Bowl","floor":37},{"not_picked":["Battle Trance+1","Dual Wield+1","Pommel Strike+1"],"picked":"Singing Bowl","floor":38},{"not_picked":["Anger+1","Ghostly Armor+1","Perfected Strike"],"picked":"Singing Bowl","floor":40},{"not_picked":["Armaments+1","Headbutt+1"],"picked":"Heavy Blade+1","floor":42},{"not_picked":["Dual Wield+1","Berserk"],"picked":"Clash","floor":46},{"not_picked":["HandOfGreed","Purity+1"],"picked":"Master of Strategy+1","floor":47},{"not_picked":["The Bomb+1","Forethought+1"],"picked":"Flash of Steel","floor":47},{"not_picked":["Havoc+1","Searing Blow","Dual Wield+1"],"picked":"Singing Bowl","floor":48}],"player_experience":1080534,"relics_obtained":[{"floor":8.0,"key":"Juzu Bracelet"},{"floor":9.0,"key":"Red Skull"},{"floor":10.0,"key":"War Paint"},{"floor":14.0,"key":"Pen Nib"},{"floor":23.0,"key":"Orichalcum"},{"floor":26.0,"key":"Boot"},{"floor":27.0,"key":"Singing Bowl"},{"floor":30.0,"key":"Strawberry"},{"floor":40,"key":"Pear"},{"floor":43,"key":"Bottled Flame"},{"floor":46,"key":"Art of War"},{"floor":48,"key":"Self Forming Clay"}],"event_choices":[{"damage_healed":0.0,"max_hp_gain":0.0,"max_hp_loss":0.0,"gold_gain":0.0,"event_name":"Living Wall","player_choice":"Grow","floor":3.0,"gold_loss":0.0,"damage_taken":0.0,"cards_upgraded":["Bash"]},{"damage_healed":0.0,"max_hp_gain":0.0,"max_hp_loss":0.0,"gold_gain":175.0,"event_name":"Liars Game","player_choice":"AGREE","floor":5.0,"gold_loss":0.0,"damage_taken":0.0,"cards_obtained":["Doubt"]},{"damage_healed":0.0,"max_hp_gain":0.0,"max_hp_loss":0.0,"gold_gain":75.0,"event_name":"World of Goop","player_choice":"Gather Gold","floor":13.0,"gold_loss":0.0,"damage_taken":11.0},{"cards_removed":["Strike_R"],"damage_healed":0.0,"max_hp_gain":0.0,"max_hp_loss":0.0,"gold_gain":0.0,"event_name":"Designer","player_choice":"Upgrade and Remove","floor":20.0,"gold_loss":90.0,"damage_taken":0.0,"cards_upgraded":["Strike_R"]},{"damage_healed":0.0,"max_hp_gain":0.0,"max_hp_loss":0.0,"gold_gain":0.0,"event_name":"The Mausoleum","player_choice":"Opened","floor":22.0,"gold_loss":0.0,"damage_taken":0.0,"relics_obtained":["Shuriken"],"cards_obtained":["Writhe"]},{"damage_healed":0.0,"max_hp_gain":0.0,"max_hp_loss":0.0,"gold_gain":0.0,"event_name":"Back to Basics","player_choice":"Simplicity","floor":31.0,"gold_loss":0.0,"damage_taken":0.0,"cards_upgraded":["Strike_R","Strike_R","Defend_R","Defend_R"]},{"damage_healed":0,"gold_gain":0,"player_choice":"Damaged","damage_taken":11,"max_hp_gain":0,"max_hp_loss":0,"event_name":"Wheel of Change","floor":39,"gold_loss":0},{"damage_healed":0,"gold_gain":0,"player_choice":"Memory 2","damage_taken":5,"max_hp_gain":0,"max_hp_loss":0,"event_name":"SensoryStone","floor":47,"gold_loss":0}],"is_beta":true,"boss_relics":[{"not_picked":["Runic Dome","Philosopher\u0027s Stone"],"picked":"expansioncontent:StudyCardRelic"},{"not_picked":["Astrolabe","bronze:MakeshiftBattery"],"picked":"Velvet Choker"}],"items_purged_floors":[7,19,45],"is_endless":false,"potions_floor_spawned":[2,8,14,16,23,24,28,29,33,36,38,46],"ascension_level":1}}