{"host":"0rn20prxkpuv2e47","time":1614221922,"event":{"mods":["100% Spire Juice","ATMod(阿瑾Mod)","Act Like it!","Arknights","BaseMod","Downfall","Gensokyo","Hermit","Koishi","Minty Spire (QoL Compilation)","MostiFishMod","Reimu（博丽灵梦）","Remilia（蕾米莉亚）","Robot Space Explorer","StSLib","The Animator","The Construct","The Cursed","The Mystic","The Runesmith","The Servant 0.9.4","Warlord Emblem","[GremlinLeader]The Maniac","[IsaacMod]以撒尖塔","[功能]功能增强和修复MOD","noobMod","【功能Mod】聪明的最终Boss","【遗物卡牌】REMEMod"],"gold_per_floor":[859,819,819,843,843,843,862,891,916,928,858,886,886,920,920,1203,1203,1216,1166,1141,1151,1151,1176,1176,1210,1210,1236,1256,1289,1279,1299,1299,1591,1591,1608,1608,1693,1693,1693,1726,1726,1751,1751,1783,1798,1818,1818,492,492,503,503],"floor_reached":50,"language":"ZHS","playtime":2868,"items_purged":["Strike_S","Defend_S","Defend_S","Defend_S","Defend_S","Strike_S","Strike_S","Strike_S","BestPractice+1","KidneyShot+1","Moonlight+1","Orbit+1","Rearm+1","TimeTheft+1","Duplication+1"],"score":1606,"play_id":"16ce1ada-7172-47c0-8b79-42a98c10d2f9","local_time":"20210225105842","is_ascension_mode":true,"campfire_choices":[{"data":"InstantArmor","floor":6,"key":"SMITH"},{"data":"Duplication","floor":15,"key":"SMITH"},{"floor":32,"key":"RECALL"},{"floor":49,"key":"REST"}],"circlet_count":0,"master_deck":["Finesse+1","REME_Flogging+1","Rearm+1","Manipulate+1","BottledTime+1","Orbit+1","SilverBlades+1","SoulSculpture+1","TheWorld+1","KillingDoll+1","FanOfKnives+1","SilverBlades+1","Deep Breath+1","Luminosity+1","MostiFishMod:KingOfFree+1","SilverBlades+1","MostiFishMod:StoryBook+1","KillingDoll+1","Starlight+1","BottledTime+1","Embodiment+1","Rearm+1","SilverBlades+1","Gensokyo:BrilliantDragonBullet+1"],"relics":["Uniform","ice","AT_ATBox","REME_ComplimentaryCards","HushsDoor","DaveBox","DSteel32","BloodDonationBag","SynthV:TestCard","Regal Pillow","Bag of Preparation","Sling","AT_ImmortalShieldbow","Toolbox","WarlordEmblem:QuestWarlock","Kunai","Art of War","Pen Nib","Civilization","WarlordEmblem:QuestMage","Molten Egg 2","HowToJump","Black Star","Singing Bowl","Chaos","Ice Cream","REME_HourglassOfDeath","construct:RocketBooster","Busted Crown","Juzu Bracelet","Empty Cage","Blood Vial","WarlordEmblem:SoftArmor","AT_SilvercatRing","WarlordEmblem:MantleJean","PunchingBag","BFFS","Technique","Bottled Tornado","OrangePellets","RedLine:ReiMu","AT_BladeRuinedKing","AT_Manta","PokeGo","Void","CrazyTorch:ReiMu","Fusion Hammer","Akabeko","Broom","PunchingBag","DianDianMeat","WarlordEmblem:OldTorch","RuthlessExorcism:ReiMu","PocketWatch","AT_LudenTempest","Succubus","AT_TrinityForce","WarlordEmblem:BrokenMantle","Thread and Needle","SacredBark","NineVolt"],"acts_visited":["Gensokyo:Gensokyo","Gensokyo:Gensokyoer","Gensokyo:Gensokyoest"],"potions_floor_usage":[31,33,40,44],"damage_taken":[{"damage":6,"enemies":"Gensokyo:Python","floor":1,"turns":3},{"damage":0,"enemies":"Gensokyo:3_Fairies","floor":4,"turns":3},{"damage":0,"enemies":"Gensokyo:Gryphon","floor":7,"turns":2},{"damage":0,"enemies":"Gensokyo:Aya","floor":8,"turns":2},{"damage":0,"enemies":"Gensokyo:Python_and_Kodama","floor":10,"turns":2},{"damage":0,"enemies":"Gensokyo:Mamizou","floor":12,"turns":1},{"damage":0,"enemies":"Gensokyo:Cirno","floor":14,"turns":4},{"damage":0,"enemies":"Gensokyo:Yukari","floor":16,"turns":3},{"damage":0,"enemies":"Gensokyo:CosmicMonolith","floor":18,"turns":1},{"damage":0,"enemies":"Gensokyo:2_Gloops","floor":21,"turns":1},{"damage":0,"enemies":"Gensokyo:Reisen","floor":23,"turns":1},{"damage":0,"enemies":"Gensokyo:Tenshi","floor":25,"turns":1},{"damage":0,"enemies":"Gensokyo:Reisen","floor":27,"turns":2},{"damage":0,"enemies":"Gensokyo:Wraith","floor":28,"turns":1},{"damage":0,"enemies":"Gensokyo:Koishi","floor":29,"turns":2},{"damage":0,"enemies":"Gensokyo:Mirror_and_Dog","floor":31,"turns":1},{"damage":0,"enemies":"Gensokyo:Eiki","floor":33,"turns":1},{"damage":6,"enemies":"Gensokyo:3_Boulders","floor":35,"turns":1},{"damage":0,"enemies":"Gensokyo:Marisa","floor":40,"turns":1},{"damage":3,"enemies":"Gensokyo:Doremy","floor":42,"turns":1},{"damage":0,"enemies":"Gensokyo:Kasen","floor":44,"turns":1},{"damage":0,"enemies":"Gensokyo:AncientGuardian","floor":45,"turns":1},{"damage":14,"enemies":"Gensokyo:AtlasGolem","floor":46,"turns":1},{"damage":12,"enemies":"Gensokyo:Shinki","floor":50,"turns":4}],"seed_played":"5639864939907964121","potions_obtained":[{"floor":10,"key":"AttackPotion"},{"floor":21,"key":"Energy Potion"},{"floor":28,"key":"Energy Potion"},{"floor":29,"key":"Energy Potion"},{"floor":31,"key":"Fruit Juice"},{"floor":33,"key":"REME_GoldPotion"},{"floor":40,"key":"Fruit Juice"},{"floor":40,"key":"Fire Potion"},{"floor":44,"key":"Fruit Juice"},{"floor":44,"key":"Slimebound:ThreeZeroPotion"}],"is_trial":false,"path_per_floor":["M","$","?","M","$","R","M","E","T","M","?","E","$","E","R","B",null,"M","?","$","M","?","E","$","E","T","E","M","E","$","M","R","B",null,"M","$","?","$","?","E","?","E","T","E","M","M","?","COS","R","B"],"character_chosen":"THE_SERVANT","items_purchased":["Regal Pillow","Bag of Preparation","Sling","Finesse","BestPractice","REME_Flogging","AT_ImmortalShieldbow","Toolbox","WarlordEmblem:QuestWarlock","Pen Nib","Civilization","WarlordEmblem:QuestMage","SilverBlades","Singing Bowl","Chaos","Ice Cream","FanOfKnives+1","Busted Crown","Juzu Bracelet","Empty Cage","TimeTheft","Deep Breath","Luminosity","Technique","Bottled Tornado","OrangePellets","MostiFishMod:KingOfFree+1","SilverBlades","MostiFishMod:StoryBook","AT_Manta","PokeGo","Void","CrazyTorch:ReiMu","Fusion Hammer","Akabeko","BottledTime","Embodiment"],"campfire_rested":1,"item_purchase_floors":[2,2,2,2,2,2,5,5,5,13,13,13,13,20,20,20,20,24,24,24,24,24,24,30,30,30,30,34,34,36,36,36,38,38,38,38,38],"current_hp_per_floor":[5,5,5,2,2,2,67,67,67,67,67,67,67,67,67,68,70,72,79,79,85,85,90,90,97,97,104,111,118,118,130,130,141,133,133,133,118,118,63,77,78,84,84,98,107,104,108,108,179,180,180],"gold":503,"neow_bonus":"TWO_FIFTY_GOLD","is_daily":false,"chose_seed":false,"campfire_upgraded":2,"win_rate":0.0,"timestamp":1614221922,"path_taken":["M","$","?","?","$","R","M","E","T","M","?","E","$","E","R","BOSS","M","?","$","M","?","E","$","E","T","E","M","E","$","M","R","BOSS","M","$","?","$","?","E","?","E","T","E","M","M","?","COS","R","BOSS"],"items_purchased_type":["Relic","Relic","Relic","Card","Card","Card","Relic","Relic","Relic","Relic","Relic","Relic","Card","Relic","Card","Relic","Card","Relic","Relic","Relic","Card","Card","Card","Relic","Relic","Relic","Card","Card","Card","Relic","Relic","Card","Relic","Relic","Relic","Card","Card"],"build_version":"2020-12-22","purchased_purges":15,"victory":false,"max_hp_per_floor":[66,66,66,67,67,67,67,67,67,68,68,68,68,68,68,70,70,72,79,79,85,85,90,90,97,97,104,111,118,118,130,130,141,133,138,138,138,138,138,150,151,158,158,170,177,185,189,189,189,189,189],"card_choices":[{"not_picked":["TimeWarp","Spin"],"picked":"InstantArmor","floor":1},{"not_picked":["TimeWarp","Replace","Potential","Spin"],"picked":"Rearm","floor":3},{"not_picked":["Orbit","Collapse","Defy","Alleviate"],"picked":"Manipulate","floor":3},{"not_picked":["ShiftingGears","MurderousAura","Hightail","ShatteredReality"],"picked":"BottledTime","floor":4},{"not_picked":["MoonPhase","Potential","Contraction","FastForward"],"picked":"Moonlight","floor":7},{"not_picked":["Alleviate","Ricochet","TimeWarp","Replace","Defy"],"picked":"SKIP","floor":8},{"not_picked":["DancingSilver","Desolation","ShatteredReality","Potential"],"picked":"Orbit","floor":10},{"not_picked":["FlawlessForm","ShatteredReality","Starlight","Replace"],"picked":"Orbit","floor":12},{"not_picked":["Revamp","Rewind","GearUp","Snipe+1"],"picked":"Duplication","floor":14},{"not_picked":["MurderousAura","Solidify","LightFlow+1","Dilation"],"picked":"SoulSculpture+1","floor":16},{"not_picked":["FlawlessForm","LightFlow+1","Duplication","TrueSight"],"picked":"TheWorld","floor":16},{"not_picked":["ForgedInTime","Deny","Dilation","Embodiment"],"picked":"KillingDoll+1","floor":16},{"not_picked":["Read","Shuttle+1","Revamp","Spin+1"],"picked":"Rearm+1","floor":18},{"not_picked":["BottledTime+1","Foresight","Potential+1","Rearm","TimeWarp+1"],"picked":"Singing Bowl","floor":21},{"not_picked":["Shuttle+1","Alleviate+1","SoulSculpture+1","Comet+1"],"picked":"SilverBlades","floor":23},{"not_picked":["Rearm+1","Reset","Hightail"],"picked":"Singing Bowl","floor":25},{"not_picked":["TimeWarp+1","Defy+1","KillingDoll+1"],"picked":"Singing Bowl","floor":27},{"not_picked":["ReturningBlade+1","ShatteredReality+1","Reset"],"picked":"Singing Bowl","floor":28},{"not_picked":["FanOfKnives+1","Unruled+1","Collapse+1"],"picked":"Singing Bowl","floor":29},{"not_picked":["BestPractice","FastForward","Revamp"],"picked":"Singing Bowl","floor":31},{"not_picked":["SilverMatrix","Duplication","KillingDoll+1"],"picked":"Singing Bowl","floor":33},{"not_picked":["Sunlight+1","PendulumOfEternity+1","LightFlow+1"],"picked":"Singing Bowl","floor":33},{"not_picked":["PendulumOfEternity+1","SoulSculpture+1","KillingDoll+1"],"picked":"Singing Bowl","floor":33},{"not_picked":["Alleviate+1","ShiftingGears+1"],"picked":"Starlight+1","floor":35},{"not_picked":["Desolation+1","Shuttle","InstantArmor+1"],"picked":"Singing Bowl","floor":40},{"not_picked":["Alleviate","DualDimension","RealityMarble"],"picked":"Singing Bowl","floor":42},{"not_picked":["FlawlessForm","Ricochet+1"],"picked":"Rearm+1","floor":44},{"not_picked":["Luminosity+1","Reset","Rearm+1"],"picked":"Singing Bowl","floor":45},{"not_picked":["Spin+1","BottledTime"],"picked":"SilverBlades+1","floor":46},{"not_picked":["Gensokyo:SalamanderShield","Gensokyo:NewMoon"],"picked":"Gensokyo:BrilliantDragonBullet","floor":47}],"player_experience":174878,"relics_obtained":[{"floor":1,"key":"SynthV:TestCard"},{"floor":8,"key":"Kunai"},{"floor":12,"key":"Art of War"},{"floor":14,"key":"Molten Egg 2"},{"floor":16,"key":"HowToJump"},{"floor":23,"key":"REME_HourglassOfDeath"},{"floor":23,"key":"construct:RocketBooster"},{"floor":25,"key":"Blood Vial"},{"floor":26,"key":"WarlordEmblem:SoftArmor"},{"floor":27,"key":"AT_SilvercatRing"},{"floor":27,"key":"WarlordEmblem:MantleJean"},{"floor":29,"key":"PunchingBag"},{"floor":29,"key":"BFFS"},{"floor":33,"key":"RedLine:ReiMu"},{"floor":40,"key":"PunchingBag"},{"floor":40,"key":"DianDianMeat"},{"floor":42,"key":"WarlordEmblem:OldTorch"},{"floor":42,"key":"RuthlessExorcism:ReiMu"},{"floor":43,"key":"PocketWatch"},{"floor":44,"key":"AT_LudenTempest"},{"floor":44,"key":"Succubus"}],"event_choices":[],"is_beta":false,"boss_relics":[{"not_picked":["ChampionBelt","HereWithMe"],"picked":"Black Star"},{"not_picked":[]},{"not_picked":["FossilizedHelix","MetatronsCube"],"picked":"AT_BladeRuinedKing"},{"not_picked":[]}],"items_purged_floors":[2,2,2,2,2,2,2,2,20,20,20,20,20,30,30],"is_endless":false,"potions_floor_spawned":[1,1,7,7,8,8,10,12,14,14,18,21,23,23,25,25,27,27,28,28,29,31,33,35,40,40,42,42,44,44,46,46,46],"killed_by":"Gensokyo:Shinki","ascension_level":4}}