{"host":"oq0u6q7bjztc2jwc","time":1614226950,"event":{"mods":["AchievementEnabler","BaseMod","Colored Map","Highlight Path","Minty Spire (QoL Compilation)","Permanent Neow","StSLib"],"gold_per_floor":[114,114,125,50,50,93,116,156,229,250,250,285,285,299,299,423,423,444,444,86,106,31,31,31,31,83,126,251,251,176,192,192,316,316,340,673,688,738,492,492,519,519,593,604,604,604,604,241,241,241,241,241,36,67,67],"floor_reached":56,"language":"ENG","playtime":5464,"items_purged":["Writhe","Anger+1","Pain","Injury"],"score":1422,"play_id":"4c6fe702-f217-4bbe-9cbe-4dcf932176cb","local_time":"20210224232230","is_ascension_mode":true,"campfire_choices":[{"data":"True Grit","floor":11.0,"key":"SMITH"},{"floor":13.0,"key":"DIG"},{"floor":15.0,"key":"DIG"},{"floor":24,"key":"DIG"},{"data":"Corruption","floor":32,"key":"SMITH"},{"floor":40,"key":"RECALL"},{"floor":42,"key":"DIG"},{"floor":45,"key":"DIG"},{"floor":49,"key":"DIG"},{"floor":52,"key":"DIG"}],"circlet_count":0,"master_deck":["Bash","True Grit+1","Body Slam","Sentinel","Fire Breathing","Second Wind","Offering","Ghostly Armor","Rupture","Juggernaut","Sever Soul+1","Bloodletting","Shockwave","Wild Strike","True Grit","Feel No Pain","True Grit","True Grit","Corruption+1","Fiend Fire","Havoc","Flame Barrier+1"],"relics":["Burning Blood","Dead Branch","Magic Flower","StrikeDummy","Shovel","Oddly Smooth Stone","Torii","Pandora\u0027s Box","Charon\u0027s Ashes","Kunai","Whetstone","Ancient Tea Set","Thread and Needle","Pantograph","Cursed Key","Prayer Wheel","Blood Vial","Mango","Akabeko","Gremlin Horn","HornCleat","White Beast Statue","Membership Card","CaptainsWheel","Bronze Scales","Bottled Tornado","Letter Opener","Anchor"],"acts_visited":["Exordium","TheCity","TheBeyond","TheEnding"],"potions_floor_usage":[21,28,28,29,38,50,55,55,55],"damage_taken":[{"damage":6.0,"enemies":"Cultist","floor":1.0,"turns":4.0},{"damage":7.0,"enemies":"Jaw Worm","floor":3.0,"turns":3.0},{"damage":67.0,"enemies":"3 Sentries","floor":6.0,"turns":18.0},{"damage":0.0,"enemies":"Small Slimes","floor":7.0,"turns":3.0},{"damage":20.0,"enemies":"Gremlin Nob","floor":8.0,"turns":5.0},{"damage":6.0,"enemies":"2 Fungi Beasts","floor":10.0,"turns":4.0},{"damage":4.0,"enemies":"3 Sentries","floor":12.0,"turns":7.0},{"damage":2.0,"enemies":"Large Slime","floor":14.0,"turns":5.0},{"damage":20.0,"enemies":"Hexaghost","floor":16.0,"turns":12.0},{"damage":14.0,"enemies":"Spheric Guardian","floor":18.0,"turns":4.0},{"damage":9,"enemies":"2 Thieves","floor":21,"turns":3},{"damage":11,"enemies":"Book of Stabbing","floor":27,"turns":3},{"damage":31,"enemies":"Colosseum Slavers","floor":28,"turns":2},{"damage":23,"enemies":"Colosseum Nobs","floor":28,"turns":4},{"damage":3,"enemies":"Gremlin Leader","floor":29,"turns":2},{"damage":18,"enemies":"Snake Plant","floor":31,"turns":4},{"damage":17,"enemies":"Champ","floor":33,"turns":4},{"damage":15,"enemies":"Orb Walker","floor":35,"turns":3},{"damage":0,"enemies":"3 Shapes","floor":37,"turns":1},{"damage":9,"enemies":"Mind Bloom Boss Battle","floor":38,"turns":3},{"damage":36,"enemies":"Nemesis","floor":41,"turns":4},{"damage":18,"enemies":"Transient","floor":44,"turns":5},{"damage":90,"enemies":"Awakened One","floor":50,"turns":7},{"damage":9,"enemies":"Shield and Spear","floor":54,"turns":1},{"damage":29,"enemies":"The Heart","floor":55,"turns":5}],"seed_played":"-4671607563677133622","potions_obtained":[{"floor":7.0,"key":"SpeedPotion"},{"floor":8.0,"key":"Swift Potion"},{"floor":10.0,"key":"Energy Potion"},{"floor":12.0,"key":"Regen Potion"},{"floor":16.0,"key":"ElixirPotion"},{"floor":18,"key":"Strength Potion"},{"floor":27,"key":"Swift Potion"},{"floor":28,"key":"SmokeBomb"},{"floor":31,"key":"Strength Potion"},{"floor":33,"key":"FearPotion"},{"floor":37,"key":"Swift Potion"},{"floor":41,"key":"Regen Potion"},{"floor":54,"key":"Strength Potion"}],"is_trial":false,"path_per_floor":["M","T","M","$","?","E","M","E","T","M","R","E","R","M","R","B",null,"M","?","$","M","$","?","R","?","T","E","?","E","?","M","R","B",null,"M","?","M","?","$","R","E","R","T","M","R","T","?","$","R","B",null,"R","$","E","B",null],"character_chosen":"IRONCLAD","items_purchased":["Charon\u0027s Ashes","Wild Strike","Feel No Pain","Blood Vial","Membership Card","CaptainsWheel","Letter Opener"],"campfire_rested":0,"item_purchase_floors":[20,20,22,39,48,48,53],"current_hp_per_floor":[96,96,95,95,89,28,34,20,20,23,23,28,28,57,57,46,89,84,89,89,89,89,89,89,89,89,87,51,57,57,48,48,78,89,83,83,89,89,89,89,76,76,76,70,70,70,70,70,70,25,98,98,98,98,78],"gold":67,"neow_bonus":"TWENTY_PERCENT_HP_BONUS","is_daily":false,"chose_seed":false,"campfire_upgraded":2,"win_rate":0.0,"timestamp":1614226950,"path_taken":["M","?","M","$","?","E","M","E","T","M","R","E","R","?","R","BOSS","M","?","$","?","$","?","R","?","T","E","?","E","?","M","R","BOSS","M","?","M","?","$","R","E","R","T","M","R","?","?","?","R","BOSS","R","$","E","BOSS"],"items_purchased_type":["Relic","Card","Card","Relic","Relic","Relic","Relic"],"build_version":"2020-12-22","purchased_purges":4,"victory":true,"max_hp_per_floor":[96,96,96,96,89,89,89,89,89,89,89,89,89,89,89,89,89,89,89,89,89,89,89,89,89,89,89,89,89,89,89,89,89,89,89,89,89,89,89,89,103,103,103,103,103,103,98,98,98,98,98,98,98,98,98],"card_choices":[{"not_picked":["Headbutt","Perfected Strike"],"picked":"True Grit","floor":1.0},{"not_picked":["Havoc","Infernal Blade"],"picked":"Body Slam","floor":3.0},{"not_picked":["Shrug It Off","Wild Strike"],"picked":"Sentinel","floor":6.0},{"not_picked":["Warcry","Whirlwind","Twin Strike"],"picked":"SKIP","floor":7.0},{"not_picked":["Sword Boomerang","Limit Break","Searing Blow"],"picked":"SKIP","floor":8.0},{"not_picked":["Spot Weakness","Flex","Warcry"],"picked":"SKIP","floor":10.0},{"not_picked":["Metallicize","Rupture"],"picked":"Fire Breathing","floor":12.0},{"not_picked":["Flex","Sword Boomerang"],"picked":"Second Wind","floor":14.0},{"not_picked":["Double Tap","Exhume"],"picked":"Offering","floor":16.0},{"not_picked":["Perfected Strike+1","Warcry+1","Flex+1"],"picked":"SKIP","floor":18},{"not_picked":["Clothesline+1","Cleave"],"picked":"True Grit","floor":21},{"not_picked":["Anger","Hemokinesis+1"],"picked":"True Grit","floor":27},{"not_picked":["Rage","Cleave"],"picked":"Corruption","floor":31},{"not_picked":["Immolate","Impervious"],"picked":"Fiend Fire","floor":33},{"not_picked":["Clothesline","Twin Strike+1","Iron Wave"],"picked":"SKIP","floor":35},{"not_picked":["Heavy Blade+1","Headbutt+1"],"picked":"Havoc","floor":37},{"not_picked":["Pummel","Infernal Blade","True Grit"],"picked":"SKIP","floor":41},{"not_picked":["Bloodletting","Clash+1"],"picked":"Flame Barrier+1","floor":44},{"not_picked":["Body Slam+1","Reckless Charge","Pummel+1"],"picked":"SKIP","floor":44},{"not_picked":["Dark Embrace","Pommel Strike+1","Flex"],"picked":"SKIP","floor":54}],"player_experience":463223,"relics_obtained":[{"floor":6.0,"key":"Dead Branch"},{"floor":8.0,"key":"Magic Flower"},{"floor":9.0,"key":"StrikeDummy"},{"floor":12.0,"key":"Shovel"},{"floor":13.0,"key":"Oddly Smooth Stone"},{"floor":15.0,"key":"Torii"},{"floor":24,"key":"Kunai"},{"floor":26,"key":"Whetstone"},{"floor":27,"key":"Ancient Tea Set"},{"floor":28,"key":"Thread and Needle"},{"floor":28,"key":"Pantograph"},{"floor":38,"key":"Prayer Wheel"},{"floor":41,"key":"Mango"},{"floor":42,"key":"Akabeko"},{"floor":43,"key":"Gremlin Horn"},{"floor":45,"key":"HornCleat"},{"floor":46,"key":"White Beast Statue"},{"floor":49,"key":"Bronze Scales"},{"floor":52,"key":"Bottled Tornado"},{"floor":54,"key":"Anchor"}],"event_choices":[{"damage_healed":0.0,"max_hp_gain":0.0,"max_hp_loss":7.0,"gold_gain":0.0,"event_name":"Golden Idol","player_choice":"Lose Max HP","floor":5.0,"gold_loss":0.0,"damage_taken":0.0,"relics_obtained":["Golden Idol"]},{"damage_healed":5,"gold_gain":0,"player_choice":"Full Heal","damage_taken":0,"max_hp_gain":0,"max_hp_loss":0,"event_name":"Wheel of Change","floor":19,"gold_loss":0},{"damage_healed":0,"gold_gain":0,"player_choice":"Read","damage_taken":0,"max_hp_gain":0,"max_hp_loss":0,"event_name":"The Library","floor":23,"gold_loss":0,"cards_obtained":["True Grit"]},{"cards_removed":["Juggernaut"],"damage_healed":0,"gold_gain":0,"player_choice":"Elegance","damage_taken":0,"max_hp_gain":0,"max_hp_loss":0,"event_name":"Back to Basics","floor":25,"gold_loss":0},{"damage_healed":0,"gold_gain":0,"player_choice":"Fight","damage_taken":0,"max_hp_gain":0,"max_hp_loss":0,"event_name":"Colosseum","floor":28,"gold_loss":0},{"damage_healed":0,"gold_gain":0,"player_choice":"Fought Nobs","damage_taken":0,"max_hp_gain":0,"max_hp_loss":0,"event_name":"Colosseum","floor":28,"gold_loss":0},{"cards_removed":["Inflame"],"damage_healed":0,"gold_gain":0,"player_choice":"Gave Gold","damage_taken":0,"max_hp_gain":0,"max_hp_loss":0,"event_name":"Beggar","floor":30,"gold_loss":75},{"damage_healed":0,"gold_gain":333,"player_choice":"Gave Idol","damage_taken":0,"max_hp_gain":0,"max_hp_loss":0,"event_name":"The Moai Head","floor":36,"relics_lost":["Golden Idol"],"gold_loss":0},{"damage_healed":0,"gold_gain":0,"player_choice":"Fight","damage_taken":0,"max_hp_gain":0,"max_hp_loss":0,"event_name":"MindBloom","floor":38,"gold_loss":0},{"damage_healed":0,"gold_gain":0,"player_choice":"Max HP","damage_taken":0,"max_hp_gain":0,"max_hp_loss":5,"event_name":"Winding Halls","floor":47,"gold_loss":0}],"is_beta":false,"boss_relics":[{"not_picked":["Runic Pyramid","Calling Bell"],"picked":"Pandora\u0027s Box"},{"not_picked":["Fusion Hammer","Empty Cage"],"picked":"Cursed Key"}],"items_purged_floors":[4,39,48,53],"is_endless":false,"potions_floor_spawned":[7,8,10,12,16,18,27,28,31,33,37,41,54],"ascension_level":2}}