{"host":"puf131q5awx2h4uh","time":1614247090,"event":{"mods":["BaseMod","Minty Spire (QoL Compilation)","Quick Restart","Shop Mod","StSLib"],"gold_per_floor":[119,194,194,21,34,34,59,8,8,19,19,32,61,61,61,61,61],"floor_reached":16,"language":"ZHS","playtime":290,"items_purged":[],"score":266,"play_id":"7ec184e8-1929-4d63-854c-29986bb0d331","local_time":"20210225175810","is_ascension_mode":true,"campfire_choices":[{"data":"Body Slam","floor":6.0,"key":"SMITH"},{"data":"Whirlwind","floor":15,"key":"SMITH"}],"circlet_count":0,"master_deck":["AscendersBane","Strike_R","Strike_R","Strike_R","Strike_R","Strike_R","Defend_R","Defend_R","Defend_R","Defend_R","Bash","Body Slam+1","Second Wind","Feel No Pain","Flex","Whirlwind+1","Ghostly Armor"],"relics":["Burning Blood","NeowsBlessing","PreservedInsect","Regal Pillow","Centennial Puzzle"],"acts_visited":["Exordium"],"potions_floor_usage":[13,16],"damage_taken":[{"damage":0.0,"enemies":"2 Louse","floor":1.0,"turns":1.0},{"damage":0.0,"enemies":"Jaw Worm","floor":5.0,"turns":1.0},{"damage":0.0,"enemies":"Lagavulin","floor":7.0,"turns":1.0},{"damage":6.0,"enemies":"Cultist","floor":10.0,"turns":4.0},{"damage":10.0,"enemies":"3 Louse","floor":12.0,"turns":3.0},{"damage":49,"enemies":"Gremlin Nob","floor":13,"turns":5},{"damage":45,"enemies":"Slime Boss","floor":16,"turns":7}],"seed_played":"-5123972075717519680","potions_obtained":[{"floor":5.0,"key":"LiquidMemories"},{"floor":7.0,"key":"BloodPotion"},{"floor":12.0,"key":"SteroidPotion"}],"is_trial":false,"path_per_floor":["M","?","?","$","M","R","E","$","T","M","?","M","E","$","R","B"],"character_chosen":"IRONCLAD","items_purchased":["PreservedInsect","Flex"],"campfire_rested":0,"item_purchase_floors":[4,8],"current_hp_per_floor":[74,63,59,59,65,65,71,71,71,71,76,72,29,29,29,0,0],"gold":61,"neow_bonus":"THREE_ENEMY_KILL","is_daily":false,"chose_seed":false,"campfire_upgraded":2,"win_rate":0.0,"timestamp":1614247090,"path_taken":["M","?","?","$","?","R","E","$","T","M","?","M","E","?","R","BOSS"],"items_purchased_type":["Relic","Card"],"build_version":"2020-12-22","purchased_purges":0,"victory":false,"max_hp_per_floor":[75,75,75,75,75,75,75,75,75,75,80,80,80,80,80,80,80],"card_choices":[{"not_picked":["Perfected Strike","Twin Strike"],"picked":"Body Slam","floor":1.0},{"not_picked":["True Grit","Twin Strike"],"picked":"Second Wind","floor":5.0},{"not_picked":["Fiend Fire","Armaments"],"picked":"Feel No Pain","floor":7.0},{"not_picked":["Blood for Blood","Sentinel"],"picked":"Whirlwind","floor":10.0},{"not_picked":["Pommel Strike","Anger"],"picked":"Ghostly Armor","floor":12.0},{"not_picked":["Sever Soul","Fiend Fire","Seeing Red"],"picked":"SKIP","floor":13}],"player_experience":336151,"relics_obtained":[{"floor":7.0,"key":"Regal Pillow"},{"floor":13,"key":"Centennial Puzzle"}],"event_choices":[{"damage_healed":0.0,"max_hp_gain":0.0,"max_hp_loss":0.0,"gold_gain":75.0,"event_name":"World of Goop","player_choice":"Gather Gold","floor":2.0,"gold_loss":0.0,"damage_taken":11.0},{"damage_healed":0.0,"max_hp_gain":0.0,"max_hp_loss":0.0,"gold_gain":0.0,"event_name":"The Woman in Blue","player_choice":"Bought 0 Potions","floor":3.0,"gold_loss":0.0,"damage_taken":0.0},{"damage_healed":0.0,"max_hp_gain":5.0,"max_hp_loss":0.0,"gold_gain":0.0,"event_name":"Big Fish","player_choice":"Donut","floor":11.0,"gold_loss":0.0,"damage_taken":0.0}],"is_beta":false,"boss_relics":[],"items_purged_floors":[],"is_endless":false,"potions_floor_spawned":[5,7,12],"killed_by":"Slime Boss","ascension_level":20}}