{"host":"j9j3743o1ttcbk0r","time":1614233489,"event":{"mods":["Always Whale","Bard","BaseMod","Conspire","Downfall","Duelist Mod","GifTheSpireLib","Glutton Mod","Halation","Infinite Spire","Library of Ruina","Library of Ruina Extra","MarisaÅiñ∂âJÅ@ñÇóùçπÅj","Minty Spire (QoL Compilation)","READ ME - Guardian Mod","Replay The Spire","StSLib","The Blackbeard","The Construct","The Disciple","The Mystic","The Servant 0.9.4"],"gold_per_floor":[20,33,114,129,129,158,169,188,188,263,278,278,288,319,319,422,422,437,437,456,468,486,486,514,514,540,560,560,577,577,594,594,692,692,703,703,717,717,735,735,735,735],"floor_reached":41,"language":"ENG","playtime":5411,"items_purged":["Strike_P"],"score":554,"play_id":"61059f25-3f99-447e-866a-e133ad703961","local_time":"20210225011129","is_ascension_mode":false,"campfire_choices":[{"data":"Replay:AtTheReady","floor":12,"key":"SMITH"},{"floor":15,"key":"RECALL"},{"data":"Scrawl","floor":23,"key":"SMITH"},{"data":"JustLucky","floor":25,"key":"SMITH"},{"data":"Alpha","floor":32,"key":"SMITH"},{"data":"Vault","floor":40,"key":"SMITH"}],"circlet_count":0,"master_deck":["Strike_P","Defend_P","Defend_P","Defend_P","Defend_P","Vigilance","Alpha","Replay:AtTheReady+1","JustLucky","LikeWater","DeceiveReality","Alpha+1","Halt","JustLucky+1","Study+1","JustLucky","Scrawl+1","Fasting2+1","Fasting2+1","ThirdEye","Replay:ManipulateFuture+1","Vault+1","Replay:ManipulateFuture+1"],"relics":["PureWater","Boot","Question Card","Frozen Egg 2","infinitespire:FocusingShard","Painkiller Herb","Pen Nib","halation:EternalFortune","Ring of Chaos"],"acts_visited":["Exordium","TheCity","TheBeyond"],"potions_floor_usage":[22,41],"damage_taken":[{"damage":0,"enemies":"Small Slimes","floor":1,"turns":4},{"damage":0,"enemies":"2 Louse","floor":2,"turns":4},{"damage":0,"enemies":"Cultist","floor":4,"turns":5},{"damage":0,"enemies":"Lagavulin","floor":6,"turns":5},{"damage":2,"enemies":"Blue Slaver","floor":7,"turns":3},{"damage":0,"enemies":"3 Louse","floor":8,"turns":4},{"damage":7,"enemies":"Large Slime","floor":11,"turns":4},{"damage":0,"enemies":"Blue Slaver","floor":13,"turns":4},{"damage":0,"enemies":"3 Sentries","floor":14,"turns":4},{"damage":37,"enemies":"The Guardian","floor":16,"turns":10},{"damage":0,"enemies":"Chosen","floor":18,"turns":6},{"damage":0,"enemies":"Shell Parasite","floor":20,"turns":5},{"damage":0,"enemies":"Cultist and Chosen","floor":21,"turns":4},{"damage":0,"enemies":"conspire:HollyBat","floor":22,"turns":6},{"damage":27,"enemies":"Nightmare","floor":24,"turns":8},{"damage":7,"enemies":"Snecko","floor":27,"turns":6},{"damage":0,"enemies":"Cultist and Chosen","floor":29,"turns":6},{"damage":15,"enemies":"Chosen and Byrds","floor":31,"turns":6},{"damage":0,"enemies":"Automaton","floor":33,"turns":10},{"damage":0,"enemies":"Orb Walker","floor":35,"turns":7},{"damage":0,"enemies":"3 Shapes","floor":37,"turns":7},{"damage":22,"enemies":"Transient","floor":39,"turns":5},{"damage":81,"enemies":"Reptomancer","floor":41,"turns":2}],"seed_played":"-320214836566991497","potions_obtained":[{"floor":1,"key":"Dexterity Potion"},{"floor":8,"key":"ColorlessPotion"},{"floor":11,"key":"Explosive Potion"},{"floor":22,"key":"Fruit Juice"},{"floor":24,"key":"SteroidPotion"},{"floor":27,"key":"DuplicationPotion"}],"is_trial":false,"path_per_floor":["M","M","?","M","?","E","M","M","T","?","M","R","M","E","R","B",null,"?","?","?","?","?","T","NM","T","T","?","?","?","AVR","?","T","B",null,"?","?","?","?","?","T","E"],"character_chosen":"WATCHER","items_purchased":[],"campfire_rested":0,"item_purchase_floors":[],"current_hp_per_floor":[72,72,72,72,60,60,58,58,58,47,40,40,40,40,40,3,72,72,72,72,72,77,77,50,50,50,43,46,49,49,34,34,34,83,83,83,83,83,61,61,0,0],"gold":735,"neow_bonus":"TRANSFORM_TWO_CARDS","is_daily":false,"chose_seed":false,"campfire_upgraded":5,"win_rate":0.0,"timestamp":1614233489,"path_taken":["M","M","?","M","?","E","M","M","T","?","M","R","M","E","R","BOSS","?","?","?","?","?","T","NM","T","T","?","?","?","AVR","?","T","BOSS","?","?","?","?","?","T","E"],"items_purchased_type":[],"build_version":"2020-12-22","purchased_purges":1,"victory":false,"max_hp_per_floor":[72,72,72,72,72,72,72,72,72,72,72,72,72,72,72,72,72,72,72,72,72,77,77,77,77,77,77,80,83,83,83,83,83,83,83,83,83,83,83,83,83,83],"card_choices":[{"not_picked":["Tantrum","CutThroughFate"],"picked":"JustLucky","floor":1},{"not_picked":["Crescendo","CrushJoints"],"picked":"LikeWater","floor":2},{"not_picked":["ClearTheMind","Sanctity"],"picked":"DeceiveReality","floor":3},{"not_picked":["Indignation","Replay:Battleflow","Crescendo"],"picked":"SKIP","floor":4},{"not_picked":["FollowUp","Replay:DivineShield","Replay:Battleflow"],"picked":"Alpha","floor":6},{"not_picked":["Vengeance","InnerPeace","Consecrate"],"picked":"Halt","floor":7},{"not_picked":["FollowUp","WheelKick","Nirvana+1"],"picked":"JustLucky","floor":8},{"not_picked":["Swivel","Indignation","WheelKick","CrushJoints"],"picked":"SKIP","floor":11},{"not_picked":["FlyingSleeves","Consecrate","PathToVictory"],"picked":"Study+1","floor":13},{"not_picked":["Halt","CutThroughFate","Pray"],"picked":"JustLucky","floor":14},{"not_picked":["Establishment+1","ConjureBlade","Devotion+1"],"picked":"Scrawl","floor":16},{"not_picked":["SashWhip","Pray","Consecrate","Crescendo+1"],"picked":"SKIP","floor":18},{"not_picked":["PathToVictory+1","CrushJoints+1","Replay:Hum","BowlingBash"],"picked":"SKIP","floor":20},{"not_picked":["Consecrate","Worship","Replay:DivineShield","Prostrate+1"],"picked":"SKIP","floor":21},{"not_picked":["Replay:BluntJabs","CrushJoints","EmptyFist","ForeignInfluence"],"picked":"SKIP","floor":22},{"not_picked":["BowlingBash+1","Swivel","Replay:Hum"],"picked":"Fasting2+1","floor":24},{"not_picked":["CrushJoints+1","FlyingSleeves","Replay:Anticipation+1"],"picked":"Fasting2+1","floor":27},{"not_picked":["Replay:AtTheReady","Replay:DivineShield+1","Halt"],"picked":"ThirdEye","floor":29},{"not_picked":["DeceiveReality","Replay:AtTheReady+1","Consecrate"],"picked":"Replay:ManipulateFuture+1","floor":31},{"not_picked":["Blasphemy","DeusExMachina","ConjureBlade"],"picked":"Vault","floor":33},{"not_picked":["JustLucky","Wallop","FlurryOfBlows+1"],"picked":"Replay:ManipulateFuture+1","floor":35},{"not_picked":["Replay:DivineShield+1","JustLucky+1","ReachHeaven+1","Replay:BluntJabs"],"picked":"SKIP","floor":37},{"not_picked":["Crescendo+1","Prostrate","Replay:BluntJabs+1","WindmillStrike"],"picked":"SKIP","floor":39}],"player_experience":210623,"relics_obtained":[{"floor":3,"key":"Boot"},{"floor":6,"key":"Frozen Egg 2"},{"floor":14,"key":"infinitespire:FocusingShard"},{"floor":24,"key":"Pen Nib"},{"floor":29,"key":"halation:EternalFortune"}],"event_choices":[{"damage_healed":0,"gold_gain":0,"player_choice":"Success","damage_taken":12,"relics_obtained":["Question Card"],"max_hp_gain":0,"max_hp_loss":0,"event_name":"Scrap Ooze","floor":5,"gold_loss":0},{"damage_healed":0,"gold_gain":75,"player_choice":"Gather Gold","damage_taken":11,"max_hp_gain":0,"max_hp_loss":0,"event_name":"World of Goop","floor":10,"gold_loss":0},{"cards_removed":["Eruption"],"damage_healed":0,"gold_gain":0,"player_choice":"Card Removal","damage_taken":0,"max_hp_gain":0,"max_hp_loss":0,"event_name":"Wheel of Change","floor":19,"gold_loss":0},{"damage_healed":0,"gold_gain":0,"player_choice":"Leave","damage_taken":0,"max_hp_gain":0,"max_hp_loss":0,"event_name":"conspire:Investor","floor":36,"gold_loss":0},{"damage_healed":0,"gold_gain":0,"player_choice":"Ignored","damage_taken":0,"max_hp_gain":0,"max_hp_loss":0,"event_name":"Tomb of Lord Red Mask","floor":38,"gold_loss":0}],"is_beta":false,"boss_relics":[{"not_picked":["Tiny House","Replay:Cursed D8"],"picked":"Painkiller Herb"},{"not_picked":["halation:ForbiddenBikini","halation:LoveArrow"],"picked":"Ring of Chaos"}],"items_purged_floors":[30],"is_endless":true,"potions_floor_spawned":[1,8,11,22,24,27,31,35],"killed_by":"Reptomancer","ascension_level":0}}