{"host":"5mo0809oo9tcrmpl","time":1614215060,"event":{"mods":["BaseMod","Highlight Path","Minty Spire (QoL Compilation)","Relic Stats","Slay the Relics Exporter"],"gold_per_floor":[117,132,132,20,30,65,77,77,102,128,128,108,127,152,152,230,230,240,258,271,271,271],"floor_reached":21,"language":"ENG","playtime":984,"items_purged":["Strike_R"],"score":402,"play_id":"e88ea71c-3787-4290-a005-e64d67f10141","local_time":"20210224190420","is_ascension_mode":true,"campfire_choices":[{"floor":8,"key":"REST"},{"data":"Disarm","floor":15,"key":"SMITH"}],"circlet_count":0,"master_deck":["AscendersBane","Strike_R","Strike_R","Strike_R","Defend_R","Defend_R","Defend_R","Defend_R","Bash","Twin Strike","Ghostly Armor","Disarm+1","Twin Strike","Perfected Strike","Twin Strike","True Grit","Shrug It Off","Juggernaut","Uppercut","Entrench","True Grit"],"relics":["Burning Blood","NeowsBlessing","Bag of Marbles","Omamori","Vajra","Mercury Hourglass","Pen Nib","Philosopher\u0027s Stone"],"acts_visited":["Exordium","TheCity"],"potions_floor_usage":[10,14,14],"damage_taken":[{"damage":0,"enemies":"Small Slimes","floor":1,"turns":1},{"damage":0,"enemies":"2 Louse","floor":2,"turns":1},{"damage":0,"enemies":"Cultist","floor":5,"turns":1},{"damage":61,"enemies":"3 Sentries","floor":6,"turns":14},{"damage":9,"enemies":"3 Louse","floor":7,"turns":3},{"damage":1,"enemies":"Gremlin Nob","floor":10,"turns":3},{"damage":0,"enemies":"Red Slaver","floor":13,"turns":1},{"damage":7,"enemies":"Lagavulin","floor":14,"turns":5},{"damage":18,"enemies":"The Guardian","floor":16,"turns":13},{"damage":26,"enemies":"3 Byrds","floor":18,"turns":5},{"damage":13,"enemies":"Spheric Guardian","floor":19,"turns":4},{"damage":30,"enemies":"Shelled Parasite and Fungi","floor":20,"turns":3},{"damage":17,"enemies":"Cultist and Chosen","floor":21,"turns":3}],"seed_played":"7813989551800032757","potions_obtained":[{"floor":2,"key":"HeartOfIron"},{"floor":7,"key":"SteroidPotion"},{"floor":10,"key":"Energy Potion"}],"is_trial":false,"path_per_floor":["M","M","?","$","M","E","M","R","T","E","?","?","M","E","R","B",null,"M","M","M","M"],"character_chosen":"IRONCLAD","items_purchased":["Disarm"],"campfire_rested":1,"item_purchase_floors":[4],"current_hp_per_floor":[74,75,64,64,70,15,12,34,34,39,32,32,38,37,37,25,63,43,36,12,0,0],"gold":271,"neow_bonus":"THREE_ENEMY_KILL","is_daily":false,"chose_seed":false,"campfire_upgraded":1,"win_rate":0.0,"timestamp":1614215060,"path_taken":["M","M","?","$","M","E","M","R","T","E","?","?","?","E","R","BOSS","M","M","M","M"],"items_purchased_type":["Card"],"build_version":"2020-12-22","purchased_purges":1,"victory":false,"max_hp_per_floor":[75,75,75,75,75,75,75,75,75,75,75,75,75,75,75,75,75,75,75,75,75,75],"relic_stats":{"counters":[13,57],"Pen Nib":[4],"obtain_stats":[{"NeowsBlessing":0,"Vajra":9,"Philosopher\u0027s Stone":17,"Pen Nib":14,"Bag of Marbles":3,"Omamori":6,"Burning Blood":0,"Mercury Hourglass":10},{"NeowsBlessing":0,"Vajra":5,"Philosopher\u0027s Stone":9,"Pen Nib":8,"Bag of Marbles":2,"Omamori":4,"Burning Blood":0,"Mercury Hourglass":6},{"NeowsBlessing":0,"Vajra":20,"Philosopher\u0027s Stone":42,"Pen Nib":29,"Bag of Marbles":2,"Omamori":17,"Burning Blood":0,"Mercury Hourglass":23}],"Burning Blood":67,"Mercury Hourglass":[111]},"card_choices":[{"not_picked":["Havoc","Shrug It Off"],"picked":"Twin Strike","floor":1},{"not_picked":["Wild Strike","Seeing Red"],"picked":"Ghostly Armor","floor":2},{"not_picked":["Sever Soul","Wild Strike"],"picked":"Twin Strike","floor":5},{"not_picked":["Havoc","Body Slam"],"picked":"Perfected Strike","floor":6},{"not_picked":["Havoc","Blood for Blood"],"picked":"Twin Strike","floor":7},{"not_picked":["Armaments","Infernal Blade"],"picked":"True Grit","floor":10},{"not_picked":["Flex","Headbutt","Evolve"],"picked":"SKIP","floor":13},{"not_picked":["Power Through","Wild Strike"],"picked":"Shrug It Off","floor":14},{"not_picked":["Limit Break","Fiend Fire"],"picked":"Juggernaut","floor":16},{"not_picked":["Perfected Strike","Hemokinesis"],"picked":"Uppercut","floor":18},{"not_picked":["Hemokinesis","Cleave"],"picked":"Entrench","floor":19},{"not_picked":["Reckless Charge","Flex"],"picked":"True Grit","floor":20}],"player_experience":1323550,"relics_obtained":[{"floor":6,"key":"Omamori"},{"floor":9,"key":"Vajra"},{"floor":10,"key":"Mercury Hourglass"},{"floor":14,"key":"Pen Nib"}],"event_choices":[{"damage_healed":0,"gold_gain":0,"player_choice":"Success","damage_taken":11,"relics_obtained":["Bag of Marbles"],"max_hp_gain":0,"max_hp_loss":0,"event_name":"Scrap Ooze","floor":3,"gold_loss":0},{"cards_removed":["Strike_R"],"damage_healed":0,"gold_gain":0,"player_choice":"Card Removal","damage_taken":7,"max_hp_gain":0,"max_hp_loss":0,"event_name":"Golden Wing","floor":11,"gold_loss":0},{"damage_healed":0,"gold_gain":0,"player_choice":"Bought 1 Potion","damage_taken":0,"max_hp_gain":0,"max_hp_loss":0,"event_name":"The Woman in Blue","floor":12,"gold_loss":0}],"is_beta":false,"boss_relics":[{"not_picked":["Runic Pyramid","Coffee Dripper"],"picked":"Philosopher\u0027s Stone"}],"items_purged_floors":[4],"is_endless":false,"potions_floor_spawned":[2,7,10,13],"killed_by":"Cultist and Chosen","ascension_level":20}}