{"host":"qmdmcz5nn4dzus5k","time":1614291475,"event":{"mods":["AchievementEnabler","Act Like it!","BaseMod","Bestiary","BetterRewards","Card Filter","Displayed Cursed Tome","Minty Spire (QoL Compilation)","Quick Restart","Relic Filter","Remove Card Discount Mod","Replay The Spire","Ruina","Spicy Shops","StSLib","The Marked","TheHero","Uncapped"],"gold_per_floor":[111,111,111,129,140,171,185,185,254,254,265,296,306,319,319,419,419,419,419,419,369,76,76,76,76,76,76,76,76,76,76,76,76,76,76,76,76,76,20,20,20,20,20,20,20,20,20,20,20,20,20,20,16,16,16,16],"floor_reached":55,"language":"ENG","playtime":3895,"items_purged":["Doubt","Clumsy","Strike_G","Strike_G+1","Regret","Defend_G","Defend_G","Strike_G+1","Strike_G+1"],"score":1104,"play_id":"6c0e7f40-da99-44e5-87a5-1421888a5f89","local_time":"20210225171755","is_ascension_mode":true,"campfire_choices":[{"floor":10.0,"key":"REST"},{"floor":15.0,"key":"REST"},{"floor":25.0,"key":"RECALL"},{"floor":32.0,"key":"REST"},{"data":"Footwork","floor":41.0,"key":"SMITH"},{"data":"Footwork","floor":41.0,"key":"SMITH"},{"data":"Night Terror","floor":44.0,"key":"SMITH"},{"data":"Envenom","floor":44.0,"key":"SMITH"},{"data":"ReplayTheSpireMod:Necrosis","floor":49,"key":"SMITH"},{"data":"Noxious Fumes","floor":49,"key":"SMITH"},{"data":"Poisoned Stab","floor":52,"key":"SMITH"},{"data":"Backstab","floor":52,"key":"SMITH"}],"circlet_count":0,"master_deck":["Strike_G+1","Defend_G","Defend_G","Defend_G","Survivor+1","Neutralize","Terror","Slice+1","Noxious Fumes+1","Footwork+1","Footwork+1","Poisoned Stab+1","Bane","Envenom+1","Deadly Poison","Slice","Night Terror+1","Poisoned Stab+1","ruina:LoveAndHate+1","Outmaneuver+1","Bullet Time","ruina:LoveAndHate+1","After Image","CurseOfTheBell","Poisoned Stab+1","Prepared+1","Poisoned Stab+1","Prepared+1","Prepared+1","ReplayTheSpireMod:Necrosis+1","Backstab+1"],"relics":["ReplayTheSpireMod:CursedCoin","Gremlin Food","Incense Burner","Turnip","HandDrill","Sizzling Blood","Whetstone","Shuriken","FossilizedHelix","Ectoplasm","Replay:Arrowhead","ruina:FalsePresent","Chameleon Ring","Centennial Puzzle","Calling Bell","PreservedInsect","The Courier","StoneCalendar","Snake Skull","Replay:Bandana","Eternal Feather","Toy Ornithopter","Bag of Marbles","Bronze Scales","Strawberry"],"acts_visited":["Exordium","Exordium","TheBeyond","TheEnding"],"potions_floor_usage":[46,47,50,54,55],"damage_taken":[{"damage":0.0,"enemies":"Small Slimes","floor":1.0,"turns":2.0},{"damage":2.0,"enemies":"Jaw Worm","floor":4.0,"turns":4.0},{"damage":2.0,"enemies":"Cultist","floor":5.0,"turns":4.0},{"damage":38.0,"enemies":"Gremlin Nob","floor":6.0,"turns":6.0},{"damage":19.0,"enemies":"Large Slime","floor":7.0,"turns":5.0},{"damage":13.0,"enemies":"Lots of Slimes","floor":11.0,"turns":4.0},{"damage":24.0,"enemies":"3 Sentries","floor":12.0,"turns":7.0},{"damage":0.0,"enemies":"Looter","floor":13.0,"turns":2.0},{"damage":0.0,"enemies":"Exordium Wildlife","floor":14.0,"turns":5.0},{"damage":0.0,"enemies":"Slime Boss","floor":16.0,"turns":6.0},{"damage":20.0,"enemies":"ruina:Nosferatu","floor":18.0,"turns":4.0},{"damage":4.0,"enemies":"ruina:BadWolf","floor":19.0,"turns":6.0},{"damage":0.0,"enemies":"ruina:RoadHome","floor":23.0,"turns":2.0},{"damage":11.0,"enemies":"ruina:Woodsman","floor":24.0,"turns":3.0},{"damage":7.0,"enemies":"ruina:ServantOfWrath","floor":28.0,"turns":4.0},{"damage":0.0,"enemies":"ruina:3_Scarecrows","floor":29.0,"turns":2.0},{"damage":0.0,"enemies":"ruina:QueenOfHate","floor":31.0,"turns":1.0},{"damage":36.0,"enemies":"ruina:JesterOfNihil","floor":33.0,"turns":7.0},{"damage":0.0,"enemies":"3 Darklings","floor":35.0,"turns":1.0},{"damage":0.0,"enemies":"3 Shapes","floor":36.0,"turns":1.0},{"damage":0.0,"enemies":"3 Darklings","floor":37.0,"turns":1.0},{"damage":13.0,"enemies":"Writhing Mass","floor":38.0,"turns":4.0},{"damage":9.0,"enemies":"R_Hoarder","floor":40.0,"turns":5.0},{"damage":9.0,"enemies":"Reptomancer","floor":42.0,"turns":3.0},{"damage":10.0,"enemies":"R_Hoarder","floor":45.0,"turns":4.0},{"damage":13,"enemies":"Transient","floor":46,"turns":5},{"damage":5,"enemies":"Maw","floor":47,"turns":5},{"damage":0,"enemies":"Nemesis","floor":48,"turns":1},{"damage":74,"enemies":"Awakened One","floor":50,"turns":9},{"damage":0,"enemies":"Shield and Spear","floor":54,"turns":1},{"damage":92,"enemies":"The Heart","floor":55,"turns":5}],"seed_played":"-5290062893454210387","potions_obtained":[{"floor":5.0,"key":"Adrenaline Potion"},{"floor":7.0,"key":"DistilledChaos"},{"floor":11.0,"key":"GamblersBrew"},{"floor":13.0,"key":"Energy Potion"},{"floor":16.0,"key":"AttackPotion"},{"floor":21.0,"key":"Energy Potion"},{"floor":23.0,"key":"SneckoOil"},{"floor":24.0,"key":"Elixir"},{"floor":28.0,"key":"Block Potion"},{"floor":36.0,"key":"SkillPotion"},{"floor":45.0,"key":"ColorlessPotion"},{"floor":46,"key":"GhostInAJar"},{"floor":47,"key":"Fruit Juice"},{"floor":54,"key":"Fruit Juice"}],"is_trial":false,"path_per_floor":["M","?","?","M","M","E","M","?","T","R","M","E","M","M","R","B",null,"M","M","?","?","$","E","M","R","T","$","E","M","?","M","R","B",null,"M","M","M","M","$","E","R","E","T","R","E","M","M","E","R","B",null,"R","$","E","B"],"character_chosen":"THE_SILENT","items_purchased":["ReplayTheSpireMod:CursedCoin","Gremlin Food","Turnip","HandDrill","Terror","Slice+1","ruina:LoveAndHate","Snake Skull"],"campfire_rested":3,"item_purchase_floors":[0,0,0,0,0,0,22,39],"current_hp_per_floor":[70,70,74,74,74,40,25,25,25,47,38,18,22,26,48,52,74,58,58,58,54,54,58,51,51,51,51,48,52,32,36,56,24,69,69,69,69,60,60,55,55,50,50,68,62,58,69,73,76,11,76,76,76,90,0,0],"gold":16,"neow_bonus":"","is_daily":false,"chose_seed":false,"campfire_upgraded":8,"win_rate":0.0,"timestamp":1614291475,"path_taken":["M","?","?","M","M","E","M","?","T","R","?","E","M","M","R","BOSS","M","M","?","?","$","E","?","R","T","?","E","M","?","M","R","BOSS","M","M","M","M","$","E","R","E","T","R","E","M","?","E","R","BOSS","R","$","E","BOSS"],"items_purchased_type":["Relic","Relic","Relic","Relic","Card","Card","Card","Relic"],"build_version":"2020-12-22","purchased_purges":9,"victory":false,"max_hp_per_floor":[70,70,74,74,74,74,74,74,74,74,74,74,74,74,74,74,74,74,74,74,69,69,69,69,69,69,69,69,69,69,69,69,69,69,69,69,69,69,69,69,69,69,69,69,69,69,76,76,76,76,76,76,76,90,90,90],"card_choices":[{"not_picked":["Dodge and Roll","Reflex"],"picked":"Noxious Fumes","floor":1.0},{"not_picked":["Acrobatics","Deflect"],"picked":"Draining Mist","floor":4.0},{"not_picked":["Acrobatics","Dodge and Roll"],"picked":"Footwork","floor":5.0},{"not_picked":["Blade Dance","ReplayTheSpireMod:The Works"],"picked":"Footwork","floor":6.0},{"not_picked":["Bouncing Flask","Bane"],"picked":"Poisoned Stab","floor":7.0},{"not_picked":["Reflex","Dagger Throw","Choke"],"picked":"SKIP","floor":11.0},{"not_picked":["Footwork","All Out Attack"],"picked":"Envenom","floor":12.0},{"not_picked":["Bane","Dagger Throw"],"picked":"Deadly Poison","floor":13.0},{"not_picked":["Flying Knee","Eviscerate"],"picked":"Slice","floor":14.0},{"not_picked":["After Image","Glass Knife"],"picked":"Night Terror","floor":16.0},{"not_picked":["Slice","Sneak Up+1","Bane"],"picked":"SKIP","floor":18.0},{"not_picked":["Dodge and Roll","Accuracy","Dagger Throw"],"picked":"SKIP","floor":19.0},{"not_picked":["Fluid Movement","Malaise"],"picked":"Poisoned Stab+1","floor":20.0},{"not_picked":["Cloak And Dagger","Dagger Spray","Expertise"],"picked":"SKIP","floor":23.0},{"not_picked":["Hidden Blade","Heel Hook+1"],"picked":"Outmaneuver+1","floor":24.0},{"not_picked":["Underhanded Strike","Prepared"],"picked":"Bullet Time","floor":28.0},{"not_picked":["Bane","Dodge and Roll","ReplayTheSpireMod:Shiv Toss+1"],"picked":"SKIP","floor":29.0},{"not_picked":["Flying Knee","Crippling Poison","Dagger Throw"],"picked":"SKIP","floor":31.0},{"not_picked":["Envenom","Storm of Steel"],"picked":"After Image","floor":33.0},{"not_picked":["Backstab","Flechettes"],"picked":"Poisoned Stab+1","floor":35.0},{"not_picked":["Underhanded Strike","Dash","ReplayTheSpireMod:The Works+1"],"picked":"SKIP","floor":36.0},{"not_picked":["ReplayTheSpireMod:Scrap Shanks+1","Deadly Poison+1"],"picked":"Prepared+1","floor":37.0},{"not_picked":["Acrobatics","Blade Dance+1"],"picked":"Poisoned Stab+1","floor":38.0},{"not_picked":["Cloak And Dagger+1","ReplayTheSpireMod:The Works"],"picked":"Prepared+1","floor":40.0},{"not_picked":["PiercingWail+1","Sucker Punch"],"picked":"Prepared+1","floor":42.0},{"not_picked":["Slice","Endless Agony"],"picked":"ReplayTheSpireMod:Necrosis","floor":45.0},{"not_picked":["Quick Slash","Distraction"],"picked":"Backstab","floor":46},{"not_picked":["Flying Knee","Backflip+1","Leg Sweep"],"picked":"SKIP","floor":47},{"not_picked":["ReplayTheSpireMod:Shiv Toss","Blur","Underhanded Strike"],"picked":"SKIP","floor":48},{"not_picked":["Dodge and Roll+1","Hidden Blade","Acrobatics"],"picked":"SKIP","floor":54}],"player_experience":106615,"relics_obtained":[{"floor":6.0,"key":"Whetstone"},{"floor":9.0,"key":"Shuriken"},{"floor":12.0,"key":"FossilizedHelix"},{"floor":20.0,"key":"Replay:Arrowhead"},{"floor":23.0,"key":"Chameleon Ring"},{"floor":28.0,"key":"Centennial Puzzle"},{"floor":34.0,"key":"PreservedInsect"},{"floor":34.0,"key":"The Courier"},{"floor":34.0,"key":"StoneCalendar"},{"floor":40.0,"key":"Replay:Bandana"},{"floor":42.0,"key":"Eternal Feather"},{"floor":43.0,"key":"Toy Ornithopter"},{"floor":45.0,"key":"Bag of Marbles"},{"floor":48,"key":"Bronze Scales"},{"floor":54,"key":"Strawberry"}],"event_choices":[{"damage_healed":0.0,"max_hp_gain":0.0,"max_hp_loss":0.0,"gold_gain":0.0,"event_name":"The Cleric","player_choice":"Leave","floor":2.0,"gold_loss":0.0,"damage_taken":0.0},{"damage_healed":0.0,"max_hp_gain":0.0,"max_hp_loss":0.0,"gold_gain":0.0,"cards_transformed":["Draining Mist"],"event_name":"Transmorgrifier","player_choice":"Transformed","floor":8.0,"gold_loss":0.0,"damage_taken":0.0,"cards_obtained":["Bane"]}],"is_beta":false,"boss_relics":[{"not_picked":["Busted Crown","Replay:Bronze Core"],"picked":"Ectoplasm"},{"not_picked":["SacredBark","Fusion Hammer"],"picked":"Calling Bell"}],"items_purged_floors":[0,22,39,39,39,39,39,53,53],"is_endless":false,"potions_floor_spawned":[5,7,11,13,16,23,24,28,36,37,38,45,46,47,54],"killed_by":"The Heart","ascension_level":2}}