{"host":"tr0r177cvmpvg89h","time":1614267560,"event":{"mods":["BaseMod","Colored Map","DeckTracker","Minty Spire (QoL Compilation)","StSLib","SuperFastMode"],"gold_per_floor":[114,125,125,143,154,154,169,169,244,269,269,283,208,219,219,318,318,334,334,334,348,366,366,398,398,398,398,413,232,232,251,251,350,350,364,414,428,152,164,164,197,47,117,134,134,134,147,172,172,172,172],"floor_reached":50,"language":"KOR","playtime":2878,"items_purged":["Strike_B","Cold Snap","Strike_B","Strike_B"],"score":549,"play_id":"22f5361b-d12f-4146-8106-0a80ca07a880","local_time":"20210226003920","is_ascension_mode":false,"campfire_choices":[{"data":"Double Energy","floor":6,"key":"SMITH"},{"data":"Chaos","floor":8,"key":"SMITH"},{"data":"Dramatic Entrance","floor":11,"key":"SMITH"},{"data":"Self Repair","floor":15,"key":"SMITH"},{"data":"Electrodynamics","floor":23,"key":"SMITH"},{"floor":25,"key":"REST"},{"data":"Zap","floor":27,"key":"SMITH"},{"floor":32,"key":"REST"},{"data":"Static Discharge","floor":40,"key":"SMITH"},{"floor":45,"key":"REST"},{"floor":49,"key":"REST"}],"circlet_count":0,"master_deck":["Defend_B","Defend_B","Defend_B","Defend_B","Zap+1","Dualcast","Dramatic Entrance+1","Ball Lightning","Leap","Leap","Chaos+1","Self Repair+1","Electrodynamics+1","Conserve Battery+1","Leap+1","Loop+1","Ball Lightning","Ball Lightning+1","Static Discharge+1","Amplify","Ball Lightning+1","Loop","Conserve Battery"],"relics":["Cracked Core","Question Card","Lizard Tail","Sozu","Ancient Tea Set","Molten Egg 2","TungstenRod","Busted Crown","Thread and Needle","Blood Vial","Du-Vu Doll","Darkstone Periapt","Lantern"],"acts_visited":["Exordium","TheCity","TheBeyond"],"potions_floor_usage":[10,10,10,16,22,33],"damage_taken":[{"damage":0,"enemies":"2 Louse","floor":1,"turns":2},{"damage":5,"enemies":"Small Slimes","floor":2,"turns":2},{"damage":6,"enemies":"Jaw Worm","floor":4,"turns":3},{"damage":2,"enemies":"Blue Slaver","floor":5,"turns":4},{"damage":7,"enemies":"3 Louse","floor":7,"turns":2},{"damage":6,"enemies":"Lagavulin","floor":10,"turns":6},{"damage":8,"enemies":"Red Slaver","floor":12,"turns":2},{"damage":7,"enemies":"Blue Slaver","floor":14,"turns":3},{"damage":32,"enemies":"The Guardian","floor":16,"turns":13},{"damage":15,"enemies":"3 Byrds","floor":18,"turns":2},{"damage":13,"enemies":"2 Thieves","floor":21,"turns":2},{"damage":20,"enemies":"Cultist and Chosen","floor":22,"turns":7},{"damage":27,"enemies":"Slavers","floor":24,"turns":3},{"damage":17,"enemies":"Sentry and Sphere","floor":28,"turns":5},{"damage":7,"enemies":"Centurion and Healer","floor":31,"turns":4},{"damage":44,"enemies":"Collector","floor":33,"turns":9},{"damage":33,"enemies":"3 Darklings","floor":35,"turns":5},{"damage":0,"enemies":"Mind Bloom Boss Battle","floor":36,"turns":5},{"damage":8,"enemies":"Orb Walker","floor":37,"turns":4},{"damage":6,"enemies":"4 Shapes","floor":39,"turns":2},{"damage":79,"enemies":"Reptomancer","floor":41,"turns":6},{"damage":18,"enemies":"Spire Growth","floor":44,"turns":5},{"damage":19,"enemies":"Writhing Mass","floor":47,"turns":5},{"damage":41,"enemies":"Nemesis","floor":48,"turns":5},{"damage":57,"enemies":"Awakened One","floor":50,"turns":7}],"seed_played":"-6476236979832908689","potions_obtained":[{"floor":4,"key":"EntropicBrew"},{"floor":5,"key":"EssenceOfSteel"},{"floor":12,"key":"Fire Potion"}],"is_trial":false,"path_per_floor":["M","M","?","M","M","R","M","R","T","E","R","M","$","M","R","B",null,"M","?","?","M","M","R","E","R","T","R","M","$","T","M","R","B",null,"M","?","M","$","M","R","E","$","T","M","R","?","M","E","R","B"],"character_chosen":"DEFECT","items_purchased":["Static Discharge","Blood Vial"],"campfire_rested":4,"item_purchase_floors":[29,38],"current_hp_per_floor":[75,70,70,64,62,62,55,55,55,63,63,55,55,55,55,33,75,70,56,56,43,33,33,6,30,30,30,23,23,23,26,50,16,80,57,67,59,59,55,55,44,44,44,38,62,62,55,26,50,0,0],"gold":172,"neow_bonus":"RANDOM_COLORLESS","is_daily":false,"chose_seed":false,"campfire_upgraded":7,"win_rate":0.0,"timestamp":1614267560,"path_taken":["M","M","?","M","M","R","M","R","T","E","R","M","$","M","R","BOSS","M","?","?","M","M","R","E","R","T","R","M","$","?","M","R","BOSS","M","?","M","$","M","R","E","$","T","M","R","?","?","E","R","BOSS"],"items_purchased_type":["Card","Relic"],"build_version":"2020-12-22","purchased_purges":4,"victory":false,"max_hp_per_floor":[75,75,75,75,75,75,75,75,75,75,75,75,75,75,75,75,75,75,80,80,80,80,80,80,80,80,80,80,80,80,80,80,80,80,80,80,80,80,80,80,80,80,80,80,80,80,80,80,80,80,80],"card_choices":[{"not_picked":["Purity","Dark Shackles"],"picked":"Dramatic Entrance","floor":0},{"not_picked":["Compile Driver","Leap"],"picked":"Ball Lightning","floor":1},{"not_picked":["Steam Power","Stack"],"picked":"Leap","floor":2},{"not_picked":["Heatsinks","Conserve Battery"],"picked":"Leap","floor":4},{"not_picked":["Beam Cell","Biased Cognition"],"picked":"Double Energy","floor":5},{"not_picked":["Undo","Beam Cell"],"picked":"Chaos","floor":7},{"not_picked":["Leap","Darkness","Force Field","Stack"],"picked":"SKIP","floor":10},{"not_picked":["Compile Driver","Conserve Battery","Redo"],"picked":"Self Repair","floor":12},{"not_picked":["Beam Cell","Compile Driver","Rebound"],"picked":"Cold Snap","floor":14},{"not_picked":["Seek","Fission","Meteor Strike"],"picked":"Electrodynamics","floor":16},{"not_picked":["Leap","Redo","Lockon"],"picked":"Conserve Battery+1","floor":18},{"not_picked":["Turbo","Stack","Steam+1"],"picked":"Leap+1","floor":21},{"not_picked":["Hologram+1","All For One","Sweeping Beam"],"picked":"Loop+1","floor":22},{"not_picked":["Stack","Coolheaded","Melter"],"picked":"Ball Lightning","floor":24},{"not_picked":["Buffer","Stack","Beam Cell+1"],"picked":"Ball Lightning+1","floor":28},{"not_picked":["Scrape+1","Stack+1","Barrage+1","Go for the Eyes+1"],"picked":"SKIP","floor":31},{"not_picked":["Biased Cognition","Reboot","Buffer"],"picked":"Amplify","floor":33},{"not_picked":["Beam Cell+1","BootSequence+1"],"picked":"SKIP","floor":35},{"not_picked":["Blizzard+1"],"picked":"Ball Lightning+1","floor":36},{"not_picked":["Barrage+1","Undo+1"],"picked":"SKIP","floor":37},{"not_picked":["Steam","Compile Driver+1"],"picked":"SKIP","floor":39},{"not_picked":["Melter+1"],"picked":"Loop","floor":41},{"not_picked":["Steam","Sweeping Beam+1"],"picked":"SKIP","floor":44},{"not_picked":["Hologram","Compile Driver+1"],"picked":"SKIP","floor":47},{"not_picked":["Stack"],"picked":"Conserve Battery","floor":48}],"player_experience":140411,"relics_obtained":[{"floor":9,"key":"Question Card"},{"floor":10,"key":"Lizard Tail"},{"floor":24,"key":"Ancient Tea Set"},{"floor":26,"key":"Molten Egg 2"},{"floor":30,"key":"TungstenRod"},{"floor":36,"key":"Thread and Needle"},{"floor":41,"key":"Du-Vu Doll"},{"floor":43,"key":"Darkstone Periapt"},{"floor":48,"key":"Lantern"}],"event_choices":[{"cards_removed":["Strike_B"],"damage_healed":0,"gold_gain":0,"player_choice":"Forget","damage_taken":0,"max_hp_gain":0,"max_hp_loss":0,"event_name":"Living Wall","floor":3,"gold_loss":0},{"damage_healed":0,"gold_gain":0,"player_choice":"Shed Blood","damage_taken":19,"max_hp_gain":5,"max_hp_loss":0,"event_name":"Forgotten Altar","floor":19,"gold_loss":0},{"damage_healed":0,"gold_gain":0,"player_choice":"Ignored","damage_taken":0,"max_hp_gain":0,"max_hp_loss":0,"event_name":"Ghosts","floor":20,"gold_loss":0},{"damage_healed":0,"gold_gain":0,"player_choice":"Fight","damage_taken":0,"max_hp_gain":0,"max_hp_loss":0,"event_name":"MindBloom","floor":36,"gold_loss":0},{"cards_removed":["Double Energy"],"damage_healed":0,"gold_gain":0,"player_choice":"Purged","damage_taken":0,"max_hp_gain":0,"max_hp_loss":0,"event_name":"Purifier","floor":46,"gold_loss":0}],"is_beta":false,"boss_relics":[{"not_picked":["Astrolabe","Coffee Dripper"],"picked":"Sozu"},{"not_picked":["SacredBark","Snecko Eye"],"picked":"Busted Crown"}],"items_purged_floors":[13,29,38,42],"is_endless":false,"potions_floor_spawned":[4,5,12,14,22,24,37,41,44],"killed_by":"Awakened One","ascension_level":0}}