{"host":"gm50ke85n5jz306u","time":1614270851,"event":{"mods":["AchievementEnabler","AlwaysNeverKeys","Aspiration","BaseMod","Beaked The Cultist","Bestiary","Better Altar","Better Match","Better Note","Better Sensory Stone","Better Skull","Better Third Choice","Better Vampires","Better-Laid Plans","BetterRewards","Colored Powertips","Curses Come First","DNKmod","Defuse TimeMaze Blight","Disable Question Mark Monsters","Displayed Cursed Tome","Downfall","Emptier Cage","Extra Virgin Snecko Oil","Filter the Spire","Friendly Minions","Gremlin Skip","Hermit","Hubris","Hyrulean Relics","Ironclad Rager","Koishi","Lobotomy","Marisa????????","Marked Mod","Minty Spire (QoL Compilation)","Permanent Neow","Poor People Problems","Quick Restart","Reimu??????","Relic Filter Mod","Relic Sorter","Remove Card Discount Mod","Reorder Act Four","Replay The Spire","Shop Mod","StSLib","Synergy Search","Td1madao Mod","The Administrix","The Animator","The Blue Laboratory","The Bug Knight","The Construct","The Cursed","The Disciple","The Hierophant","The Necromancer","The Runesmith","The Senshi","The Servant 0.9.4","Thieving Mod","Transform Curses","WarShipGirlsR/????R mod"],"gold_per_floor":[10020,9330,9330,9341,8855,8855,8886,8826,8826,8366,8331,7943,7963,7979,7979,8067,8067,8067,8067,7768,7768,7768,7768,7768,7768,7768,7768,7768,7768,7768,7768,7768,7768,7768,7768,7768,7441,7441,7441,7441,7319,7279,7279,7279,7279,7279,7279,7100,7100,7100],"floor_reached":51,"language":"ENG","playtime":2407,"items_purged":["Bash","Strike_R","Strike_R","Spot Weakness","Body Slam","Defend_R","Strike_R","Strike_R","Strike_R","Iron Wave","Defend_R","Headbutt"],"score":1343,"play_id":"1e309d4e-01b9-458e-aa91-6c3ad84bf261","local_time":"20210225173411","is_ascension_mode":true,"campfire_choices":[{"data":"Defend_R","floor":6.0,"key":"SMITH"},{"data":"Demon Form","floor":15.0,"key":"SMITH"},{"data":"Limit Break","floor":23.0,"key":"SMITH"},{"data":"Sadistic Nature","floor":25.0,"key":"SMITH"},{"data":"Master of Strategy","floor":27.0,"key":"SMITH"},{"data":"Shrug It Off","floor":32.0,"key":"SMITH"},{"data":"Shrug It Off","floor":47,"key":"SMITH"},{"data":"Defend_R","floor":49,"key":"SMITH"}],"circlet_count":0,"master_deck":["AscendersBane","Defend_R+1","Defend_R+1","Blind+1","Sword Boomerang+1","Madness+1","Shrug It Off+1","Demon Form+1","Master of Strategy+1","Sadistic Nature+1","Limit Break+1","Shrug It Off+1","Headbutt+1","Sword Boomerang+1","Headbutt+1","Headbutt+1"],"relics":["Burning Blood","Pen Nib","Mastiff:ReiMu","ReplayFunnel","hubris:ChampionShield","Mirror","MerchantsRug","ClockworkSouvenir","hubris:SlimyHat","Turnip","CrazyTorch:ReiMu","Akabeko","PaintedHorse:ReiMu","RuthlessExorcism:ReiMu","Garlic","Ectoplasm","Membership Card","Lee\u0027s Waffle","Guide Book","Replay:Bandana","StrikeDummy","Dream Catcher","MealTicket","Blue Doll","Cauldron","TentaclePot:ReiMu","Chameleon Ring","hubris:MysteriousPyramids","hubris:TenFootPole","Whetstone"],"acts_visited":["Exordium","TheCity","TheBeyond"],"potions_floor_usage":[39,39],"damage_taken":[{"damage":12.0,"enemies":"Jaw Worm","floor":1.0,"turns":5.0},{"damage":0.0,"enemies":"2 Louse","floor":4.0,"turns":3.0},{"damage":34.0,"enemies":"Lagavulin","floor":7.0,"turns":9.0},{"damage":0.0,"enemies":"Small Slimes","floor":13.0,"turns":1.0},{"damage":0.0,"enemies":"3 Louse","floor":14.0,"turns":1.0},{"damage":21.0,"enemies":"The Guardian","floor":16.0,"turns":10.0},{"damage":0.0,"enemies":"Chosen","floor":18.0,"turns":3.0},{"damage":7.0,"enemies":"Shell Parasite","floor":19.0,"turns":4.0},{"damage":13.0,"enemies":"Snake Plant","floor":22.0,"turns":5.0},{"damage":0.0,"enemies":"Centurion and Healer","floor":28.0,"turns":5.0},{"damage":12.0,"enemies":"Snecko","floor":29.0,"turns":4.0},{"damage":2.0,"enemies":"Snake Plant","floor":30.0,"turns":4.0},{"damage":6.0,"enemies":"Centurion and Healer","floor":31.0,"turns":3.0},{"damage":67.0,"enemies":"Automaton","floor":33.0,"turns":7.0},{"damage":3.0,"enemies":"Orb Walker","floor":35.0,"turns":4.0},{"damage":22.0,"enemies":"3 Shapes","floor":36.0,"turns":3.0},{"damage":4,"enemies":"Spire Growth","floor":38,"turns":4},{"damage":20,"enemies":"2 Orb Walkers","floor":39,"turns":3},{"damage":22,"enemies":"Giant Head","floor":40,"turns":6},{"damage":24,"enemies":"Reptomancer","floor":44,"turns":4},{"damage":0,"enemies":"Transient","floor":45,"turns":5},{"damage":9,"enemies":"Giant Head","floor":46,"turns":4},{"damage":6,"enemies":"Time Eater","floor":50,"turns":4}],"seed_played":"4740631479873433310","potions_obtained":[{"floor":1.0,"key":"DistilledChaos"},{"floor":20.0,"key":"blueLaboratory:IronCompound"},{"floor":39,"key":"ZuzhouPotion:ReiMu"},{"floor":40,"key":"Dexterity Potion"},{"floor":45,"key":"GamblersBrew"}],"is_trial":false,"path_per_floor":["M","$","?","M","$","R","E","?","T","$","?","$","M","M","R","B",null,"M","M","$","?","M","R","?","R","T","R","M","M","M","M","R","B",null,"M","M","$","M","?","E","$","?","T","E","M","E","R","$","R","B",null],"character_chosen":"IRONCLAD","items_purchased":["Mirror","hubris:ChampionShield","Lee\u0027s Waffle","MerchantsRug","Akabeko","Madness","Guide Book","blueLaboratory:LimitlessPotion","Shrug It Off","Demon Form","RuthlessExorcism:ReiMu","Master of Strategy","Membership Card","ReplayFunnel","Dream Catcher","Sadistic Nature","MealTicket","Blue Doll","Shrug It Off","Iron Wave","Cauldron","blueLaboratory:IronCompound","TentaclePot:ReiMu","Chameleon Ring","hubris:MysteriousPyramids","CrazyTorch:ReiMu","ClockworkSouvenir","hubris:SlimyHat","Adrenaline Potion"],"campfire_rested":0,"item_purchase_floors":[2,2,2,2,5,5,5,5,10,10,10,10,12,12,12,12,20,20,20,20,20,20,37,37,37,41,48,48,48],"current_hp_per_floor":[62,82,82,82,82,82,54,54,54,54,74,74,80,82,82,67,78,82,81,81,81,74,74,74,74,74,74,80,74,78,78,78,17,66,69,53,68,70,56,40,55,55,55,37,43,40,40,55,55,55],"gold":7100,"neow_bonus":"RANDOM_COLORLESS","is_daily":false,"chose_seed":false,"campfire_upgraded":8,"win_rate":0.0,"timestamp":1614270851,"path_taken":["M","$","?","M","$","R","E","?","T","$","?","?","M","M","R","BOSS","M","M","$","?","M","R","?","R","T","R","?","?","?","M","R","BOSS","M","M","$","M","?","E","$","?","T","E","?","E","R","$","R","BOSS"],"items_purchased_type":["Relic","Relic","Relic","Relic","Relic","Card","Relic","Potion","Card","Card","Relic","Card","Relic","Relic","Relic","Card","Relic","Relic","Card","Card","Relic","Potion","Relic","Relic","Relic","Relic","Relic","Relic","Potion"],"build_version":"2020-12-22","purchased_purges":12,"victory":true,"max_hp_per_floor":[75,82,82,82,82,82,82,82,82,82,82,82,82,82,82,82,82,82,82,82,82,82,82,82,82,82,82,82,82,82,82,82,82,82,82,82,82,82,82,82,82,82,82,82,82,82,82,82,82,82],"card_choices":[{"not_picked":["Dark Shackles","Mind Blast"],"picked":"Blind","floor":0.0},{"not_picked":["Flex","Armaments"],"picked":"Sword Boomerang","floor":1.0},{"not_picked":["Thunderclap","Second Wind","ReplayTheSpireMod:Strike From Hell"],"picked":"SKIP","floor":4.0},{"not_picked":["ReplayTheSpireMod:Stacked","Armaments"],"picked":"Spot Weakness","floor":7.0},{"not_picked":["Wild Strike","Thunderclap","Warcry"],"picked":"SKIP","floor":13.0},{"not_picked":["Brutality","Uppercut"],"picked":"Body Slam","floor":14.0},{"not_picked":["Fiend Fire","Barricade"],"picked":"Limit Break","floor":16.0},{"not_picked":["Burning Pact","Intimidate","Twin Strike"],"picked":"SKIP","floor":18.0},{"not_picked":["Entrench","Clash","Warcry"],"picked":"SKIP","floor":19.0},{"not_picked":["ReplayTheSpireMod:Stacked","Wild Strike"],"picked":"Headbutt","floor":22.0},{"not_picked":["Perfected Strike","Warcry"],"picked":"Headbutt","floor":28.0},{"not_picked":["Heavy Blade","Clothesline+1","True Grit"],"picked":"SKIP","floor":29.0},{"not_picked":["Sever Soul","Blood for Blood","Shockwave"],"picked":"SKIP","floor":30.0},{"not_picked":["ReplayTheSpireMod:Stacked","Dark Embrace","Feel No Pain"],"picked":"SKIP","floor":31.0},{"not_picked":["Anger","Sever Soul"],"picked":"Sword Boomerang+1","floor":35.0},{"not_picked":["Thunderclap","Clothesline+1"],"picked":"Headbutt","floor":36.0},{"not_picked":["Twin Strike","Defy Death","hubris:StunningStrike"],"picked":"SKIP","floor":38},{"not_picked":["Intimidate+1","Anger"],"picked":"Headbutt+1","floor":39},{"not_picked":["Clothesline","Immolate","Clash+1"],"picked":"SKIP","floor":40},{"not_picked":["Run Through","Pommel Strike","Demon Form"],"picked":"SKIP","floor":44},{"not_picked":["Run Through","Uppercut+1","Clothesline"],"picked":"SKIP","floor":45},{"not_picked":["Bloodletting","Combust+1","Heavy Blade"],"picked":"SKIP","floor":46}],"player_experience":486773,"relics_obtained":[{"floor":7.0,"key":"Replay:Bandana"},{"floor":9.0,"key":"StrikeDummy"},{"floor":26.0,"key":"Garlic"},{"floor":39,"key":"Turnip"},{"floor":40,"key":"hubris:TenFootPole"},{"floor":43,"key":"Whetstone"},{"floor":44,"key":"Mastiff:ReiMu"},{"floor":46,"key":"Pen Nib"}],"event_choices":[{"damage_healed":0.0,"max_hp_gain":0.0,"max_hp_loss":0.0,"gold_gain":0.0,"event_name":"Living Wall","player_choice":"Grow","floor":3.0,"gold_loss":0.0,"damage_taken":0.0,"cards_upgraded":["Blind"]},{"damage_healed":0.0,"max_hp_gain":0.0,"max_hp_loss":0.0,"gold_gain":0.0,"event_name":"yidonshenshe","player_choice":"Donate","floor":8.0,"gold_loss":60.0,"damage_taken":0.0,"relics_obtained":["PaintedHorse:ReiMu"]},{"damage_healed":20.0,"max_hp_gain":0.0,"max_hp_loss":0.0,"gold_gain":0.0,"event_name":"The Cleric","player_choice":"Healed","floor":11.0,"gold_loss":35.0,"damage_taken":0.0},{"damage_healed":0.0,"max_hp_gain":0.0,"max_hp_loss":0.0,"gold_gain":0.0,"event_name":"Duplicator","player_choice":"Copied","floor":21.0,"gold_loss":0.0,"damage_taken":0.0,"cards_obtained":["Limit Break"]},{"cards_removed":["Limit Break"],"damage_healed":0.0,"max_hp_gain":0.0,"max_hp_loss":0.0,"gold_gain":0.0,"event_name":"Wheel of Change","player_choice":"Card Removal","floor":24.0,"gold_loss":0.0,"damage_taken":0.0},{"damage_healed":0,"gold_gain":0,"player_choice":"Fight","damage_taken":0,"max_hp_gain":0,"max_hp_loss":0,"event_name":"Mysterious Sphere","floor":39,"gold_loss":0},{"damage_healed":0,"gold_gain":0,"player_choice":"Bought 3 Potions","damage_taken":0,"max_hp_gain":0,"max_hp_loss":0,"event_name":"The Woman in Blue","floor":42,"gold_loss":0}],"is_beta":false,"boss_relics":[{"not_picked":["Snecko Eye","aspiration:RandomNobGenerator"],"picked":"Ectoplasm"},{"not_picked":["hubris:TerracottaHorce","Ring of Chaos","aspiration:RunicSpoon"]}],"items_purged_floors":[2,2,2,10,20,20,37,37,37,37,37,41],"is_endless":false,"potions_floor_spawned":[1,7,16,22,28,29,33,38,39,40,45],"ascension_level":15}}