{"host":"yqw1zpryoutrnocq","time":1614282813,"event":{"mods":["2.2 Compatiblity","AchievementEnabler","BaseMod","Colored Map","Custom Start","DeckTracker","Minty Spire (QoL Compilation)","Replay The Spire","StSLib","SuperFastMode"],"gold_per_floor":[118,118,62,17,27,60,72,72,153,187,202,230,230,264,264,337,337,356,356,356,44,44,44,78,95,95,109,32,32,44,72,72,88,88],"floor_reached":33,"language":"KOR","playtime":1193,"items_purged":[],"score":554,"play_id":"f8162fbf-6cf3-46f5-a960-dc99d0d43871","local_time":"20210225135333","is_ascension_mode":true,"campfire_choices":[{"data":"Footwork","floor":8,"key":"SMITH"},{"data":"Deadly Poison","floor":13,"key":"SMITH"},{"floor":15,"key":"REST"},{"data":"Catalyst","floor":23,"key":"SMITH"},{"floor":29,"key":"REST"},{"data":"Sadistic Nature","floor":32,"key":"SMITH"}],"circlet_count":0,"master_deck":["AscendersBane","Strike_G","Defend_G","Defend_G","Defend_G","Defend_G","Defend_G+1","Survivor","Neutralize","Underhanded Strike","Masterful Stab+1","Cloak And Dagger","Footwork+1","Die Die Die","Escape Plan","Replay:Bag of Tricks","Deadly Poison+1","Dagger Spray","A Thousand Cuts","Crippling Poison+1","A Thousand Cuts+1","Phantasmal Killer+1","ReplayTheSpireMod:Exploit Weakness+1","Catalyst+1","Necronomicurse","Sadistic Nature+1","Deadly Poison","Noxious Fumes","Backflip","Blade Dance","Cloak And Dagger","Accuracy","Prepared","Sucker Punch+1"],"relics":["Ring of the Snake","NeowsBlessing","Toy Ornithopter","Bird Faced Urn","Blue Candle","Iron Hammer","Art of War","Pet Ghost","Astrolabe","Necronomicon","War Paint","Replay:Accelerometer","Replay:Bandana"],"acts_visited":["Exordium","TheCity"],"potions_floor_usage":[16,16,27,30,31,33],"damage_taken":[{"damage":0,"enemies":"2 Louse","floor":1,"turns":1},{"damage":0,"enemies":"Cultist","floor":5,"turns":1},{"damage":0,"enemies":"Replay:BlueRogue","floor":6,"turns":1},{"damage":0,"enemies":"Small Slimes","floor":7,"turns":1},{"damage":16,"enemies":"Gremlin Nob","floor":10,"turns":5},{"damage":3,"enemies":"Looter","floor":11,"turns":4},{"damage":26,"enemies":"Replay:BlueRogue","floor":12,"turns":4},{"damage":20,"enemies":"3 Sentries","floor":14,"turns":7},{"damage":42,"enemies":"Fading Forest","floor":16,"turns":11},{"damage":5,"enemies":"Shell Parasite","floor":18,"turns":7},{"damage":37,"enemies":"Slavers","floor":24,"turns":4},{"damage":1,"enemies":"3 Byrds","floor":25,"turns":5},{"damage":12,"enemies":"3 Cultists","floor":27,"turns":3},{"damage":0,"enemies":"Centurion and Healer","floor":30,"turns":5},{"damage":13,"enemies":"Gremlin Leader","floor":31,"turns":4},{"damage":62,"enemies":"Automaton","floor":33,"turns":6}],"seed_played":"864366911627975471","potions_obtained":[{"floor":7,"key":"Elixir"},{"floor":10,"key":"Reflective Coating"},{"floor":14,"key":"PowerPotion"},{"floor":25,"key":"FearPotion"},{"floor":27,"key":"EssenceOfSteel"},{"floor":30,"key":"Flashbang"},{"floor":31,"key":"FearPotion"}],"is_trial":false,"path_per_floor":["M","?","?","$","M","E","M","R","T","E","M","E","R","E","R","B",null,"M","?","?","$","?","R","E","M","T","M","$","R","M","E","R_BF","B"],"character_chosen":"THE_SILENT","items_purchased":["Cloak And Dagger","Sadistic Nature","Deadly Poison","Noxious Fumes","Accuracy"],"campfire_rested":2,"item_purchase_floors":[4,21,21,21,28],"current_hp_per_floor":[63,63,63,63,63,63,63,63,63,49,48,24,24,6,27,7,54,53,53,37,37,37,37,6,11,11,6,6,27,38,40,40,0,0],"gold":88,"neow_bonus":"THREE_ENEMY_KILL","is_daily":false,"chose_seed":false,"campfire_upgraded":4,"win_rate":0.0,"timestamp":1614282813,"path_taken":["M","?","?","$","?","E","?","R","T","E","M","E","R","E","R","BOSS","M","?","?","$","?","R","E","M","T","M","$","R","?","E","R_BF","BOSS"],"items_purchased_type":["Card","Card","Card","Card","Card"],"build_version":"2020-12-22","purchased_purges":0,"victory":false,"max_hp_per_floor":[70,70,70,70,70,70,70,70,70,70,70,70,70,70,70,70,70,70,70,70,70,70,70,70,70,70,70,70,70,70,70,70,70,70],"card_choices":[{"not_picked":["Choke","Acrobatics"],"picked":"Underhanded Strike","floor":1},{"not_picked":["Flying Knee","Predator"],"picked":"Footwork","floor":5},{"not_picked":["Masterful Stab","PiercingWail"],"picked":"Die Die Die","floor":6},{"not_picked":["Underhanded Strike","Deadly Poison"],"picked":"Escape Plan","floor":7},{"not_picked":["ReplayTheSpireMod:Necrosis","Backstab"],"picked":"Replay:Bag of Tricks","floor":10},{"not_picked":["Deadly Poison","Flying Knee","Underhanded Strike"],"picked":"SKIP","floor":11},{"not_picked":["Flying Knee","All Out Attack"],"picked":"Deadly Poison","floor":12},{"not_picked":["Quick Slash","Flying Knee"],"picked":"Dagger Spray","floor":14},{"not_picked":["Poison Darts","ReplayTheSpireMod:Necrosis"],"picked":"A Thousand Cuts","floor":16},{"not_picked":["Bane","Dodge and Roll"],"picked":"ReplayTheSpireMod:Exploit Weakness","floor":18},{"not_picked":["Blade Dance","Eviscerate"],"picked":"Backflip","floor":24},{"not_picked":["Setup","Cloak And Dagger"],"picked":"Blade Dance","floor":25},{"not_picked":["Deflect","Bane"],"picked":"Cloak And Dagger","floor":27},{"not_picked":["Slice+1","Dagger Throw"],"picked":"Prepared","floor":30},{"not_picked":["Hidden Blade","Crippling Poison+1"],"picked":"Sucker Punch+1","floor":31}],"player_experience":368532,"relics_obtained":[{"floor":6,"key":"Bird Faced Urn"},{"floor":9,"key":"Blue Candle"},{"floor":10,"key":"Iron Hammer"},{"floor":12,"key":"Art of War"},{"floor":14,"key":"Pet Ghost"},{"floor":20,"key":"Necronomicon"},{"floor":24,"key":"War Paint"},{"floor":26,"key":"Replay:Accelerometer"},{"floor":31,"key":"Replay:Bandana"}],"event_choices":[{"damage_healed":0,"gold_gain":0,"player_choice":"Paid Gold","damage_taken":0,"relics_obtained":["Toy Ornithopter"],"max_hp_gain":0,"max_hp_loss":0,"event_name":"WeMeetAgain","floor":3,"gold_loss":56},{"damage_healed":0,"gold_gain":0,"player_choice":"Read","damage_taken":0,"max_hp_gain":0,"max_hp_loss":0,"event_name":"The Library","floor":19,"gold_loss":0,"cards_obtained":["Catalyst"]},{"damage_healed":0,"gold_gain":0,"player_choice":"Obtained Book","damage_taken":16,"max_hp_gain":0,"max_hp_loss":0,"event_name":"Cursed Tome","floor":20,"gold_loss":0},{"damage_healed":0,"gold_gain":0,"player_choice":"Ignored","damage_taken":0,"max_hp_gain":0,"max_hp_loss":0,"event_name":"N\u0027loth","floor":22,"gold_loss":0}],"is_beta":false,"boss_relics":[{"not_picked":["ChewingGum","Cursed Key"],"picked":"Astrolabe"}],"items_purged_floors":[],"is_endless":false,"potions_floor_spawned":[7,10,11,14,25,27,30,31],"killed_by":"Automaton","ascension_level":13}}