{"host":"ar85q1708ucjvf51","time":1614280768,"event":{"mods":["BaseMod","Minty Spire (QoL Compilation)"],"gold_per_floor":[114,129,304,304,269,307,3,3,3,3,41,60,79,98,98,223,223,242,242,261,280,280,318,318,318,318,368,399,155,155,155,155,280,280,299,318,593,612,631,631,669,228,228,228,228,8,27,46,46,46],"floor_reached":51,"language":"ENG","playtime":21190,"items_purged":["Clumsy"],"score":975,"play_id":"827c7d01-ac26-4671-a51b-4edb09d17df7","local_time":"20210225141928","daily_mods":["Insanity","Colorless Cards","Night Terrors"],"is_ascension_mode":false,"campfire_choices":[{"data":"1","floor":8.0,"key":"LIFT"},{"data":"Machine Learning","floor":10.0,"key":"SMITH"},{"data":"Mind Blast","floor":15.0,"key":"SMITH"},{"floor":25.0,"key":"REST"},{"data":"2","floor":30.0,"key":"LIFT"},{"data":"Creative AI","floor":32.0,"key":"SMITH"},{"floor":40.0,"key":"REST"},{"data":"3","floor":44.0,"key":"LIFT"},{"data":"Loop","floor":49.0,"key":"SMITH"}],"circlet_count":0,"master_deck":["Streamline","Hologram","Redo","Ball Lightning","Leap","Gash","Barrage","Hello World","Blizzard","Undo","Undo","Bandage Up","Streamline","BootSequence","Glacier","Stack","Gash","Ball Lightning","Turbo","Gash","Turbo","Beam Cell","Trip","Redo","Jack Of All Trades","Ball Lightning","Coolheaded","Hologram","Leap","Doom and Gloom","Hologram","Coolheaded","Ball Lightning","Rebound","Self Repair","Streamline","Loop+1","Blizzard","Mind Blast+1","Beam Cell","Rebound","Streamline","Static Discharge","FTL","Scrape","Loop","Redo","Gash","Machine Learning+1","Stack","Loop","Creative AI+1","CurseOfTheBell","Dark Shackles","Leap+1","Gash","Lockon","Chaos+1","RitualDagger","Loop","Capacitor","Loop","FTL+1","Chill+1","Doom and Gloom","Metamorphosis","Hologram+1","Lockon+1","Reboot+1","Impatience+1","Jack Of All Trades+1","Regret","Fusion","Aggregate","Defragment","Stack","Creative AI+1","Melter","Storm","PanicButton","Coolheaded+1"],"relics":["Cracked Core","Golden Idol","Girya","Membership Card","Art of War","Pantograph","MealTicket","Calling Bell","Centennial Puzzle","Matryoshka","TungstenRod","Oddly Smooth Stone","MawBank","Pear","Potion Belt","Ornamental Fan","Orrery","Astrolabe","Question Card","Runic Capacitor","Sundial","Mercury Hourglass","Bag of Marbles","Lizard Tail","Orichalcum","DollysMirror"],"acts_visited":["Exordium","TheCity","TheBeyond"],"potions_floor_usage":[50,50,50,50],"damage_taken":[{"damage":0.0,"enemies":"2 Louse","floor":1.0,"turns":1.0},{"damage":0.0,"enemies":"Small Slimes","floor":2.0,"turns":2.0},{"damage":0.0,"enemies":"3 Sentries","floor":6.0,"turns":4.0},{"damage":25.0,"enemies":"Lagavulin","floor":11.0,"turns":4.0},{"damage":0.0,"enemies":"Jaw Worm","floor":12.0,"turns":1.0},{"damage":0.0,"enemies":"Large Slime","floor":13.0,"turns":3.0},{"damage":0.0,"enemies":"2 Fungi Beasts","floor":14.0,"turns":3.0},{"damage":44.0,"enemies":"Hexaghost","floor":16.0,"turns":5.0},{"damage":0.0,"enemies":"Chosen","floor":18.0,"turns":3.0},{"damage":7.0,"enemies":"2 Thieves","floor":20.0,"turns":3.0},{"damage":13.0,"enemies":"Sentry and Sphere","floor":21.0,"turns":5.0},{"damage":32.0,"enemies":"Gremlin Leader","floor":23.0,"turns":6.0},{"damage":27.0,"enemies":"Slavers","floor":27.0,"turns":5.0},{"damage":16.0,"enemies":"Shelled Parasite and Fungi","floor":28.0,"turns":3.0},{"damage":57.0,"enemies":"Automaton","floor":33.0,"turns":10.0},{"damage":8.0,"enemies":"3 Darklings","floor":35.0,"turns":7.0},{"damage":26.0,"enemies":"3 Shapes","floor":36.0,"turns":5.0},{"damage":37.0,"enemies":"Jaw Worm Horde","floor":38.0,"turns":5.0},{"damage":22.0,"enemies":"Writhing Mass","floor":39.0,"turns":7.0},{"damage":46.0,"enemies":"Reptomancer","floor":41.0,"turns":6.0},{"damage":2.0,"enemies":"4 Shapes","floor":47.0,"turns":3.0},{"damage":12.0,"enemies":"3 Darklings","floor":48.0,"turns":4.0},{"damage":110,"enemies":"Donu and Deca","floor":50,"turns":10}],"seed_played":"3523290589944034342","potions_obtained":[{"floor":2.0,"key":"LiquidBronze"},{"floor":6.0,"key":"Block Potion"},{"floor":11.0,"key":"DuplicationPotion"},{"floor":14.0,"key":"Regen Potion"},{"floor":18.0,"key":"LiquidMemories"},{"floor":39.0,"key":"SteroidPotion"},{"floor":41.0,"key":"Ancient Potion"},{"floor":48.0,"key":"AttackPotion"}],"is_trial":false,"path_per_floor":["M","M","?","?","?","E","$","R","T","R","E","M","M","M","R","B",null,"M","?","M","M","?","E","?","R","T","E","M","$","R","?","R","B",null,"M","M","?","M","M","R","E","$","T","R","?","$","M","M","R","B",null],"character_chosen":"DEFECT","items_purchased":["Membership Card","Art of War","Machine Learning","Ornamental Fan","Capacitor","Orrery","Runic Capacitor","Defragment","Sundial","Mercury Hourglass","Stack","SkillPotion","Weak Potion","Orichalcum","DollysMirror","Melter","Storm"],"campfire_rested":2,"item_purchase_floors":[7,7,7,29,29,29,42,42,42,42,42,42,42,46,46,46,46],"current_hp_per_floor":[75,75,75,57,75,75,75,75,75,75,50,50,50,54,54,31,75,75,75,68,59,59,31,26,70,80,64,55,70,70,70,70,27,80,72,46,46,13,17,75,40,55,55,55,55,70,68,56,56,23],"gold":46,"neow_bonus":"","is_daily":true,"chose_seed":false,"campfire_upgraded":4,"win_rate":0.0,"timestamp":1614280768,"path_taken":["M","M","?","?","?","E","?","R","T","R","E","M","M","M","R","BOSS","M","?","M","M","?","E","?","R","T","E","M","?","R","?","R","BOSS","M","M","?","?","M","R","E","$","T","R","?","$","?","M","R","BOSS"],"items_purchased_type":["Relic","Relic","Card","Relic","Card","Relic","Relic","Card","Relic","Relic","Card","Potion","Potion","Relic","Relic","Card","Card"],"build_version":"2020-12-22","purchased_purges":1,"victory":true,"max_hp_per_floor":[75,75,75,75,75,75,75,75,75,75,75,75,75,75,75,75,75,75,75,75,75,75,75,75,70,80,80,80,80,80,80,80,80,80,80,80,80,80,80,75,75,75,75,75,75,75,75,75,75,75],"card_choices":[{"not_picked":["Undo","Conserve Battery"],"picked":"Redo","floor":1.0},{"not_picked":["Barrage","Hologram"],"picked":"Gash","floor":2.0},{"not_picked":["Coolheaded","Beam Cell","Recycle"],"picked":"SKIP","floor":6.0},{"not_picked":["Hello World","Compile Driver"],"picked":"Stack","floor":11.0},{"not_picked":["Redo","Go for the Eyes","Steam"],"picked":"SKIP","floor":12.0},{"not_picked":["Multi-Cast","Force Field"],"picked":"Loop","floor":13.0},{"not_picked":["Streamline","Coolheaded","Barrage"],"picked":"SKIP","floor":14.0},{"not_picked":["Violence","Mayhem"],"picked":"Creative AI","floor":16.0},{"not_picked":["Streamline","Barrage"],"picked":"Dark Shackles","floor":18.0},{"not_picked":["BootSequence","Swift Strike+1"],"picked":"Leap+1","floor":20.0},{"not_picked":["Hologram","Leap"],"picked":"Gash","floor":21.0},{"not_picked":["Leap","Go for the Eyes+1"],"picked":"Chaos+1","floor":23.0},{"not_picked":["Stack","BootSequence+1"],"picked":"Cold Snap","floor":27.0},{"not_picked":["Hologram","Coolheaded"],"picked":"Loop","floor":28.0},{"not_picked":["Trip","Impatience"],"picked":"Loop","floor":29.0},{"not_picked":["Turbo","Beam Cell"],"picked":"FTL+1","floor":29.0},{"not_picked":["Ball Lightning","Purity"],"picked":"Chill+1","floor":29.0},{"not_picked":["Hologram+1","Panache"],"picked":"Doom and Gloom","floor":29.0},{"not_picked":["Violence","Chrysalis"],"picked":"Metamorphosis","floor":33.0},{"not_picked":["Redo","Hologram+1"],"picked":"Impatience+1","floor":35.0},{"not_picked":["Rebound","Glacier"],"picked":"Jack Of All Trades+1","floor":36.0},{"not_picked":["Gash","Impatience"],"picked":"Fusion","floor":38.0},{"not_picked":["Coolheaded","Turbo"],"picked":"Aggregate","floor":39.0},{"not_picked":["Sweeping Beam","Streamline","Compile Driver"],"picked":"SKIP","floor":41.0},{"not_picked":["Streamline","Good Instincts+1","Beam Cell+1"],"picked":"PanicButton","floor":47.0},{"not_picked":["Bandage Up+1","Madness","BootSequence+1"],"picked":"Coolheaded+1","floor":48.0}],"player_experience":775913,"relics_obtained":[{"floor":6.0,"key":"Girya"},{"floor":9.0,"key":"Pantograph"},{"floor":11.0,"key":"MealTicket"},{"floor":17.0,"key":"Centennial Puzzle"},{"floor":17.0,"key":"Matryoshka"},{"floor":17.0,"key":"TungstenRod"},{"floor":23.0,"key":"Oddly Smooth Stone"},{"floor":26.0,"key":"MawBank"},{"floor":26.0,"key":"Pear"},{"floor":27.0,"key":"Potion Belt"},{"floor":41.0,"key":"Question Card"},{"floor":43.0,"key":"Bag of Marbles"},{"floor":43.0,"key":"Lizard Tail"}],"event_choices":[{"damage_healed":0.0,"max_hp_gain":0.0,"max_hp_loss":0.0,"gold_gain":175.0,"event_name":"Liars Game","player_choice":"AGREE","floor":3.0,"gold_loss":0.0,"damage_taken":0.0,"cards_obtained":["Doubt"]},{"damage_healed":0.0,"max_hp_gain":0.0,"max_hp_loss":0.0,"gold_gain":0.0,"event_name":"Golden Idol","player_choice":"Take Damage","floor":4.0,"gold_loss":0.0,"damage_taken":18.0,"relics_obtained":["Golden Idol"]},{"damage_healed":18.0,"max_hp_gain":0.0,"max_hp_loss":0.0,"gold_gain":0.0,"event_name":"The Cleric","player_choice":"Healed","floor":5.0,"gold_loss":35.0,"damage_taken":0.0},{"damage_healed":0.0,"max_hp_gain":0.0,"max_hp_loss":0.0,"gold_gain":0.0,"event_name":"Ghosts","player_choice":"Ignored","floor":19.0,"gold_loss":0.0,"damage_taken":0.0},{"damage_healed":0.0,"max_hp_gain":0.0,"max_hp_loss":0.0,"gold_gain":0.0,"cards_transformed":["Turbo","Doubt"],"event_name":"Drug Dealer","player_choice":"Became Test Subject","floor":22.0,"gold_loss":0.0,"damage_taken":0.0,"cards_obtained":["Lockon","Clumsy"]},{"damage_healed":0.0,"max_hp_gain":0.0,"max_hp_loss":0.0,"gold_gain":0.0,"event_name":"Nest","player_choice":"Joined the Cult","floor":24.0,"gold_loss":0.0,"damage_taken":6.0,"cards_obtained":["RitualDagger"]},{"cards_removed":["Skim"],"damage_healed":0.0,"max_hp_gain":0.0,"max_hp_loss":0.0,"gold_gain":0.0,"event_name":"Back to Basics","player_choice":"Elegance","floor":31.0,"gold_loss":0.0,"damage_taken":0.0},{"damage_healed":0.0,"max_hp_gain":0.0,"max_hp_loss":0.0,"gold_gain":275.0,"event_name":"Golden Shrine","player_choice":"Desecrate","floor":37.0,"gold_loss":0.0,"damage_taken":0.0,"cards_obtained":["Regret"]},{"damage_healed":0.0,"max_hp_gain":0.0,"max_hp_loss":0.0,"gold_gain":0.0,"event_name":"SecretPortal","player_choice":"Ignored","floor":45.0,"gold_loss":0.0,"damage_taken":0.0}],"is_beta":false,"boss_relics":[{"not_picked":["Busted Crown","Tiny House"],"picked":"Calling Bell"},{"not_picked":["Runic Pyramid","Nuclear Battery"],"picked":"Astrolabe"}],"items_purged_floors":[29],"is_endless":false,"potions_floor_spawned":[2,6,11,14,18,21,39,41,48],"ascension_level":0}}