{"host":"79cxsmzz7r2v6ls6","time":1614226714,"event":{"mods":["Act Like it!","BaseMod","BetterRewards","Colored Powertips","Downfall","Hermit","Highlight Path","Jorbs\u0027s Wanderer Trilogy","Lobotomy","LobotomyExtend","MarisaÅiñ∂âJÅ@ñÇóùçπÅj","Minty Spire (QoL Compilation)","Shop Mod","StSLib","The Cursed","The Hierophant","The IronCluck","The Mystic","The Necromancer","everything is the same but u backflip on backflip","slay the spire mod where everything is the same but ironclad has a cowboy hat"],"gold_per_floor":[117,132,207,221,29,58,72,102,102,27,27,27,27,27],"floor_reached":13,"language":"ENG","playtime":920,"items_purged":["hermit:Strike_Hermit"],"score":83,"play_id":"1f34b08a-5808-47d9-9f43-88cbbcb9763b","local_time":"20210225151834","is_ascension_mode":false,"campfire_choices":[{"floor":11,"key":"REST"}],"circlet_count":0,"master_deck":["hermit:Strike_Hermit","hermit:Strike_Hermit","hermit:Strike_Hermit","hermit:Defend_Hermit","hermit:Defend_Hermit","hermit:Defend_Hermit","hermit:Defend_Hermit","hermit:Snapshot","hermit:Covet","QueenBee","hermit:GoldenBullet","MeatLantern","hermit:Dive","UniverseFragment","hermit:Brawl","hermit:CursedWeapon","DespairKnight","hermit:LoneWolf","Decay"],"relics":["hermit:Momento","CogitoBucket","LetterFromLob","Lantern","Juzu Bracelet","Oddly Smooth Stone"],"acts_visited":["Exordium"],"potions_floor_usage":[6,7],"damage_taken":[{"damage":1,"enemies":"Jaw Worm","floor":1,"turns":3},{"damage":1,"enemies":"2 Louse","floor":2,"turns":2},{"damage":1,"enemies":"Cultist","floor":4,"turns":3},{"damage":52,"enemies":"Gremlin Nob","floor":6,"turns":5},{"damage":3,"enemies":"Large Slime","floor":7,"turns":5},{"damage":32,"enemies":"Lagavulin","floor":13,"turns":3}],"seed_played":"5713293316450281123","potions_obtained":[{"floor":2,"key":"Block Potion"},{"floor":6,"key":"hexamod:SoulburnPotion"},{"floor":7,"key":"hermit:Tonic"}],"is_trial":false,"path_per_floor":["M","M","?","M","$","E","M","?","T","$","R","?","E"],"character_chosen":"HERMIT","items_purchased":["hermit:CursedWeapon","Lantern"],"campfire_rested":1,"item_purchase_floors":[5,5],"current_hp_per_floor":[74,73,62,61,61,9,6,6,6,6,28,28,0,0],"gold":27,"neow_bonus":"","is_daily":false,"chose_seed":false,"campfire_upgraded":0,"win_rate":0.0,"timestamp":1614226714,"path_taken":["M","M","?","M","?","E","M","?","T","$","R","?","E"],"items_purchased_type":["Card","Card"],"build_version":"2020-12-22","purchased_purges":1,"victory":false,"max_hp_per_floor":[75,75,75,75,75,75,75,75,75,75,75,75,75,75],"card_choices":[{"not_picked":["CherryBlossoms","MHz"],"picked":"QueenBee","floor":1},{"not_picked":["hermit:CalledShot","hermit:Shortfuse"],"picked":"hermit:GoldenBullet","floor":1},{"not_picked":["MeatLantern","GalaxyChild","Scorched"],"picked":"Singing Bowl","floor":2},{"not_picked":["RedShoes","BigBadWolf"],"picked":"MeatLantern","floor":2},{"not_picked":["hermit:Vantage","hermit:GoldenBullet"],"picked":"hermit:Dive","floor":2},{"not_picked":["FieryBird","ShyLook"],"picked":"UniverseFragment","floor":4},{"not_picked":["hermit:PistolWhip","hermit:Glare"],"picked":"hermit:Brawl","floor":4},{"not_picked":["Scorched","WallGazer"],"picked":"DespairKnight","floor":6},{"not_picked":["hermit:LowProfile","hermit:Scavenge"],"picked":"hermit:LoneWolf","floor":6},{"not_picked":["SpiderBud","Bloodbath","ShyLook"],"picked":"Singing Bowl","floor":7},{"not_picked":["hermit:CalledShot","hermit:Grudge","hermit:Shortfuse"],"picked":"SKIP","floor":7}],"player_experience":149296,"relics_obtained":[{"floor":1,"key":"LetterFromLob"},{"floor":6,"key":"Juzu Bracelet"},{"floor":9,"key":"Oddly Smooth Stone"}],"event_choices":[{"damage_healed":0,"gold_gain":75,"player_choice":"Gather Gold","damage_taken":11,"max_hp_gain":0,"max_hp_loss":0,"event_name":"World of Goop","floor":3,"gold_loss":0},{"damage_healed":0,"gold_gain":30,"player_choice":"Searched \u00271\u0027 times","damage_taken":0,"max_hp_gain":0,"max_hp_loss":0,"event_name":"Dead Adventurer","floor":8,"gold_loss":0},{"damage_healed":0,"gold_gain":0,"player_choice":"Cursed","damage_taken":0,"max_hp_gain":0,"max_hp_loss":0,"event_name":"Wheel of Change","floor":12,"gold_loss":0,"cards_obtained":["Decay"]}],"is_beta":false,"boss_relics":[],"items_purged_floors":[10],"is_endless":false,"potions_floor_spawned":[2,6,7],"killed_by":"Lagavulin","ascension_level":0}}