{"host":"m1hrbr0uwda4cktq","time":1614214965,"event":{"mods":["AchievementEnabler","BaseMod","Better Match","BetterRewards","Colored Map","Highlight Path","Minty Spire (QoL Compilation)","Quick Restart","Relic Stats","Shop Mod","StSLib","SuperFastMode","The Bug Knight"],"gold_per_floor":[112,1,16,29,48,48,80,80,105,105,123,152,164,174,174,271,271,281,55,55,55,71,71,99,117,141,167,21,44,44,64,64,164,164,180,192,203,303,322,322,322],"floor_reached":40,"language":"ENG","playtime":2082,"items_purged":[],"score":800,"play_id":"65fdd71f-4471-4630-b44d-2933df37dfe7","local_time":"20210224220245","is_ascension_mode":true,"campfire_choices":[{"floor":6,"key":"REST"},{"data":"Defragment","floor":8,"key":"SMITH"},{"floor":10,"key":"REST"},{"data":"Lockon","floor":15,"key":"SMITH"},{"floor":23,"key":"REST"},{"data":"Zap","floor":30,"key":"SMITH"},{"floor":32,"key":"REST"}],"circlet_count":0,"master_deck":["Strike_B","Strike_B","Strike_B","Strike_B","Defend_B","Defend_B","Defend_B","Defend_B","Zap+1","Dualcast","Consume","Ball Lightning","Coolheaded","Cold Snap","Defragment+1","Lockon+1","Go for the Eyes","Ball Lightning","Biased Cognition","Genetic Algorithm","Hologram","Compile Driver","RitualDagger","Streamline+1","Coolheaded+1","Self Repair","Redo+1","Amplify","Coolheaded+1","Chill+1","Parasite","Go for the Eyes+1","White Noise+1"],"relics":["Cracked Core","PreservedInsect","Runic Capacitor","Regal Pillow","Boot","Lantern","Singing Bowl","Philosopher\u0027s Stone","Bronze Scales","Vajra","Toy Ornithopter","Bottled Flame","Oddly Smooth Stone","Nunchaku","Black Star"],"acts_visited":["Exordium","TheCity","TheBeyond"],"potions_floor_usage":[31,33,33,40,40,40],"damage_taken":[{"damage":9,"enemies":"Small Slimes","floor":1,"turns":4},{"damage":1,"enemies":"Cultist","floor":3,"turns":3},{"damage":9,"enemies":"Jaw Worm","floor":4,"turns":3},{"damage":30,"enemies":"Exordium Wildlife","floor":5,"turns":4},{"damage":23,"enemies":"Lagavulin","floor":7,"turns":5},{"damage":13,"enemies":"Large Slime","floor":11,"turns":6},{"damage":8,"enemies":"3 Sentries","floor":12,"turns":4},{"damage":14,"enemies":"Lots of Slimes","floor":13,"turns":4},{"damage":7,"enemies":"Exordium Wildlife","floor":14,"turns":3},{"damage":6,"enemies":"Slime Boss","floor":16,"turns":7},{"damage":5,"enemies":"Chosen","floor":18,"turns":4},{"damage":20,"enemies":"2 Thieves","floor":22,"turns":3},{"damage":30,"enemies":"Gremlin Leader","floor":24,"turns":5},{"damage":4,"enemies":"Centurion and Healer","floor":25,"turns":7},{"damage":0,"enemies":"Book of Stabbing","floor":27,"turns":3},{"damage":14,"enemies":"Snecko","floor":31,"turns":5},{"damage":44,"enemies":"Collector","floor":33,"turns":10},{"damage":25,"enemies":"3 Darklings","floor":35,"turns":4},{"damage":13,"enemies":"3 Shapes","floor":36,"turns":5},{"damage":18,"enemies":"Writhing Mass","floor":37,"turns":7},{"damage":13,"enemies":"Spire Growth","floor":39,"turns":5},{"damage":54,"enemies":"Nemesis","floor":40,"turns":4}],"seed_played":"1794994726497935909","potions_obtained":[{"floor":3,"key":"FearPotion"},{"floor":4,"key":"PowerPotion"},{"floor":7,"key":"Swift Potion"},{"floor":31,"key":"FocusPotion"},{"floor":33,"key":"FocusPotion"},{"floor":35,"key":"CultistPotion"}],"is_trial":false,"path_per_floor":["M","?","M","M","M","R","E","R","T","R","M","E","M","M","R","B",null,"M","$","?","?","M","R","E","M","T","E","$","T","R","M","R","B",null,"M","M","M","?","M","E"],"character_chosen":"DEFECT","items_purchased":["PreservedInsect","Runic Capacitor","Bronze Scales","Hologram","Compile Driver","Oddly Smooth Stone"],"campfire_rested":4,"item_purchase_floors":[0,0,19,19,19,28],"current_hp_per_floor":[59,59,58,49,19,56,33,33,33,70,57,49,37,30,30,24,64,59,59,53,39,21,61,31,27,27,27,27,27,27,25,65,38,73,55,42,31,31,25,0,0],"gold":322,"neow_bonus":"","is_daily":false,"chose_seed":false,"campfire_upgraded":3,"win_rate":0.0,"timestamp":1614214965,"path_taken":["M","?","M","M","M","R","E","R","T","R","M","E","?","M","R","BOSS","M","$","?","?","M","R","E","M","T","E","$","?","R","M","R","BOSS","M","M","M","?","?","E"],"items_purchased_type":["Relic","Relic","Relic","Card","Card","Relic"],"build_version":"2020-12-22","purchased_purges":0,"victory":false,"max_hp_per_floor":[75,75,75,75,75,75,75,75,75,75,75,75,77,77,77,77,77,77,77,77,82,84,84,84,84,84,84,84,84,84,84,84,84,84,84,84,84,84,84,84,84],"relic_stats":{"Regal Pillow":60,"Nunchaku":[6],"Singing Bowl":4,"counters":[102,513],"Bronze Scales":[155],"PreservedInsect":191,"Black Star":0,"Boot":[57],"obtain_stats":[{"Gremlin Horn":27,"Vajra":24,"Runic Capacitor":0,"Ginger":0,"HollowMod:StagPassRelic":7,"Boot":43,"Sling":0,"Blood Vial":0,"HornCleat":24,"Strawberry":43,"Philosopher\u0027s Stone":17,"HandDrill":0,"Kunai":11,"HollowMod:PaleOreRelic":0,"Pear":47,"Happy Flower":0,"Astrolabe":34,"Oddly Smooth Stone":28,"Letter Opener":27,"OrangePellets":0,"Bottled Flame":27,"Shuriken":41,"Bronze Scales":28,"Molten Egg 2":12,"Pandora\u0027s Box":17,"Black Star":34,"Symbiotic Virus":48,"Unceasing Top":25,"Meat on the Bone":6,"Pocketwatch":24,"Darkstone Periapt":9,"Lantern":0,"Regal Pillow":26,"Singing Bowl":26,"Torii":0,"Mango":46,"Bag of Preparation":10,"Juzu Bracelet":0,"Incense Burner":0,"Smiling Mask":40,"Nunchaku":29,"Mummified Hand":14,"WingedGreaves":0,"Red Mask":39,"Cracked Core":0,"InkBottle":8,"Runic Pyramid":17,"Thread and Needle":45,"The Courier":44,"PreservedInsect":0,"Omamori":48,"Frozen Egg 2":22,"Orichalcum":6,"White Beast Statue":10,"Nuclear Battery":17,"Peace Pipe":6,"DataDisk":14,"CaptainsWheel":0,"Ornamental Fan":0,"Bag of Marbles":11,"TungstenRod":0,"Toy Ornithopter":26},{"Gremlin Horn":52,"Vajra":93,"Runic Capacitor":80,"Ginger":6,"HollowMod:StagPassRelic":12,"Boot":28,"Sling":66,"Blood Vial":0,"HornCleat":50,"Strawberry":62,"Philosopher\u0027s Stone":90,"HandDrill":66,"Kunai":41,"HollowMod:PaleOreRelic":66,"Pear":30,"Happy Flower":6,"Astrolabe":24,"Oddly Smooth Stone":95,"Letter Opener":20,"OrangePellets":32,"Bottled Flame":95,"Shuriken":28,"Bronze Scales":52,"Molten Egg 2":14,"Pandora\u0027s Box":45,"Black Star":97,"Symbiotic Virus":31,"Unceasing Top":51,"Meat on the Bone":5,"Pocketwatch":19,"Darkstone Periapt":13,"Lantern":6,"Regal Pillow":51,"Singing Bowl":19,"Torii":66,"Mango":30,"Bag of Preparation":40,"Juzu Bracelet":66,"Incense Burner":66,"Smiling Mask":60,"Nunchaku":95,"Mummified Hand":44,"WingedGreaves":66,"Red Mask":27,"Cracked Core":0,"InkBottle":71,"Runic Pyramid":76,"Thread and Needle":64,"The Courier":29,"PreservedInsect":80,"Omamori":65,"Frozen Egg 2":18,"Orichalcum":70,"White Beast Statue":72,"Nuclear Battery":16,"Peace Pipe":38,"DataDisk":15,"CaptainsWheel":66,"Ornamental Fan":66,"Bag of Marbles":13,"TungstenRod":0,"Toy Ornithopter":94},{"Gremlin Horn":262,"Vajra":463,"Runic Capacitor":408,"Ginger":25,"HollowMod:StagPassRelic":49,"Boot":155,"Sling":334,"Blood Vial":0,"HornCleat":253,"Strawberry":310,"Philosopher\u0027s Stone":451,"HandDrill":334,"Kunai":217,"HollowMod:PaleOreRelic":334,"Pear":171,"Happy Flower":25,"Astrolabe":131,"Oddly Smooth Stone":473,"Letter Opener":101,"OrangePellets":184,"Bottled Flame":473,"Shuriken":155,"Bronze Scales":262,"Molten Egg 2":59,"Pandora\u0027s Box":232,"Black Star":488,"Symbiotic Virus":176,"Unceasing Top":256,"Meat on the Bone":20,"Pocketwatch":92,"Darkstone Periapt":53,"Lantern":25,"Regal Pillow":256,"Singing Bowl":92,"Torii":334,"Mango":171,"Bag of Preparation":213,"Juzu Bracelet":334,"Incense Burner":334,"Smiling Mask":302,"Nunchaku":473,"Mummified Hand":227,"WingedGreaves":334,"Red Mask":147,"Cracked Core":0,"InkBottle":358,"Runic Pyramid":388,"Thread and Needle":322,"The Courier":166,"PreservedInsect":408,"Omamori":325,"Frozen Egg 2":84,"Orichalcum":350,"White Beast Statue":366,"Nuclear Battery":75,"Peace Pipe":205,"DataDisk":65,"CaptainsWheel":334,"Ornamental Fan":334,"Bag of Marbles":53,"TungstenRod":0,"Toy Ornithopter":470}],"Toy Ornithopter":30},"card_choices":[{"not_picked":["Hologram","Steam Power"],"picked":"Consume","floor":1},{"not_picked":["Turbo","Compile Driver"],"picked":"Ball Lightning","floor":3},{"not_picked":["Skim","Go for the Eyes"],"picked":"Coolheaded","floor":4},{"not_picked":["Redo","Recycle"],"picked":"Cold Snap","floor":5},{"not_picked":["Auto Shields","Sunder"],"picked":"Defragment","floor":7},{"not_picked":["Scrape","Stack"],"picked":"Lockon","floor":11},{"not_picked":["Undo","Recycle"],"picked":"Go for the Eyes","floor":12},{"not_picked":["Reprogram","Undo","Stack"],"picked":"Singing Bowl","floor":13},{"not_picked":["Chaos","Fusion"],"picked":"Ball Lightning","floor":14},{"not_picked":["Fission","Core Surge"],"picked":"Biased Cognition","floor":16},{"not_picked":["Conserve Battery","Streamline"],"picked":"Genetic Algorithm","floor":18},{"not_picked":["Streamline","Storm","Ball Lightning"],"picked":"Singing Bowl","floor":22},{"not_picked":["Cold Snap","Go for the Eyes"],"picked":"Streamline+1","floor":24},{"not_picked":["Rip and Tear","Hologram"],"picked":"Coolheaded+1","floor":25},{"not_picked":["Beam Cell","Steam"],"picked":"Self Repair","floor":27},{"not_picked":["Leap","Stack"],"picked":"Redo+1","floor":31},{"not_picked":["Core Surge","Meteor Strike"],"picked":"Amplify","floor":33},{"not_picked":["Sunder+1","Conserve Battery"],"picked":"Coolheaded+1","floor":35},{"not_picked":["Stack+1","Leap"],"picked":"Chill+1","floor":36},{"not_picked":["Leap+1","Turbo"],"picked":"Go for the Eyes+1","floor":37},{"not_picked":["Streamline","Aggregate+1"],"picked":"White Noise+1","floor":39}],"player_experience":214720,"relics_obtained":[{"floor":7,"key":"Boot"},{"floor":9,"key":"Lantern"},{"floor":12,"key":"Singing Bowl"},{"floor":24,"key":"Vajra"},{"floor":26,"key":"Toy Ornithopter"},{"floor":27,"key":"Bottled Flame"},{"floor":29,"key":"Nunchaku"}],"event_choices":[{"damage_healed":0,"gold_gain":0,"player_choice":"Paid Gold","damage_taken":0,"relics_obtained":["Regal Pillow"],"max_hp_gain":0,"max_hp_loss":0,"event_name":"WeMeetAgain","floor":2,"gold_loss":111},{"damage_healed":0,"gold_gain":0,"player_choice":"Joined the Cult","damage_taken":6,"max_hp_gain":0,"max_hp_loss":0,"event_name":"Nest","floor":20,"gold_loss":0,"cards_obtained":["RitualDagger"]},{"damage_healed":0,"gold_gain":0,"player_choice":"Shed Blood","damage_taken":19,"max_hp_gain":5,"max_hp_loss":0,"event_name":"Forgotten Altar","floor":21,"gold_loss":0},{"damage_healed":0,"gold_gain":100,"player_choice":"Pray","damage_taken":0,"max_hp_gain":0,"max_hp_loss":0,"event_name":"Golden Shrine","floor":38,"gold_loss":0}],"is_beta":false,"boss_relics":[{"not_picked":["Velvet Choker","Busted Crown"],"picked":"Philosopher\u0027s Stone"},{"not_picked":["Nuclear Battery","Snecko Eye"],"picked":"Black Star"}],"items_purged_floors":[],"is_endless":false,"potions_floor_spawned":[3,4,7,11,16,24,27,31,33,35,37],"killed_by":"Nemesis","ascension_level":6}}