{"host":"5vxoi0a3x57fg5l4","time":1614286366,"event":{"mods":["Act Like it!","BaseMod","GifTheSpireLib","Hallownest","Minty Spire (QoL Compilation)","Permanent Neow","Quick Restart","Relic Sorter","Relic Stats","StSLib","The Bug Knight","UnlockEverythingMod"],"gold_per_floor":[214,214,294,310,322,322,335,335,335,19,49,25,25,39,39,139,139,149,159,159,159,159,159,194,194,221,221,240,34,76,102,102,215,215,238,256,38,38,74,74,74,74,74,74,93,93,118,157,157,157,157],"floor_reached":50,"language":"ENG","playtime":6884,"items_purged":["HollowMod:QuickDashStart"],"score":558,"play_id":"65b47686-8982-4d5e-8710-9a428f6d772f","local_time":"20210225175245","is_ascension_mode":false,"campfire_choices":[{"data":"HollowMod:SoulShaman","floor":6.0,"key":"SMITH"},{"floor":8.0,"key":"RECALL"},{"data":"Apotheosis","floor":13.0,"key":"SMITH"},{"floor":15.0,"key":"REST"},{"floor":23.0,"key":"REST"},{"floor":27.0,"key":"REST"},{"floor":32.0,"key":"REST"},{"floor":40.0,"key":"REST"},{"data":"HollowMod:MothsMistake","floor":44.0,"key":"SMITH"},{"data":"HollowMod:Weaversong","floor":46.0,"key":"SMITH"},{"floor":49.0,"key":"REST"}],"circlet_count":0,"master_deck":["HollowMod:QuickDashStart","HollowMod:QuickDashStart","HollowMod:FocusHealStart","HollowMod:PogoStrike","HollowMod:SoulShaman+1","HollowMod:GreatSlash","HollowMod:MantisMark","HollowMod:GreatSlash","Apotheosis+1","HollowMod:NewGlowingWomb","HollowMod:InfectedAttack+1","HollowMod:Weaversong+1","HollowMod:WraithStrike+1","HollowMod:FallenFury+1","HollowMod:LifebloodCore","HollowMod:Weaversong+1","HollowMod:HowlingWraiths+1","HollowMod:SoulShaman+1","HollowMod:NewJinnsSoul+1","HollowMod:PureNailStrike+1","Hallownest:curseDreamersLament","HollowMod:DescendingDark+1","HollowMod:SiblingsSouls","HollowMod:MothsMistake+1","HollowMod:HornetsHelp+1","HollowMod:InfectedAttack+1","HollowMod:FallenFury+1","HollowMod:FastStrike+1","HollowMod:SlysStrikes","HollowMod:CycloneSlash+1","HollowMod:PerfectDash","HollowMod:BaldurShell","HollowMod:InfectedAttack+1","HollowMod:InfectedAttack+1","HollowMod:InfectedAttack+1","HollowMod:InfectedAttack+1","HollowMod:Grubsong","HollowMod:MawleksShell+1"],"relics":["HollowMod:VesselMask","HollowMod:LumaflyLanternRelic","Molten Egg 2","Bronze Scales","Astrolabe","Hallownest:WatcherSealRelic","Omamori","CeramicFish","Eternal Feather","Darkstone Periapt","Busted Crown","HollowMod:MantisClawRelic","InkBottle"],"acts_visited":["Hallownest:Greenpath","Hallownest:CityofTears","Hallownest:KingdomsEdge"],"potions_floor_usage":[],"damage_taken":[{"damage":2.0,"enemies":"Hallownest:monsterHuskGuard","floor":1.0,"turns":3.0},{"damage":7.0,"enemies":"2_ Uuma","floor":4.0,"turns":5.0},{"damage":6.0,"enemies":"Hallownest:2_Baldur","floor":5.0,"turns":3.0},{"damage":0.0,"enemies":"Hallownest:monsterAspidMother","floor":7.0,"turns":4.0},{"damage":15.0,"enemies":"Hallownest:eliteVengeflyKing","floor":11.0,"turns":5.0},{"damage":21.0,"enemies":"Hallownest:Wandering_and_Horned","floor":14.0,"turns":4.0},{"damage":66.0,"enemies":"Hallownest:BossHornet","floor":16.0,"turns":8.0},{"damage":8.0,"enemies":"Hallownest:3_Youths","floor":18.0,"turns":4.0},{"damage":17.0,"enemies":"Hallownest:2_Mistakes","floor":19.0,"turns":3.0},{"damage":31.0,"enemies":"Hallownest:Nosk","floor":24.0,"turns":7.0},{"damage":13.0,"enemies":"Hallownest:Master_and_Novice","floor":28.0,"turns":3.0},{"damage":41.0,"enemies":"Hallownest:eliteSoulWarrior","floor":30.0,"turns":6.0},{"damage":23.0,"enemies":"Hallownest:2_Husk_Sentries","floor":31.0,"turns":5.0},{"damage":50.0,"enemies":"Hallownest:BossGrimm","floor":33.0,"turns":8.0},{"damage":35.0,"enemies":"Hallownest:Shield_Heavy","floor":35.0,"turns":3.0},{"damage":32.0,"enemies":"Hallownest:2_Littles","floor":36.0,"turns":3.0},{"damage":0.0,"enemies":"Hallownest:2_Soldiers_and_1_Guardian","floor":42.0,"turns":1.0},{"damage":30.0,"enemies":"Hallownest:2_Wing_and_1_Kings","floor":45.0,"turns":6.0},{"damage":26.0,"enemies":"Hallownest:2_Great","floor":47.0,"turns":4.0},{"damage":26.0,"enemies":"Hallownest:eliteCollector","floor":48.0,"turns":6.0},{"damage":0,"enemies":"Hallownest:Radiance","floor":50,"turns":1}],"seed_played":"-6857170292463257079","potions_obtained":[{"floor":1.0,"key":"CultistPotion"},{"floor":4.0,"key":"SpeedPotion"},{"floor":7.0,"key":"PowerPotion"},{"floor":18.0,"key":"PowerPotion"},{"floor":19.0,"key":"Regen Potion"},{"floor":31.0,"key":"FearPotion"},{"floor":33.0,"key":"SmokeBomb"},{"floor":36.0,"key":"GamblersBrew"}],"is_trial":false,"path_per_floor":["M","?","T","M","M","R","M","R","T","$","E","$","R","M","R","B",null,"M","M","?","?","?","R","E","T","T","R","M","$","E","M","R","B",null,"M","M","$","?","?","R","?","M","T","R","M","R","M","E","R","B"],"character_chosen":"THE_BUGKNIGHT","items_purchased":["Apotheosis","HollowMod:NewGlowingWomb","HollowMod:InfectedAttack+1","HollowMod:WraithStrike+1","HollowMod:MothsMistake","HollowMod:HornetsHelp+1","HollowMod:InfectedAttack+1","HollowMod:PerfectDash","HollowMod:BaldurShell"],"campfire_rested":6,"item_purchase_floors":[10,10,10,12,29,29,29,37,37],"current_hp_per_floor":[73,73,73,72,72,72,72,72,72,72,63,63,63,42,64,13,75,67,50,50,50,50,72,41,41,41,75,62,62,21,13,53,9,75,40,8,8,8,8,51,51,51,51,72,42,63,37,17,60,60,60],"gold":157,"neow_bonus":"HUNDRED_GOLD","is_daily":false,"chose_seed":false,"campfire_upgraded":4,"win_rate":0.0,"timestamp":1614286365,"path_taken":["M","?","?","M","M","R","M","R","T","$","E","$","R","M","R","BOSS","M","?","?","?","?","R","E","?","T","R","M","$","E","M","R","BOSS","M","?","$","?","?","R","?","?","T","R","M","R","M","E","R","BOSS"],"items_purchased_type":["Card","Card","Card","Card","Card","Card","Card","Card","Card"],"build_version":"2020-12-22","purchased_purges":1,"victory":false,"max_hp_per_floor":[75,75,75,75,75,75,75,75,75,75,75,75,75,75,75,75,75,75,75,75,75,75,75,75,75,75,75,75,75,75,75,75,75,75,75,75,75,75,75,75,75,75,75,75,75,75,75,75,75,75,75],"relic_stats":{"Darkstone Periapt":0,"Busted Crown":10,"counters":[21,92],"Bronze Scales":[142],"Astrolabe":["HollowMod:Weaversong","HollowMod:HowlingWraiths","HollowMod:SoulShaman"],"CeramicFish":153,"Eternal Feather":117,"obtain_stats":[{"Darkstone Periapt":30,"HollowMod:LumaflyLanternRelic":3,"Astrolabe":17,"CeramicFish":24,"HollowMod:VesselMask":0,"Eternal Feather":25,"Omamori":22,"Hallownest:WatcherSealRelic":21,"Busted Crown":34,"Bronze Scales":11,"Molten Egg 2":9,"HollowMod:MantisClawRelic":43,"InkBottle":48},{"Darkstone Periapt":12,"HollowMod:LumaflyLanternRelic":1,"Astrolabe":7,"CeramicFish":10,"HollowMod:VesselMask":0,"Eternal Feather":10,"Omamori":9,"Hallownest:WatcherSealRelic":9,"Busted Crown":14,"Bronze Scales":5,"Molten Egg 2":4,"HollowMod:MantisClawRelic":17,"InkBottle":20},{"Darkstone Periapt":55,"HollowMod:LumaflyLanternRelic":3,"Astrolabe":32,"CeramicFish":46,"HollowMod:VesselMask":0,"Eternal Feather":46,"Omamori":39,"Hallownest:WatcherSealRelic":39,"Busted Crown":68,"Bronze Scales":20,"Molten Egg 2":15,"HollowMod:MantisClawRelic":75,"InkBottle":91}],"InkBottle":[0]},"card_choices":[{"not_picked":["HollowMod:HeavyBlow","HollowMod:VengefulVoid"],"picked":"HollowMod:SoulShaman","floor":1.0},{"not_picked":["HollowMod:SharpenedNail","HollowMod:CornifersMapStart"],"picked":"HollowMod:GreatSlash","floor":4.0},{"not_picked":["HollowMod:WraithStrike","HollowMod:HeavyBlow"],"picked":"HollowMod:MantisMark","floor":5.0},{"not_picked":["HollowMod:HowlingWraiths","HollowMod:SiblingsSouls"],"picked":"HollowMod:GreatSlash","floor":7.0},{"not_picked":["HollowMod:CoiledNail+1","HollowMod:HuntersJournal"],"picked":"HollowMod:Weaversong","floor":11.0},{"not_picked":["HollowMod:HeavyBlow+1","HollowMod:MawleksShell"],"picked":"HollowMod:FallenFury+1","floor":14.0},{"not_picked":["HollowMod:Hiveblood","HollowMod:theNailsmith"],"picked":"HollowMod:LifebloodCore","floor":16.0},{"not_picked":["HollowMod:DescendingDark+1","HollowMod:SoulStrike+1"],"picked":"HollowMod:NewJinnsSoul+1","floor":18.0},{"not_picked":["HollowMod:DreamGate+1","HollowMod:NewJinnsSoul"],"picked":"HollowMod:PureNailStrike+1","floor":19.0},{"not_picked":["HollowMod:CloakDash","HollowMod:HowlingWraiths+1"],"picked":"HollowMod:DescendingDark+1","floor":24.0},{"not_picked":["HollowMod:VengefulSpirit+1","HollowMod:ChannelNail"],"picked":"HollowMod:SiblingsSouls","floor":28.0},{"not_picked":["HollowMod:MawleksShell","HollowMod:Weaversong"],"picked":"HollowMod:FallenFury+1","floor":30.0},{"not_picked":["HollowMod:VengefulVoid+1","HollowMod:SiblingsSouls"],"picked":"HollowMod:FastStrike+1","floor":31.0},{"not_picked":["HollowMod:Hiveblood","HollowMod:Weaversong"],"picked":"HollowMod:SlysStrikes","floor":33.0},{"not_picked":[],"picked":"HollowMod:CycloneSlash+1","floor":35.0},{"not_picked":["HollowMod:PureNailStrike+1"],"picked":"SKIP","floor":36.0},{"not_picked":["HollowMod:ShadowDash"],"picked":"SKIP","floor":45.0},{"not_picked":[],"picked":"HollowMod:Grubsong","floor":47.0},{"not_picked":[],"picked":"HollowMod:MawleksShell+1","floor":48.0}],"player_experience":5098,"relics_obtained":[{"floor":3.0,"key":"HollowMod:LumaflyLanternRelic"},{"floor":9.0,"key":"Molten Egg 2"},{"floor":11.0,"key":"Bronze Scales"},{"floor":24.0,"key":"CeramicFish"},{"floor":25.0,"key":"Eternal Feather"},{"floor":30.0,"key":"Darkstone Periapt"},{"floor":43.0,"key":"HollowMod:MantisClawRelic"},{"floor":48.0,"key":"InkBottle"}],"event_choices":[],"is_beta":false,"boss_relics":[{"not_picked":["Ectoplasm","Empty Cage"],"picked":"Astrolabe"},{"not_picked":["Tiny House","SlaversCollar"],"picked":"Busted Crown"}],"items_purged_floors":[37],"is_endless":false,"potions_floor_spawned":[1,4,7,18,19,31,33,36,42],"killed_by":"Hallownest:Radiance","ascension_level":0}}