{"host":"rfvxwqmjnimh09wr","time":1614266274,"event":{"mods":["BaseMod","Colored Map","Minty Spire (QoL Compilation)","StSLib"],"gold_per_floor":[115,130,144,120,138,170,170,180,234,39,55,55,84,84,84,84,84],"floor_reached":16,"language":"ENG","playtime":882,"items_purged":[],"score":112,"play_id":"023d8a1b-d061-476f-b27e-f3f160366d13","local_time":"20210225101753","is_ascension_mode":false,"campfire_choices":[{"floor":7,"key":"REST"},{"floor":15,"key":"REST"}],"circlet_count":0,"master_deck":["Strike_P","Strike_P","Strike_P","Strike_P","Defend_P","Defend_P","Defend_P","Defend_P","Eruption","Vigilance","ClearTheMind","WaveOfTheHand","PathToVictory","Crescendo","PathToVictory","Devotion","Prostrate","Prostrate","Worship","Vault","FearNoEvil","Eruption"],"relics":["Runic Dome","Letter Opener","Omamori","Anchor","InkBottle"],"acts_visited":["Exordium"],"potions_floor_usage":[6,11,13,13],"damage_taken":[{"damage":0,"enemies":"Cultist","floor":1,"turns":3},{"damage":0,"enemies":"2 Louse","floor":2,"turns":2},{"damage":12,"enemies":"Jaw Worm","floor":3,"turns":4},{"damage":7,"enemies":"Lots of Slimes","floor":5,"turns":6},{"damage":30,"enemies":"Gremlin Nob","floor":6,"turns":4},{"damage":2,"enemies":"3 Louse","floor":8,"turns":2},{"damage":0,"enemies":"Exordium Thugs","floor":11,"turns":4},{"damage":22,"enemies":"Lagavulin","floor":13,"turns":5},{"damage":68,"enemies":"The Guardian","floor":16,"turns":8}],"seed_played":"1055386140319044777","potions_obtained":[{"floor":3,"key":"BlessingOfTheForge"},{"floor":6,"key":"FearPotion"},{"floor":8,"key":"Block Potion"},{"floor":11,"key":"CultistPotion"}],"is_trial":false,"path_per_floor":["M","M","M","$","M","E","R","M","T","$","M","?","E","?","R","B"],"character_chosen":"WATCHER","items_purchased":["PathToVictory","Prostrate","Anchor"],"campfire_rested":2,"item_purchase_floors":[4,10,10],"current_hp_per_floor":[72,72,60,60,53,23,44,42,42,42,42,60,38,38,59,0,0],"gold":84,"neow_bonus":"BOSS_RELIC","is_daily":false,"chose_seed":false,"campfire_upgraded":0,"win_rate":0.0,"timestamp":1614266273,"path_taken":["M","M","M","?","M","E","R","M","T","$","M","?","E","?","R","BOSS"],"items_purchased_type":["Card","Card","Relic"],"build_version":"2020-12-22","purchased_purges":0,"victory":false,"max_hp_per_floor":[72,72,72,72,72,72,72,72,72,72,72,72,72,72,72,72,72],"card_choices":[{"not_picked":["FollowUp","Tantrum"],"picked":"ClearTheMind","floor":1},{"not_picked":["FlurryOfBlows","CrushJoints"],"picked":"WaveOfTheHand","floor":2},{"not_picked":["Fasting2","Evaluate","ThirdEye"],"picked":"SKIP","floor":3},{"not_picked":["Vengeance","FlurryOfBlows"],"picked":"Crescendo","floor":5},{"not_picked":["Adaptation","EmptyMind"],"picked":"PathToVictory","floor":6},{"not_picked":["Wireheading","Consecrate"],"picked":"Devotion","floor":8},{"not_picked":["Conclude","SashWhip"],"picked":"Prostrate","floor":11},{"not_picked":["Fasting2","EmptyFist"],"picked":"Worship","floor":13}],"player_experience":224278,"relics_obtained":[{"floor":6,"key":"Letter Opener"},{"floor":9,"key":"Omamori"},{"floor":13,"key":"InkBottle"}],"event_choices":[{"damage_healed":18,"gold_gain":0,"player_choice":"Healed and dodged fight","damage_taken":0,"max_hp_gain":0,"max_hp_loss":0,"event_name":"Mushrooms","floor":12,"gold_loss":0,"cards_obtained":["Parasite"]},{"damage_healed":0,"gold_gain":0,"player_choice":"3 cards matched","damage_taken":0,"max_hp_gain":0,"max_hp_loss":0,"event_name":"Match and Keep!","floor":14,"gold_loss":0,"cards_obtained":["Vault","FearNoEvil","Eruption"]}],"is_beta":false,"boss_relics":[],"items_purged_floors":[],"is_endless":false,"potions_floor_spawned":[3,6,8,11],"killed_by":"The Guardian","ascension_level":0}}