{"host":"q0zivyteofxuwz3g","time":1614216102,"event":{"mods":["AchievementEnabler","BaseMod","BetterRewards","Minty Spire (QoL Compilation)","Relic Filter","StSLib"],"gold_per_floor":[115,115,190,190,204,233,245,266,266,266,299,28,79,89,89,186,186,199,199,214,229,248,279,279,307,354,369,384,398,398,123,123,218,218,232,232,245,257,257,288,300,300,300,16,42,60,77,106,106,106,106,106,24,57,57,57],"floor_reached":55,"language":"ENG","playtime":2642,"items_purged":[],"score":1101,"play_id":"9c9bf4a6-2004-45d4-b66c-f77ec475f34d","local_time":"20210224222142","is_ascension_mode":true,"campfire_choices":[{"floor":10,"key":"REST"},{"data":"Apotheosis","floor":15,"key":"SMITH"},{"floor":24,"key":"RECALL"},{"data":"Fusion","floor":30,"key":"SMITH"},{"data":"Defragment","floor":32,"key":"SMITH"},{"data":"Chrysalis","floor":49,"key":"SMITH"},{"data":"Dualcast","floor":52,"key":"SMITH"}],"circlet_count":0,"master_deck":["Strike_B","Strike_B+1","Strike_B","Strike_B","Defend_B","Defend_B","Defend_B","Defend_B","Dualcast+1","Defragment+1","Doom and Gloom","Go for the Eyes","Streamline","Coolheaded","Leap","FTL","Storm+1","Apotheosis+1","Glacier","Self Repair","Conserve Battery","Amplify","Streamline","Stack+1","Stack+1","Stack","Fusion+1","Aggregate+1","Rebound","Defragment+1","Ball Lightning","Glacier+1","FTL","Ball Lightning","Consume+1","Beam Cell","Skim","Stack+1","Static Discharge+1","Chrysalis+1","Melter","Hello World+1","Conserve Battery","FTL","Capacitor+1","Hello World+1","Force Field","Streamline","Hologram"],"relics":["Cracked Core","Ice Cream","Lantern","Inserter","Potion Belt","Bird Faced Urn","Odd Mushroom","Membership Card","Symbiotic Virus","FrozenCore","Busted Crown","Gremlin Horn","Pen Nib","Omamori","StoneCalendar","Calling Bell","PreservedInsect","White Beast Statue","Pocketwatch","Nunchaku","Mummified Hand","Frozen Egg 2","Mercury Hourglass","Sundial","War Paint"],"acts_visited":["Exordium","TheCity","TheBeyond","TheEnding"],"potions_floor_usage":[6,25,25,25,33,33,33,41,41,50,50,50,50,50,55],"damage_taken":[{"damage":0,"enemies":"Small Slimes","floor":1,"turns":1},{"damage":4,"enemies":"2 Louse","floor":5,"turns":2},{"damage":10,"enemies":"Gremlin Nob","floor":6,"turns":3},{"damage":0,"enemies":"Cultist","floor":7,"turns":3},{"damage":0,"enemies":"The Mushroom Lair","floor":8,"turns":3},{"damage":25,"enemies":"Lagavulin","floor":11,"turns":5},{"damage":3,"enemies":"Red Slaver","floor":14,"turns":4},{"damage":0,"enemies":"Slime Boss","floor":16,"turns":7},{"damage":7,"enemies":"3 Byrds","floor":18,"turns":5},{"damage":3,"enemies":"Chosen","floor":20,"turns":3},{"damage":5,"enemies":"Snecko","floor":21,"turns":4},{"damage":24,"enemies":"Shelled Parasite and Fungi","floor":22,"turns":5},{"damage":25,"enemies":"Book of Stabbing","floor":23,"turns":5},{"damage":12,"enemies":"Slavers","floor":25,"turns":3},{"damage":12,"enemies":"Centurion and Healer","floor":27,"turns":4},{"damage":13,"enemies":"Snake Plant","floor":28,"turns":4},{"damage":17,"enemies":"Sentry and Sphere","floor":29,"turns":4},{"damage":10,"enemies":"Automaton","floor":33,"turns":7},{"damage":44,"enemies":"3 Darklings","floor":35,"turns":5},{"damage":0,"enemies":"3 Shapes","floor":37,"turns":4},{"damage":4,"enemies":"Writhing Mass","floor":38,"turns":6},{"damage":1,"enemies":"Nemesis","floor":40,"turns":7},{"damage":6,"enemies":"Maw","floor":41,"turns":7},{"damage":18,"enemies":"Reptomancer","floor":45,"turns":5},{"damage":18,"enemies":"Spire Growth","floor":46,"turns":3},{"damage":18,"enemies":"Writhing Mass","floor":47,"turns":5},{"damage":0,"enemies":"Giant Head","floor":48,"turns":6},{"damage":45,"enemies":"Time Eater","floor":50,"turns":7},{"damage":46,"enemies":"Shield and Spear","floor":54,"turns":4},{"damage":54,"enemies":"The Heart","floor":55,"turns":2}],"seed_played":"2443374803225206864","potions_obtained":[{"floor":5,"key":"FocusPotion"},{"floor":11,"key":"Regen Potion"},{"floor":16,"key":"DuplicationPotion"},{"floor":18,"key":"Explosive Potion"},{"floor":20,"key":"AttackPotion"},{"floor":23,"key":"Regen Potion"},{"floor":25,"key":"CultistPotion"},{"floor":28,"key":"PotionOfCapacity"},{"floor":35,"key":"Explosive Potion"},{"floor":37,"key":"SpeedPotion"},{"floor":38,"key":"Energy Potion"},{"floor":40,"key":"Strength Potion"},{"floor":41,"key":"Explosive Potion"},{"floor":45,"key":"Swift Potion"},{"floor":54,"key":"Fire Potion"}],"is_trial":false,"path_per_floor":["M","?","?","?","M","E","M","?","T","R","E","$","T","M","R","B",null,"M","?","M","M","M","E","R","E","T","M","M","M","R","$","R","B",null,"M","?","M","M","?","E","M","?","T","$","E","M","M","E","R","B",null,"R","$","E","B"],"character_chosen":"DEFECT","items_purchased":["Lantern","Inserter","Defragment","Doom and Gloom","Apotheosis","Symbiotic Virus","Glacier","Self Repair","Defragment","Ball Lightning","StoneCalendar","Glacier","FTL","Frozen Egg 2","Static Discharge+1","Chrysalis","Melter","Hello World+1","Force Field","Streamline"],"campfire_rested":1,"item_purchase_floors":[0,0,0,0,12,12,12,12,31,31,31,31,31,44,44,44,44,53,53,53],"current_hp_per_floor":[75,60,49,37,33,23,25,25,25,47,24,24,24,35,35,39,75,75,75,72,75,65,56,56,58,58,60,60,54,54,54,54,73,75,31,31,35,37,37,54,63,63,63,63,61,62,52,60,60,50,75,75,75,37,0,0],"gold":57,"neow_bonus":"","is_daily":false,"chose_seed":false,"campfire_upgraded":5,"win_rate":0.0,"timestamp":1614216102,"path_taken":["M","?","?","?","M","E","M","?","T","R","E","$","?","M","R","BOSS","M","?","M","M","M","E","R","E","T","?","M","M","R","?","R","BOSS","M","?","M","M","?","E","M","?","T","$","E","?","M","E","R","BOSS","R","$","E","BOSS"],"items_purchased_type":["Relic","Relic","Card","Card","Card","Relic","Card","Card","Card","Card","Relic","Card","Card","Relic","Card","Card","Card","Card","Card","Card"],"build_version":"2020-12-22","purchased_purges":0,"victory":false,"max_hp_per_floor":[75,75,75,75,75,75,75,75,75,75,75,75,75,75,75,75,75,75,75,75,75,75,75,75,75,75,75,75,75,75,75,75,75,75,75,75,75,75,75,75,75,75,75,75,75,75,75,75,75,75,75,75,75,75,75,75],"card_choices":[{"not_picked":["Stack","Turbo"],"picked":"Go for the Eyes","floor":1},{"not_picked":["Self Repair","Steam"],"picked":"Streamline","floor":5},{"not_picked":["Ball Lightning","Sunder"],"picked":"Coolheaded","floor":6},{"not_picked":["Gash","Turbo"],"picked":"Leap","floor":7},{"not_picked":["Gash","Aggregate"],"picked":"FTL","floor":8},{"not_picked":["All For One","Fission"],"picked":"Storm","floor":11},{"not_picked":["Hologram","Compile Driver"],"picked":"Conserve Battery","floor":14},{"not_picked":["Biased Cognition","Buffer"],"picked":"Amplify","floor":16},{"not_picked":[],"picked":"Streamline","floor":18},{"not_picked":[],"picked":"Stack+1","floor":20},{"not_picked":["Reprogram"],"picked":"SKIP","floor":21},{"not_picked":["Reprogram"],"picked":"SKIP","floor":22},{"not_picked":[],"picked":"Stack","floor":23},{"not_picked":[],"picked":"Stack","floor":25},{"not_picked":[],"picked":"Fusion","floor":27},{"not_picked":[],"picked":"Aggregate","floor":28},{"not_picked":[],"picked":"Rebound","floor":29},{"not_picked":[],"picked":"Ball Lightning","floor":35},{"not_picked":[],"picked":"Consume+1","floor":37},{"not_picked":[],"picked":"Beam Cell","floor":38},{"not_picked":[],"picked":"Skim","floor":40},{"not_picked":[],"picked":"Stack+1","floor":41},{"not_picked":[],"picked":"Hello World+1","floor":45},{"not_picked":[],"picked":"Conserve Battery","floor":46},{"not_picked":[],"picked":"FTL","floor":47},{"not_picked":[],"picked":"Capacitor+1","floor":48},{"not_picked":[],"picked":"Hologram","floor":54}],"player_experience":199452,"relics_obtained":[{"floor":6,"key":"Bird Faced Urn"},{"floor":8,"key":"Odd Mushroom"},{"floor":11,"key":"Membership Card"},{"floor":13,"key":"FrozenCore"},{"floor":23,"key":"Gremlin Horn"},{"floor":25,"key":"Pen Nib"},{"floor":26,"key":"Omamori"},{"floor":34,"key":"PreservedInsect"},{"floor":34,"key":"White Beast Statue"},{"floor":34,"key":"Pocketwatch"},{"floor":40,"key":"Nunchaku"},{"floor":43,"key":"Mummified Hand"},{"floor":45,"key":"Mercury Hourglass"},{"floor":48,"key":"Sundial"},{"floor":54,"key":"War Paint"}],"event_choices":[{"damage_healed":0,"gold_gain":0,"player_choice":"Entered Light","damage_taken":15,"max_hp_gain":0,"max_hp_loss":0,"event_name":"Shining Light","floor":2,"gold_loss":0,"cards_upgraded":["Defragment","Strike_B"]},{"damage_healed":0,"gold_gain":75,"player_choice":"Gather Gold","damage_taken":11,"max_hp_gain":0,"max_hp_loss":0,"event_name":"World of Goop","floor":3,"gold_loss":0},{"damage_healed":0,"gold_gain":0,"player_choice":"Success","damage_taken":12,"relics_obtained":["Potion Belt"],"max_hp_gain":0,"max_hp_loss":0,"event_name":"Scrap Ooze","floor":4,"gold_loss":0},{"damage_healed":0,"gold_gain":0,"player_choice":"Fought Mushrooms","damage_taken":0,"max_hp_gain":0,"max_hp_loss":0,"event_name":"Mushrooms","floor":8,"gold_loss":0},{"damage_healed":0,"gold_gain":0,"player_choice":"Upgraded","damage_taken":0,"max_hp_gain":0,"max_hp_loss":0,"event_name":"Upgrade Shrine","floor":19,"gold_loss":0,"cards_upgraded":["Storm"]},{"cards_removed":["Zap"],"damage_healed":0,"gold_gain":0,"player_choice":"Removed Skill","damage_taken":0,"max_hp_gain":0,"max_hp_loss":0,"event_name":"Falling","floor":36,"gold_loss":0},{"damage_healed":0,"gold_gain":0,"player_choice":"Ignored","damage_taken":0,"max_hp_gain":0,"max_hp_loss":0,"event_name":"Tomb of Lord Red Mask","floor":39,"gold_loss":0},{"damage_healed":0,"gold_gain":0,"player_choice":"Upgraded","damage_taken":0,"max_hp_gain":0,"max_hp_loss":0,"event_name":"Upgrade Shrine","floor":42,"gold_loss":0,"cards_upgraded":["Aggregate"]}],"is_beta":false,"boss_relics":[{"not_picked":["Tiny House","Velvet Choker"],"picked":"Busted Crown"},{"not_picked":["Fusion Hammer","SlaversCollar"],"picked":"Calling Bell"}],"items_purged_floors":[],"is_endless":false,"potions_floor_spawned":[5,11,16,18,20,23,25,28,35,37,38,40,41,45,46,47,48,54],"killed_by":"The Heart","ascension_level":4}}