{"host":"gnfs9pc52tj5b2xa","time":1614243444,"event":{"mods":["BaseMod","Minty Spire (QoL Compilation)","Relic Sorter","Relic Stats","ojb\u0027s Better Paths Mod","ojb\u0027s Info Mod"],"gold_per_floor":[115,40,56,72,72,103,103,133,133,133,133,58,79,104,104,104,104],"floor_reached":16,"language":"ENG","playtime":521,"items_purged":["Defend_P"],"score":200,"play_id":"442ba27c-6160-4d43-9b7c-9e6c6adf5ac2","local_time":"20210225005724","is_ascension_mode":true,"campfire_choices":[{"data":"Eruption","floor":7.0,"key":"SMITH"},{"data":"Adaptation","floor":11.0,"key":"SMITH"},{"data":"MentalFortress","floor":15.0,"key":"SMITH"}],"circlet_count":0,"master_deck":["AscendersBane","Strike_P","Strike_P","Strike_P","Strike_P","Defend_P","Defend_P","Defend_P","Eruption+1","Vigilance","DeceiveReality","Adaptation+1","MentalFortress+1"],"relics":["Cursed Key","TeardropLocket","Odd Mushroom","Golden Idol"],"acts_visited":["Exordium"],"potions_floor_usage":[16],"damage_taken":[{"damage":0.0,"enemies":"Jaw Worm","floor":1.0,"turns":5.0},{"damage":0.0,"enemies":"Small Slimes","floor":3.0,"turns":5.0},{"damage":3.0,"enemies":"2 Louse","floor":4.0,"turns":2.0},{"damage":46.0,"enemies":"Gremlin Nob","floor":6.0,"turns":6.0},{"damage":3.0,"enemies":"The Mushroom Lair","floor":8.0,"turns":5.0},{"damage":0.0,"enemies":"Blue Slaver","floor":13.0,"turns":3.0},{"damage":0.0,"enemies":"Gremlin Gang","floor":14.0,"turns":6.0},{"damage":0,"enemies":"Slime Boss","floor":16,"turns":3}],"seed_played":"4259536610243506665","potions_obtained":[{"floor":1.0,"key":"DuplicationPotion"},{"floor":4.0,"key":"Regen Potion"},{"floor":8.0,"key":"LiquidBronze"},{"floor":13.0,"key":"SteroidPotion"}],"is_trial":false,"path_per_floor":["M","$","M","M","?","E","R","?","T","?","R","$","M","M","R","B"],"character_chosen":"WATCHER","items_purchased":["Adaptation"],"campfire_rested":0,"item_purchase_floors":[2],"current_hp_per_floor":[61,61,61,58,58,27,27,24,24,24,24,24,24,24,24,24,24],"gold":104,"neow_bonus":"BOSS_RELIC","is_daily":false,"chose_seed":false,"campfire_upgraded":3,"win_rate":0.0,"timestamp":1614243444,"path_taken":["M","$","M","M","?","E","R","?","T","?","R","?","M","M","R","BOSS"],"items_purchased_type":["Card"],"build_version":"2020-12-22","purchased_purges":1,"victory":false,"max_hp_per_floor":[68,68,68,68,68,68,68,68,68,62,62,62,62,62,62,62,62],"relic_stats":{"counters":[8,35],"Golden Idol":9,"Cursed Key":0,"obtain_stats":[{"Golden Idol":10,"TeardropLocket":6,"PureWater":0,"Odd Mushroom":8,"Cursed Key":0},{"Golden Idol":5,"TeardropLocket":4,"PureWater":0,"Odd Mushroom":5,"Cursed Key":0},{"Golden Idol":23,"TeardropLocket":18,"PureWater":0,"Odd Mushroom":23,"Cursed Key":0}]},"card_choices":[{"not_picked":["WaveOfTheHand","Evaluate"],"picked":"DeceiveReality","floor":1.0},{"not_picked":["Prostrate","Wallop","SignatureMove"],"picked":"SKIP","floor":3.0},{"not_picked":["EmptyFist","BowlingBash"],"picked":"MentalFortress","floor":4.0},{"not_picked":["EmptyBody","SpiritShield","Fasting2"],"picked":"SKIP","floor":6.0},{"not_picked":["CarveReality","FlyingSleeves","BowlingBash"],"picked":"SKIP","floor":13.0},{"not_picked":["CutThroughFate","Sanctity","PathToVictory"],"picked":"SKIP","floor":14.0}],"player_experience":1324342,"relics_obtained":[{"floor":6.0,"key":"TeardropLocket"},{"floor":8.0,"key":"Odd Mushroom"}],"event_choices":[{"damage_healed":0.0,"max_hp_gain":0.0,"max_hp_loss":0.0,"gold_gain":0.0,"event_name":"Liars Game","player_choice":"Ignored","floor":5.0,"gold_loss":0.0,"damage_taken":0.0},{"damage_healed":0.0,"max_hp_gain":0.0,"max_hp_loss":0.0,"gold_gain":0.0,"event_name":"Mushrooms","player_choice":"Fought Mushrooms","floor":8.0,"gold_loss":0.0,"damage_taken":0.0},{"damage_healed":0.0,"max_hp_gain":0.0,"max_hp_loss":6.0,"gold_gain":0.0,"event_name":"Golden Idol","player_choice":"Lose Max HP","floor":10.0,"gold_loss":0.0,"damage_taken":0.0,"relics_obtained":["Golden Idol"]}],"is_beta":false,"boss_relics":[],"items_purged_floors":[12],"is_endless":false,"potions_floor_spawned":[1,4,8,13,14],"killed_by":"Slime Boss","ascension_level":20}}