{"host":"abdxwahegzejqccj","time":1614291527,"event":{"mods":["BaseMod","Better Note","BetterRewards","Colored Powertips","Downfall","Hermit","Minty Spire (QoL Compilation)","StSLib","The Cursed"],"gold_per_floor":[99,118,118,133,147,173,173,173,173,173,173],"floor_reached":9,"language":"ENG","playtime":324,"items_purged":[],"score":70,"play_id":"3a16af6e-e829-43e1-b0e4-0e2db0a18f4f","local_time":"20210226091847","is_ascension_mode":true,"campfire_choices":[{"data":"Sadistic Nature","floor":1,"key":"SMITH"}],"circlet_count":0,"master_deck":["Guardian:Strike_Guardian","Guardian:Strike_Guardian","Guardian:Strike_Guardian","Guardian:Strike_Guardian","Guardian:Defend_Guardian","Guardian:Defend_Guardian","Guardian:Defend_Guardian","Guardian:Defend_Guardian","Guardian:CurlUp","Guardian:TwinSlam","Doubt","Sadistic Nature+1","Guardian:Gem_Blue","Guardian:VentSteam","Guardian:Gem_Blue","Guardian:Gem_Purple"],"relics":["Guardian:ModeShifter","downfall:BrokenWingStatue","Pocketwatch","Pantograph"],"acts_visited":["Exordium"],"potions_floor_usage":[],"damage_taken":[{"damage":5,"enemies":"Small Slimes","floor":2,"turns":5},{"damage":18,"enemies":"Jaw Worm","floor":4,"turns":6},{"damage":9,"enemies":"2 Louse","floor":5,"turns":3},{"damage":40,"enemies":"Lagavulin","floor":6,"turns":12},{"damage":14,"enemies":"Gremlin Nob","floor":9,"turns":2}],"seed_played":"-8224061600851171603","potions_obtained":[{"floor":6,"key":"Swift Potion"}],"is_trial":false,"path_per_floor":["R","M","?","M","M","E","T","?","E"],"character_chosen":"GUARDIAN","items_purchased":[],"campfire_rested":0,"item_purchase_floors":[],"current_hp_per_floor":[80,75,75,57,48,8,8,8,0,0,0],"gold":173,"neow_bonus":"RANDOM_COLORLESS_2","is_daily":false,"chose_seed":false,"campfire_upgraded":1,"win_rate":0.0,"timestamp":1614291527,"path_taken":["R","M","?","M","M","E","T","?","E"],"items_purchased_type":[],"build_version":"2020-12-22","purchased_purges":0,"victory":false,"max_hp_per_floor":[80,80,80,80,80,80,80,80,80,80,80],"card_choices":[{"not_picked":["Chrysalis","Transmutation"],"picked":"Sadistic Nature","floor":0},{"not_picked":["Guardian:Gem_Fragmented","Guardian:ChargeCore"],"picked":"Guardian:Gem_Blue","floor":2},{"not_picked":["Guardian:PrimingBeam","Guardian:Gem_Red"],"picked":"Guardian:VentSteam","floor":4},{"not_picked":["Guardian:Gem_Red","Guardian:Gem_Cyan"],"picked":"Guardian:Gem_Blue","floor":5},{"not_picked":["Guardian:VentSteam","Guardian:PrismaticBarrier"],"picked":"Guardian:Gem_Purple","floor":6}],"player_experience":417392,"relics_obtained":[{"floor":6,"key":"Pocketwatch"},{"floor":7,"key":"Pantograph"}],"event_choices":[],"is_beta":false,"boss_relics":[],"items_purged_floors":[],"is_endless":false,"potions_floor_spawned":[6],"killed_by":"Gremlin Nob","ascension_level":3}}