{"host":"ki8bdgqnhyu1xulu","time":1614289446,"event":{"mods":["AchievementEnabler","BaseMod","Hermit","Minty Spire (QoL Compilation)","StSLib","The Bug Knight","The Cursed","Together in Spire"],"gold_per_floor":[119,119,119,137,137,137,164,176,229,240,256,282,282,292,292,396,396,413,424,79,79,79,79,114,114,114,114,125,145,178,197,197,197,197],"floor_reached":33,"language":"ENG","playtime":2388,"items_purged":[],"score":322,"play_id":"c75b843c-e9dd-4678-a753-99006282fc5b","local_time":"20210225164406","is_ascension_mode":false,"campfire_choices":[{"floor":6,"key":"REST"},{"floor":13,"key":"REST"},{"data":"Clash","floor":15,"key":"SMITH"},{"floor":23,"key":"REST"},{"floor":25,"key":"REST"},{"floor":32,"key":"REST"}],"circlet_count":0,"master_deck":["Strike_R","Strike_R","Strike_R+1","Strike_R","Strike_R","Defend_R+1","Defend_R","Defend_R+1","Defend_R","Bash+1","Clash+1","Flex","Uppercut","Anger","Hemokinesis","Infernal Blade","Reckless Charge","Body Slam","Feed+1","Clash+1","True Grit+1","Headbutt","Anger","Body Slam+1","Clash","Second Wind","Pommel Strike"],"relics":["Burning Blood","War Paint","Lizard Tail","Orichalcum","Bag of Preparation","Sozu","PreservedInsect","Juzu Bracelet","NlothsMask","Oddly Smooth Stone","Regal Pillow"],"acts_visited":["Exordium","TheCity"],"potions_floor_usage":[7,7,16,30],"damage_taken":[{"damage":0,"enemies":"Cultist","floor":1,"turns":4},{"damage":0,"enemies":"2 Louse","floor":4,"turns":2},{"damage":15,"enemies":"3 Sentries","floor":7,"turns":7},{"damage":3,"enemies":"Jaw Worm","floor":8,"turns":2},{"damage":6,"enemies":"Blue Slaver","floor":10,"turns":2},{"damage":6,"enemies":"Gremlin Gang","floor":11,"turns":5},{"damage":12,"enemies":"HollowMod:MossKnight","floor":12,"turns":3},{"damage":4,"enemies":"Lots of Slimes","floor":14,"turns":4},{"damage":18,"enemies":"Slime Boss","floor":16,"turns":9},{"damage":16,"enemies":"2 Thieves","floor":18,"turns":3},{"damage":6,"enemies":"3 Byrds","floor":19,"turns":3},{"damage":22,"enemies":"Gremlin Leader","floor":24,"turns":3},{"damage":9,"enemies":"Snake Plant","floor":28,"turns":3},{"damage":14,"enemies":"Sentry and Sphere","floor":29,"turns":4},{"damage":45,"enemies":"Slavers","floor":30,"turns":5},{"damage":22,"enemies":"Shelled Parasite and Fungi","floor":31,"turns":5},{"damage":140,"enemies":"Champ","floor":33,"turns":11}],"seed_played":"6786785594415498500","potions_obtained":[{"floor":1,"key":"ElixirPotion"},{"floor":4,"key":"BlessingOfTheForge"},{"floor":11,"key":"FearPotion"},{"floor":16,"key":"CultistPotion"}],"is_trial":false,"path_per_floor":["M","?","?","M","$","R","E","M","T","M","M","E","R","M","R","B",null,"M","M","$","?","?","R","E","R","T","$","M","M","E","M","R","B"],"character_chosen":"IRONCLAD","items_purchased":["PreservedInsect","Juzu Bracelet","Headbutt"],"campfire_rested":5,"item_purchase_floors":[20,20,20],"current_hp_per_floor":[88,70,63,69,69,88,79,82,82,82,82,76,88,88,88,76,88,78,81,81,81,81,91,75,91,91,91,88,80,41,29,72,0,0],"gold":197,"neow_bonus":"TEN_PERCENT_HP_BONUS","is_daily":false,"chose_seed":false,"campfire_upgraded":1,"win_rate":0.0,"timestamp":1614289446,"path_taken":["M","?","?","M","?","R","E","M","T","M","M","E","R","M","R","BOSS","M","M","$","?","?","R","E","R","T","$","M","M","E","M","R","BOSS"],"items_purchased_type":["Relic","Relic","Card"],"build_version":"2020-12-22","purchased_purges":0,"victory":false,"max_hp_per_floor":[88,88,88,88,88,88,88,88,88,88,88,88,88,88,88,88,88,88,91,91,91,91,91,91,91,91,91,91,91,91,95,95,95,95],"card_choices":[{"not_picked":["Metallicize","Perfected Strike"],"picked":"Clash","floor":1},{"not_picked":["Whirlwind","Dark Embrace"],"picked":"Flex","floor":4},{"not_picked":["Dark Embrace","Infernal Blade"],"picked":"Uppercut","floor":7},{"not_picked":["Uppercut","Whirlwind"],"picked":"Anger","floor":8},{"not_picked":["Power Through","Shrug It Off"],"picked":"Hemokinesis","floor":10},{"not_picked":["Thunderclap","Shrug It Off"],"picked":"Infernal Blade","floor":11},{"not_picked":["Burning Pact","Cleave"],"picked":"Reckless Charge","floor":12},{"not_picked":["Armaments","Thunderclap"],"picked":"Body Slam","floor":14},{"not_picked":["Corruption","Demon Form"],"picked":"Feed","floor":16},{"not_picked":["Cleave","True Grit"],"picked":"Clash+1","floor":18},{"not_picked":["Shrug It Off","Inflame"],"picked":"True Grit+1","floor":19},{"not_picked":["True Grit+1","Barricade"],"picked":"Anger","floor":24},{"not_picked":["Warcry","Pommel Strike"],"picked":"Body Slam+1","floor":28},{"not_picked":["Burning Pact","Warcry"],"picked":"Clash","floor":29},{"not_picked":["Feel No Pain","Sword Boomerang"],"picked":"Second Wind","floor":30},{"not_picked":["Headbutt","Warcry"],"picked":"Pommel Strike","floor":31}],"player_experience":58974,"relics_obtained":[{"floor":7,"key":"Lizard Tail"},{"floor":9,"key":"Orichalcum"},{"floor":12,"key":"Bag of Preparation"},{"floor":24,"key":"Oddly Smooth Stone"},{"floor":30,"key":"Regal Pillow"}],"event_choices":[{"damage_healed":0,"gold_gain":0,"player_choice":"Entered Light","damage_taken":18,"max_hp_gain":0,"max_hp_loss":0,"event_name":"Shining Light","floor":2,"gold_loss":0,"cards_upgraded":["Bash","Strike_R"]},{"damage_healed":0,"gold_gain":0,"player_choice":"Success","damage_taken":7,"relics_obtained":["War Paint"],"max_hp_gain":0,"max_hp_loss":0,"event_name":"Scrap Ooze","floor":3,"gold_loss":0},{"damage_healed":0,"gold_gain":0,"player_choice":"Trade","damage_taken":0,"relics_obtained":["NlothsMask"],"max_hp_gain":0,"max_hp_loss":0,"event_name":"FaceTrader","floor":21,"gold_loss":0},{"damage_healed":0,"gold_gain":0,"player_choice":"Forge","damage_taken":0,"max_hp_gain":0,"max_hp_loss":0,"event_name":"Accursed Blacksmith","floor":22,"gold_loss":0,"cards_upgraded":["Feed"]}],"is_beta":false,"boss_relics":[{"not_picked":["Philosopher\u0027s Stone","Empty Cage"],"picked":"Sozu"}],"items_purged_floors":[],"is_endless":false,"potions_floor_spawned":[1,4,11,16,18,19,24,30],"killed_by":"Champ","ascension_level":0}}