{"host":"ihhmze8k3dygjpvp","time":1614277575,"event":{"mods":["10 clothes from DAL","Act Like it!","BaseMod","Colored Map","Hallownest","Highlight Path","Minty Spire (QoL Compilation)","MostiFishMod","Pale of the Ancients","Quick Restart","RumiaBox-露米娅的神秘盒子","Shop Mod","Spicy Shops","StSLib","TestMod","[IsaacMod]以撒尖塔","【功能Mod】混沌之环修复补丁","【功能Mod】聪明的最终Boss"],"gold_per_floor":[113,113,131,148,37,37,37,53,78,108,120,120,120],"floor_reached":12,"language":"ZHS","playtime":300,"items_purged":["Defend_B"],"score":92,"play_id":"6b0ca4e0-f770-4e66-80f0-a43f395f6469","local_time":"20210226022615","is_ascension_mode":true,"campfire_choices":[{"data":"Beam Cell","floor":6,"key":"SMITH"}],"circlet_count":0,"master_deck":["Strike_B","Strike_B","Strike_B","Strike_B","Defend_B","Defend_B","Defend_B","Gash","Beam Cell+1","Regret","Gash"],"relics":["testmod-TestBox","HushsDoor","DaveBox","ArrowTower","SteamSale","testmod-Nyarlathotep","Empty Cage","SynthV:TestCard","AddBug","SecretRecord"],"acts_visited":["Exordium"],"potions_floor_usage":[10,11,12],"damage_taken":[{"damage":9,"enemies":"Jaw Worm","floor":1,"turns":3},{"damage":0,"enemies":"Small Slimes","floor":3,"turns":3},{"damage":1,"enemies":"Cultist","floor":4,"turns":3},{"damage":0,"enemies":"Red Slaver","floor":8,"turns":1},{"damage":33,"enemies":"Gremlin Nob","floor":10,"turns":4},{"damage":0,"enemies":"2 Fungi Beasts","floor":11,"turns":1},{"damage":23,"enemies":"3 Sentries","floor":12,"turns":4}],"seed_played":"-6545146420848924298","potions_obtained":[{"floor":4,"key":"DuplicationPotion"},{"floor":8,"key":"AttackPotion"},{"floor":10,"key":"AttackPotion"}],"is_trial":false,"path_per_floor":["M","?","M","M","$","R","?","M","T","E","M","E"],"character_chosen":"DEFECT","items_purchased":["ClockworkSouvenir"],"campfire_rested":0,"item_purchase_floors":[5],"current_hp_per_floor":[66,54,54,53,53,53,53,53,53,20,20,0,0],"gold":120,"neow_bonus":"BOSS_RELIC","is_daily":false,"chose_seed":false,"campfire_upgraded":1,"win_rate":0.0,"timestamp":1614277575,"path_taken":["M","?","M","?","?","R","?","M","T","E","M","E"],"items_purchased_type":["Relic"],"build_version":"2020-12-22","purchased_purges":1,"victory":false,"max_hp_per_floor":[75,75,75,75,75,75,75,75,75,75,75,75,75],"card_choices":[{"not_picked":["Ball Lightning","Loop","Go for the Eyes"],"picked":"SKIP","floor":1},{"not_picked":["Force Field","MostiFishMod:IceShield","Ball Lightning","Sweeping Beam"],"picked":"Gash","floor":3},{"not_picked":["Conserve Battery","Leap","Redo","BootSequence"],"picked":"Beam Cell","floor":4},{"not_picked":["Rebound","Distribution","Rip and Tear","Compile Driver","Darkness"],"picked":"SKIP","floor":8},{"not_picked":["Rip and Tear","White Noise","Rebound","MostiFishMod:ActiveDefenseSystem"],"picked":"Gash","floor":10},{"not_picked":["Go for the Eyes","Streamline","Sunder","Cold Snap","Rebound"],"picked":"SKIP","floor":11}],"player_experience":36718,"relics_obtained":[{"floor":1,"key":"SynthV:TestCard"},{"floor":1,"key":"AddBug"},{"floor":9,"key":"MealTicket"},{"floor":10,"key":"SSSystem"}],"event_choices":[{"damage_healed":0,"gold_gain":0,"player_choice":"Success","damage_taken":12,"relics_obtained":["Smiling Mask"],"max_hp_gain":0,"max_hp_loss":0,"event_name":"Scrap Ooze","floor":2,"gold_loss":0},{"damage_healed":0,"gold_gain":0,"player_choice":"Box","damage_taken":0,"relics_obtained":["Ccalipers"],"max_hp_gain":0,"max_hp_loss":0,"event_name":"Big Fish","floor":7,"gold_loss":0,"cards_obtained":["Regret"]}],"is_beta":false,"boss_relics":[],"items_purged_floors":[5],"is_endless":false,"potions_floor_spawned":[4,8,10],"killed_by":"3 Sentries","ascension_level":3}}