{"host":"vk2xyavtylxbvrfq","time":1614283530,"event":{"mods":["Bard","BaseMod","Bestiary","Better Altar","Better Match","Better Note","Better Sensory Stone","Better Skull","Better Vampires","Block Reminder","Bossed Relics","Colored Map","Curses Come First","Displayed Cursed Tome","Downfall","Extra Virgin Snecko Oil","Fox Events","Hermit","Ironclad Rager","Marked Mod","Minty Spire (QoL Compilation)","Quick Restart","Rare Cards Sparkle","Relic Sorter","Reliquary","Robot Space Explorer","StSLib","The Hayseed","The Runesmith","Unceasing Turn Reminder"],"gold_per_floor":[115,115,125,125,39,39,71,71,97,107,123,169,169,182,182,286,286,297,297,313,340,358,387,387,387,439,43,43,68,93,117,117,227,227,240,240,267,47,47,47,85,85,112,112,133,93,93,134,134,134,134],"floor_reached":50,"language":"ENG","playtime":1820,"items_purged":[],"score":775,"play_id":"1ab05aab-768b-4248-8326-9f5bf22007f7","local_time":"20210225150530","is_ascension_mode":true,"campfire_choices":[{"floor":6.0,"key":"REST"},{"data":"Apotheosis","floor":8.0,"key":"SMITH"},{"data":"hermit:CursedWeapon","floor":13.0,"key":"SMITH"},{"data":"hermit:LoneWolf","floor":15.0,"key":"SMITH"},{"data":"hermit:Reprieve","floor":24.0,"key":"SMITH"},{"data":"hermit:Scavenge","floor":28.0,"key":"SMITH"},{"data":"hermit:Covet","floor":32.0,"key":"SMITH"},{"floor":40.0,"key":"RECALL"},{"floor":42.0,"key":"REST"},{"data":"hermit:Determination","floor":44.0,"key":"SMITH"},{"data":"hermit:Enervate","floor":47.0,"key":"SMITH"},{"floor":49.0,"key":"REST"}],"circlet_count":0,"master_deck":["hermit:Strike_Hermit","hermit:Strike_Hermit","hermit:Strike_Hermit","hermit:Strike_Hermit","hermit:Defend_Hermit","hermit:Defend_Hermit","hermit:Defend_Hermit","hermit:Defend_Hermit","hermit:Snapshot","hermit:Covet+1","Apotheosis+1","hermit:LoneWolf+1","hermit:Snipe+1","hermit:FlashPowder+1","hermit:CursedWeapon+1","hermit:Enervate+1","hermit:Coalescence","hermit:Reprieve+1","CurseOfTheBell","hermit:Vantage+1","hermit:GhostlyPresence","hermit:EyeOfTheStorm","hermit:EyeOfTheStorm","hermit:Headshot","hermit:Scavenge+1","hermit:Headshot","hermit:TrackingShot+1","hermit:Manifest+1","hermit:Dive","hermit:Reprieve","hermit:Glare","Writhe","hermit:WideOpen+1","hermit:Determination+1","Pain","hermit:FlashPowder+1"],"relics":["hermit:Momento","Runesmith:Nanobots","Mummified Hand","Mercury Hourglass","Bag of Marbles","Lantern","Calling Bell","reliquary:WeakTea","Eternal Feather","Torii","Red Mask","reliquary:Sod","foxEvents:ScarlettsFace","War Paint","Lee\u0027s Waffle","Happy Flower","Blood Vial","Busted Crown","reliquary:Aerogel","WarpedTongs","reliquary:SharkskinSheath","Gambling Chip"],"acts_visited":["Exordium","TheCity","TheBeyond"],"potions_floor_usage":[],"damage_taken":[{"damage":0.0,"enemies":"Cultist","floor":1.0,"turns":4.0},{"damage":0.0,"enemies":"Small Slimes","floor":3.0,"turns":4.0},{"damage":17.0,"enemies":"Lagavulin","floor":7.0,"turns":7.0},{"damage":0.0,"enemies":"Jaw Worm","floor":10.0,"turns":1.0},{"damage":0.0,"enemies":"Red Slaver","floor":11.0,"turns":2.0},{"damage":2.0,"enemies":"3 Louse","floor":14.0,"turns":2.0},{"damage":19.0,"enemies":"Slime Boss","floor":16.0,"turns":7.0},{"damage":3.0,"enemies":"2 Thieves","floor":18.0,"turns":4.0},{"damage":2.0,"enemies":"Shell Parasite","floor":20.0,"turns":1.0},{"damage":9.0,"enemies":"Masked Bandits","floor":21.0,"turns":5.0},{"damage":3.0,"enemies":"Cultist and Chosen","floor":22.0,"turns":6.0},{"damage":19.0,"enemies":"Gremlin Leader","floor":23.0,"turns":10.0},{"damage":3.0,"enemies":"Slavers","floor":29.0,"turns":4.0},{"damage":22.0,"enemies":"Snake Plant","floor":30.0,"turns":3.0},{"damage":3.0,"enemies":"Centurion and Healer","floor":31.0,"turns":4.0},{"damage":52.0,"enemies":"Collector","floor":33.0,"turns":13.0},{"damage":11.0,"enemies":"3 Shapes","floor":35.0,"turns":5.0},{"damage":43.0,"enemies":"3 Darklings","floor":37.0,"turns":9.0},{"damage":87.0,"enemies":"Giant Head","floor":41.0,"turns":9.0},{"damage":2.0,"enemies":"Maw","floor":45.0,"turns":7.0},{"damage":62.0,"enemies":"Nemesis","floor":48.0,"turns":8.0},{"damage":0,"enemies":"Time Eater","floor":50,"turns":1}],"seed_played":"-831660505204381795","potions_obtained":[{"floor":3.0,"key":"BlessingOfTheForge"},{"floor":11.0,"key":"ColorlessPotion"},{"floor":16.0,"key":"EssenceOfSteel"},{"floor":20.0,"key":"champ:CounterPotion"},{"floor":29.0,"key":"Regen Potion"},{"floor":31.0,"key":"SneckoOil"},{"floor":37.0,"key":"AttackPotion"},{"floor":46.0,"key":"Strength Potion"},{"floor":46.0,"key":"ColorlessPotion"},{"floor":46.0,"key":"SpeedPotion"}],"is_trial":false,"path_per_floor":["M","?","M","?","$","R","E","R","T","M","M","T","R","M","R","B",null,"M","?","M","?","M","E","R","?","T","$","R","E","M","M","R","B",null,"M","?","M","$","?","R","E","R","T","R","M","?","R","E","R","B"],"character_chosen":"HERMIT","items_purchased":["hermit:FlashPowder","hermit:Tonic","Lee\u0027s Waffle","Happy Flower","hermit:Scavenge","hermit:Headshot","reliquary:Aerogel","hermit:Determination"],"campfire_rested":3,"item_purchase_floors":[5,5,27,27,27,27,38,38],"current_hp_per_floor":[50,47,47,47,47,69,52,52,52,52,52,52,52,50,50,31,64,69,69,67,62,59,44,56,56,56,82,82,79,60,59,74,24,68,67,82,47,47,47,68,9,54,54,75,80,80,82,36,81,82,82],"gold":134,"neow_bonus":"RANDOM_COLORLESS_2","is_daily":false,"chose_seed":false,"campfire_upgraded":8,"win_rate":0.0,"timestamp":1614283530,"path_taken":["M","?","M","?","$","R","E","R","T","M","?","?","R","M","R","BOSS","M","?","M","?","M","E","R","?","T","$","R","E","?","M","R","BOSS","M","?","M","$","?","R","E","R","T","R","?","?","R","E","R","BOSS"],"items_purchased_type":["Card","Potion","Relic","Relic","Card","Card","Relic","Card"],"build_version":"2020-12-22","purchased_purges":0,"victory":false,"max_hp_per_floor":[75,75,75,75,75,75,75,75,75,75,75,75,75,75,75,75,75,75,75,75,75,75,75,75,75,75,82,82,82,82,82,82,82,82,82,82,82,82,82,82,82,82,82,82,82,82,82,82,82,82,82],"card_choices":[{"not_picked":["Violence","The Bomb"],"picked":"Apotheosis","floor":0.0},{"not_picked":["hermit:CalledShot","hermit:Ricochet"],"picked":"hermit:LoneWolf","floor":1.0},{"not_picked":["hermit:Headshot","hermit:Ricochet"],"picked":"hermit:Snipe","floor":3.0},{"not_picked":["hermit:TrackingShot","hermit:FinalCanter"],"picked":"hermit:CursedWeapon","floor":7.0},{"not_picked":["hermit:Misfire","hermit:SprayPray","hermit:ItchyTrigger"],"picked":"SKIP","floor":10.0},{"not_picked":["hermit:Misfire","hermit:Headshot"],"picked":"hermit:Enervate","floor":11.0},{"not_picked":["hermit:SprayPray","hermit:HighCaliber"],"picked":"hermit:Coalescence","floor":14.0},{"not_picked":["hermit:Purgatory","hermit:Gambit"],"picked":"hermit:Reprieve","floor":16.0},{"not_picked":["hermit:Manifest","hermit:Quickdraw"],"picked":"hermit:Vantage+1","floor":18.0},{"not_picked":["hermit:TrackingShot","hermit:TakeAim"],"picked":"hermit:GhostlyPresence","floor":20.0},{"not_picked":["hermit:Feint","hermit:DeadOrAlive"],"picked":"hermit:EyeOfTheStorm","floor":21.0},{"not_picked":["hermit:ItchyTrigger","hermit:NoHoldsBarred"],"picked":"hermit:EyeOfTheStorm","floor":22.0},{"not_picked":["hermit:CalledShot","hermit:Snipe+1"],"picked":"hermit:Headshot","floor":23.0},{"not_picked":["hermit:CalledShot","hermit:Purgatory"],"picked":"hermit:TrackingShot+1","floor":29.0},{"not_picked":["hermit:Malice","hermit:SprayPray"],"picked":"hermit:Manifest+1","floor":30.0},{"not_picked":["hermit:WideOpen","hermit:ItchyTrigger"],"picked":"hermit:Dive","floor":31.0},{"not_picked":["hermit:DeadOrAlive","hermit:Magnum"],"picked":"hermit:Reprieve","floor":33.0},{"not_picked":[],"picked":"hermit:Glare","floor":35.0},{"not_picked":[],"picked":"hermit:WideOpen+1","floor":37.0},{"not_picked":["hermit:DeadMansHand"],"picked":"SKIP","floor":41.0},{"not_picked":["hermit:Misfire+1"],"picked":"SKIP","floor":45.0},{"not_picked":[],"picked":"hermit:FlashPowder+1","floor":48.0}],"player_experience":1482215,"relics_obtained":[{"floor":4.0,"key":"Mummified Hand"},{"floor":7.0,"key":"Mercury Hourglass"},{"floor":9.0,"key":"Bag of Marbles"},{"floor":12.0,"key":"Lantern"},{"floor":17.0,"key":"reliquary:WeakTea"},{"floor":17.0,"key":"Eternal Feather"},{"floor":17.0,"key":"Torii"},{"floor":21.0,"key":"Red Mask"},{"floor":23.0,"key":"reliquary:Sod"},{"floor":26.0,"key":"War Paint"},{"floor":29.0,"key":"Blood Vial"},{"floor":41.0,"key":"reliquary:SharkskinSheath"},{"floor":48.0,"key":"Gambling Chip"}],"event_choices":[{"damage_healed":0.0,"max_hp_gain":0.0,"max_hp_loss":0.0,"gold_gain":0.0,"event_name":"Scrap Ooze","player_choice":"Success","floor":2.0,"gold_loss":0.0,"damage_taken":3.0,"relics_obtained":["Runesmith:Nanobots"]},{"damage_healed":0.0,"max_hp_gain":0.0,"max_hp_loss":0.0,"gold_gain":0.0,"event_name":"Wheel of Change","player_choice":"Relic","floor":4.0,"gold_loss":0.0,"damage_taken":0.0},{"damage_healed":0.0,"max_hp_gain":0.0,"max_hp_loss":0.0,"gold_gain":0.0,"event_name":"Masked Bandits","player_choice":"Fought Bandits","floor":21.0,"gold_loss":0.0,"damage_taken":0.0},{"damage_healed":0.0,"max_hp_gain":0.0,"max_hp_loss":0.0,"gold_gain":0.0,"event_name":"FaceTrader","player_choice":"Trade","floor":25.0,"gold_loss":0.0,"damage_taken":0.0,"relics_obtained":["foxEvents:ScarlettsFace"]},{"damage_healed":21.0,"max_hp_gain":0.0,"max_hp_loss":0.0,"gold_gain":0.0,"event_name":"Winding Halls","player_choice":"Writhe","floor":36.0,"gold_loss":0.0,"damage_taken":0.0,"cards_obtained":["Writhe"]},{"damage_healed":0.0,"max_hp_gain":0.0,"max_hp_loss":0.0,"gold_gain":0.0,"event_name":"Accursed Blacksmith","player_choice":"Rummage","floor":39.0,"gold_loss":0.0,"damage_taken":0.0,"relics_obtained":["WarpedTongs"],"cards_obtained":["Pain"]},{"damage_healed":0.0,"max_hp_gain":0.0,"max_hp_loss":0.0,"gold_gain":0.0,"event_name":"The Woman in Blue","player_choice":"Bought 3 Potions","floor":46.0,"gold_loss":0.0,"damage_taken":0.0}],"is_beta":false,"boss_relics":[{"not_picked":["Velvet Choker","reliquary:WritOfMandamus"],"picked":"Calling Bell"},{"not_picked":["Philosopher\u0027s Stone","hermit:DentedPlate"],"picked":"Busted Crown"}],"items_purged_floors":[],"is_endless":false,"potions_floor_spawned":[3,11,16,18,20,29,31,37],"killed_by":"Time Eater","ascension_level":8}}