{"host":"i9wanet4r0ff4t9y","time":1614251975,"event":{"mods":["2.2 Compatiblity","Act Like it!","BaseMod","Bestiary","Better Altar","Better Match","Better Note","Better Sensory Stone","Better Skull","Better Third Choice","Better Vampires","BetterRewards","CapriCore","Colored Map","Conspire","Curses Come First","Downfall","Energized Spire","Hubris","Minty Spire (QoL Compilation)","Quick Restart","READ ME - Guardian Mod","READ ME - Snecko Mod","Relic Stats","Reliquary","Ruina","Say the Spire","Spicy Shops","StSLib","The Gatherer","Transform Curses","Waifu the Spire"],"gold_per_floor":[112,126,90,110,26,26,26,26,80,96,123,135,151,38,38,142,142,157,157,35,53,70,70,104,104,104,137,153,163,193,209,209,308,308,327,342,11,11,11,11,37,37,82,82,82,97,129,147,147,147],"floor_reached":51,"language":"POL","playtime":1348,"items_purged":[],"score":1092,"play_id":"d23b02bb-3db6-4f80-a947-73b251ec3275","local_time":"20210225121935","is_ascension_mode":false,"campfire_choices":[{"floor":6.0,"key":"REST"},{"floor":15.0,"key":"REST"},{"floor":23.0,"key":"REST"},{"data":"Noxious Fumes","floor":25.0,"key":"SMITH"},{"data":"1","floor":32.0,"key":"LIFT"},{"data":"2","floor":40,"key":"LIFT"},{"floor":42,"key":"REST"},{"data":"Blade Dance","floor":44,"key":"SMITH"},{"data":"3","floor":49,"key":"LIFT"}],"circlet_count":0,"master_deck":["Strike_G","Strike_G","Strike_G+1","Strike_G","Strike_G","Defend_G","Defend_G","Defend_G","Defend_G","Defend_G","Survivor+1","Neutralize","Noxious Fumes","Blade Dance+1","Distraction","Blur","Riddle With Holes","Setup","Blade Dance","Footwork","Blade Dance","Glass Knife","Riddle With Holes","All Out Attack","Sucker Punch","Terror","Masterful Stab","Bane","Caltrops","Quick Slash","Endless Agony","Noxious Fumes+1","Dodge and Roll+1","hubris:Counter+1","Deflect","Dodge and Roll","Flying Knee","Night Terror","Cloak And Dagger+1","Expertise+1","Dodge and Roll","Riddle With Holes","Sucker Punch","Unload","Flying Knee+1","Backflip+1","Slice","Backstab+1","PiercingWail","All Out Attack","Storm of Steel","Envenom","Tools of the Trade","Escape Plan","Quick Slash+1","Deflect+1","Noxious Fumes+1","Dagger Spray+1","Deadly Poison","Chrysalis","CurseOfTheBell","CurseOfTheBell","Blur+1","Acrobatics+1","Dash+1","Noxious Fumes","Parasite","Skewer+1","Underhanded Strike","Terror","Distraction","Riddle With Holes","Sucker Punch","hubris:SlightOfHand+1","Noxious Fumes+1","hubris:Sniper","Flying Knee+1","conspire:DoublingDagger","Expertise"],"relics":["Ring of the Snake","ClockworkSouvenir","reliquary:Sideboard","hubris:Metronome","Oddly Smooth Stone","betterThird:SlimedRelic","Girya","hubris:Icosahedron","reliquary:Knoch","reliquary:Boomerang","energizedSpire:StickyHand","reliquary:RadioactivePellet","reliquary:TatteredRug","reliquary:FingerTrap","Matryoshka","Kunai","Ninja Scroll","reliquary:RosewoodLute","Potion Belt","Philosopher\u0027s Stone","TungstenRod","hubris:Towel","downfall:ExtraCursedBell","The Specimen","conspire:DecoderRing","Toy Ornithopter","conspire:TopHat","hubris:TenFootPole","Question Card","CaptainsWheel"],"acts_visited":["Exordium","TheCity","TheBeyond"],"potions_floor_usage":[36,47,50],"damage_taken":[{"damage":0.0,"enemies":"2 Louse","floor":1.0,"turns":2.0},{"damage":0.0,"enemies":"Small Slimes","floor":2.0,"turns":2.0},{"damage":0.0,"enemies":"Jaw Worm","floor":4.0,"turns":3.0},{"damage":0.0,"enemies":"Blue Slaver","floor":10.0,"turns":2.0},{"damage":0.0,"enemies":"Lagavulin","floor":11.0,"turns":3.0},{"damage":0.0,"enemies":"3 Louse","floor":12.0,"turns":3.0},{"damage":0.0,"enemies":"Exordium Thugs","floor":13.0,"turns":3.0},{"damage":12.0,"enemies":"The Guardian","floor":16.0,"turns":8.0},{"damage":0.0,"enemies":"3 Byrds","floor":18.0,"turns":3.0},{"damage":0.0,"enemies":"Shell Parasite","floor":21.0,"turns":1.0},{"damage":2.0,"enemies":"Chosen and Byrds","floor":22.0,"turns":3.0},{"damage":0.0,"enemies":"conspire:Head Lice","floor":24.0,"turns":3.0},{"damage":0.0,"enemies":"Book of Stabbing","floor":27.0,"turns":2.0},{"damage":0.0,"enemies":"Snecko","floor":28.0,"turns":1.0},{"damage":0.0,"enemies":"Cultist and Chosen","floor":29.0,"turns":1.0},{"damage":0.0,"enemies":"conspire:SneckoGhost","floor":30.0,"turns":2.0},{"damage":0.0,"enemies":"Centurion and Healer","floor":31.0,"turns":1.0},{"damage":0.0,"enemies":"Automaton","floor":33.0,"turns":2.0},{"damage":0.0,"enemies":"Orb Walker","floor":35.0,"turns":2.0},{"damage":10,"enemies":"3 Darklings","floor":36,"turns":4},{"damage":11,"enemies":"Giant Head","floor":41,"turns":6},{"damage":0,"enemies":"Writhing Mass","floor":46,"turns":3},{"damage":0,"enemies":"Reptomancer","floor":47,"turns":2},{"damage":0,"enemies":"Spire Growth","floor":48,"turns":1},{"damage":30,"enemies":"Time Eater","floor":50,"turns":8}],"seed_played":"-3187825534091439174","potions_obtained":[{"floor":11.0,"key":"ColorlessPotion"},{"floor":12.0,"key":"EssenceOfSteel"},{"floor":22.0,"key":"Fire Potion"},{"floor":29.0,"key":"EntropicBrew"},{"floor":30.0,"key":"Fire Potion"},{"floor":31.0,"key":"Fire Potion"},{"floor":47,"key":"Guardian:BlockOnCardUsePotion"}],"is_trial":false,"path_per_floor":["M","M","?","M","$","R","?","?","T","M","E","M","M","$","R","B",null,"M","?","$","M","M","R","E","R","T","E","M","M","E","M","R","B",null,"M","M","$","?","?","R","E","R","T","R","?","M","E","M","R","B",null],"character_chosen":"THE_SILENT","items_purchased":["Noxious Fumes","Blade Dance","ClockworkSouvenir","reliquary:Sideboard","hubris:Metronome","Oddly Smooth Stone","Distraction","Girya","Blade Dance","Footwork","reliquary:FingerTrap","Caltrops","Chrysalis","TungstenRod"],"campfire_rested":4,"item_purchase_floors":[0,0,0,0,0,0,0,5,14,14,20,20,37,37],"current_hp_per_floor":[38,38,27,27,27,48,48,34,34,34,34,34,34,34,55,43,70,70,39,39,39,37,58,58,58,58,58,58,58,58,58,58,58,70,70,60,60,60,60,60,49,70,70,70,70,70,70,70,70,60],"gold":147,"neow_bonus":"","is_daily":false,"chose_seed":false,"campfire_upgraded":2,"win_rate":0.0,"timestamp":1614251975,"path_taken":["M","M","?","M","$","R","?","?","T","M","E","M","M","?","R","BOSS","M","?","?","M","?","R","E","R","T","E","?","M","E","M","R","BOSS","M","M","$","?","?","R","E","R","T","R","?","?","E","M","R","BOSS"],"items_purchased_type":["Card","Card","Relic","Relic","Relic","Relic","Card","Relic","Card","Card","Relic","Card","Card","Relic"],"build_version":"2020-12-22","purchased_purges":0,"victory":true,"max_hp_per_floor":[70,70,70,70,70,70,70,70,70,70,70,70,70,70,70,70,70,70,70,70,70,70,70,70,70,70,70,70,70,70,70,70,70,70,70,70,70,70,70,70,70,70,70,70,70,70,70,70,70,70],"relic_stats":{"counters":[25,71],"Kunai":[42],"Question Card":7,"obtain_stats":[{"hubris:Metronome":0,"reliquary:Boomerang":11,"conspire:TopHat":41,"ClockworkSouvenir":0,"hubris:Icosahedron":7,"Matryoshka":24,"Ninja Scroll":26,"conspire:DecoderRing":39,"Philosopher\u0027s Stone":34,"reliquary:RadioactivePellet":19,"reliquary:FingerTrap":20,"Kunai":26,"downfall:ExtraCursedBell":39,"Ring of the Snake":0,"Potion Belt":30,"Girya":5,"The Specimen":39,"reliquary:Sideboard":0,"Oddly Smooth Stone":0,"reliquary:TatteredRug":19,"energizedSpire:StickyHand":17,"reliquary:RosewoodLute":27,"hubris:Towel":38,"Question Card":43,"CaptainsWheel":47,"betterThird:SlimedRelic":3,"hubris:TenFootPole":43,"reliquary:Knoch":9,"TungstenRod":37,"Toy Ornithopter":39},{"hubris:Metronome":0,"reliquary:Boomerang":5,"conspire:TopHat":21,"ClockworkSouvenir":0,"hubris:Icosahedron":3,"Matryoshka":12,"Ninja Scroll":12,"conspire:DecoderRing":20,"Philosopher\u0027s Stone":18,"reliquary:RadioactivePellet":9,"reliquary:FingerTrap":9,"Kunai":12,"downfall:ExtraCursedBell":20,"Ring of the Snake":0,"Potion Belt":16,"Girya":3,"The Specimen":20,"reliquary:Sideboard":0,"Oddly Smooth Stone":0,"reliquary:TatteredRug":9,"energizedSpire:StickyHand":8,"reliquary:RosewoodLute":13,"hubris:Towel":20,"Question Card":21,"CaptainsWheel":23,"betterThird:SlimedRelic":2,"hubris:TenFootPole":21,"reliquary:Knoch":3,"TungstenRod":20,"Toy Ornithopter":20},{"hubris:Metronome":0,"reliquary:Boomerang":12,"conspire:TopHat":57,"ClockworkSouvenir":0,"hubris:Icosahedron":7,"Matryoshka":36,"Ninja Scroll":36,"conspire:DecoderRing":51,"Philosopher\u0027s Stone":45,"reliquary:RadioactivePellet":29,"reliquary:FingerTrap":29,"Kunai":36,"downfall:ExtraCursedBell":51,"Ring of the Snake":0,"Potion Belt":42,"Girya":7,"The Specimen":51,"reliquary:Sideboard":0,"Oddly Smooth Stone":0,"reliquary:TatteredRug":29,"energizedSpire:StickyHand":26,"reliquary:RosewoodLute":38,"hubris:Towel":51,"Question Card":57,"CaptainsWheel":62,"betterThird:SlimedRelic":4,"hubris:TenFootPole":57,"reliquary:Knoch":7,"TungstenRod":51,"Toy Ornithopter":51}],"TungstenRod":3,"Toy Ornithopter":5,"Ring of the Snake":[48]},"card_choices":[{"not_picked":["Quick Slash","Prepared"],"picked":"Riddle With Holes","floor":1.0},{"not_picked":["Deflect","Skewer"],"picked":"Blur","floor":2.0},{"not_picked":["hubris:SlightOfHand","Prepared"],"picked":"Setup","floor":4.0},{"not_picked":["Outmaneuver","Setup"],"picked":"Sucker Punch","floor":10.0},{"not_picked":["Concentrate","Predator"],"picked":"All Out Attack","floor":11.0},{"not_picked":["Dodge and Roll","Concentrate"],"picked":"Riddle With Holes","floor":12.0},{"not_picked":["Choke","Accuracy"],"picked":"Blade Dance","floor":13.0},{"not_picked":["Wraith Form v2","Bullet Time"],"picked":"Glass Knife","floor":16.0},{"not_picked":["Masterful Stab","Bane"],"picked":"Terror","floor":18.0},{"not_picked":["Quick Slash","Endless Agony"],"picked":"Noxious Fumes","floor":21.0},{"not_picked":["Dodge and Roll+1","Deflect"],"picked":"hubris:Counter+1","floor":22.0},{"not_picked":["Dodge and Roll","Night Terror"],"picked":"Flying Knee","floor":24.0},{"not_picked":["Expertise+1","Dodge and Roll"],"picked":"Cloak And Dagger+1","floor":27.0},{"not_picked":["Deflect","Escape Plan","Deadly Poison+1"],"picked":"SKIP","floor":28.0},{"not_picked":["Sucker Punch","Unload"],"picked":"Riddle With Holes","floor":29.0},{"not_picked":["Flying Knee+1","Slice"],"picked":"Backflip+1","floor":30.0},{"not_picked":["PiercingWail","All Out Attack"],"picked":"Backstab+1","floor":31.0},{"not_picked":["Storm of Steel","Tools of the Trade"],"picked":"Envenom","floor":33.0},{"not_picked":["Escape Plan","Deflect+1"],"picked":"Quick Slash+1","floor":35.0},{"not_picked":["Dagger Spray+1","Deadly Poison"],"picked":"Noxious Fumes+1","floor":36},{"not_picked":["Blur+1","Acrobatics+1"],"picked":"Dash+1","floor":41},{"not_picked":["Skewer+1","Underhanded Strike","Distraction"],"picked":"Terror","floor":46},{"not_picked":["Riddle With Holes","Sucker Punch","hubris:SlightOfHand+1"],"picked":"Noxious Fumes+1","floor":47},{"not_picked":["hubris:Sniper","Flying Knee+1","Expertise"],"picked":"conspire:DoublingDagger","floor":48}],"player_experience":486568,"relics_obtained":[{"floor":9.0,"key":"reliquary:Knoch"},{"floor":11.0,"key":"reliquary:Boomerang"},{"floor":24.0,"key":"Matryoshka"},{"floor":26.0,"key":"Kunai"},{"floor":26.0,"key":"Ninja Scroll"},{"floor":27.0,"key":"reliquary:RosewoodLute"},{"floor":30.0,"key":"Potion Belt"},{"floor":39,"key":"The Specimen"},{"floor":39,"key":"conspire:DecoderRing"},{"floor":39,"key":"Toy Ornithopter"},{"floor":41,"key":"conspire:TopHat"},{"floor":43,"key":"hubris:TenFootPole"},{"floor":43,"key":"Question Card"},{"floor":47,"key":"CaptainsWheel"}],"event_choices":[{"damage_healed":0.0,"max_hp_gain":0.0,"max_hp_loss":0.0,"gold_gain":0.0,"event_name":"betterThird:BetterGoop","player_choice":"Slimed","floor":3.0,"gold_loss":36.0,"damage_taken":11.0},{"damage_healed":48.0,"max_hp_gain":0.0,"max_hp_loss":70.0,"gold_gain":0.0,"event_name":"betterThird:BetterShining","player_choice":"Upgrade","floor":8.0,"gold_loss":0.0,"damage_taken":14.0,"cards_upgraded":["Strike_G","Survivor"]},{"damage_healed":0.0,"max_hp_gain":0.0,"max_hp_loss":0.0,"gold_gain":0.0,"event_name":"betterSkull:BetterSkull","player_choice":"RE RE ","floor":19.0,"gold_loss":0.0,"damage_taken":35.0,"cards_upgraded":[],"relics_obtained":["reliquary:RadioactivePellet","reliquary:TatteredRug"]}],"is_beta":false,"boss_relics":[{"not_picked":["reliquary:Craggleroot","HoveringKite"],"picked":"energizedSpire:StickyHand"},{"not_picked":["SacredBark","energizedSpire:OgreHead"],"picked":"Philosopher\u0027s Stone"}],"items_purged_floors":[],"is_endless":false,"potions_floor_spawned":[11,12,22,28,29,30,31,36,46,47,48],"ascension_level":0}}