{"host":"bvp2uifzy1c463d9","time":1614213789,"event":{"mods":["AchievementEnabler","BaseMod","Better Note","Block Reminder","Bossed Relics","Colored Map","Colored Powertips","Highlight Path","Hubris","Infinite Spire","Minty Spire (QoL Compilation)","Relic Sorter","Relic Stats","Reliquary","Replay The Spire","StSLib","The Blue Laboratory","Wandering Minibosses"],"gold_per_floor":[114,114,114,124,139,173,173,203,203,238,238,258,258,270,270,366,366,376,387,387,387,387,387,417,417,417,451,462,462,482,482,482,584,584,601,351,251,268,268,268,295,295,344,344,344,344,357,388,399,424,424,424],"floor_reached":53,"language":"ENG","playtime":3695,"items_purged":["Strike_G","Strike_G","Strike_G","Defend_G"],"score":1276,"play_id":"6877403b-e2b9-4fe0-8d18-1f01d690583b","local_time":"20210224184309","is_ascension_mode":true,"campfire_choices":[{"data":"infinitespire:Execution","floor":11,"key":"SMITH"},{"floor":13,"key":"REST"},{"data":"ReplayTheSpireMod:Scrap Shanks","floor":15,"key":"SMITH"},{"data":"Malaise","floor":23,"key":"SMITH"},{"data":"hubris:SlightOfHand","floor":25,"key":"SMITH"},{"floor":29,"key":"REST"},{"data":"infinitespire:Collect","floor":40,"key":"SMITH"},{"data":"infinitespire:SevenWalls","floor":44,"key":"SMITH"},{"data":"Burst","floor":51,"key":"SMITH"}],"circlet_count":0,"master_deck":["Defend_G","Defend_G","Defend_G","Defend_G","Survivor","Neutralize","Dagger Throw","infinitespire:Execution+1","Deflect+1","Backflip","Reflex","Malaise+1","Deflect+1","Backflip","hubris:SlightOfHand+1","ReplayTheSpireMod:Scrap Shanks+1","A Thousand Cuts","Blade Dance+1","Poison Darts","Leg Sweep+1","ReplayTheSpireMod:Exploit Weakness","ReplayTheSpireMod:Speed Training","Heel Hook","Acrobatics","infinitespire:Fortify","Envenom","Prepared","Footwork","Unload","Slice","infinitespire:Collect+1","infinitespire:SevenWalls+1","Burst+1","Deflect+1","Outmaneuver","Cloak And Dagger"],"relics":["Ring of the Snake","NeowsBlessing","hubris:PeanutButter","infinitespire:PuzzleCube","reliquary:KillPill","hubris:Spice","infinitespire:Satchel","SlaversCollar","hubris:CrystalStatue","Replay:Wax Seal","Unceasing Top","Philosopher\u0027s Stone","BargainBundle","Replay:Bottled Eggs","reliquary:Aerogel","infinitespire:Lychee Nut"],"acts_visited":["Exordium","TheCity","TheBeyond"],"potions_floor_usage":[10,18,24,24],"damage_taken":[{"damage":0,"enemies":"Jaw Worm","floor":1,"turns":1},{"damage":0,"enemies":"Cultist","floor":4,"turns":1},{"damage":0,"enemies":"2 Louse","floor":5,"turns":1},{"damage":0,"enemies":"Lagavulin","floor":6,"turns":7},{"damage":19,"enemies":"Gremlin Nob","floor":8,"turns":5},{"damage":24,"enemies":"3 Sentries","floor":10,"turns":15},{"damage":0,"enemies":"Lots of Slimes","floor":12,"turns":11},{"damage":0,"enemies":"Blue Slaver","floor":14,"turns":4},{"damage":0,"enemies":"Hexaghost","floor":16,"turns":8},{"damage":15,"enemies":"3 Byrds","floor":18,"turns":9},{"damage":0,"enemies":"Chosen","floor":19,"turns":5},{"damage":23,"enemies":"Slavers","floor":24,"turns":6},{"damage":29,"enemies":"Gremlin Leader","floor":27,"turns":6},{"damage":1,"enemies":"Sentry and Sphere","floor":28,"turns":6},{"damage":11,"enemies":"Cultist and Chosen","floor":30,"turns":6},{"damage":2,"enemies":"Champ","floor":33,"turns":7},{"damage":0,"enemies":"3 Shapes","floor":35,"turns":5},{"damage":22,"enemies":"3 Darklings","floor":38,"turns":7},{"damage":0,"enemies":"Nemesis","floor":41,"turns":3},{"damage":4,"enemies":"Transient","floor":47,"turns":5},{"damage":0,"enemies":"Giant Head","floor":48,"turns":4},{"damage":0,"enemies":"Sphere and 2 Shapes","floor":49,"turns":8},{"damage":0,"enemies":"Nemesis","floor":50,"turns":5},{"damage":0,"enemies":"Donu and Deca","floor":52,"turns":9}],"seed_played":"3629789964718558629","potions_obtained":[{"floor":4,"key":"Doom Potion"},{"floor":6,"key":"Languid Potion"},{"floor":10,"key":"blueLaboratory:ArtistsPotion"},{"floor":16,"key":"blueLaboratory:FrostheartPotion"},{"floor":18,"key":"Explosive Potion"},{"floor":19,"key":"Elixir"},{"floor":27,"key":"Reflective Coating"},{"floor":28,"key":"blueLaboratory:NullPotion"},{"floor":30,"key":"FairyPotion"},{"floor":47,"key":"blueLaboratory:FrostheartPotion"}],"is_trial":false,"path_per_floor":["M","?","T","M","M","E","?","E","T","E","R","M","R","M","R","B",null,"M","M","?","T","?","R","E","R","T","E","M","R","M","AVR","R_BF","B",null,"M","$","$","M","AVR","R","E","T","T","R","PTL","PTL","M","E","M","E","R","B",null],"character_chosen":"THE_SILENT","items_purchased":["Footwork","Unload"],"campfire_rested":2,"item_purchase_floors":[36,36],"current_hp_per_floor":[70,53,53,53,53,53,53,34,42,18,18,18,41,41,41,41,69,54,54,54,54,54,54,39,39,39,10,9,34,23,23,46,44,70,70,70,70,48,48,48,48,48,48,48,48,48,44,44,44,44,44,46],"gold":424,"neow_bonus":"THREE_ENEMY_KILL","is_daily":false,"chose_seed":false,"campfire_upgraded":7,"win_rate":0.0,"timestamp":1614213789,"path_taken":["M","?","?","M","?","E","?","E","T","E","R","?","R","M","R","BOSS","M","M","?","?","?","R","E","R","T","E","M","R","M","AVR","R_BF","BOSS","M","?","$","?","AVR","R","E","?","T","R","PTL","PTL","M","E","M","E","R","BOSS"],"items_purchased_type":["Card","Card"],"build_version":"2020-12-22","purchased_purges":4,"victory":true,"max_hp_per_floor":[70,70,70,70,70,70,70,70,78,78,78,78,78,78,78,78,78,78,78,78,78,78,78,86,86,86,86,86,86,86,78,78,78,78,78,78,78,78,78,78,78,70,70,70,70,70,70,62,62,46,46,46],"relic_stats":{"counters":[24,144],"obtain_stats":[{"BargainBundle":39,"hubris:CrystalStatue":26,"NeowsBlessing":0,"reliquary:Aerogel":43,"reliquary:KillPill":8,"SlaversCollar":17,"hubris:Spice":9,"infinitespire:Lychee Nut":50,"infinitespire:Satchel":10,"hubris:PeanutButter":3,"Philosopher\u0027s Stone":34,"Replay:Wax Seal":27,"Replay:Bottled Eggs":41,"infinitespire:PuzzleCube":6,"Unceasing Top":31,"Ring of the Snake":0},{"BargainBundle":18,"hubris:CrystalStatue":12,"NeowsBlessing":0,"reliquary:Aerogel":19,"reliquary:KillPill":5,"SlaversCollar":9,"hubris:Spice":5,"infinitespire:Lychee Nut":23,"infinitespire:Satchel":6,"hubris:PeanutButter":1,"Philosopher\u0027s Stone":16,"Replay:Wax Seal":13,"Replay:Bottled Eggs":19,"infinitespire:PuzzleCube":4,"Unceasing Top":15,"Ring of the Snake":0},{"BargainBundle":110,"hubris:CrystalStatue":73,"NeowsBlessing":0,"reliquary:Aerogel":113,"reliquary:KillPill":15,"SlaversCollar":53,"hubris:Spice":15,"infinitespire:Lychee Nut":135,"infinitespire:Satchel":30,"hubris:PeanutButter":1,"Philosopher\u0027s Stone":98,"Replay:Wax Seal":79,"Replay:Bottled Eggs":113,"infinitespire:PuzzleCube":10,"Unceasing Top":91,"Ring of the Snake":0}],"Unceasing Top":[15],"Ring of the Snake":[48]},"card_choices":[{"not_picked":["Slice","Concentrate"],"picked":"Dagger Throw","floor":1},{"not_picked":["Replay:Fractal Strike","infinitespire:Fortify"],"picked":"infinitespire:Execution","floor":2},{"not_picked":["Sucker Punch","Acrobatics"],"picked":"Deflect","floor":4},{"not_picked":["Hidden Blade","Dagger Throw"],"picked":"Backflip","floor":5},{"not_picked":["hubris:SlightOfHand","Glass Knife"],"picked":"Reflex","floor":6},{"not_picked":["Dagger Throw","Blade Dance"],"picked":"Deflect","floor":8},{"not_picked":["Accuracy","Bane"],"picked":"Backflip","floor":10},{"not_picked":["Dagger Spray","Acrobatics"],"picked":"hubris:SlightOfHand","floor":12},{"not_picked":["Deadly Poison","Acrobatics"],"picked":"ReplayTheSpireMod:Scrap Shanks","floor":14},{"not_picked":["ReplayTheSpireMod:Necrosis","Adrenaline"],"picked":"A Thousand Cuts","floor":16},{"not_picked":["Poisoned Stab","Dodge and Roll"],"picked":"Blade Dance+1","floor":18},{"not_picked":["Deadly Poison+1","ReplayTheSpireMod:The Works"],"picked":"Poison Darts","floor":19},{"not_picked":["ReplayTheSpireMod:Scrap Shanks+1","Deflect"],"picked":"ReplayTheSpireMod:Exploit Weakness","floor":24},{"not_picked":["Blade Dance","Endless Agony+1"],"picked":"ReplayTheSpireMod:Speed Training","floor":27},{"not_picked":["Quick Slash","Blade Dance"],"picked":"Heel Hook","floor":28},{"not_picked":["Blade Dance","PiercingWail"],"picked":"Acrobatics","floor":30},{"not_picked":["Poison Darts","Burst"],"picked":"Envenom","floor":33},{"not_picked":["Dodge and Roll","Dagger Throw"],"picked":"Prepared","floor":35},{"not_picked":["Sucker Punch","Masterful Stab+1"],"picked":"Slice","floor":38},{"not_picked":["Dodge and Roll+1","ReplayTheSpireMod:Tripwire","Bane"],"picked":"SKIP","floor":41},{"not_picked":["Outmaneuver","Escape Plan"],"picked":"Burst","floor":47},{"not_picked":["Dash+1","Sucker Punch"],"picked":"Deflect","floor":48},{"not_picked":["hubris:SlightOfHand","Prepared"],"picked":"Outmaneuver","floor":49},{"not_picked":["Replay:Poison Smokescreen","PiercingWail+1"],"picked":"Cloak And Dagger","floor":50}],"player_experience":280864,"relics_obtained":[{"floor":3,"key":"hubris:PeanutButter"},{"floor":6,"key":"infinitespire:PuzzleCube"},{"floor":8,"key":"reliquary:KillPill"},{"floor":9,"key":"hubris:Spice"},{"floor":10,"key":"infinitespire:Satchel"},{"floor":24,"key":"hubris:Spice"},{"floor":26,"key":"hubris:CrystalStatue"},{"floor":27,"key":"Replay:Wax Seal"},{"floor":41,"key":"Replay:Bottled Eggs"},{"floor":42,"key":"hubris:Spice"},{"floor":43,"key":"reliquary:Aerogel"},{"floor":48,"key":"hubris:Spice"},{"floor":50,"key":"infinitespire:Lychee Nut"}],"event_choices":[{"damage_healed":0,"gold_gain":0,"cards_transformed":["Strike_G"],"player_choice":"Transformed","damage_taken":0,"max_hp_gain":0,"max_hp_loss":0,"event_name":"Transmorgrifier","floor":7,"gold_loss":0,"cards_obtained":["Malaise"]},{"cards_removed":["Strike_G"],"damage_healed":0,"gold_gain":0,"player_choice":"Purged","damage_taken":0,"max_hp_gain":0,"max_hp_loss":0,"event_name":"Purifier","floor":22,"gold_loss":0}],"is_beta":false,"boss_relics":[{"not_picked":["Runic Pyramid","Runic Dome"],"picked":"SlaversCollar"},{"not_picked":["Replay:Grab Bag","Painkiller Herb"],"picked":"Philosopher\u0027s Stone"}],"items_purged_floors":[31,36,37,39],"is_endless":false,"potions_floor_spawned":[4,6,10,16,18,19,27,28,30,47,48],"ascension_level":5}}