{"host":"z4s4qib7mdvdkfud","time":1614211807,"event":{"mods":["BaseMod","Colored Map","Colored Powertips","Curses Come First","DeckTracker","Downfall","Highlight Path","Minty Spire (QoL Compilation)","Permanent Neow","Replay The Spire","StSLib","Wide Potions"],"gold_per_floor":[99,158,177,192,192,92,92,136,153,178,15,15,15,33,43,138,138,138,156,311,324,324,13,39,50,50,50,79,79,79,91,102,200,200,0,0,0,15,15,35,35,35,70,89,89,103,153,153,166,166,166,197,19,19,19,19,19,19],"floor_reached":56,"language":"ENG","playtime":5845,"items_purged":["Writhe"],"score":772,"play_id":"c7a6bc63-a856-4f29-90b7-f7509d719875","local_time":"20210225111007","is_ascension_mode":false,"campfire_choices":[{"floor":1,"key":"RECALL"},{"data":"Languid","floor":13,"key":"PURGE"},{"data":"sneckomod:SoulCleanse","floor":29,"key":"SMITH"},{"data":"sneckomod:SerpentIdol","floor":35,"key":"SMITH"},{"data":"hexamod:RainOfEmbers","floor":45,"key":"SMITH"},{"data":"sneckomod:MasterEye","floor":54,"key":"SMITH"},{"data":"sneckomod:MasterEye","floor":54,"key":"SMITH"}],"circlet_count":0,"master_deck":["sneckomod:Defend","sneckomod:Defend","sneckomod:TailWhip","sneckomod:Unknown","sneckomod:SerpentIdol+1","sneckomod:UnknownCommonAttack","sneckomod:UnknownDraw","sneckomod:UnknownUncommonAttack","sneckomod:UnknownDraw","Riddle With Holes+1","sneckomod:Unknown3Cost","sneckomod:SerpentIdol+1","sneckomod:QuickMove+1","sneckomod:Mudshield+1","sneckomod:UnknownBlock","sneckomod:Unknown2Cost","hexamod:FirstSeal","sneckomod:UnknownBoss+1","sneckomod:UnendingSupply+1","sneckomod:QuickBite","sneckomod:CheapStock","sneckomod:CheapStock","sneckomod:QuickBite","sneckomod:DiceBlock","sneckomod:SnakeSap","sneckomod:QuickBite","sneckomod:SoulRoll","hexamod:RainOfEmbers+1","sneckomod:SoulCleanse+1","sneckomod:SnakeSap+1","sneckomod:SoulCleanse+1","sneckomod:Mudshield","sneckomod:UnknownDraw+1","sneckomod:DiceBlock","sneckomod:SoulRoll","sneckomod:Unknown1Cost+1","hexamod:SixthSeal","sneckomod:Unknown0Cost+1","sneckomod:RainOfDice","sneckomod:SoulDraw","sneckomod:MasterEye+1","sneckomod:MasterEye+1","sneckomod:SoulRoll","sneckomod:SnakeSap","sneckomod:UnknownWeak"],"relics":["sneckomod:SneckoSoul","Unceasing Top","HornCleat","downfall:HeartBlessingRed","Peace Pipe","White Beast Statue","Replay:Drink Me","Juzu Bracelet","Chemical X","downfall:RedIOU","Omamori","Calling Bell","Bronze Scales","Snack Pack","Thread and Needle","downfall:HeartBlessingBlue","downfall:HeartBlessingGreen","Eternal Feather","Toy Ornithopter","Replay:PocketPolymizer","Replay:Arrowhead"],"acts_visited":["Exordium","TheCity","TheBeyond","TheEnding"],"potions_floor_usage":[11,16,16,20,44,50,52,52,56,56,56],"damage_taken":[{"damage":0,"enemies":"Small Slimes","floor":3,"turns":3},{"damage":10,"enemies":"2 Louse","floor":4,"turns":4},{"damage":0,"enemies":"Cultist","floor":8,"turns":3},{"damage":9,"enemies":"2 Fungi Beasts","floor":9,"turns":3},{"damage":2,"enemies":"Gremlin Nob","floor":10,"turns":3},{"damage":0,"enemies":"downfall:FleeingMerchant","floor":11,"turns":4},{"damage":7,"enemies":"Exordium Thugs","floor":14,"turns":3},{"damage":11,"enemies":"3 Louse","floor":15,"turns":3},{"damage":9,"enemies":"SI_SHIV_ARCHETYPE","floor":16,"turns":6},{"damage":18,"enemies":"Chosen","floor":19,"turns":5},{"damage":7,"enemies":"downfall:FleeingMerchant","floor":20,"turns":4},{"damage":2,"enemies":"Spheric Guardian","floor":21,"turns":5},{"damage":0,"enemies":"Snecko","floor":25,"turns":5},{"damage":0,"enemies":"Replay:Snechameleon","floor":28,"turns":4},{"damage":14,"enemies":"Shelled Parasite and Fungi","floor":31,"turns":6},{"damage":0,"enemies":"Centurion and Healer","floor":32,"turns":4},{"damage":6,"enemies":"DF_ARCHETYPE_CLAW","floor":33,"turns":8},{"damage":5,"enemies":"3 Shapes","floor":38,"turns":6},{"damage":0,"enemies":"Orb Walker","floor":40,"turns":2},{"damage":16,"enemies":"Reptomancer","floor":43,"turns":5},{"damage":2,"enemies":"Transient","floor":44,"turns":6},{"damage":15,"enemies":"3 Darklings","floor":46,"turns":3},{"damage":0,"enemies":"3 Darklings","floor":47,"turns":5},{"damage":0,"enemies":"Maw","floor":49,"turns":5},{"damage":49,"enemies":"WA_ARCHETYPE_DIVINITY","floor":50,"turns":12},{"damage":50,"enemies":"downfall:CharBossMerchant","floor":52,"turns":7},{"damage":18,"enemies":"downfall:NeowBoss","floor":55,"turns":19},{"damage":102,"enemies":"downfall:NeowBossFinal","floor":56,"turns":12}],"seed_played":"-1663555207349752074","potions_obtained":[{"floor":3,"key":"SteroidPotion"},{"floor":9,"key":"Energy Potion"},{"floor":11,"key":"Guardian:BlockOnCardUsePotion"},{"floor":14,"key":"Reflective Coating"},{"floor":15,"key":"Strength Potion"},{"floor":16,"key":"Milkshake"},{"floor":19,"key":"sneckomod:OffclassReductionPotion"},{"floor":20,"key":"sneckomod:OffclassReductionPotion"},{"floor":21,"key":"PowerPotion"},{"floor":25,"key":"Toxic Potion"},{"floor":31,"key":"Regen Potion"},{"floor":43,"key":"LiquidMemories"},{"floor":44,"key":"EntropicBrew"},{"floor":46,"key":"Cursed Concoction"},{"floor":47,"key":"SneckoOil"},{"floor":49,"key":"sneckomod:DiceRollPotion"},{"floor":52,"key":"FearPotion"}],"is_trial":false,"path_per_floor":["R","?","M","M","?","R","T","M","M","E","$","?","R","M","M","B",null,"R_BF","M","$","M","T","$","T","M","?","R","E","R","$","M","M","B",null,"R","?","?","M","$","M","T","$","E","M","R","M","?","?","M","B",null,"E","$","R","B","B"],"character_chosen":"THE_SNECKO","items_purchased":["sneckomod:Mudshield","sneckomod:QuickBite","sneckomod:CheapStock","Chemical X","sneckomod:DiceBlock","sneckomod:SnakeSap","sneckomod:QuickBite","sneckomod:MasterEye","sneckomod:SoulRoll","sneckomod:SnakeSap"],"campfire_rested":0,"item_purchase_floors":[11,20,20,23,23,23,23,53,53,53],"current_hp_per_floor":[90,54,54,44,44,44,44,44,35,33,33,33,33,26,15,6,68,68,57,50,48,48,48,48,55,55,55,55,55,55,48,48,42,68,78,78,78,78,78,78,78,78,77,76,78,65,71,71,77,31,78,32,32,59,78,0,0,0],"gold":19,"neow_bonus":"ONE_RARE_RELIC","is_daily":false,"chose_seed":false,"campfire_upgraded":5,"win_rate":0.0,"timestamp":1614211807,"path_taken":["R","?","?","M","?","R","T","M","M","E","?","?","R","M","M","BOSS","R_BF","M","$","M","?","?","T","M","?","R","E","R","$","M","M","BOSS","R","?","?","M","?","M","T","$","E","M","R","M","?","?","M","BOSS","E","$","R","BOSS","BOSS"],"items_purchased_type":["Card","Card","Card","Relic","Card","Card","Card","Card","Card","Card"],"build_version":"2020-12-22","purchased_purges":1,"victory":false,"max_hp_per_floor":[90,90,90,90,90,90,90,90,90,90,90,90,90,90,90,90,68,68,68,68,68,68,68,68,68,68,68,68,68,68,68,68,68,68,78,78,78,78,78,78,78,78,78,78,78,78,78,78,78,78,78,78,78,78,78,78,78,78],"card_choices":[{"not_picked":["sneckomod:SoulRoll","sneckomod:ImprovisedGuard"],"picked":"sneckomod:SerpentIdol","floor":2},{"not_picked":["sneckomod:PureSnecko","sneckomod:UnknownCommonSkill"],"picked":"sneckomod:UnknownCommonAttack","floor":2},{"not_picked":["sneckomod:SoulRoll","sneckomod:ImprovisedAttack"],"picked":"sneckomod:UnknownDraw","floor":3},{"not_picked":["sneckomod:DefensiveFlair","sneckomod:UnknownCommonSkill"],"picked":"sneckomod:UnknownUncommonAttack","floor":4},{"not_picked":["sneckomod:Nope","sneckomod:RainOfDice"],"picked":"sneckomod:Unknown3Cost","floor":8},{"not_picked":["sneckomod:CheapStock","sneckomod:Unknown1Cost"],"picked":"sneckomod:SerpentIdol","floor":9},{"not_picked":["sneckomod:SoulExchange","sneckomod:UnknownCommonAttack"],"picked":"sneckomod:QuickMove","floor":10},{"not_picked":["sneckomod:SoulRoll","sneckomod:RainOfDice"],"picked":"sneckomod:UnknownVulnerable","floor":11},{"not_picked":["sneckomod:UnknownWeak","sneckomod:UnknownDraw"],"picked":"sneckomod:UnknownBlock","floor":14},{"not_picked":["sneckomod:UnknownX","sneckomod:UnknownUncommonSkill"],"picked":"sneckomod:Unknown2Cost","floor":15},{"not_picked":["hexamod:ThirdSeal","hexamod:SixthSeal"],"picked":"hexamod:FirstSeal","floor":15},{"not_picked":["sneckomod:DangerNoodle","sneckomod:SoulExchange"],"picked":"sneckomod:UnknownBoss","floor":16},{"not_picked":["sneckomod:DiceCrush+1","sneckomod:UnknownDraw"],"picked":"sneckomod:TrashToTreasure","floor":19},{"not_picked":["sneckomod:UnknownUncommonSkill","sneckomod:Memorize"],"picked":"sneckomod:UnendingSupply","floor":20},{"not_picked":["sneckomod:SoulDraw","sneckomod:UnknownClassHEXA_GHOST_PURPLE+1"],"picked":"sneckomod:QuickBite","floor":21},{"not_picked":["sneckomod:RainOfDice","sneckomod:Cheat"],"picked":"sneckomod:SoulRoll","floor":25},{"not_picked":["sneckomod:QuickBite+1","sneckomod:DiceCrush"],"picked":"sneckomod:SoulCleanse","floor":28},{"not_picked":["sneckomod:SnekBeam","sneckomod:UnknownClassGREEN"],"picked":"sneckomod:SnakeSap+1","floor":31},{"not_picked":["sneckomod:UnendingSupply","sneckomod:DiceBlock"],"picked":"sneckomod:SoulCleanse+1","floor":32},{"not_picked":["sneckomod:SoulExchange","sneckomod:Cheat"],"picked":"sneckomod:Mudshield","floor":33},{"not_picked":["sneckomod:QuickMove+1","sneckomod:DiceCrush+1"],"picked":"sneckomod:UnknownDraw+1","floor":38},{"not_picked":["sneckomod:Unknown0Cost","sneckomod:QuickBite+1"],"picked":"sneckomod:DiceBlock","floor":40},{"not_picked":["sneckomod:WideSting","sneckomod:Cheat"],"picked":"sneckomod:SoulRoll","floor":43},{"not_picked":["sneckomod:Unknown2Cost","sneckomod:CheapStock"],"picked":"sneckomod:Unknown1Cost+1","floor":44},{"not_picked":["hexamod:FirstSeal","hexamod:SecondSeal"],"picked":"hexamod:SixthSeal","floor":46},{"not_picked":["sneckomod:UnknownCommonAttack+1","sneckomod:CheapStock","sneckomod:UnknownBlock"],"picked":"SKIP","floor":46},{"not_picked":["sneckomod:TrashToTreasure+1","sneckomod:DiceBoulder"],"picked":"sneckomod:Unknown0Cost+1","floor":47},{"not_picked":["sneckomod:UnknownWeak","sneckomod:SoulRoll","sneckomod:DiceBlock"],"picked":"SKIP","floor":49},{"not_picked":["sneckomod:RainOfDice","sneckomod:IronFang+1"],"picked":"sneckomod:SoulDraw","floor":52}],"player_experience":77282,"relics_obtained":[{"floor":2,"key":"HornCleat"},{"floor":7,"key":"Peace Pipe"},{"floor":10,"key":"White Beast Statue"},{"floor":24,"key":"ReplayTheSpireMod:Lightbulb"},{"floor":28,"key":"Omamori"},{"floor":34,"key":"Bronze Scales"},{"floor":34,"key":"Snack Pack"},{"floor":34,"key":"Thread and Needle"},{"floor":41,"key":"Eternal Feather"},{"floor":43,"key":"Toy Ornithopter"},{"floor":47,"key":"Replay:PocketPolymizer"},{"floor":52,"key":"Replay:Arrowhead"}],"event_choices":[{"cards_removed":["sneckomod:SnekBite"],"damage_healed":0,"gold_gain":0,"player_choice":"Removed Attack","damage_taken":0,"max_hp_gain":0,"max_hp_loss":0,"event_name":"Falling","floor":36,"gold_loss":0}],"is_beta":false,"boss_relics":[{"not_picked":["Pandora\u0027s Box","Tiny House"],"picked":"Replay:Drink Me"},{"not_picked":["Honey Jar","sneckomod:SuperSneckoSoul"],"picked":"Calling Bell"}],"items_purged_floors":[20],"is_endless":false,"potions_floor_spawned":[3,9,10,11,14,15,16,19,20,21,25,28,31,32,33,38,40,43,44,46,47,49,52],"killed_by":"downfall:NeowBossFinal","ascension_level":0}}