{"host":"k7mar46pww1g9iom","time":1614267883,"event":{"mods":["AchievementEnabler","BaseMod","BetterRewards","Colored Powertips","Custom Start","DeckTracker","Downfall","Hermit","Hubris","Marisa????????","Minty Spire (QoL Compilation)","Rare Cards Sparkle","Relic Stats","Replay The Spire","StSLib","The Animator","The Cursed","The Runesmith","The Servant 0.9.4","The Wild Card"],"gold_per_floor":[115,125,141,141,141,174,174,201,201,20,45,63,79,79,79,183,183,196,196,212,229,244,274,274,15,15,32,32,43,133,165,165,165,165],"floor_reached":33,"language":"ENG","playtime":1450,"items_purged":["Looming Evil"],"score":307,"play_id":"18440a3c-f3c1-4183-b707-89dd607cbb34","local_time":"20210225164443","is_ascension_mode":false,"campfire_choices":[{"floor":7,"key":"REST"},{"floor":15,"key":"REST"},{"floor":24,"key":"REST"},{"floor":32,"key":"REST"}],"circlet_count":0,"master_deck":["Strike_R","Strike_R","Strike_R","Strike_R","Strike_R","Defend_R","Defend_R","Defend_R","Defend_R","Bash+1","Replay:Undeath\u0027s Touch","Rampage","Shrug It Off","Thunderclap","Iron Wave","hubris:Wrath","ReplayTheSpireMod:Limb From Limb","Armaments+1","Havoc","Replay:Many Hands","Second Wind","hubris:ReadiedAction+1","Anger+1","Warcry+1","Fire Breathing","Spot Weakness","Panache","Eclipse","Run Through+1","Infernal Blade"],"relics":["Burning Blood","Matryoshka","ReplayTheSpireMod:Shallot","Pet Ghost","Bronze Scales","ReplayTheSpireMod:CursedCoin","ReplayTheSpireMod:Ninjato","Anchor","Ooze Armor","Ice Cream","PreservedInsect","Letter Opener","Orichalcum"],"acts_visited":["Exordium","TheCity"],"potions_floor_usage":[6,23,31,31],"damage_taken":[{"damage":2,"enemies":"2 Louse","floor":1,"turns":4},{"damage":1,"enemies":"Jaw Worm","floor":2,"turns":4},{"damage":1,"enemies":"Cultist","floor":3,"turns":3},{"damage":40,"enemies":"3 Sentries","floor":6,"turns":13},{"damage":31,"enemies":"Gremlin Nob","floor":8,"turns":4},{"damage":13,"enemies":"3 Sentries","floor":11,"turns":6},{"damage":0,"enemies":"2 Fungi Beasts","floor":12,"turns":2},{"damage":5,"enemies":"3 Louse","floor":13,"turns":3},{"damage":62,"enemies":"The Guardian","floor":16,"turns":12},{"damage":0,"enemies":"Shell Parasite","floor":18,"turns":3},{"damage":4,"enemies":"2 Thieves","floor":20,"turns":4},{"damage":0,"enemies":"Chosen and Byrds","floor":21,"turns":4},{"damage":19,"enemies":"Snake Plant","floor":22,"turns":3},{"damage":44,"enemies":"Gremlin Leader","floor":23,"turns":7},{"damage":7,"enemies":"Centurion and Healer","floor":27,"turns":3},{"damage":26,"enemies":"Shelled Parasite and Fungi","floor":29,"turns":5},{"damage":14,"enemies":"Slavers","floor":31,"turns":3},{"damage":91,"enemies":"Automaton","floor":33,"turns":6}],"seed_played":"5721620382062497162","potions_obtained":[{"floor":1,"key":"Energy Potion"},{"floor":6,"key":"EssenceOfSteel"},{"floor":21,"key":"hexamod:SoulburnPotion"},{"floor":22,"key":"LiquidMemories"},{"floor":27,"key":"FairyPotion"}],"is_trial":false,"path_per_floor":["M","M","M","?","T","E","R","E","T","$","E","M","M","?","R","B",null,"M","?","M","M","M","E","R","$","T","M","?","M","?","E","R","B"],"character_chosen":"IRONCLAD","items_purchased":["ReplayTheSpireMod:CursedCoin","ReplayTheSpireMod:Ninjato","Spot Weakness","Panache"],"campfire_rested":4,"item_purchase_floors":[10,10,25,25],"current_hp_per_floor":[80,80,80,80,80,46,70,45,45,45,38,44,45,45,69,13,80,80,65,67,73,60,22,47,47,47,46,46,26,14,31,56,0,0],"gold":165,"neow_bonus":"UPGRADE_CARD","is_daily":false,"chose_seed":false,"campfire_upgraded":0,"win_rate":0.0,"timestamp":1614267883,"path_taken":["M","M","M","?","?","E","R","E","T","$","E","M","M","?","R","BOSS","M","?","M","M","M","E","R","$","T","M","?","M","?","E","R","BOSS"],"items_purchased_type":["Relic","Relic","Card","Card"],"build_version":"2020-12-22","purchased_purges":1,"victory":false,"max_hp_per_floor":[80,80,80,80,80,80,80,80,80,80,80,80,80,80,80,80,80,80,85,85,85,85,85,85,85,85,85,85,85,85,85,85,85,85],"relic_stats":{"counters":[18,89],"Bronze Scales":[228],"PreservedInsect":39,"Letter Opener":[72],"Orichalcum":[18],"obtain_stats":[{"Ice Cream":23,"ReplayTheSpireMod:Ninjato":10,"ReplayTheSpireMod:CursedCoin":10,"PreservedInsect":26,"Letter Opener":26,"Orichalcum":31,"Burning Blood":0,"Pet Ghost":9,"Anchor":11,"Matryoshka":6,"ReplayTheSpireMod:Shallot":8,"Ooze Armor":17,"Bronze Scales":9},{"Ice Cream":14,"ReplayTheSpireMod:Ninjato":5,"ReplayTheSpireMod:CursedCoin":5,"PreservedInsect":14,"Letter Opener":14,"Orichalcum":17,"Burning Blood":0,"Pet Ghost":5,"Anchor":6,"Matryoshka":4,"ReplayTheSpireMod:Shallot":5,"Ooze Armor":9,"Bronze Scales":5},{"Ice Cream":72,"ReplayTheSpireMod:Ninjato":28,"ReplayTheSpireMod:CursedCoin":28,"PreservedInsect":72,"Letter Opener":72,"Orichalcum":83,"Burning Blood":0,"Pet Ghost":28,"Anchor":34,"Matryoshka":24,"ReplayTheSpireMod:Shallot":28,"Ooze Armor":51,"Bronze Scales":28}],"Burning Blood":82},"card_choices":[{"not_picked":["Wild Strike","Run Through"],"picked":"Replay:Undeath\u0027s Touch","floor":1},{"not_picked":["Headbutt","Sword Boomerang"],"picked":"Rampage","floor":2},{"not_picked":["Warcry","Body Slam"],"picked":"Shrug It Off","floor":3},{"not_picked":["Havoc","Iron Wave"],"picked":"Thunderclap","floor":6},{"not_picked":["Abandon","Rampage"],"picked":"Iron Wave","floor":8},{"not_picked":["Havoc","Rampage"],"picked":"ReplayTheSpireMod:Limb From Limb","floor":11},{"not_picked":["Clothesline","Heavy Blade"],"picked":"Armaments","floor":12},{"not_picked":["ReplayTheSpireMod:Corrosion Curse","Combust"],"picked":"Havoc","floor":13},{"not_picked":["Barricade","Exhume"],"picked":"Replay:Many Hands","floor":16},{"not_picked":["Dark Embrace+1","Entrench"],"picked":"Second Wind","floor":18},{"not_picked":["hubris:SharpeningStone","Sever Soul+1"],"picked":"hubris:ReadiedAction+1","floor":20},{"not_picked":["Dark Embrace","Shrug It Off"],"picked":"Anger+1","floor":21},{"not_picked":["Rampage","Heavy Blade"],"picked":"Warcry+1","floor":22},{"not_picked":["Heavy Blade","Life Link"],"picked":"Fire Breathing","floor":23},{"not_picked":["Replay:Undeath\u0027s Touch","Dual Wield"],"picked":"Eclipse","floor":27},{"not_picked":["ReplayTheSpireMod:Strike From Hell","Blood for Blood"],"picked":"Run Through+1","floor":29},{"not_picked":["Rupture","Anger"],"picked":"Infernal Blade","floor":31}],"player_experience":197719,"relics_obtained":[{"floor":6,"key":"Matryoshka"},{"floor":8,"key":"ReplayTheSpireMod:Shallot"},{"floor":9,"key":"Pet Ghost"},{"floor":9,"key":"Bronze Scales"},{"floor":11,"key":"Anchor"},{"floor":23,"key":"Ice Cream"},{"floor":26,"key":"PreservedInsect"},{"floor":26,"key":"Letter Opener"},{"floor":31,"key":"Orichalcum"}],"event_choices":[{"damage_healed":0,"gold_gain":0,"player_choice":"Shed Blood","damage_taken":20,"max_hp_gain":5,"max_hp_loss":0,"event_name":"Forgotten Altar","floor":19,"gold_loss":0},{"damage_healed":0,"gold_gain":0,"player_choice":"Ignored","damage_taken":0,"max_hp_gain":0,"max_hp_loss":0,"event_name":"Ghosts","floor":28,"gold_loss":0},{"damage_healed":0,"gold_gain":90,"player_choice":"GOLD ","damage_taken":12,"max_hp_gain":0,"max_hp_loss":0,"event_name":"Knowing Skull","floor":30,"potions_obtained":[],"gold_loss":0,"cards_obtained":[]}],"is_beta":false,"boss_relics":[{"not_picked":["hubris:Stopwatch","Pandora\u0027s Box"],"picked":"Ooze Armor"}],"items_purged_floors":[10],"is_endless":false,"potions_floor_spawned":[1,6,21,22,27],"killed_by":"Automaton","ascension_level":0}}