{"host":"j1eo1fqrqta44853","time":1614214020,"event":{"mods":["Act Like it!","Bartender","BaseMod","Bestiary","Bossed Relics","CatGirl Mod","Custom Start","Downfall","Elementarium","Gensokyo","GungeonMod","HololiveMod","Hubris","Infinite Spire","KinomotoSakuraMod(????)","Koishi","Library of Ruina","Library of Ruina Extra","Lobotomy","LobotomyExtend","Marisa????????","Minty Spire (QoL Compilation)","Pale of the Ancients","Rare Cards Sparkle","Reimu??????","Reliquary","Replay The Spire","Ruina","SIMod","Shedinja","Spire Arcade","StSLib","The Alterego","The Jungle","The Marked","The Mystic","The Runesmith","The Senshi","The Vixen","TheBandit","Waifu the Spire","WarShipGirlsR/????R mod","Yakumo Yukari mod"],"gold_per_floor":[120,120,120,120,120,120,140,165,165,191,191,210,243,243,259,259,259,364,364,381,400,400,414,424,424,435,448,448,128,161,161,161,177,177,278,278,294,294,312,382,393,393,411,411,435,435,465,465,475,555,555,555,555,555,555,183,216,216],"floor_reached":59,"language":"ENG","playtime":6657,"items_purged":["Clumsy"],"score":1264,"play_id":"c4d40027-73bb-49b2-9781-fc04cbe1d5a8","local_time":"20210224184700","is_ascension_mode":false,"campfire_choices":[{"floor":9,"key":"RECALL"},{"data":"alterego_mod:RidiculouslyBig","floor":14,"key":"SMITH"},{"data":"alterego_mod:Mirror","floor":17,"key":"SMITH"},{"data":"alterego_mod:Rip","floor":25,"key":"SMITH"},{"data":"alterego_mod:Support","floor":31,"key":"SMITH"},{"data":"alterego_mod:Birthday","floor":34,"key":"SMITH"},{"data":"alterego_mod:Support","floor":42,"key":"SMITH"},{"data":"alterego_mod:Punishment","floor":44,"key":"SMITH"},{"data":"alterego_mod:AlterEgo","floor":46,"key":"SMITH"},{"data":"alterego_mod:Punishment","floor":51,"key":"SMITH"},{"data":"alterego_mod:BrynhildrsRune","floor":55,"key":"SMITH"}],"circlet_count":0,"master_deck":["alterego_mod:Strike","alterego_mod:Strike","alterego_mod:Strike","alterego_mod:Strike","alterego_mod:Defend","alterego_mod:Defend","alterego_mod:Defend","alterego_mod:Defend","alterego_mod:BigMeatyClaws","alterego_mod:BrynhildrsRune+1","alterego_mod:Rip+1","alterego_mod:RidiculouslyBig+1","alterego_mod:BrynhildrRomantia+1","alterego_mod:Mirror+1","alterego_mod:Birthday","alterego_mod:RocketPunch","alterego_mod:AlterEgo+1","alterego_mod:GoddessCore+1","alterego_mod:Rip+1","alterego_mod:Birthday+1","alterego_mod:Support+1","alterego_mod:SideboobHour","alterego_mod:SideboobHour","hubris:NaturalOne","alterego_mod:SideboobHour","alterego_mod:PurpleHair","alterego_mod:Rip+1","alterego_mod:Support+1","alterego_mod:Punishment+1","alterego_mod:Punishment+1","alterego_mod:Nekomimi","Finesse"],"relics":["alterego_mod:MasochisticConstitution","Gensokyo:NagashiBinaDoll","hubris:Icosahedron","RuthlessExorcism:ReiMu","reliquary:WeakTea","Torii","Orichalcum","reliquary:ThirdArm","hubris:MobiusCoin","ReplayFunnel","Happy Flower","DemoMod:PinkGuonStone","reliquary:WritOfMandamus","Durian","Regal Pillow","Bag of Preparation","infinitespire:FocusingShard","PageOfNosferatu","PageOfJudgementBird"],"acts_visited":["Gensokyo:Gensokyo","ruina:Briah","Gensokyo:Gensokyoest","TheEnding"],"potions_floor_usage":[8,10,18,21,30,37,43,43,52,52,58,58],"damage_taken":[{"damage":7,"enemies":"Gensokyo:2_Kodama","floor":1,"turns":5},{"damage":0,"enemies":"Gensokyo:3_Fairies","floor":7,"turns":6},{"damage":23,"enemies":"Gensokyo:Aya","floor":8,"turns":6},{"damage":29,"enemies":"Gensokyo:Mamizou","floor":10,"turns":16},{"damage":0,"enemies":"Gensokyo:Python","floor":12,"turns":3},{"damage":14,"enemies":"Gensokyo:Aya","floor":13,"turns":5},{"damage":0,"enemies":"Gensokyo:Kitsune","floor":15,"turns":4},{"damage":9,"enemies":"Gensokyo:Reimu","floor":18,"turns":20},{"damage":12,"enemies":"ruina:Nosferatu","floor":20,"turns":6},{"damage":16,"enemies":"ruina:BadWolf","floor":21,"turns":6},{"damage":34,"enemies":"ruina:KnightOfDespair","floor":23,"turns":5},{"damage":12,"enemies":"ruina:Woodsman","floor":24,"turns":5},{"damage":21,"enemies":"ruina:Nos_and_Bat","floor":26,"turns":6},{"damage":2,"enemies":"ruina:QueenOfHate","floor":27,"turns":6},{"damage":35,"enemies":"ruina:Mountain","floor":30,"turns":7},{"damage":2,"enemies":"ruina:KingOfGreed","floor":33,"turns":8},{"damage":48,"enemies":"ruina:Red_and_Wolf","floor":35,"turns":10},{"damage":6,"enemies":"Gensokyo:AncientGuardian","floor":37,"turns":5},{"damage":0,"enemies":"Gensokyo:3_Bats","floor":39,"turns":6},{"damage":0,"enemies":"Gensokyo:SeedOfUnknown","floor":40,"turns":4},{"damage":1,"enemies":"Gensokyo:Sharpion","floor":41,"turns":4},{"damage":1,"enemies":"Gensokyo:4_Bats","floor":43,"turns":8},{"damage":13,"enemies":"Gensokyo:Kasen","floor":47,"turns":8},{"damage":0,"enemies":"Gensokyo:SeedOfUnknown","floor":49,"turns":7},{"damage":15,"enemies":"Gensokyo:Doremy","floor":50,"turns":4},{"damage":17,"enemies":"Gensokyo:Yuyuko","floor":52,"turns":9},{"damage":54,"enemies":"Shield and Spear","floor":57,"turns":6},{"damage":85,"enemies":"The Heart","floor":58,"turns":9}],"seed_played":"2110009504339171011","potions_obtained":[{"floor":1,"key":"AttackPotion"},{"floor":10,"key":"champ:CounterPotion"},{"floor":12,"key":"SteroidPotion"},{"floor":13,"key":"SmokeBomb"},{"floor":20,"key":"ZuzhouPotion:ReiMu"},{"floor":26,"key":"Reflective Coating"},{"floor":27,"key":"Energy Potion"},{"floor":40,"key":"Swift Potion"},{"floor":41,"key":"Fire Potion"},{"floor":47,"key":"ZuzhouPotion:ReiMu"},{"floor":49,"key":"Strength Potion"},{"floor":50,"key":"Adrenaline Potion"},{"floor":57,"key":"Dexterity Potion"}],"is_trial":false,"path_per_floor":["M","?","PTL","PTL","?","?","M","E","R","E","T","M","E","R","M","?","R","B",null,"M","M","?","M","M","R","M","M","T","$","E","R","T","M","R","B",null,"M","?","M","M","M","R","M","R","T","R","E","?","M","E","R","B",null,null,"R","$","E","B",null],"character_chosen":"The_Alterego","items_purchased":["alterego_mod:SideboobHour","ReplayFunnel","PageOfNosferatu","alterego_mod:Nekomimi","Finesse"],"campfire_rested":0,"item_purchase_floors":[29,29,56,56,56],"current_hp_per_floor":[78,78,78,78,78,78,78,63,63,42,42,52,49,49,61,43,43,94,94,93,90,90,80,78,78,80,90,90,90,81,81,88,116,116,81,124,129,83,117,127,143,143,156,156,156,156,157,157,157,143,143,143,143,159,159,159,129,57],"gold":216,"neow_bonus":"TEN_PERCENT_HP_BONUS","is_daily":false,"chose_seed":false,"campfire_upgraded":10,"win_rate":0.0,"timestamp":1614214020,"path_taken":["M","?","PTL","PTL","?","?","M","E","R","E","T","?","E","R","M","?","R","BOSS","M","M","?","M","M","R","M","M","T","$","E","R","?","M","R","BOSS","M","?","M","M","M","R","M","R","T","R","E","?","?","E","R","BOSS","R","$","E","BOSS"],"items_purchased_type":["Card","Relic","Relic","Card","Card"],"build_version":"2020-12-22","purchased_purges":1,"victory":true,"max_hp_per_floor":[78,78,78,78,78,78,78,79,79,80,80,83,87,87,90,90,90,94,94,98,102,102,103,104,104,109,110,110,110,111,111,118,123,123,124,124,129,134,142,142,147,147,156,156,156,156,157,157,157,158,158,159,159,159,159,159,164,165],"card_choices":[{"not_picked":["alterego_mod:Belle","alterego_mod:Bunnysuit"],"picked":"alterego_mod:Rip","floor":1},{"not_picked":["alterego_mod:1TonWallop","alterego_mod:BoobPocket","alterego_mod:DeftHands"],"picked":"SKIP","floor":7},{"not_picked":["alterego_mod:PerceptionDisorder","alterego_mod:Table"],"picked":"alterego_mod:RidiculouslyBig","floor":8},{"not_picked":["alterego_mod:Skirt","alterego_mod:PresenceConcealment"],"picked":"alterego_mod:BrynhildrRomantia","floor":10},{"not_picked":["alterego_mod:GoddessCore","alterego_mod:DiscoLights"],"picked":"alterego_mod:Mirror","floor":12},{"not_picked":["alterego_mod:TrashNCrash","alterego_mod:1TonWallop"],"picked":"alterego_mod:Birthday","floor":13},{"not_picked":["alterego_mod:PerceptionDisorder","alterego_mod:DiscoLights"],"picked":"alterego_mod:RocketPunch","floor":15},{"not_picked":["alterego_mod:ClassAdvantage","alterego_mod:Weigh"],"picked":"alterego_mod:AlterEgo","floor":18},{"not_picked":["alterego_mod:Mirror","alterego_mod:HighServant"],"picked":"alterego_mod:GoddessCore+1","floor":20},{"not_picked":["alterego_mod:DeftHands","alterego_mod:Pet"],"picked":"alterego_mod:Rip+1","floor":21},{"not_picked":["alterego_mod:1TonWallop+1","alterego_mod:Maid","alterego_mod:Undulate"],"picked":"SKIP","floor":23},{"not_picked":["alterego_mod:Bounce","alterego_mod:Skirt"],"picked":"alterego_mod:Birthday","floor":24},{"not_picked":["alterego_mod:SakuraPetals","alterego_mod:DeftHands"],"picked":"alterego_mod:MagicResistance","floor":26},{"not_picked":["alterego_mod:Rip+1","alterego_mod:BoobPocket"],"picked":"alterego_mod:Support","floor":27},{"not_picked":["alterego_mod:Clap","alterego_mod:Maid+1","alterego_mod:GIGAMILK"],"picked":"SKIP","floor":30},{"not_picked":["alterego_mod:Santa+1","alterego_mod:DeftHands+1","alterego_mod:BiFurious"],"picked":"SKIP","floor":33},{"not_picked":["alterego_mod:IdEs","alterego_mod:VirginLaserPalladion"],"picked":"alterego_mod:SideboobHour","floor":35},{"not_picked":["alterego_mod:BreastValley","alterego_mod:Cycle"],"picked":"alterego_mod:PurpleHair","floor":37},{"not_picked":["alterego_mod:Maid","alterego_mod:DiscoLights"],"picked":"alterego_mod:Rip+1","floor":39},{"not_picked":["alterego_mod:Mirror+1","alterego_mod:Table"],"picked":"alterego_mod:Support","floor":40},{"not_picked":["alterego_mod:DiscoLights+1","alterego_mod:Complex","alterego_mod:MagicResistance+1"],"picked":"SKIP","floor":41},{"not_picked":["alterego_mod:Swimsuit","alterego_mod:Mirror"],"picked":"alterego_mod:Punishment","floor":43},{"not_picked":["alterego_mod:Birthday+1","alterego_mod:HighServant"],"picked":"alterego_mod:Punishment","floor":47},{"not_picked":["alterego_mod:Cooking","alterego_mod:HighServant+1","alterego_mod:Support+1"],"picked":"SKIP","floor":49},{"not_picked":["alterego_mod:Maid+1","alterego_mod:Belts+1","alterego_mod:SakuraPetals+1"],"picked":"SKIP","floor":50},{"not_picked":["alterego_mod:PerceptionDisorder","alterego_mod:Bunnysuit","alterego_mod:Valentines+1"],"picked":"SKIP","floor":57}],"player_experience":1169195,"relics_obtained":[{"floor":8,"key":"RuthlessExorcism:ReiMu"},{"floor":10,"key":"reliquary:WeakTea"},{"floor":13,"key":"Torii"},{"floor":28,"key":"hubris:MobiusCoin"},{"floor":30,"key":"Happy Flower"},{"floor":32,"key":"DemoMod:PinkGuonStone"},{"floor":45,"key":"Regal Pillow"},{"floor":47,"key":"Bag of Preparation"},{"floor":50,"key":"infinitespire:FocusingShard"},{"floor":57,"key":"PageOfJudgementBird"}],"event_choices":[],"is_beta":false,"boss_relics":[{"not_picked":["SacredBark","hubris:CrackedHourglass"],"picked":"reliquary:ThirdArm"},{"not_picked":["Black Star","Hololive_TopUpMoneyS"],"picked":"reliquary:WritOfMandamus"}],"items_purged_floors":[29],"is_endless":false,"potions_floor_spawned":[1,10,12,13,20,26,27,40,41,47,49,50,57],"ascension_level":0}}