{"host":"Hutts","time":1614235165,"event":{"mods":["BaseMod","Downfall","Googly Eyes","Hermit","Minty Spire (QoL Compilation)","StSLib","The Cursed","The IronCluck"],"gold_per_floor":[117,130,55,55,65,65,99,110,110,110,41,41,51,51,51,148,148,161,136,82,82,82,82,82,114,114,29,46,46,63,80,80,175,175,186,186,196,19,0,28,28,53,78,78,29,45,45,78,78,78],"floor_reached":51,"language":"ENG","playtime":2118,"items_purged":["Injury","Regret"],"score":839,"play_id":"69395737-dc29-4b0d-b1e4-0fa3b0a84fe9","local_time":"20210225003925","is_ascension_mode":true,"campfire_choices":[{"data":"Apotheosis","floor":6,"key":"SMITH"},{"data":"Dualcast","floor":10,"key":"SMITH"},{"floor":12,"key":"REST"},{"data":"Defragment","floor":15,"key":"SMITH"},{"floor":23,"key":"REST"},{"floor":29,"key":"REST"},{"floor":32,"key":"REST"},{"floor":41,"key":"REST"},{"floor":44,"key":"REST"},{"floor":49,"key":"RECALL"}],"circlet_count":0,"master_deck":["Strike_B+1","Strike_B","Strike_B+1","Defend_B","Defend_B","Defend_B","Zap","Dualcast+1","Apotheosis+1","Defragment","Conserve Battery","Defragment+1","Cold Snap","Capacitor","Core Surge","Darkness","Cold Snap","Cold Snap","White Noise+1","Reboot+1","Electrodynamics","Barrage+1","Ball Lightning+1","Defragment","White Noise+1","Glacier+1","Capacitor","Discovery+1"],"relics":["Cracked Core","Whetstone","Mercury Hourglass","Dead Branch","SacredBark","Regal Pillow","Toxic Egg 2","DataDisk","Fusion Hammer","Red Mask","Potion Belt","Toy Ornithopter","Ancient Tea Set","Akabeko"],"acts_visited":["Exordium","TheCity","TheBeyond"],"potions_floor_usage":[8,8,16,16,19,31,37,50,50],"damage_taken":[{"damage":0,"enemies":"Small Slimes","floor":1,"turns":3},{"damage":1,"enemies":"Cultist","floor":2,"turns":3},{"damage":5,"enemies":"2 Louse","floor":5,"turns":3},{"damage":16,"enemies":"3 Sentries","floor":7,"turns":8},{"damage":2,"enemies":"Large Slime","floor":8,"turns":5},{"damage":7,"enemies":"Blue Slaver","floor":13,"turns":3},{"damage":29,"enemies":"Hexaghost","floor":16,"turns":8},{"damage":3,"enemies":"Chosen","floor":18,"turns":3},{"damage":25,"enemies":"2 Thieves","floor":19,"turns":5},{"damage":50,"enemies":"Slavers","floor":25,"turns":6},{"damage":17,"enemies":"Centurion and Healer","floor":28,"turns":8},{"damage":9,"enemies":"Chosen and Byrds","floor":30,"turns":6},{"damage":5,"enemies":"Sentry and Sphere","floor":31,"turns":7},{"damage":35,"enemies":"Champ","floor":33,"turns":11},{"damage":2,"enemies":"Orb Walker","floor":35,"turns":3},{"damage":24,"enemies":"3 Darklings","floor":37,"turns":4},{"damage":0,"enemies":"Giant Head","floor":40,"turns":6},{"damage":9,"enemies":"Nemesis","floor":42,"turns":5},{"damage":0,"enemies":"4 Shapes","floor":46,"turns":4},{"damage":0,"enemies":"Giant Head","floor":48,"turns":7},{"damage":13,"enemies":"Donu and Deca","floor":50,"turns":9}],"seed_played":"6003915793296342497","potions_obtained":[{"floor":1,"key":"Swift Potion"},{"floor":2,"key":"Energy Potion"},{"floor":7,"key":"AttackPotion"},{"floor":13,"key":"AttackPotion"},{"floor":18,"key":"GamblersBrew"},{"floor":25,"key":"SpeedPotion"},{"floor":30,"key":"SkillPotion"},{"floor":33,"key":"Regen Potion"},{"floor":37,"key":"SpeedPotion"},{"floor":48,"key":"Dexterity Potion"}],"is_trial":false,"path_per_floor":["M","M","$","?","M","R","E","M","T","R","$","R","M","?","R","B",null,"M","M","$","?","?","R","$","E","T","?","M","R","M","M","R","B",null,"M","?","M","$","?","E","R","E","T","R","$","M","?","E","R","B",null],"character_chosen":"DEFECT","items_purchased":["Capacitor","Cold Snap","Defragment","SkillPotion"],"campfire_rested":6,"item_purchase_floors":[11,20,38,45],"current_hp_per_floor":[75,74,74,74,69,69,53,51,51,51,51,73,66,66,66,37,75,72,47,47,47,47,69,69,19,19,19,2,39,30,25,62,27,75,73,73,59,59,59,59,75,66,66,75,75,75,75,75,75,62],"gold":78,"neow_bonus":"RANDOM_COLORLESS_2","is_daily":false,"chose_seed":false,"campfire_upgraded":3,"win_rate":0.0,"timestamp":1614235165,"path_taken":["M","M","$","?","M","R","E","M","T","R","?","R","M","?","R","BOSS","M","M","$","?","?","R","$","E","T","?","M","R","M","M","R","BOSS","M","?","M","$","?","E","R","E","T","R","$","M","?","E","R","BOSS"],"items_purchased_type":["Card","Card","Card","Potion"],"build_version":"2020-12-18","purchased_purges":2,"victory":true,"max_hp_per_floor":[75,75,75,75,75,75,75,75,75,75,75,75,75,75,75,75,75,75,75,75,75,75,75,75,75,75,75,75,75,75,75,75,75,75,75,75,75,75,75,75,75,75,75,75,75,75,75,75,75,75],"card_choices":[{"not_picked":["Master of Strategy","Magnetism"],"picked":"Apotheosis","floor":0},{"not_picked":["Chaos","Rebound"],"picked":"Defragment","floor":1},{"not_picked":["Self Repair","Barrage"],"picked":"Conserve Battery","floor":2},{"not_picked":["Storm","Stack"],"picked":"Defragment","floor":5},{"not_picked":["Biased Cognition","Turbo","Rip and Tear"],"picked":"SKIP","floor":7},{"not_picked":["Tempest","Beam Cell"],"picked":"Cold Snap","floor":8},{"not_picked":["Double Energy","Stack","Coolheaded"],"picked":"SKIP","floor":13},{"not_picked":["Creative AI","Meteor Strike"],"picked":"Core Surge","floor":16},{"not_picked":["Leap+1","Beam Cell"],"picked":"Darkness","floor":18},{"not_picked":["Lockon","Gash","Stack+1"],"picked":"SKIP","floor":19},{"not_picked":["Ball Lightning","Barrage","Sweeping Beam"],"picked":"SKIP","floor":25},{"not_picked":["Streamline","Coolheaded+1"],"picked":"Cold Snap","floor":28},{"not_picked":["Ball Lightning","Chill+1"],"picked":"White Noise+1","floor":30},{"not_picked":["Steam+1","Rebound"],"picked":"Reboot+1","floor":31},{"not_picked":["All For One","Multi-Cast+1"],"picked":"Electrodynamics","floor":33},{"not_picked":["Cold Snap","Stack+1"],"picked":"Barrage+1","floor":35},{"not_picked":["Turbo+1","Leap+1"],"picked":"Ball Lightning+1","floor":37},{"not_picked":["Streamline+1","Hologram+1"],"picked":"White Noise+1","floor":40},{"not_picked":["Recycle+1","Hologram+1"],"picked":"Glacier+1","floor":42},{"not_picked":["Rip and Tear","Go for the Eyes"],"picked":"Capacitor","floor":46},{"not_picked":["Dark Shackles+1","Dramatic Entrance"],"picked":"Discovery+1","floor":47},{"not_picked":["Coolheaded+1","Sunder+1","Biased Cognition"],"picked":"SKIP","floor":48}],"player_experience":1082719,"relics_obtained":[{"floor":7,"key":"Whetstone"},{"floor":9,"key":"Mercury Hourglass"},{"floor":25,"key":"Regal Pillow"},{"floor":26,"key":"Toxic Egg 2"},{"floor":40,"key":"Potion Belt"},{"floor":42,"key":"Toy Ornithopter"},{"floor":43,"key":"Ancient Tea Set"},{"floor":48,"key":"Akabeko"}],"event_choices":[{"cards_removed":["Strike_B"],"damage_healed":0,"gold_gain":0,"player_choice":"Offered Basic","damage_taken":0,"max_hp_gain":0,"max_hp_loss":0,"event_name":"Bonfire Elementals","floor":4,"gold_loss":0},{"damage_healed":0,"gold_gain":0,"player_choice":"Box","damage_taken":0,"relics_obtained":["Dead Branch"],"max_hp_gain":0,"max_hp_loss":0,"event_name":"Big Fish","floor":14,"gold_loss":0,"cards_obtained":["Regret"]},{"damage_healed":0,"gold_gain":0,"player_choice":"Ignored","damage_taken":0,"max_hp_gain":0,"max_hp_loss":0,"event_name":"Cursed Tome","floor":21,"gold_loss":0},{"damage_healed":0,"gold_gain":0,"player_choice":"Ignored","damage_taken":0,"max_hp_gain":0,"max_hp_loss":0,"event_name":"Ghosts","floor":22,"gold_loss":0},{"damage_healed":0,"gold_gain":0,"player_choice":"Obtained Relic","damage_taken":0,"relics_obtained":["DataDisk"],"max_hp_gain":0,"max_hp_loss":0,"event_name":"Addict","floor":27,"gold_loss":85},{"cards_removed":["Defend_B"],"damage_healed":0,"gold_gain":0,"player_choice":"Removed Skill","damage_taken":0,"max_hp_gain":0,"max_hp_loss":0,"event_name":"Falling","floor":36,"gold_loss":0},{"damage_healed":0,"gold_gain":0,"player_choice":"Paid","damage_taken":0,"relics_obtained":["Red Mask"],"max_hp_gain":0,"max_hp_loss":0,"event_name":"Tomb of Lord Red Mask","floor":39,"gold_loss":19},{"damage_healed":0,"gold_gain":0,"player_choice":"Memory 1","damage_taken":0,"max_hp_gain":0,"max_hp_loss":0,"event_name":"SensoryStone","floor":47,"gold_loss":0}],"is_beta":true,"boss_relics":[{"not_picked":["bronze:MakeshiftBattery","Velvet Choker"],"picked":"SacredBark"},{"not_picked":["Busted Crown","Astrolabe"],"picked":"Fusion Hammer"}],"items_purged_floors":[3,38],"is_endless":false,"potions_floor_spawned":[1,2,7,13,18,25,30,33,37,48],"ascension_level":1}}