{"host":"6c53mcp5i33szne4","time":1614248563,"event":{"mods":["BaseMod","Minty Spire (QoL Compilation)"],"gold_per_floor":[114,129,304,304,254,292,104,104,104,104,142,161,180,199,199,324,324,343,442,442,442,329,367,386,424,424,443,68,87,87,87,87,212,212,231,506,525,525,544,544,582,294,319,319,338,24,24,43,43,43],"floor_reached":51,"language":"ENG","playtime":2283,"items_purged":["Injury","Streamline","Streamline"],"score":948,"play_id":"0c98c048-86ec-4a4c-959a-6633e0ca0e52","local_time":"20210225102243","daily_mods":["Insanity","Colorless Cards","Night Terrors"],"is_ascension_mode":false,"campfire_choices":[{"data":"1","floor":10,"key":"LIFT"},{"data":"2","floor":15,"key":"LIFT"},{"data":"3","floor":30,"key":"LIFT"},{"data":"Mind Blast","floor":32,"key":"SMITH"},{"data":"Apotheosis","floor":40,"key":"SMITH"},{"data":"Creative AI","floor":44,"key":"SMITH"},{"data":"Hologram","floor":49,"key":"SMITH"}],"circlet_count":0,"master_deck":["Hologram+1","Redo","Ball Lightning","Leap","Gash","Barrage","Hello World","Blizzard","Undo","Turbo","Undo","Bandage Up","BootSequence","Glacier","Stack","Gash","Ball Lightning","Turbo","Gash","Turbo","Beam Cell","Trip","Redo","Jack Of All Trades","Ball Lightning","Coolheaded","Hologram","Leap","Doom and Gloom","Hologram","Coolheaded","Ball Lightning","Rebound","Self Repair","Streamline","Skim","Loop","Blizzard","Mind Blast+1","Barrage","Beam Cell","Rebound","Streamline","Static Discharge","FTL","Scrape","Loop","Streamline","Gash","Coolheaded","Loop","Creative AI+1","CurseOfTheBell","Violence","Apotheosis+1","Regret","Sunder+1","Mind Blast+1","Doom and Gloom+1","Panache","Coolheaded","Rebound","Compile Driver","Hello World","Enlightenment+1"],"relics":["Cracked Core","Golden Idol","Girya","Membership Card","MealTicket","Pantograph","Centennial Puzzle","Calling Bell","Oddly Smooth Stone","Matryoshka","TungstenRod","Enchiridion","MawBank","Pear","Ornamental Fan","Potion Belt","Question Card","Bag of Marbles","Lizard Tail","Runic Capacitor","Mercury Hourglass","Sundial","Nuclear Battery","Pen Nib","DollysMirror","Lantern","Orichalcum","Vajra","Bottled Lightning"],"acts_visited":["Exordium","TheCity","TheBeyond"],"potions_floor_usage":[16],"damage_taken":[{"damage":0,"enemies":"2 Louse","floor":1,"turns":1},{"damage":0,"enemies":"Small Slimes","floor":2,"turns":1},{"damage":9,"enemies":"3 Sentries","floor":6,"turns":5},{"damage":18,"enemies":"Lagavulin","floor":11,"turns":3},{"damage":0,"enemies":"Jaw Worm","floor":12,"turns":1},{"damage":0,"enemies":"Large Slime","floor":13,"turns":2},{"damage":0,"enemies":"2 Fungi Beasts","floor":14,"turns":2},{"damage":2,"enemies":"Hexaghost","floor":16,"turns":6},{"damage":0,"enemies":"Chosen","floor":18,"turns":2},{"damage":25,"enemies":"Gremlin Leader","floor":23,"turns":3},{"damage":0,"enemies":"2 Thieves","floor":24,"turns":1},{"damage":6,"enemies":"Slavers","floor":25,"turns":3},{"damage":10,"enemies":"Sentry and Sphere","floor":27,"turns":4},{"damage":0,"enemies":"Shelled Parasite and Fungi","floor":29,"turns":2},{"damage":44,"enemies":"Automaton","floor":33,"turns":5},{"damage":0,"enemies":"3 Darklings","floor":35,"turns":2},{"damage":0,"enemies":"3 Shapes","floor":37,"turns":2},{"damage":9,"enemies":"Jaw Worm Horde","floor":39,"turns":3},{"damage":6,"enemies":"Reptomancer","floor":41,"turns":3},{"damage":0,"enemies":"Writhing Mass","floor":45,"turns":1},{"damage":0,"enemies":"4 Shapes","floor":48,"turns":2},{"damage":18,"enemies":"Donu and Deca","floor":50,"turns":4}],"seed_played":"3523290589944034342","potions_obtained":[{"floor":2,"key":"LiquidBronze"},{"floor":6,"key":"Block Potion"},{"floor":11,"key":"DuplicationPotion"},{"floor":14,"key":"Regen Potion"},{"floor":18,"key":"LiquidMemories"},{"floor":27,"key":"Ancient Potion"},{"floor":39,"key":"FocusPotion"}],"is_trial":false,"path_per_floor":["M","M","?","?","?","E","$","?","T","R","E","M","M","M","R","B",null,"M","?","?","T","$","E","M","E","T","M","$","M","R","?","R","B",null,"M","?","M","?","M","R","E","$","T","R","M","$","?","M","R","B",null],"character_chosen":"DEFECT","items_purchased":["Membership Card","Ornamental Fan","Runic Capacitor","Mercury Hourglass","Sundial","DollysMirror","Lantern","Orichalcum","Bottled Lightning","Panache","Coolheaded","Rebound","Compile Driver","Hello World"],"campfire_rested":0,"item_purchase_floors":[7,22,28,28,28,42,42,42,46,46,46,46,46,46],"current_hp_per_floor":[75,75,75,75,75,66,66,48,48,48,34,34,34,34,34,61,75,75,75,63,73,85,67,67,68,68,65,80,85,85,85,85,45,85,85,85,85,85,76,76,77,85,85,85,85,85,85,85,85,67],"gold":43,"neow_bonus":"","is_daily":true,"chose_seed":false,"campfire_upgraded":4,"win_rate":0.0,"timestamp":1614248563,"path_taken":["M","M","?","?","?","E","?","?","T","R","E","M","M","M","R","BOSS","M","?","?","?","$","E","M","E","T","M","$","M","R","?","R","BOSS","M","?","?","?","M","R","E","$","T","R","?","$","?","M","R","BOSS"],"items_purchased_type":["Relic","Relic","Relic","Relic","Relic","Relic","Relic","Relic","Relic","Card","Card","Card","Card","Card"],"build_version":"2020-12-22","purchased_purges":3,"victory":true,"max_hp_per_floor":[75,75,75,75,75,75,75,75,75,75,75,75,75,75,75,75,75,75,75,75,85,85,85,85,85,85,85,85,85,85,85,85,85,85,85,85,85,85,85,85,85,85,85,85,85,85,85,85,85,85],"card_choices":[{"not_picked":["Undo","Redo","Conserve Battery"],"picked":"SKIP","floor":1},{"not_picked":["Barrage","Hologram"],"picked":"Gash","floor":2},{"not_picked":["Beam Cell","Recycle"],"picked":"Coolheaded","floor":6},{"not_picked":["Hello World","Stack","Compile Driver"],"picked":"SKIP","floor":11},{"not_picked":["Redo","Go for the Eyes","Steam"],"picked":"SKIP","floor":12},{"not_picked":["Multi-Cast","Force Field"],"picked":"Loop","floor":13},{"not_picked":["Streamline","Coolheaded","Barrage"],"picked":"SKIP","floor":14},{"not_picked":["Violence","Mayhem"],"picked":"Creative AI","floor":16},{"not_picked":["Streamline","Barrage","Dark Shackles"],"picked":"SKIP","floor":18},{"not_picked":["Stack","Streamline+1"],"picked":"Violence","floor":23},{"not_picked":["Undo","Stack","Ball Lightning"],"picked":"SKIP","floor":24},{"not_picked":["Ball Lightning","Hologram","Coolheaded"],"picked":"SKIP","floor":25},{"not_picked":["Sweeping Beam","Coolheaded","Stack","Glacier"],"picked":"SKIP","floor":27},{"not_picked":["Go for the Eyes","Doom and Gloom+1","Coolheaded","Hologram"],"picked":"SKIP","floor":29},{"not_picked":["All For One","Secret Technique","Magnetism"],"picked":"Apotheosis","floor":33},{"not_picked":["Redo+1","Impatience+1","Hologram","Sweeping Beam+1"],"picked":"SKIP","floor":35},{"not_picked":["Double Energy+1","Barrage+1","Fusion"],"picked":"Sunder+1","floor":37},{"not_picked":["Steam","Conserve Battery","Rebound","Leap"],"picked":"SKIP","floor":39},{"not_picked":["Sweeping Beam","Streamline","Compile Driver","Redo"],"picked":"SKIP","floor":41},{"not_picked":["Ball Lightning","Go for the Eyes+1","White Noise"],"picked":"Doom and Gloom+1","floor":45},{"not_picked":["Metamorphosis","Sweeping Beam","Panacea"],"picked":"Enlightenment+1","floor":48}],"player_experience":366091,"relics_obtained":[{"floor":6,"key":"Girya"},{"floor":9,"key":"Pantograph"},{"floor":11,"key":"Centennial Puzzle"},{"floor":17,"key":"Oddly Smooth Stone"},{"floor":17,"key":"Matryoshka"},{"floor":17,"key":"TungstenRod"},{"floor":20,"key":"Enchiridion"},{"floor":21,"key":"MawBank"},{"floor":21,"key":"Pear"},{"floor":23,"key":"Potion Belt"},{"floor":25,"key":"Question Card"},{"floor":26,"key":"Bag of Marbles"},{"floor":26,"key":"Lizard Tail"},{"floor":41,"key":"Pen Nib"},{"floor":43,"key":"Vajra"}],"event_choices":[{"damage_healed":0,"gold_gain":175,"player_choice":"AGREE","damage_taken":0,"max_hp_gain":0,"max_hp_loss":0,"event_name":"Liars Game","floor":3,"gold_loss":0,"cards_obtained":["Doubt"]},{"damage_healed":0,"gold_gain":0,"player_choice":"Take Wound","damage_taken":0,"relics_obtained":["Golden Idol"],"max_hp_gain":0,"max_hp_loss":0,"event_name":"Golden Idol","floor":4,"gold_loss":0,"cards_obtained":["Injury"]},{"cards_removed":["Doubt"],"damage_healed":0,"gold_gain":0,"player_choice":"Card Removal","damage_taken":0,"max_hp_gain":0,"max_hp_loss":0,"event_name":"The Cleric","floor":5,"gold_loss":50},{"damage_healed":0,"gold_gain":0,"player_choice":"Success","damage_taken":18,"relics_obtained":["MealTicket"],"max_hp_gain":0,"max_hp_loss":0,"event_name":"Scrap Ooze","floor":8,"gold_loss":0},{"damage_healed":0,"gold_gain":99,"player_choice":"Stole From Cult","damage_taken":0,"max_hp_gain":0,"max_hp_loss":0,"event_name":"Nest","floor":19,"gold_loss":0},{"damage_healed":0,"gold_gain":0,"player_choice":"Obtained Book","damage_taken":16,"max_hp_gain":0,"max_hp_loss":0,"event_name":"Cursed Tome","floor":20,"gold_loss":0},{"damage_healed":0,"gold_gain":0,"player_choice":"Ignored","damage_taken":0,"max_hp_gain":0,"max_hp_loss":0,"event_name":"Vampires","floor":31,"gold_loss":0},{"damage_healed":0,"gold_gain":275,"player_choice":"Desecrate","damage_taken":0,"max_hp_gain":0,"max_hp_loss":0,"event_name":"Golden Shrine","floor":36,"gold_loss":0,"cards_obtained":["Regret"]},{"damage_healed":0,"gold_gain":0,"player_choice":"Ignored","damage_taken":0,"max_hp_gain":0,"max_hp_loss":0,"event_name":"SecretPortal","floor":38,"gold_loss":0},{"damage_healed":0,"gold_gain":0,"player_choice":"Ignored","damage_taken":0,"max_hp_gain":0,"max_hp_loss":0,"event_name":"The Moai Head","floor":47,"gold_loss":0}],"is_beta":false,"boss_relics":[{"not_picked":["Busted Crown","Tiny House"],"picked":"Calling Bell"},{"not_picked":["Runic Pyramid","Astrolabe"],"picked":"Nuclear Battery"}],"items_purged_floors":[7,28,42],"is_endless":false,"potions_floor_spawned":[2,6,11,14,18,27,39,45,48],"ascension_level":0}}