{"host":"ymmeoa1x24ihslbm","time":1614289044,"event":{"mods":["AchievementEnabler","BaseMod","CatGirl Mod","ChefMod","Colored Map","Colored Powertips","Defuse TimeMaze Blight","Dio Mod","Hermit","Highlight Path","HornydragonMod","Hyrulean Relics","Infinite Spire","Minty Spire (QoL Compilation)","Permanent Neow","Quick Restart","Rare Cards Sparkle","Relic Sorter","Robot Space Explorer","Shapeshifter Mod","Shop Mod","StSLib","The Gatherer","The Marked","TheBandit","TheFirefly","TheSurvivalist","TheSwordswoman","Transform Curses"],"gold_per_floor":[109,69,82,98,113,113,147,147,147,147,160,160,180,230,230,333,333,347,347,68,78,78,108,108,108,131,150,184,184,197,217,217,217,217],"floor_reached":33,"language":"ENG","playtime":7167,"items_purged":[],"score":312,"play_id":"26b08538-c443-4c21-856c-839f04c8cb2c","local_time":"20210225223724","is_ascension_mode":false,"campfire_choices":[{"data":"dioMod:Hiss","floor":6.0,"key":"SMITH"},{"data":"dioMod:FlyAway","floor":8.0,"key":"SMITH"},{"data":"Bite","floor":10.0,"key":"SMITH"},{"data":"dioMod:Muda","floor":12.0,"key":"SMITH"},{"data":"dioMod:TripleThreat","floor":15.0,"key":"SMITH"},{"data":"infinitespire:Menacing","floor":24.0,"key":"SMITH"},{"data":"dioMod:SecretPlan","floor":32,"key":"SMITH"}],"circlet_count":0,"master_deck":["Bite+1","dioMod:Defend","dioMod:Defend","dioMod:Defend","dioMod:Defend","dioMod:Hiss+1","dioMod:Muda+1","dioMod:FlyAway+1","dioMod:BloodSuck","dioMod:TripleThreat+1","dioMod:SlashThroughTime","dioMod:KonoDioDa","dioMod:TripleThreat+1","Bite","Bite","Bite","Bite","Bite","Good Instincts","dioMod:BloodSuck+1","infinitespire:Menacing+1","dioMod:Freeze+1","dioMod:BloodTransfusion","dioMod:DisarmingVoice","dioMod:SecretPlan+1"],"relics":["dioMod:VampireBlood","Singing Bowl","Ancient Tea Set","MerchantsRug","HornCleat","Question Card","Omamori","MealTicket"],"acts_visited":["Exordium","TheCity"],"potions_floor_usage":[33],"damage_taken":[{"damage":0.0,"enemies":"Small Slimes","floor":1.0,"turns":4.0},{"damage":1.0,"enemies":"Cultist","floor":3.0,"turns":3.0},{"damage":6.0,"enemies":"2 Louse","floor":4.0,"turns":3.0},{"damage":0.0,"enemies":"Large Slime","floor":5.0,"turns":4.0},{"damage":12.0,"enemies":"Gremlin Nob","floor":7.0,"turns":4.0},{"damage":0.0,"enemies":"3 Louse","floor":11.0,"turns":1.0},{"damage":6.0,"enemies":"2 Fungi Beasts","floor":13.0,"turns":4.0},{"damage":62.0,"enemies":"Slime Boss","floor":16.0,"turns":9.0},{"damage":15.0,"enemies":"3 Byrds","floor":18.0,"turns":5.0},{"damage":14.0,"enemies":"2 Thieves","floor":21.0,"turns":4.0},{"damage":63.0,"enemies":"Book of Stabbing","floor":23.0,"turns":7.0},{"damage":10.0,"enemies":"Snecko","floor":27.0,"turns":6.0},{"damage":89,"enemies":"Nightmare","floor":28,"turns":12},{"damage":16,"enemies":"Snake Plant","floor":30,"turns":6},{"damage":14,"enemies":"Centurion and Healer","floor":31,"turns":12},{"damage":134,"enemies":"Champ","floor":33,"turns":18}],"seed_played":"8032429292329164002","potions_obtained":[{"floor":2.0,"key":"DuplicationPotion"},{"floor":2.0,"key":"Weak Potion"},{"floor":2.0,"key":"Weak Potion"},{"floor":4.0,"key":"Strength Potion"},{"floor":5.0,"key":"Explosive Potion"},{"floor":7.0,"key":"SpeedPotion"},{"floor":18.0,"key":"infinitespire:BlackPotion"},{"floor":21.0,"key":"Fruit Juice"},{"floor":31,"key":"DistilledChaos"}],"is_trial":false,"path_per_floor":["M","?","M","M","M","R","E","R","T","R","M","R","M","T","R","B",null,"M","?","$","M","?","E","R","?","T","M","NM","?","M","M","R","B"],"character_chosen":"THE_DEFAULT","items_purchased":["MerchantsRug","Good Instincts","HornCleat"],"campfire_rested":0,"item_purchase_floors":[20,20,20],"current_hp_per_floor":[80,80,86,88,89,89,88,88,88,88,89,89,91,91,91,50,91,91,63,63,68,50,14,14,14,14,54,19,6,43,77,77,0,0],"gold":217,"neow_bonus":"TWENTY_PERCENT_HP_BONUS","is_daily":false,"chose_seed":false,"campfire_upgraded":7,"win_rate":0.0,"timestamp":1614289044,"path_taken":["M","?","M","M","?","R","E","R","T","R","M","R","M","?","R","BOSS","M","?","$","M","?","E","R","?","T","M","NM","?","M","M","R","BOSS"],"items_purchased_type":["Relic","Card","Relic"],"build_version":"2020-12-22","purchased_purges":0,"victory":false,"max_hp_per_floor":[89,89,89,89,89,89,89,89,89,89,89,89,91,91,91,91,91,91,63,63,68,68,68,68,68,68,68,70,75,77,77,77,77,77],"card_choices":[{"not_picked":["dioMod:StreetSign","dioMod:Freeze"],"picked":"dioMod:Hiss","floor":1.0},{"not_picked":["dioMod:BloodShield","dioMod:DominatingPresence"],"picked":"dioMod:Muda","floor":3.0},{"not_picked":["dioMod:Pluck","dioMod:DaggerToss"],"picked":"dioMod:FlyAway","floor":4.0},{"not_picked":["dioMod:BloodShield","dioMod:WRYYY"],"picked":"dioMod:BloodSuck","floor":5.0},{"not_picked":["dioMod:HeavyLifting","dioMod:DarkRebirth"],"picked":"dioMod:TripleThreat","floor":7.0},{"not_picked":["dioMod:Hiss","dioMod:FlyAway"],"picked":"dioMod:SlashThroughTime","floor":11.0},{"not_picked":["dioMod:ComposedMuda","dioMod:Freeze","dioMod:HeavyLifting"],"picked":"Singing Bowl","floor":13.0},{"not_picked":["dioMod:RoadRoller","dioMod:MudaMudaMuda"],"picked":"dioMod:KonoDioDa","floor":16.0},{"not_picked":["dioMod:DaggerSpree","dioMod:Pluck"],"picked":"dioMod:TripleThreat+1","floor":18.0},{"not_picked":["dioMod:CutDeep","dioMod:DarkRebirth+1"],"picked":"dioMod:BloodSuck+1","floor":21.0},{"not_picked":["infinitespire:Collect","infinitespire:FinalStrike"],"picked":"infinitespire:Menacing","floor":22.0},{"not_picked":["dioMod:TripleThreat","dioMod:LaserVision"],"picked":"dioMod:Freeze+1","floor":23.0},{"not_picked":["dioMod:DaggerSpree","dioMod:BlendIn","dioMod:CoffinBath"],"picked":"dioMod:DisarmingVoice","floor":27.0},{"not_picked":["dioMod:Muda","dioMod:FlyAway+1","dioMod:DarkRebirth+1","dioMod:BlendIn"],"picked":"Singing Bowl","floor":28},{"not_picked":["dioMod:BloodShield","dioMod:FlyAway","dioMod:CautiousMuda","dioMod:WRYYY"],"picked":"Singing Bowl","floor":30},{"not_picked":["dioMod:Pluck","dioMod:FlyAway","dioMod:Hiss"],"picked":"dioMod:SecretPlan","floor":31}],"player_experience":827329,"relics_obtained":[{"floor":7.0,"key":"StrikeDummy"},{"floor":9.0,"key":"Singing Bowl"},{"floor":14.0,"key":"Ancient Tea Set"},{"floor":23.0,"key":"Question Card"},{"floor":26.0,"key":"Omamori"},{"floor":28,"key":"MealTicket"}],"event_choices":[{"damage_healed":0.0,"max_hp_gain":0.0,"max_hp_loss":0.0,"gold_gain":0.0,"event_name":"The Woman in Blue","player_choice":"Bought 3 Potions","floor":2.0,"gold_loss":0.0,"damage_taken":0.0},{"damage_healed":0.0,"max_hp_gain":0.0,"max_hp_loss":28.0,"gold_gain":0.0,"event_name":"Vampires","player_choice":"Became a vampire","floor":19.0,"gold_loss":0.0,"damage_taken":0.0,"cards_obtained":["Bite","Bite","Bite","Bite","Bite"]},{"damage_healed":0.0,"max_hp_gain":0.0,"max_hp_loss":0.0,"gold_gain":0.0,"event_name":"The Library","player_choice":"Read","floor":25.0,"gold_loss":0.0,"damage_taken":0.0,"cards_obtained":["dioMod:BloodTransfusion"]},{"damage_healed":0,"gold_gain":0,"player_choice":"Shed Blood","damage_taken":18,"max_hp_gain":5,"max_hp_loss":0,"event_name":"Forgotten Altar","floor":29,"gold_loss":0}],"is_beta":false,"boss_relics":[{"not_picked":["dioMod:JoestarBlood","Runic Dome"],"picked":"Cursed Key"}],"items_purged_floors":[],"is_endless":true,"potions_floor_spawned":[4,5,7,18,21,31],"killed_by":"Champ","ascension_level":0}}