{"host":"ox77rn1xcurm2t5a","time":1614256406,"event":{"mods":["2.2 Compatiblity","AchievementEnabler","Act Like it!","Aspiration","BaseMod","Best Route Mod","Better Match","Better Note","Better Sensory Stone","Block Reminder","Colored Map","Colored Powertips","Conjunction","Conspire","Custom Start","Energized Spire","GifTheSpireLib","Gold Saver","Gremlin Skip","Halation","Highlight Path","Hubris","Infinite Spire","Minty Spire (QoL Compilation)","Pale of the Ancients","Quick Restart","Reliquary","Replay The Spire","Reworked Bosses","ShortenTheSpire","Spire Exporter","StSLib","Stuff the Spire","Wandering Minibosses"],"gold_per_floor":[295,295,312,312,327,360,130,162,187,44,57,57,8,26,26,46,46],"floor_reached":16,"language":"ENG","playtime":424,"items_purged":["Strike_R"],"score":176,"play_id":"fbb80e13-40b3-477e-bb4f-45188a84e806","local_time":"20210225143326","is_ascension_mode":true,"campfire_choices":[{"floor":12.0,"key":"RECALL"},{"data":"Perfected Strike","floor":15,"key":"SMITH"}],"circlet_count":0,"master_deck":["AscendersBane","Strike_R","Strike_R","Strike_R","Strike_R","Defend_R","Defend_R","Defend_R","Defend_R","Bash+1","Pommel Strike","Thunderclap+1","Thunderclap+1","Demon Form","Berserk","Cleave","Sword Boomerang","Perfected Strike+1"],"relics":["Burning Blood","infinitespire:Midas Blood","Happy Flower","Replay:Bottled Eggs","Tiny Chest"],"acts_visited":["Exordium"],"potions_floor_usage":[],"damage_taken":[{"damage":2.0,"enemies":"Small Slimes","floor":1.0,"turns":5.0},{"damage":4.0,"enemies":"Jaw Worm","floor":3.0,"turns":4.0},{"damage":1.0,"enemies":"Cultist","floor":5.0,"turns":3.0},{"damage":45.0,"enemies":"3 Sentries","floor":6.0,"turns":9.0},{"damage":24.0,"enemies":"Lagavulin","floor":8.0,"turns":6.0},{"damage":14.0,"enemies":"Red Slaver","floor":11.0,"turns":4.0},{"damage":0,"enemies":"Exordium Wildlife","floor":14,"turns":2},{"damage":43,"enemies":"Hexaghost","floor":16,"turns":7}],"seed_played":"-7332905220020063125","potions_obtained":[{"floor":5.0,"key":"Regen Potion"},{"floor":6.0,"key":"LiquidBronze"},{"floor":8.0,"key":"Strength Potion"}],"is_trial":false,"path_per_floor":["M","?","M","?","M","E","$","E","T","$","M","R","$","M","R","B"],"character_chosen":"IRONCLAD","items_purchased":["Happy Flower","Tiny Chest","Sword Boomerang"],"campfire_rested":0,"item_purchase_floors":[7,10,13],"current_hp_per_floor":[81,81,83,83,85,61,61,43,43,43,35,35,35,41,41,0,0],"gold":46,"neow_bonus":"RANDOM_EVENT","is_daily":false,"chose_seed":false,"campfire_upgraded":1,"win_rate":0.0,"timestamp":1614256406,"path_taken":["M","?","M","?","?","E","?","E","T","$","?","R","$","M","R","BOSS"],"items_purchased_type":["Relic","Relic","Card"],"build_version":"2020-12-22","purchased_purges":1,"victory":false,"max_hp_per_floor":[85,85,85,85,85,85,85,85,85,85,85,85,85,85,85,85,85],"card_choices":[{"not_picked":["Searing Blow","Armaments"],"picked":"Pommel Strike","floor":1.0},{"not_picked":["Armaments","ReplayTheSpireMod:Strike From Hell"],"picked":"Thunderclap","floor":3.0},{"not_picked":["Wild Strike","Warcry"],"picked":"Thunderclap","floor":5.0},{"not_picked":["Metallicize","ReplayTheSpireMod:Limb From Limb"],"picked":"Demon Form","floor":6.0},{"not_picked":["Warcry","Second Wind"],"picked":"Berserk","floor":8.0},{"not_picked":["Clash","Wild Strike"],"picked":"Cleave","floor":11.0},{"not_picked":["Feel No Pain","hubris:ReadiedAction"],"picked":"Perfected Strike","floor":14}],"player_experience":3258273,"relics_obtained":[{"floor":6.0,"key":"infinitespire:Midas Blood"},{"floor":8.0,"key":"Replay:Bottled Eggs"}],"event_choices":[{"damage_healed":0.0,"max_hp_gain":5.0,"max_hp_loss":0.0,"gold_gain":0.0,"event_name":"Big Fish","player_choice":"Donut","floor":0.0,"gold_loss":0.0,"damage_taken":0.0},{"damage_healed":0.0,"max_hp_gain":0.0,"max_hp_loss":0.0,"gold_gain":0.0,"event_name":"Accursed Blacksmith","player_choice":"Forge","floor":4.0,"gold_loss":0.0,"damage_taken":0.0,"cards_upgraded":["Bash"]}],"is_beta":false,"boss_relics":[],"items_purged_floors":[7],"is_endless":false,"potions_floor_spawned":[5,6,8],"killed_by":"Hexaghost","ascension_level":12}}