{"host":"2up8t251fm2ulv98","time":1614271141,"event":{"mods":["Act Like it!","BaseMod","BetterRewards","Colored Map","Colored Powertips","Hallownest","Minty Spire (QoL Compilation)","Quick Restart","Reimu£®≤©¿ˆ¡È√Œ£©","StSLib","°æπ¶ƒ‹Mod°øªÏ„Á÷Æª∑–ﬁ∏¥≤π∂°"],"gold_per_floor":[112,1,19,39,54,85,85,98,144,144,171,171,184,92,92,187,187,198,208,222,232,232,232,232],"floor_reached":23,"language":"ZHS","playtime":2784,"items_purged":["Defend_Lin:ReiMu"],"score":205,"play_id":"56cc64fa-d294-4161-92e2-5869f82bdfdf","local_time":"20210226003901","is_ascension_mode":false,"campfire_choices":[{"data":"DependentForm:ReiMu","floor":7.0,"key":"SMITH"},{"data":"InherentArray:ReiMu","floor":15,"key":"SMITH"}],"circlet_count":0,"master_deck":["Strike_Lin:ReiMu","Strike_Lin:ReiMu","Strike_Lin:ReiMu","Defend_Lin:ReiMu","Defend_Lin:ReiMu","NB:ReiMu","Stagnation:ReiMu","EmergencyTakeOff:ReiMu","KamiSacrifice:ReiMu","UpKicking:ReiMu","Mountainwind:ReiMu","ManaGlint:ReiMu","DependentForm:ReiMu+1","InherentArray:ReiMu+1","SpringWay:ReiMu","Trip","OctopathBindingBorder2:ReiMu","CeremonyResonance:ReiMu","SafetyPray:ReiMu","Deep Breath","PrayRite:ReiMu","NineCharacters:ReiMu+1","ShadowOfCrow2:ReiMu"],"relics":["FlyPower:ReiMu","NeowsBlessing","Torii","Lantern","StrikeDummy","Empty Cage","Centennial Puzzle"],"acts_visited":["Exordium","TheCity"],"potions_floor_usage":[14,21,23],"damage_taken":[{"damage":0.0,"enemies":"Small Slimes","floor":1.0,"turns":1.0},{"damage":0.0,"enemies":"Jaw Worm","floor":3.0,"turns":1.0},{"damage":0.0,"enemies":"Cultist","floor":4.0,"turns":1.0},{"damage":12.0,"enemies":"Blue Slaver","floor":5.0,"turns":5.0},{"damage":21.0,"enemies":"Lagavulin","floor":6.0,"turns":9.0},{"damage":1.0,"enemies":"3 Louse","floor":8.0,"turns":4.0},{"damage":12.0,"enemies":"3 Sentries","floor":11.0,"turns":6.0},{"damage":1,"enemies":"Looter","floor":13,"turns":3},{"damage":7,"enemies":"Slime Boss","floor":16,"turns":7},{"damage":10,"enemies":"Spheric Guardian","floor":18,"turns":6},{"damage":14,"enemies":"Chosen","floor":19,"turns":6},{"damage":17,"enemies":"Snake Plant","floor":20,"turns":7},{"damage":25,"enemies":"Centurion and Healer","floor":21,"turns":7},{"damage":7,"enemies":"Book of Stabbing","floor":23,"turns":5}],"seed_played":"5812494402119167871","potions_obtained":[{"floor":3.0,"key":"MagicPotion:ReiMu"},{"floor":6.0,"key":"LiquidBronze"},{"floor":13,"key":"Fruit Juice"},{"floor":16,"key":"Energy Potion"},{"floor":18,"key":"FearPotion"},{"floor":21,"key":"LiquidMemories"}],"is_trial":false,"path_per_floor":["M","$","M","M","M","E","R","M","T","?","E","?","M","$","R","B",null,"M","M","M","M","?","E"],"character_chosen":"REIMU","items_purchased":["KamiSacrifice:ReiMu","Deep Breath"],"campfire_rested":0,"item_purchase_floors":[2,14],"current_hp_per_floor":[65,65,65,65,53,32,32,31,31,36,24,24,23,28,28,21,75,65,51,34,9,9,2,2],"gold":232,"neow_bonus":"THREE_ENEMY_KILL","is_daily":false,"chose_seed":false,"campfire_upgraded":2,"win_rate":0.0,"timestamp":1614271141,"path_taken":["M","$","M","M","M","E","R","M","T","?","E","?","?","$","R","BOSS","M","M","M","M","?","E"],"items_purchased_type":["Card","Card"],"build_version":"2020-12-22","purchased_purges":1,"victory":false,"max_hp_per_floor":[65,65,65,65,65,65,65,65,65,70,70,70,70,75,75,75,75,75,75,75,75,75,75,75],"card_choices":[{"not_picked":["SubAcupoint:ReiMu","Enchanting:ReiMu"],"picked":"EmergencyTakeOff:ReiMu","floor":1.0},{"not_picked":["WonderfulDomain:ReiMu","Meditation:ReiMu"],"picked":"UpKicking:ReiMu","floor":3.0},{"not_picked":["EmergencyTakeOff:ReiMu","Conquer:ReiMu"],"picked":"Mountainwind:ReiMu","floor":4.0},{"not_picked":["CareerPray:ReiMu","AlertArray:ReiMu"],"picked":"ManaGlint:ReiMu","floor":5.0},{"not_picked":["Mountainwind:ReiMu","YinYangSange:ReiMu"],"picked":"DependentForm:ReiMu","floor":6.0},{"not_picked":["SafetyPray:ReiMu","Enchanting:ReiMu"],"picked":"InherentArray:ReiMu","floor":8.0},{"not_picked":["SubAcupoint:ReiMu","AirStrike:ReiMu","EmergencyTakeOff:ReiMu"],"picked":"SKIP","floor":11.0},{"not_picked":["Conquer:ReiMu","SpreadBorder2:ReiMu"],"picked":"SafetyPray:ReiMu","floor":13},{"not_picked":["Shading:ReiMu","OctopathSalyBorderN:ReiMu"],"picked":"PrayRite:ReiMu","floor":16},{"not_picked":["CollectionFlower2:ReiMu+1","Enchanting:ReiMu","Intuition:ReiMu"],"picked":"SKIP","floor":18},{"not_picked":["RainPray2:ReiMu","YinYangSange:ReiMu"],"picked":"NineCharacters:ReiMu+1","floor":19},{"not_picked":["SafetyPray:ReiMu","CareerPray:ReiMu+1","AirStrike:ReiMu"],"picked":"SKIP","floor":20},{"not_picked":["LearningPray:ReiMu","SubAcupoint:ReiMu"],"picked":"ShadowOfCrow2:ReiMu","floor":21}],"player_experience":659138,"relics_obtained":[{"floor":6.0,"key":"Torii"},{"floor":9.0,"key":"Lantern"},{"floor":11.0,"key":"StrikeDummy"}],"event_choices":[{"damage_healed":0.0,"max_hp_gain":5.0,"max_hp_loss":0.0,"gold_gain":0.0,"event_name":"Big Fish","player_choice":"Donut","floor":10.0,"gold_loss":0.0,"damage_taken":0.0},{"damage_healed":0,"gold_gain":0,"player_choice":"4 cards matched","damage_taken":0,"max_hp_gain":0,"max_hp_loss":0,"event_name":"Match and Keep!","floor":12,"gold_loss":0,"cards_obtained":["SpringWay:ReiMu","Trip","OctopathBindingBorder2:ReiMu","CeremonyResonance:ReiMu"]},{"damage_healed":0,"gold_gain":0,"player_choice":"Opened","damage_taken":0,"relics_obtained":["Centennial Puzzle"],"max_hp_gain":0,"max_hp_loss":0,"event_name":"The Mausoleum","floor":22,"gold_loss":0}],"is_beta":false,"boss_relics":[{"not_picked":["Cursed Key","Runic Dome"],"picked":"Empty Cage"}],"items_purged_floors":[2],"is_endless":false,"potions_floor_spawned":[3,6,13,16,18,19,21],"killed_by":"Book of Stabbing","ascension_level":0}}