{"host":"nuu0xlk1bpqu5s2n","time":1614224653,"event":{"mods":["AchievementEnabler","BaseMod","Minty Spire (QoL Compilation)","StSLib"],"gold_per_floor":[112,123,123,48,60,87,87,87,112,112,140,140,154,165,165,165,165],"floor_reached":16,"language":"ENG","playtime":835,"items_purged":[],"score":200,"play_id":"1e65f68c-fb05-4462-8024-47e74ea682a7","local_time":"20210225054413","is_ascension_mode":true,"campfire_choices":[{"floor":7,"key":"REST"},{"data":"Flame Barrier","floor":10,"key":"SMITH"},{"data":"Blood for Blood","floor":12,"key":"SMITH"},{"data":"Disarm","floor":15,"key":"SMITH"}],"circlet_count":0,"master_deck":["AscendersBane","Strike_R","Strike_R","Strike_R","Strike_R","Defend_R","Defend_R","Defend_R","Defend_R","Bash","Flame Barrier+1","Shrug It Off","Disarm","Blood for Blood+1","Disarm+1"],"relics":["Burning Blood","Ancient Tea Set","Anchor","Odd Mushroom"],"acts_visited":["Exordium"],"potions_floor_usage":[6,16,16,16,16],"damage_taken":[{"damage":5,"enemies":"2 Louse","floor":1,"turns":3},{"damage":4,"enemies":"Jaw Worm","floor":2,"turns":6},{"damage":6,"enemies":"Small Slimes","floor":5,"turns":7},{"damage":54,"enemies":"3 Sentries","floor":6,"turns":17},{"damage":23,"enemies":"The Mushroom Lair","floor":11,"turns":9},{"damage":4,"enemies":"Looter","floor":13,"turns":4},{"damage":12,"enemies":"Large Slime","floor":14,"turns":12},{"damage":33,"enemies":"Hexaghost","floor":16,"turns":14}],"seed_played":"-7657976872205088617","potions_obtained":[{"floor":5,"key":"AttackPotion"},{"floor":6,"key":"EntropicBrew"},{"floor":11,"key":"Ancient Potion"}],"is_trial":false,"path_per_floor":["M","M","?","?","M","E","R","$","T","R","?","R","M","M","R","B"],"character_chosen":"IRONCLAD","items_purchased":[],"campfire_rested":1,"item_purchase_floors":[],"current_hp_per_floor":[76,78,78,78,78,30,54,54,54,54,37,37,39,33,33,0,0],"gold":165,"neow_bonus":"TEN_PERCENT_HP_BONUS","is_daily":false,"chose_seed":false,"campfire_upgraded":3,"win_rate":0.0,"timestamp":1614224653,"path_taken":["M","M","?","?","M","E","R","$","T","R","?","R","M","M","R","BOSS"],"items_purchased_type":[],"build_version":"2020-12-22","purchased_purges":0,"victory":false,"max_hp_per_floor":[82,82,82,82,82,82,82,82,82,82,82,82,82,82,82,82,82],"card_choices":[{"not_picked":["Thunderclap","Intimidate"],"picked":"Flame Barrier","floor":1},{"not_picked":["Searing Blow","True Grit"],"picked":"Shrug It Off","floor":2},{"not_picked":["True Grit","Rupture","Reckless Charge"],"picked":"SKIP","floor":5},{"not_picked":["Cleave","Clash"],"picked":"Disarm","floor":6},{"not_picked":["Thunderclap","Body Slam"],"picked":"Blood for Blood","floor":11},{"not_picked":["Entrench","Double Tap"],"picked":"Disarm","floor":13},{"not_picked":["Clash","Sentinel","Thunderclap"],"picked":"SKIP","floor":14}],"player_experience":572698,"relics_obtained":[{"floor":6,"key":"Ancient Tea Set"},{"floor":9,"key":"Anchor"},{"floor":11,"key":"Odd Mushroom"}],"event_choices":[{"damage_healed":0,"gold_gain":0,"player_choice":"Ignored","damage_taken":0,"max_hp_gain":0,"max_hp_loss":0,"event_name":"Golden Wing","floor":3,"gold_loss":0},{"cards_removed":["Strike_R"],"damage_healed":0,"gold_gain":0,"player_choice":"Card Removal","damage_taken":0,"max_hp_gain":0,"max_hp_loss":0,"event_name":"The Cleric","floor":4,"gold_loss":75},{"damage_healed":0,"gold_gain":0,"player_choice":"Fought Mushrooms","damage_taken":0,"max_hp_gain":0,"max_hp_loss":0,"event_name":"Mushrooms","floor":11,"gold_loss":0}],"is_beta":false,"boss_relics":[],"items_purged_floors":[],"is_endless":false,"potions_floor_spawned":[5,6,11],"killed_by":"Hexaghost","ascension_level":20}}