{"host":"dowi7cgbhepuzvpj","time":1614243366,"event":{"mods":["AchievementEnabler","BaseMod","Colored Map","Keyboard Shortcuts","Minty Spire (QoL Compilation)","Permanent Neow","Quick Restart","StSLib","SuperFastMode"],"gold_per_floor":[69,19,19,40,61,61,61,74,107,153,174,197,197,215,246,246,340,340,360,360,372,372,76,76,76],"floor_reached":23,"language":"KOR","playtime":629,"items_purged":["Strike_P"],"score":487,"play_id":"bd3df037-af99-44ac-9baf-30c79bb1ceec","local_time":"20210225175606","is_ascension_mode":true,"campfire_choices":[{"data":"Apotheosis","floor":6,"key":"SMITH"},{"data":"Study","floor":12,"key":"SMITH"},{"floor":15,"key":"REST"}],"circlet_count":0,"master_deck":["AscendersBane","Strike_P","Strike_P","Strike_P","Defend_P","Defend_P","Defend_P","Defend_P","Eruption","Vigilance","Apotheosis+1","Tantrum","Study+1","MentalFortress","EmptyFist","LikeWater","Blasphemy","LessonLearned","InnerPeace"],"relics":["PureWater","Bloody Idol","The Courier","Anchor","Smiling Mask","Sozu","Mango"],"acts_visited":["Exordium","TheCity"],"potions_floor_usage":[13,13,16,16,16],"damage_taken":[{"damage":10.0,"enemies":"Small Slimes","floor":1.0,"turns":4.0},{"damage":0.0,"enemies":"2 Louse","floor":3.0,"turns":1.0},{"damage":0.0,"enemies":"Cultist","floor":4.0,"turns":2.0},{"damage":0,"enemies":"2 Fungi Beasts","floor":7,"turns":3},{"damage":0,"enemies":"Lagavulin","floor":8,"turns":5},{"damage":0,"enemies":"3 Louse","floor":10,"turns":3},{"damage":1,"enemies":"Exordium Wildlife","floor":11,"turns":4},{"damage":1,"enemies":"Red Slaver","floor":13,"turns":4},{"damage":16,"enemies":"Gremlin Nob","floor":14,"turns":3},{"damage":0,"enemies":"The Guardian","floor":16,"turns":9},{"damage":27,"enemies":"2 Thieves","floor":18,"turns":4},{"damage":30,"enemies":"3 Byrds","floor":20,"turns":5},{"damage":30,"enemies":"Slavers","floor":23,"turns":3}],"seed_played":"-3509567771245287415","potions_obtained":[{"floor":7,"key":"SteroidPotion"},{"floor":8,"key":"LiquidMemories"},{"floor":13,"key":"SteroidPotion"},{"floor":14,"key":"EntropicBrew"}],"is_trial":false,"path_per_floor":["M","?","M","M","?","R","M","E","T","M","M","R","M","E","R","B",null,"M","?","M","?","$","E"],"character_chosen":"WATCHER","items_purchased":["Mango"],"campfire_rested":1,"item_purchase_floors":[22],"current_hp_per_floor":[6,51,28,28,28,28,28,28,28,28,28,27,27,26,10,30,30,59,32,32,7,7,21,0,0],"gold":76,"neow_bonus":"RANDOM_COLORLESS_2","is_daily":false,"chose_seed":false,"campfire_upgraded":2,"win_rate":0.0,"timestamp":1614243366,"path_taken":["M","?","M","M","?","R","M","E","T","?","M","R","M","E","R","BOSS","M","?","M","?","?","E"],"items_purchased_type":["Relic"],"build_version":"2020-12-22","purchased_purges":1,"victory":false,"max_hp_per_floor":[68,68,68,68,68,68,68,68,68,68,68,68,68,68,68,68,68,68,68,68,68,68,82,82,82],"card_choices":[{"not_picked":["Violence","Magnetism"],"picked":"Apotheosis","floor":0.0},{"not_picked":["SashWhip","Consecrate"],"picked":"Tantrum","floor":1.0},{"not_picked":["WheelKick","BowlingBash","JustLucky"],"picked":"SKIP","floor":3.0},{"not_picked":["PathToVictory","FlyingSleeves","WheelKick"],"picked":"SKIP","floor":4.0},{"not_picked":["Halt","Crescendo"],"picked":"Study","floor":7},{"not_picked":["Collect","PathToVictory"],"picked":"MentalFortress","floor":8},{"not_picked":["Fasting2","Tantrum"],"picked":"EmptyFist","floor":10},{"not_picked":["CrushJoints","Protect","Crescendo"],"picked":"SKIP","floor":11},{"not_picked":["EmptyFist","Crescendo"],"picked":"LikeWater","floor":13},{"not_picked":["ForeignInfluence","Prostrate"],"picked":"Blasphemy","floor":14},{"not_picked":["Devotion","Wish"],"picked":"LessonLearned","floor":16},{"not_picked":["BowlingBash","WreathOfFlame+1","EmptyFist"],"picked":"SKIP","floor":18},{"not_picked":["ClearTheMind+1","Conclude"],"picked":"InnerPeace","floor":20}],"player_experience":909604,"relics_obtained":[{"floor":8,"key":"The Courier"},{"floor":9,"key":"Anchor"},{"floor":14,"key":"Smiling Mask"}],"event_choices":[{"damage_healed":0.0,"max_hp_gain":0.0,"max_hp_loss":0.0,"gold_gain":0.0,"event_name":"Golden Idol","player_choice":"Take Damage","floor":2.0,"gold_loss":0.0,"damage_taken":23.0,"relics_obtained":["Golden Idol"]},{"damage_healed":0,"gold_gain":0,"player_choice":"0 cards matched","damage_taken":0,"max_hp_gain":0,"max_hp_loss":0,"event_name":"Match and Keep!","floor":5,"gold_loss":0,"cards_obtained":[]},{"damage_healed":0,"gold_gain":0,"player_choice":"Gave Idol","damage_taken":0,"relics_obtained":["Bloody Idol"],"max_hp_gain":0,"max_hp_loss":0,"event_name":"Forgotten Altar","floor":19,"relics_lost":["Golden Idol"],"gold_loss":0},{"damage_healed":0,"gold_gain":0,"player_choice":"Ignored","damage_taken":0,"max_hp_gain":0,"max_hp_loss":0,"event_name":"Ghosts","floor":21,"gold_loss":0}],"is_beta":false,"boss_relics":[{"not_picked":["Coffee Dripper","SlaversCollar"],"picked":"Sozu"}],"items_purged_floors":[22],"is_endless":false,"potions_floor_spawned":[7,8,11,13,14,20],"killed_by":"Slavers","ascension_level":15}}