{"host":"zksvs3x2ysy9npnz","time":1614288305,"event":{"mods":["Aspiration","BaseMod","Beaked The Cultist","BetterRewards","Clockwork Mod","Colored Map","Conspire","Downfall","Halation","Highlight Path","Hubris","Infinite Spire","Jedi Mod","Magitek Elite","Minty Spire (QoL Compilation)","Permanent Neow","Quick Restart","Relic Stats","Shop Mod","StSLib","The Runesmith","The Witch"],"gold_per_floor":[112,112,6,6,16,46,46,72,72,105,105,118,118,129,129,208,208,225,225,239,239,239,239],"floor_reached":22,"language":"FRA","playtime":1363,"items_purged":[],"score":336,"play_id":"fffc8ce1-9f72-46ba-9e44-c3f1d87d5142","local_time":"20210225222505","is_ascension_mode":true,"campfire_choices":[{"floor":7,"key":"REST"},{"floor":11,"key":"REST"},{"data":"SummonToadFamiliar","floor":15,"key":"SMITH"}],"circlet_count":0,"master_deck":["AscendersBane","Strike_Witch","Strike_Witch","Strike_Witch","Strike_Witch","Defend_Witch","Defend_Witch","Defend_Witch","Defend_Witch","Hexguard","ZombieSpit","Foresight","Athame","WickedThoughts","SummonToadFamiliar+1","PlagueSpreader","Twitch","Shrooms","MercuryWand","Twitch","Decay","RoilingBarrier","Writhe"],"relics":["BlackCat","aspiration:Nostalgia","Cracked Core","halation:EternalFortune","Regal Pillow","Ancient Tea Set","hexamod:BolsterEngine","halation:TwoAmDonut","PetCage","halation:HeavySnake","PreservedInsect"],"acts_visited":["Exordium","TheCity"],"potions_floor_usage":[18,20],"damage_taken":[{"damage":4,"enemies":"Jaw Worm","floor":1,"turns":5},{"damage":0,"enemies":"2 Louse","floor":5,"turns":4},{"damage":48,"enemies":"Gremlin Nob","floor":6,"turns":6},{"damage":26,"enemies":"3 Sentries","floor":10,"turns":14},{"damage":0,"enemies":"Small Slimes","floor":12,"turns":4},{"damage":3,"enemies":"Looter","floor":14,"turns":3},{"damage":24,"enemies":"Hexaghost","floor":16,"turns":14},{"damage":18,"enemies":"3 Byrds","floor":18,"turns":6},{"damage":6,"enemies":"Chosen","floor":20,"turns":6},{"damage":41,"enemies":"3 Cultists","floor":22,"turns":5}],"seed_played":"6577073251077118290","potions_obtained":[{"floor":6,"key":"Explosive Potion"},{"floor":10,"key":"jedi:holywater"},{"floor":20,"key":"Dexterity Potion"}],"is_trial":false,"path_per_floor":["M","?","$","?","M","E","R","T","T","E","R","M","T","M","R","B",null,"M","?","M","?","M"],"character_chosen":"WITCH","items_purchased":["Athame","WickedThoughts"],"campfire_rested":2,"item_purchase_floors":[3,3],"current_hp_per_floor":[53,53,53,56,56,8,42,42,42,16,50,50,50,47,47,23,55,37,37,31,31,0,0],"gold":239,"neow_bonus":"NOSTALGIA","is_daily":false,"chose_seed":false,"campfire_upgraded":1,"win_rate":0.0,"timestamp":1614288305,"path_taken":["M","?","?","?","M","E","R","?","T","E","R","?","?","M","R","BOSS","M","?","M","?","?"],"items_purchased_type":["Card","Card"],"build_version":"2020-12-22","purchased_purges":0,"victory":false,"max_hp_per_floor":[63,63,63,66,66,66,66,66,66,66,66,66,66,66,66,66,66,66,66,66,66,66,66],"relic_stats":{"Regal Pillow":30,"counters":[10,67],"PreservedInsect":0,"obtain_stats":[{"Regal Pillow":6,"aspiration:Nostalgia":0,"PetCage":13,"halation:EternalFortune":4,"PreservedInsect":21,"halation:TwoAmDonut":10,"hexamod:BolsterEngine":9,"Cracked Core":0,"Ancient Tea Set":8,"BlackCat":0,"halation:HeavySnake":17},{"Regal Pillow":3,"aspiration:Nostalgia":0,"PetCage":5,"halation:EternalFortune":1,"PreservedInsect":9,"halation:TwoAmDonut":4,"hexamod:BolsterEngine":3,"Cracked Core":0,"Ancient Tea Set":3,"BlackCat":0,"halation:HeavySnake":7},{"Regal Pillow":15,"aspiration:Nostalgia":0,"PetCage":33,"halation:EternalFortune":5,"PreservedInsect":62,"halation:TwoAmDonut":29,"hexamod:BolsterEngine":15,"Cracked Core":0,"Ancient Tea Set":15,"BlackCat":0,"halation:HeavySnake":50}]},"card_choices":[{"not_picked":["Broomstick","BoneCarving"],"picked":"Foresight","floor":1},{"not_picked":["Puncture","SoulBarrier"],"picked":"SummonToadFamiliar","floor":5},{"not_picked":["Demonfyre","Thundercloud"],"picked":"PlagueSpreader","floor":6},{"not_picked":["Thundercloud","SummonBatFamiliar"],"picked":"Twitch","floor":10},{"not_picked":["WickedThoughts","KarmaDrain"],"picked":"Shrooms","floor":12},{"not_picked":["GnarledBody","BoneCarving"],"picked":"MercuryWand","floor":14},{"not_picked":["DireShriek","BloodSabbath"],"picked":"Twitch","floor":16},{"not_picked":["BalefulWard","Foresight","PlagueSpreader"],"picked":"SKIP","floor":18},{"not_picked":["WretchedNails","SoulBarrier"],"picked":"RoilingBarrier","floor":20}],"player_experience":1961788,"relics_obtained":[{"floor":6,"key":"Regal Pillow"},{"floor":8,"key":"Ancient Tea Set"},{"floor":9,"key":"hexamod:BolsterEngine"},{"floor":10,"key":"halation:TwoAmDonut"},{"floor":13,"key":"PetCage"}],"event_choices":[{"damage_healed":0,"gold_gain":0,"player_choice":"Disagree","damage_taken":0,"max_hp_gain":0,"max_hp_loss":0,"event_name":"conspire:LoneGhost","floor":2,"gold_loss":0},{"damage_healed":0,"gold_gain":0,"player_choice":"Smashed Altar","damage_taken":0,"max_hp_gain":0,"max_hp_loss":0,"event_name":"Forgotten Altar","floor":19,"gold_loss":0,"cards_obtained":["Decay"]},{"damage_healed":0,"gold_gain":0,"player_choice":"Opened","damage_taken":0,"relics_obtained":["PreservedInsect"],"max_hp_gain":0,"max_hp_loss":0,"event_name":"The Mausoleum","floor":21,"gold_loss":0,"cards_obtained":["Writhe"]}],"is_beta":false,"boss_relics":[{"not_picked":["aspiration:RitualDagger","Black Star"],"picked":"halation:HeavySnake"}],"items_purged_floors":[],"is_endless":false,"potions_floor_spawned":[6,10,14,16,20],"killed_by":"3 Cultists","ascension_level":15}}