{"host":"dkr0dog13pegamnp","time":1614238056,"event":{"mods":["AchievementEnabler","BaseMod","Minty Spire (QoL Compilation)","Rare Cards Sparkle","StSLib","SuperFastMode","everything is the same but u backflip on backflip"],"gold_per_floor":[117,137,137,162,175,175,210,210,210,248,248,248,248,266,266,359,359,382,401,401,425,425,425],"floor_reached":22,"language":"KOR","playtime":558,"items_purged":[],"score":316,"play_id":"b8b680d3-08cf-4f4a-85b3-89f5c4ea8e9e","local_time":"20210225162736","is_ascension_mode":true,"campfire_choices":[{"data":"Blade Dance","floor":6.0,"key":"SMITH"},{"floor":11,"key":"REST"},{"data":"Backstab","floor":13,"key":"SMITH"},{"data":"Survivor","floor":15,"key":"SMITH"}],"circlet_count":0,"master_deck":["AscendersBane","Survivor+1","Neutralize+1","Backstab+1","Blade Dance+1","After Image","A Thousand Cuts","Die Die Die","Caltrops","Bouncing Flask","Dagger Throw","Glass Knife","A Thousand Cuts","Prepared","Caltrops","Noxious Fumes","Backflip","Terror"],"relics":["Ring of the Snake","Strawberry","Golden Idol","Ninja Scroll","InkBottle","Odd Mushroom","Pandora\u0027s Box","Eternal Feather"],"acts_visited":["Exordium","TheCity"],"potions_floor_usage":[16,16],"damage_taken":[{"damage":2.0,"enemies":"Small Slimes","floor":1.0,"turns":4.0},{"damage":0.0,"enemies":"2 Louse","floor":2.0,"turns":4.0},{"damage":1.0,"enemies":"Cultist","floor":4.0,"turns":4.0},{"damage":2.0,"enemies":"Lots of Slimes","floor":5.0,"turns":6.0},{"damage":18.0,"enemies":"Lagavulin","floor":7.0,"turns":6.0},{"damage":1,"enemies":"The Mushroom Lair","floor":10,"turns":4},{"damage":0,"enemies":"Exordium Wildlife","floor":14,"turns":2},{"damage":3,"enemies":"Slime Boss","floor":16,"turns":8},{"damage":8,"enemies":"Chosen","floor":18,"turns":3},{"damage":15,"enemies":"Shell Parasite","floor":19,"turns":4},{"damage":27,"enemies":"Sentry and Sphere","floor":21,"turns":4},{"damage":14,"enemies":"Centurion and Healer","floor":22,"turns":1}],"seed_played":"-521225956760048507","potions_obtained":[{"floor":2.0,"key":"FearPotion"},{"floor":7.0,"key":"CultistPotion"},{"floor":10,"key":"DuplicationPotion"},{"floor":21,"key":"BlessingOfTheForge"}],"is_trial":false,"path_per_floor":["M","M","?","M","M","R","E","?","T","?","R","?","R","M","R","B",null,"M","M","T","M","M"],"character_chosen":"THE_SILENT","items_purchased":[],"campfire_rested":1,"item_purchase_floors":[],"current_hp_per_floor":[64,64,46,45,43,43,25,10,10,9,30,30,30,30,30,27,62,54,39,39,12,0,0],"gold":425,"neow_bonus":"RANDOM_COMMON_RELIC","is_daily":false,"chose_seed":false,"campfire_upgraded":3,"win_rate":0.0,"timestamp":1614238056,"path_taken":["M","M","?","M","M","R","E","?","T","?","R","?","R","M","R","BOSS","M","M","?","M","M"],"items_purchased_type":[],"build_version":"2020-12-22","purchased_purges":0,"victory":false,"max_hp_per_floor":[73,73,73,73,73,73,73,73,73,73,73,73,73,73,73,73,73,73,73,73,73,73,73],"card_choices":[{"not_picked":["Underhanded Strike","Skewer","Dagger Throw"],"picked":"SKIP","floor":1.0},{"not_picked":["Deflect","Acrobatics"],"picked":"Backstab","floor":2.0},{"not_picked":["Dagger Spray","Dagger Throw"],"picked":"Blade Dance","floor":4.0},{"not_picked":["Glass Knife","Dodge and Roll","PiercingWail"],"picked":"SKIP","floor":5.0},{"not_picked":["Skewer","Deadly Poison","Choke"],"picked":"SKIP","floor":7.0},{"not_picked":["Dagger Throw","Bane","Sucker Punch"],"picked":"SKIP","floor":14},{"not_picked":["Tools of the Trade","Malaise"],"picked":"After Image","floor":16},{"not_picked":["Flying Knee","Slice+1"],"picked":"Backflip","floor":18},{"not_picked":["Dodge and Roll+1","Deadly Poison"],"picked":"Terror","floor":19},{"not_picked":["Leg Sweep+1","Dash","Quick Slash"],"picked":"SKIP","floor":21}],"player_experience":109018,"relics_obtained":[{"floor":7.0,"key":"Ninja Scroll"},{"floor":9.0,"key":"InkBottle"},{"floor":10,"key":"Odd Mushroom"},{"floor":20,"key":"Eternal Feather"}],"event_choices":[{"damage_healed":0.0,"max_hp_gain":0.0,"max_hp_loss":0.0,"gold_gain":0.0,"event_name":"Golden Idol","player_choice":"Take Damage","floor":3.0,"gold_loss":0.0,"damage_taken":18.0,"relics_obtained":["Golden Idol"]},{"damage_healed":0.0,"max_hp_gain":0.0,"max_hp_loss":0.0,"gold_gain":0.0,"event_name":"Shining Light","player_choice":"Entered Light","floor":8.0,"gold_loss":0.0,"damage_taken":15.0,"cards_upgraded":["Strike_G","Neutralize"]},{"damage_healed":0,"gold_gain":0,"player_choice":"Fought Mushrooms","damage_taken":0,"max_hp_gain":0,"max_hp_loss":0,"event_name":"Mushrooms","floor":10,"gold_loss":0},{"damage_healed":0,"gold_gain":0,"player_choice":"Bought 0 Potions","damage_taken":0,"max_hp_gain":0,"max_hp_loss":0,"event_name":"The Woman in Blue","floor":12,"gold_loss":0}],"is_beta":false,"boss_relics":[{"not_picked":["Fusion Hammer","Runic Dome"],"picked":"Pandora\u0027s Box"}],"items_purged_floors":[],"is_endless":false,"potions_floor_spawned":[2,7,10,21],"killed_by":"Centurion and Healer","ascension_level":14}}