{"host":"1y3caoxlf2txzqg0","time":1614277367,"event":{"mods":["Alarm Clock","BaseMod","Colored Map","DeckTracker","Downfall","GifTheSpireLib","Minty Spire (QoL Compilation)","Rare Cards Sparkle","Relic Stats","Spire Birthday Party","StSLib"],"gold_per_floor":[0,18,37,37,22,48,71,82,115,129,129,29,51,71,86,190,190,90,101,117,117,128,28,52,52,43,86,140,140,175,220,240,240,240,240],"floor_reached":33,"language":"DEU","playtime":6256,"items_purged":[],"score":339,"play_id":"09ab39bc-c86b-46eb-bcdd-bf49818f9cbf","local_time":"20210225192247","is_ascension_mode":true,"campfire_choices":[{"floor":1.0,"key":"RECALL"},{"floor":12.0,"key":"REST"},{"data":"hexamod:Defend","floor":18.0,"key":"PURGE"},{"floor":23.0,"key":"REST"},{"data":"Pain","floor":25.0,"key":"PURGE"},{"data":"hexamod:Defend","floor":29,"key":"PURGE"}],"circlet_count":0,"master_deck":["hexamod:Strike","hexamod:Strike","hexamod:Strike+1","hexamod:Strike","hexamod:Defend+1","hexamod:Sear","hexamod:Float","hexamod:FlamesFromBeyond","hexamod:FastForward+1","hexamod:InspiringFlames","hexamod:SecondSeal","hexamod:HauntingEcho","hexamod:EmpoweredFlame","hexamod:ForkedFlame+1","hexamod:SpectersWail","hexamod:ShieldOfDarkness+1","hexamod:SixthSeal","hexamod:FourthSeal","hexamod:FifthSeal","hexamod:ThirdSeal","hexamod:HeatCrush+1","hexamod:FirstSeal","hexamod:GhostShield+1","hexamod:FourthSeal","hexamod:PowerFromBeyond","hexamod:FirstSeal","hexamod:GhostflameBarrier","hexamod:GhostOfSpirePresent","hexamod:Incineration","hexamod:BacktrackSmack+1","hexamod:HeatCrush+1","hexamod:DynamicBlow+1","hexamod:SixthSeal","hexamod:NightmareGuise","hexamod:FourthSeal","hexamod:SoulSteal","hexamod:InspiringFlames+1","hexamod:GhostOfSpirePast"],"relics":["hexamod:SpiritBrand","Peace Pipe","InkBottle","Vajra","downfall:HeartBlessingBlue","Fusion Hammer","downfall:HeartBlessingGreen","Akabeko","downfall:HeartBlessingRed","CeramicFish","Potion Belt"],"acts_visited":["Exordium","TheCity"],"potions_floor_usage":[28,28,30,31,31,32,33,33,33,33,33,33,33],"damage_taken":[{"damage":0.0,"enemies":"Small Slimes","floor":2.0,"turns":4.0},{"damage":0.0,"enemies":"Cultist","floor":3.0,"turns":3.0},{"damage":0.0,"enemies":"downfall:FleeingMerchant","floor":5.0,"turns":4.0},{"damage":0.0,"enemies":"2 Louse","floor":6.0,"turns":3.0},{"damage":10.0,"enemies":"downfall:LooterAlt","floor":8.0,"turns":3.0},{"damage":24.0,"enemies":"Lagavulin","floor":9.0,"turns":7.0},{"damage":8.0,"enemies":"Red Slaver","floor":10.0,"turns":3.0},{"damage":3.0,"enemies":"Gremlin Gang","floor":13.0,"turns":3.0},{"damage":10.0,"enemies":"Exordium Thugs","floor":14.0,"turns":3.0},{"damage":0.0,"enemies":"Blue Slaver","floor":15.0,"turns":3.0},{"damage":15.0,"enemies":"WA_ARCHETYPE_RETAIN","floor":16.0,"turns":6.0},{"damage":10.0,"enemies":"Shell Parasite","floor":19.0,"turns":3.0},{"damage":9.0,"enemies":"3 Byrds","floor":20.0,"turns":5.0},{"damage":18.0,"enemies":"Cultist and Chosen","floor":22.0,"turns":6.0},{"damage":10.0,"enemies":"downfall:FleeingMerchant","floor":26.0,"turns":4.0},{"damage":11.0,"enemies":"Book of Stabbing","floor":27.0,"turns":3.0},{"damage":20,"enemies":"Centurion and Healer","floor":28,"turns":6},{"damage":40,"enemies":"Shelled Parasite and Fungi","floor":30,"turns":3},{"damage":12,"enemies":"Sentry and Sphere","floor":31,"turns":6},{"damage":0,"enemies":"Snake Plant","floor":32,"turns":2},{"damage":40,"enemies":"DF_ARCHETYPE_CLAW","floor":33,"turns":7}],"seed_played":"-4250859368727254026","potions_obtained":[{"floor":6.0,"key":"SpeedPotion"},{"floor":9.0,"key":"LiquidMemories"},{"floor":10.0,"key":"FearPotion"},{"floor":13.0,"key":"AttackPotion"},{"floor":15.0,"key":"Explosive Potion"},{"floor":16.0,"key":"hexamod:SoulburnPotion"},{"floor":19.0,"key":"hexamod:DoubleChargePotion"},{"floor":20.0,"key":"BlessingOfTheForge"},{"floor":22.0,"key":"Fruit Juice"},{"floor":26.0,"key":"sneckomod:MuddlingPotion"},{"floor":26.0,"key":"LiquidBronze"},{"floor":27.0,"key":"SpeedPotion"},{"floor":27.0,"key":"PowerPotion"},{"floor":28,"key":"champ:CounterPotion"},{"floor":28,"key":"hexamod:SoulburnPotion"},{"floor":30,"key":"GamblersBrew"},{"floor":30,"key":"Swift Potion"},{"floor":31,"key":"EntropicBrew"},{"floor":31,"key":"AttackPotion"},{"floor":31,"key":"SteroidPotion"},{"floor":32,"key":"bronze:BurnAndBuffPotion"}],"is_trial":false,"path_per_floor":["R","M","M","?","$","M","T","M","E","M","T","R","M","M","M","B",null,"R","M","M","?","M","R","T","R","$","E","M","R","M","M","M","B"],"character_chosen":"THE_SPIRIT","items_purchased":["hexamod:Incineration"],"campfire_rested":2,"item_purchase_floors":[26],"current_hp_per_floor":[70,70,70,70,70,70,70,60,36,28,28,62,59,49,49,34,80,80,70,61,61,55,80,80,80,77,73,60,60,20,22,29,0,0,0],"gold":240,"neow_bonus":"ONE_RARE_RELIC","is_daily":false,"chose_seed":false,"campfire_upgraded":0,"win_rate":0.0,"timestamp":1614277367,"path_taken":["R","M","M","?","$","?","T","M","E","M","?","R","M","?","M","BOSS","R","M","M","?","M","R","T","R","$","E","M","R","?","M","M","BOSS"],"items_purchased_type":["Card"],"build_version":"2020-12-22","purchased_purges":0,"victory":false,"max_hp_per_floor":[70,70,70,70,70,70,70,70,70,70,70,80,80,80,80,80,80,80,80,80,80,85,85,85,85,85,85,85,85,85,85,85,85,85,85],"relic_stats":{"Peace Pipe":3,"counters":[21,87],"CeramicFish":117,"obtain_stats":[{"Peace Pipe":0,"Potion Belt":27,"downfall:HeartBlessingRed":23,"downfall:HeartBlessingBlue":12,"CeramicFish":24,"Vajra":11,"downfall:HeartBlessingGreen":18,"Fusion Hammer":17,"hexamod:SpiritBrand":0,"InkBottle":9,"Akabeko":21},{"Peace Pipe":0,"Potion Belt":16,"downfall:HeartBlessingRed":14,"downfall:HeartBlessingBlue":7,"CeramicFish":14,"Vajra":7,"downfall:HeartBlessingGreen":11,"Fusion Hammer":11,"hexamod:SpiritBrand":0,"InkBottle":6,"Akabeko":13},{"Peace Pipe":0,"Potion Belt":63,"downfall:HeartBlessingRed":56,"downfall:HeartBlessingBlue":27,"CeramicFish":56,"Vajra":27,"downfall:HeartBlessingGreen":42,"Fusion Hammer":42,"hexamod:SpiritBrand":0,"InkBottle":24,"Akabeko":50}],"InkBottle":[20]},"card_choices":[{"not_picked":["hexamod:Haunt","hexamod:ThirdSeal"],"picked":"hexamod:FlamesFromBeyond","floor":2.0},{"not_picked":["hexamod:NecessarySacrifice","hexamod:FlamesFromBeyond"],"picked":"hexamod:FastForward","floor":3.0},{"not_picked":["hexamod:RainOfEmbers","hexamod:SkipABeat"],"picked":"hexamod:SecondSeal","floor":5.0},{"not_picked":["hexamod:SuperheatedStrike","hexamod:GhostLash"],"picked":"hexamod:HauntingEcho","floor":6.0},{"not_picked":["hexamod:PowerFromBeyond","hexamod:GhostLash"],"picked":"hexamod:EmpoweredFlame","floor":8.0},{"not_picked":["hexamod:Firestarter","hexamod:SuperheatedStrike"],"picked":"hexamod:ForkedFlame","floor":9.0},{"not_picked":["hexamod:BacktrackSmack","hexamod:SpectralSpark"],"picked":"hexamod:SpectersWail","floor":10.0},{"not_picked":["hexamod:InspiringFlames","hexamod:NightmareStrike"],"picked":"hexamod:ShieldOfDarkness","floor":13.0},{"not_picked":["hexamod:AdvancingGuard","hexamod:HauntingEcho"],"picked":"hexamod:SixthSeal","floor":14.0},{"not_picked":["hexamod:ShieldOfDarkness","hexamod:HauntingEcho"],"picked":"hexamod:FourthSeal","floor":15.0},{"not_picked":["hexamod:VolcanoVisage","hexamod:HexaLevel"],"picked":"hexamod:FifthSeal","floor":16.0},{"not_picked":["hexamod:FourthSeal","hexamod:SixthSeal"],"picked":"hexamod:ThirdSeal","floor":19.0},{"not_picked":["hexamod:SpectersWail","hexamod:FlamesFromBeyond+1"],"picked":"hexamod:HeatCrush+1","floor":19.0},{"not_picked":["hexamod:FourthSeal","hexamod:SixthSeal"],"picked":"hexamod:FirstSeal","floor":20.0},{"not_picked":["hexamod:AdvancingGuard","hexamod:ShieldOfDarkness"],"picked":"hexamod:GhostShield+1","floor":20.0},{"not_picked":["hexamod:SecondSeal","hexamod:SixthSeal"],"picked":"hexamod:FourthSeal","floor":22.0},{"not_picked":["hexamod:SpectralAdrenaline","hexamod:SuperheatedStrike"],"picked":"hexamod:PowerFromBeyond","floor":22.0},{"not_picked":["hexamod:FourthSeal","hexamod:ThirdSeal"],"picked":"hexamod:FirstSeal","floor":26.0},{"not_picked":["hexamod:HeatMetal","hexamod:FastForward"],"picked":"hexamod:GhostflameBarrier","floor":26.0},{"not_picked":["hexamod:SpectralSpark","hexamod:Firestarter"],"picked":"hexamod:GhostOfSpirePresent","floor":26.0},{"not_picked":["hexamod:SpectersWail","hexamod:GhostShield"],"picked":"hexamod:BacktrackSmack+1","floor":27.0},{"not_picked":["hexamod:Haunt","hexamod:Hexaguard"],"picked":"hexamod:HeatCrush+1","floor":27.0},{"not_picked":["hexamod:GhostShield","hexamod:FlamesFromBeyond"],"picked":"hexamod:DynamicBlow+1","floor":28},{"not_picked":["hexamod:FirstSeal","hexamod:ThirdSeal"],"picked":"hexamod:SixthSeal","floor":28},{"not_picked":["hexamod:ShieldOfDarkness","hexamod:GhostOfSpirePast+1"],"picked":"hexamod:NightmareGuise","floor":28},{"not_picked":["hexamod:SecondSeal","hexamod:ThirdSeal"],"picked":"hexamod:FourthSeal","floor":30},{"not_picked":["hexamod:BurningTouch","hexamod:GhostflameBarrier"],"picked":"hexamod:SoulSteal","floor":30},{"not_picked":["hexamod:ShieldOfDarkness","hexamod:GhostOfSpirePresent"],"picked":"hexamod:InspiringFlames+1","floor":31},{"not_picked":["hexamod:SwordOfDarkness","hexamod:PhantomCloak"],"picked":"hexamod:GhostOfSpirePast","floor":31},{"not_picked":["hexamod:ThermalTransfer","hexamod:HeatCrush","hexamod:RecurringNightmare"],"picked":"SKIP","floor":32}],"player_experience":1065921,"relics_obtained":[{"floor":9.0,"key":"InkBottle"},{"floor":11.0,"key":"Vajra"},{"floor":24.0,"key":"CeramicFish"},{"floor":27.0,"key":"Potion Belt"}],"event_choices":[],"is_beta":false,"boss_relics":[{"not_picked":["Black Star","Runic Dome"],"picked":"Fusion Hammer"}],"items_purged_floors":[],"is_endless":false,"potions_floor_spawned":[6,9,10,13,15,16,27,30,31,32],"killed_by":"DF_ARCHETYPE_CLAW","ascension_level":1}}