{"host":"ws1rigs6jhqnf67d","time":1614258544,"event":{"mods":["BaseMod","Friendly Minions","KinomotoSakuraMod(ƒæ÷Æ±æ”£)","Kiyohime£®«Âºß£©","Lobotomy","LobotomyExtend","Marisa£®ÏF”Í°°ƒß¿Ì…≥£©","Minty Spire (QoL Compilation)","Remilia£®¿Ÿ√◊¿Ú—«£©","StSLib","The Bug Knight","The Marked","The Senshi","WarShipGirlsR/’ΩΩ¢…Ÿ≈ÆR mod","Youmu£®ªÍ∆«—˝√Œ£©","[IsaacMod]“‘»ˆº‚À˛"],"gold_per_floor":[110,128,128,128,138,173,193,193,241,256,271,284,310,17,17,120,120,120,131,131,149,248,573,591,617,663,663,713,730,764,774,774,901,901,933,956,975,1001,1045,1079,1079,1117,1171,609,636,662,662,680,680,694,694],"floor_reached":52,"language":"ZHS","playtime":2609,"items_purged":["Bite"],"score":1187,"play_id":"1ba8c81d-5dff-4879-bc3e-152320d93b1a","local_time":"20210225210904","is_ascension_mode":true,"campfire_choices":[{"data":"theMarked:ComboAttacks","floor":8,"key":"SMITH"},{"data":"theMarked:Heritage","floor":15,"key":"SMITH"},{"data":"theMarked:EternalStudent","floor":32,"key":"SMITH"},{"data":"theMarked:SelfDefenseTraining","floor":41,"key":"SMITH"},{"data":"theMarked:BindingBlade","floor":47,"key":"SMITH"},{"data":"theMarked:Heritage","floor":49,"key":"SMITH"}],"circlet_count":0,"master_deck":["theMarked:Defend","theMarked:Defend+1","theMarked:Defend","theMarked:Defend","theMarked:SoldierOfQuellstein+1","theMarked:ComboAttacks+1","theMarked:BanishingStrike","theMarked:BanishingStrike","theMarked:Heritage+1","theMarked:Heritage+1","theMarked:Challenge+1","Bite","Bite","Bite","Bite","theMarked:EternalStudent+1","theMarked:SelfDefenseTraining+1","theMarked:WardOff+1","CurseOfTheBell","theMarked:WardOff+1","theMarked:WardOff+1","theMarked:BanishingStrike+1","theMarked:BindingBlade+1"],"relics":["theMarked:ArtifactOfAir","HushsDoor","Boot","SatanicBible","LetterFromLob","Question Card","Tiny Chest","Strawberry","MealTicket","Black Star","ShedSkin_r","BookOfRevelations","Old Coin","Orichalcum","Art of War","SalivaCoin","Ornamental Fan","AnarchistCookbook","Calling Bell","TheBean","HollowMod:LifeEnderRelic","GuppysHead","GuppysHairball","PreservedInsect","Omamori","TuHaoJin","War Paint","Meat on the Bone","HollowMod:PaleOreRelic","theSenshi:SuperSailorFukuRelic","theMarked:NailFile","theSenshi:SailorFukuRelic","Oddly Smooth Stone"],"acts_visited":["Exordium","TheCity","TheBeyond"],"potions_floor_usage":[7,23,25,50,50],"damage_taken":[{"damage":2,"enemies":"Small Slimes","floor":1,"turns":3},{"damage":2,"enemies":"Jaw Worm","floor":2,"turns":4},{"damage":0,"enemies":"Cultist","floor":5,"turns":2},{"damage":0,"enemies":"3 Sentries","floor":6,"turns":3},{"damage":0,"enemies":"3 Louse","floor":7,"turns":3},{"damage":9,"enemies":"2 Fungi Beasts","floor":10,"turns":3},{"damage":2,"enemies":"Exordium Wildlife","floor":11,"turns":3},{"damage":30,"enemies":"Large Slime","floor":12,"turns":5},{"damage":0,"enemies":"Lagavulin","floor":13,"turns":6},{"damage":18,"enemies":"Hexaghost","floor":16,"turns":8},{"damage":19,"enemies":"Chosen","floor":19,"turns":6},{"damage":26,"enemies":"2 Thieves","floor":21,"turns":5},{"damage":36,"enemies":"Slavers","floor":23,"turns":12},{"damage":37,"enemies":"Chosen and Byrds","floor":24,"turns":8},{"damage":18,"enemies":"Gremlin Leader","floor":25,"turns":13},{"damage":15,"enemies":"Slavers","floor":28,"turns":3},{"damage":9,"enemies":"Snecko","floor":29,"turns":5},{"damage":22,"enemies":"Snake Plant","floor":30,"turns":3},{"damage":0,"enemies":"3 Cultists","floor":31,"turns":3},{"damage":1,"enemies":"Automaton","floor":33,"turns":12},{"damage":4,"enemies":"Orb Walker","floor":35,"turns":3},{"damage":3,"enemies":"3 Shapes","floor":36,"turns":3},{"damage":15,"enemies":"Transient","floor":37,"turns":5},{"damage":26,"enemies":"4 Shapes","floor":39,"turns":5},{"damage":0,"enemies":"Giant Head","floor":40,"turns":5},{"damage":0,"enemies":"Reptomancer","floor":42,"turns":5},{"damage":0,"enemies":"Giant Head","floor":45,"turns":6},{"damage":6,"enemies":"Maw","floor":46,"turns":6},{"damage":0,"enemies":"Transient","floor":48,"turns":5},{"damage":0,"enemies":"Awakened One","floor":50,"turns":12}],"seed_played":"8702394420713729299","potions_obtained":[{"floor":1,"key":"Block Potion"},{"floor":5,"key":"SkillPotion"},{"floor":6,"key":"LiquidMemories"},{"floor":10,"key":"theMarked:ChargePotion"},{"floor":24,"key":"DuplicationPotion"},{"floor":28,"key":"DistilledChaos"},{"floor":39,"key":"Strength Potion"},{"floor":46,"key":"AttackPotion"}],"is_trial":false,"path_per_floor":["M","M","?","?","M","E","M","R","T","M","M","M","E","$","R","B",null,"M","M","?","M","?","E","M","E","T","?","E","M","M","M","R","B",null,"M","M","M","T","M","E","R","E","T","$","E","M","R","M","R","B",null,null],"character_chosen":"THE_DEFAULT","items_purchased":["Strawberry","MealTicket","GuppysHairball","theSenshi:SuperSailorFukuRelic","theMarked:NailFile"],"campfire_rested":0,"item_purchase_floors":[14,14,34,44,44],"current_hp_per_floor":[70,68,68,68,68,68,68,68,68,61,61,33,35,42,42,26,79,68,51,51,43,43,39,26,60,60,60,53,52,36,46,46,77,69,69,69,56,56,38,58,58,69,69,69,69,69,69,69,69,69,69],"gold":694,"neow_bonus":"RANDOM_COMMON_RELIC","is_daily":false,"chose_seed":false,"campfire_upgraded":6,"win_rate":0.0,"timestamp":1614258544,"path_taken":["M","M","?","?","M","E","M","R","T","M","M","M","E","$","R","BOSS","M","M","?","M","?","E","M","E","T","?","E","M","M","M","R","BOSS","M","M","M","?","M","E","R","E","T","$","E","M","R","M","R","BOSS"],"items_purchased_type":["Relic","Relic","Relic","Relic","Relic"],"build_version":"2020-12-22","purchased_purges":1,"victory":true,"max_hp_per_floor":[72,72,72,72,72,72,72,72,72,72,72,72,72,79,79,79,79,79,79,79,79,79,79,79,79,79,79,79,79,79,79,79,79,69,69,69,69,69,69,69,69,69,69,69,69,69,69,69,69,69,69],"card_choices":[{"not_picked":["theMarked:BanishingWave","theMarked:WastefulAttack","theMarked:ResourceFulStrike"],"picked":"SKIP","floor":1},{"not_picked":["theMarked:Pokerface","theMarked:TakeCover","theMarked:Memento"],"picked":"SKIP","floor":2},{"not_picked":["theMarked:BanishingStrike","theMarked:StartUp"],"picked":"theMarked:ComboAttacks","floor":5},{"not_picked":["theMarked:TheMission","theMarked:Memento"],"picked":"theMarked:BanishingStrike","floor":6},{"not_picked":["theMarked:RepellingDischarge","theMarked:ResourceFulStrike","theMarked:Memento"],"picked":"theMarked:BanishingStrike","floor":7},{"not_picked":["theMarked:StartUp","theMarked:ComboAttacks","theMarked:ResourceFulStrike","theMarked:ChainLightning"],"picked":"SKIP","floor":10},{"not_picked":["theMarked:OneWithTheBlade","theMarked:Improvise","theMarked:Toughness"],"picked":"theMarked:Heritage","floor":11},{"not_picked":["theMarked:ResourceFulStrike","theMarked:Aftermath","theMarked:Frustration","theMarked:Standoff"],"picked":"SKIP","floor":12},{"not_picked":["theMarked:UnarmedFury","theMarked:TakeCover","theMarked:OneWithTheBlade"],"picked":"theMarked:Heritage","floor":13},{"not_picked":["theMarked:Defy","theMarked:BiggerThanFate","theMarked:Levitate"],"picked":"theMarked:Challenge","floor":16},{"not_picked":["theMarked:RogueSparks","theMarked:ResourceFulStrike","theMarked:Parkour","theMarked:ChainLightning"],"picked":"SKIP","floor":19},{"not_picked":["theMarked:Aftermath","theMarked:Overthink+1","theMarked:EmpowerWeapon","theMarked:TunnelVision+1"],"picked":"SKIP","floor":21},{"not_picked":["theMarked:RepellingDischarge+1","theMarked:Toughness","theMarked:ChainLightning","theMarked:CreepingChasm"],"picked":"SKIP","floor":23},{"not_picked":["theMarked:ElectricStrings","theMarked:TheMission","theMarked:BanishingWave","theMarked:Panic"],"picked":"SKIP","floor":24},{"not_picked":["theMarked:FavorableWinds","theMarked:SelfDefenseTraining","theMarked:Aftermath"],"picked":"theMarked:EternalStudent","floor":25},{"not_picked":["theMarked:BiggerThanFate","theMarked:Static","theMarked:OneWithTheBlade"],"picked":"theMarked:SelfDefenseTraining","floor":28},{"not_picked":["theMarked:BanishingStrike","theMarked:SwordAndMagic","theMarked:Seal","theMarked:Heritage"],"picked":"SKIP","floor":29},{"not_picked":["theMarked:SwordAndMagic+1","theMarked:BanishingStrike","theMarked:OneWithTheBlade","theMarked:HeightenedSenses"],"picked":"SKIP","floor":30},{"not_picked":["theMarked:Determination","theMarked:ResourceFulStrike","theMarked:RogueSparks"],"picked":"theMarked:WardOff+1","floor":31},{"not_picked":["theMarked:Levitate","theMarked:Generate+1","theMarked:EmpowerWeapon+1"],"picked":"theMarked:WardOff+1","floor":35},{"not_picked":["theMarked:ParalyzingBlade+1","theMarked:Improvise","theMarked:Frustration"],"picked":"theMarked:WardOff+1","floor":36},{"not_picked":["theMarked:ChainLightning+1","theMarked:HeightenedSenses","theMarked:WardOff+1"],"picked":"theMarked:BanishingStrike+1","floor":37},{"not_picked":["theMarked:TunnelVision+1","theMarked:MuscleMemory","theMarked:ParalyzingBlade","theMarked:TwofoldDefense"],"picked":"SKIP","floor":39},{"not_picked":["theMarked:Maelstrom+1","theMarked:ChainLightning","theMarked:Levitate","theMarked:Electrocute+1"],"picked":"SKIP","floor":40},{"not_picked":["theMarked:Opportunist+1","theMarked:Overthink+1","theMarked:Heritage"],"picked":"theMarked:BindingBlade","floor":42},{"not_picked":["theMarked:Generate+1","theMarked:OneWithTheBlade","theMarked:ContemptForTheProud+1","theMarked:ChainLightning"],"picked":"SKIP","floor":45},{"not_picked":["theMarked:HeightenedSenses","theMarked:Parkour+1","theMarked:TheMission+1","theMarked:StartUp"],"picked":"SKIP","floor":46},{"not_picked":["theMarked:WastefulAttack+1","theMarked:Panic","theMarked:Electrify","theMarked:SwordAndMagic"],"picked":"SKIP","floor":48}],"player_experience":944751,"relics_obtained":[{"floor":1,"key":"LetterFromLob"},{"floor":6,"key":"Question Card"},{"floor":9,"key":"Blood Vial"},{"floor":13,"key":"Tiny Chest"},{"floor":23,"key":"BookOfRevelations"},{"floor":23,"key":"Old Coin"},{"floor":25,"key":"Orichalcum"},{"floor":25,"key":"Art of War"},{"floor":26,"key":"SalivaCoin"},{"floor":28,"key":"Ornamental Fan"},{"floor":28,"key":"AnarchistCookbook"},{"floor":34,"key":"TheBean"},{"floor":34,"key":"HollowMod:LifeEnderRelic"},{"floor":34,"key":"GuppysHead"},{"floor":38,"key":"PreservedInsect"},{"floor":40,"key":"Omamori"},{"floor":40,"key":"TuHaoJin"},{"floor":42,"key":"War Paint"},{"floor":42,"key":"Meat on the Bone"},{"floor":43,"key":"HollowMod:PaleOreRelic"},{"floor":45,"key":"theSenshi:SailorFukuRelic"},{"floor":45,"key":"Oddly Smooth Stone"}],"event_choices":[{"damage_healed":0,"gold_gain":0,"player_choice":"Grow","damage_taken":0,"max_hp_gain":0,"max_hp_loss":0,"event_name":"Living Wall","floor":3,"gold_loss":0,"cards_upgraded":["theMarked:SoldierOfQuellstein"]},{"damage_healed":0,"gold_gain":0,"player_choice":"Became a vampire (Vial)","damage_taken":0,"max_hp_gain":0,"max_hp_loss":0,"event_name":"Vampires","floor":20,"relics_lost":["Blood Vial"],"gold_loss":0,"cards_obtained":["Bite","Bite","Bite","Bite","Bite"]},{"damage_healed":0,"gold_gain":99,"player_choice":"Stole From Cult","damage_taken":0,"max_hp_gain":0,"max_hp_loss":0,"event_name":"Nest","floor":22,"gold_loss":0}],"is_beta":false,"boss_relics":[{"not_picked":["Philosopher\u0027s Stone","Snecko Eye"],"picked":"Black Star"},{"not_picked":[]},{"not_picked":["Fusion Hammer","Astrolabe"],"picked":"Calling Bell"},{"not_picked":[]}],"items_purged_floors":[44],"is_endless":false,"potions_floor_spawned":[1,5,6,10,11,21,24,28,37,39,40,46],"ascension_level":2}}