{"host":"dg9ago0zd82drrsw","time":1614243447,"event":{"mods":["BaseMod","Bestiary","Colored Powertips","Downfall","GifTheSpireLib","Minty Spire (QoL Compilation)","Relic Stats","StSLib"],"gold_per_floor":[199,216,232,232,242,276,276,176,176,326,33,51,51,63,74,169,469,469,469,486,63,63,63,63,63,79,79,92,1,1,1,11,109,109,109,123,142,156,169,182,253,253,253,253,253,253],"floor_reached":44,"language":"ENG","playtime":1237,"items_purged":["downfall:Malfunctioning","downfall:Icky"],"score":532,"play_id":"31058414-af0f-451b-9403-e2a4d4abb176","local_time":"20210225115727","is_ascension_mode":true,"campfire_choices":[{"data":"hexamod:Sear","floor":1.0,"key":"SMITH"},{"data":"hexamod:NightmareStrike","floor":8.0,"key":"SMITH"},{"data":"hexamod:ShieldOfDarkness","floor":13.0,"key":"SMITH"},{"data":"hexamod:ParanormalForm","floor":18.0,"key":"SMITH"},{"floor":27.0,"key":"REST"},{"floor":30.0,"key":"REST"},{"data":"hexamod:HeatShield","floor":35.0,"key":"SMITH"},{"floor":43,"key":"REST"}],"circlet_count":0,"master_deck":["hexamod:Strike+1","hexamod:Strike+1","hexamod:Strike+1","hexamod:Defend+1","hexamod:Defend+1","hexamod:Defend+1","hexamod:Sear+1","hexamod:Float+1","hexamod:NightmareStrike+1","hexamod:SwordOfDarkness+1","hexamod:ShieldOfDarkness+1","hexamod:ForkedFlame+1","hexamod:GhostflameBarrier","hexamod:FlamesFromBeyond+1","hexamod:NightmareGuise+1","hexamod:VolcanoVisage","hexamod:DynamicBlow+1","hexamod:SwordOfDarkness+1","hexamod:SpectersWail+1","hexamod:ShieldOfDarkness","hexamod:GhostShield+1","hexamod:GhostShield","hexamod:ParanormalForm+1","CurseOfTheBell","hexamod:FlamesFromBeyond+1","hexamod:SixthSeal","hexamod:FlameSwitch","hexamod:RainOfEmbers+1","hexamod:RetreatToShadows","hexamod:SpectersWail+1","hexamod:SpectersWail+1","hexamod:HeatShield+1","hexamod:HeatCrush+1","hexamod:SpectralAdrenaline+1","hexamod:ParanormalForm","hexamod:EtherealExpedition","hexamod:GhostLash+1","Parasite","hexamod:SpectersWail+1","hexamod:EtherealExpedition+1","Injury"],"relics":["hexamod:SpiritBrand","Molten Egg 2","Whetstone","downfall:HeartBlessingGreen","Orrery","Calling Bell","InkBottle","hexamod:MatchstickCase","Akabeko","Bottled Flame","Nloth\u0027s Gift","Cursed Key","Question Card","downfall:TeleportStone"],"acts_visited":["Exordium","TheCity","TheBeyond"],"potions_floor_usage":[],"damage_taken":[{"damage":0.0,"enemies":"Small Slimes","floor":2.0,"turns":5.0},{"damage":0.0,"enemies":"2 Louse","floor":3.0,"turns":3.0},{"damage":11.0,"enemies":"Jaw Worm","floor":5.0,"turns":2.0},{"damage":9.0,"enemies":"Lagavulin","floor":6.0,"turns":5.0},{"damage":0.0,"enemies":"downfall:FleeingMerchant","floor":11.0,"turns":4.0},{"damage":0.0,"enemies":"3 Louse","floor":12.0,"turns":2.0},{"damage":0.0,"enemies":"Blue Slaver","floor":14.0,"turns":3.0},{"damage":0.0,"enemies":"downfall:LooterAlt","floor":15.0,"turns":2.0},{"damage":21.0,"enemies":"DF_ARCHETYPE_STREAMLINE","floor":16.0,"turns":10.0},{"damage":0.0,"enemies":"Chosen","floor":19.0,"turns":1.0},{"damage":1.0,"enemies":"downfall:LooterAlt2","floor":20.0,"turns":3.0},{"damage":0.0,"enemies":"downfall:FleeingMerchant","floor":21.0,"turns":4.0},{"damage":28.0,"enemies":"3 Cultists","floor":26.0,"turns":5.0},{"damage":12.0,"enemies":"Chosen and Byrds","floor":28.0,"turns":5.0},{"damage":6.0,"enemies":"downfall:FleeingMerchant","floor":29.0,"turns":4.0},{"damage":13.0,"enemies":"Sentry and Sphere","floor":32.0,"turns":4.0},{"damage":34.0,"enemies":"SI_MIRROR_ARCHETYPE","floor":33.0,"turns":8.0},{"damage":0.0,"enemies":"Orb Walker","floor":36.0,"turns":2.0},{"damage":0.0,"enemies":"3 Shapes","floor":37.0,"turns":2.0},{"damage":6.0,"enemies":"Writhing Mass","floor":38.0,"turns":3.0},{"damage":10.0,"enemies":"4 Shapes","floor":39.0,"turns":3.0},{"damage":12,"enemies":"Jaw Worm Horde","floor":40,"turns":3},{"damage":64,"enemies":"Reptomancer","floor":44,"turns":2}],"seed_played":"-3752217874332611804","potions_obtained":[{"floor":5.0,"key":"Fire Potion"},{"floor":12.0,"key":"SpeedPotion"},{"floor":14.0,"key":"hexamod:SoulburnPotion"},{"floor":15.0,"key":"Explosive Potion"},{"floor":26.0,"key":"hexamod:EctoCoolerPotion"},{"floor":37.0,"key":"Ancient Potion"}],"is_trial":false,"path_per_floor":["R","M","M","?","M","E","T","R","?","?","$","M","R","M","M","B",null,"R","M","M","$","?","?","T","?","M","R","M","$","R","?","M","B",null,"R","M","M","M","M","M","T","?","R","E"],"character_chosen":"THE_SPIRIT","items_purchased":["Orrery","hexamod:SpectersWail+1","hexamod:RainOfEmbers+1","Akabeko","hexamod:RetreatToShadows","hexamod:HeatShield"],"campfire_rested":3,"item_purchase_floors":[11,11,21,21,21,29],"current_hp_per_floor":[70,70,70,70,59,50,50,50,50,50,50,50,50,50,50,29,70,70,70,69,69,69,69,69,69,41,62,50,44,65,65,52,18,70,70,70,70,64,54,42,42,42,63,0,0,0],"gold":253,"neow_bonus":"HUNDRED_GOLD","is_daily":false,"chose_seed":false,"campfire_upgraded":5,"win_rate":0.0,"timestamp":1614243447,"path_taken":["R","M","M","?","M","E","T","R","?","?","?","M","R","M","M","BOSS","R","M","M","$","?","?","T","?","M","R","?","$","R","?","M","BOSS","R","M","M","M","M","M","T","?","R","E"],"items_purchased_type":["Relic","Card","Card","Relic","Card","Card"],"build_version":"2020-12-22","purchased_purges":2,"victory":false,"max_hp_per_floor":[70,70,70,70,70,70,70,70,70,70,70,70,70,70,70,70,70,70,70,70,70,70,70,70,70,70,70,70,70,70,70,70,70,70,70,70,70,70,70,70,70,70,70,70,70,70],"relic_stats":{"counters":[23,85],"Nloth\u0027s Gift":1,"Whetstone":["hexamod:Strike","hexamod:Strike"],"Cursed Key":1,"Question Card":0,"obtain_stats":[{"downfall:HeartBlessingGreen":8,"downfall:TeleportStone":42,"Whetstone":7,"Cursed Key":34,"Question Card":41,"Akabeko":21,"Old Coin":17,"hexamod:MatchstickCase":17,"Calling Bell":17,"Bottled Flame":24,"downfall:BrokenWingStatue":4,"Orrery":11,"Molten Egg 2":6,"Nloth\u0027s Gift":25,"hexamod:SpiritBrand":0,"InkBottle":17},{"downfall:HeartBlessingGreen":4,"downfall:TeleportStone":22,"Whetstone":4,"Cursed Key":17,"Question Card":22,"Akabeko":12,"Old Coin":9,"hexamod:MatchstickCase":9,"Calling Bell":9,"Bottled Flame":12,"downfall:BrokenWingStatue":2,"Orrery":5,"Molten Egg 2":4,"Nloth\u0027s Gift":12,"hexamod:SpiritBrand":0,"InkBottle":9},{"downfall:HeartBlessingGreen":15,"downfall:TeleportStone":83,"Whetstone":15,"Cursed Key":70,"Question Card":83,"Akabeko":44,"Old Coin":36,"hexamod:MatchstickCase":36,"Calling Bell":36,"Bottled Flame":44,"downfall:BrokenWingStatue":8,"Orrery":19,"Molten Egg 2":15,"Nloth\u0027s Gift":44,"hexamod:SpiritBrand":0,"InkBottle":36}],"InkBottle":[10]},"card_choices":[{"not_picked":["hexamod:Firestarter","hexamod:ThermalTransfer"],"picked":"hexamod:NightmareStrike","floor":2.0},{"not_picked":["hexamod:HeatMetal","hexamod:GhostShield"],"picked":"hexamod:SwordOfDarkness","floor":3.0},{"not_picked":["hexamod:SoulSteal","hexamod:GhostOfSpirePast"],"picked":"hexamod:ShieldOfDarkness","floor":5.0},{"not_picked":["hexamod:GhostOfSpirePast","hexamod:SoulSteal"],"picked":"hexamod:ForkedFlame+1","floor":6.0},{"not_picked":["hexamod:ChargedBarrage","hexamod:GhostflameInferno"],"picked":"hexamod:GhostflameBarrier","floor":11.0},{"not_picked":["hexamod:HeatMetal+1","hexamod:AdvancingGuard"],"picked":"hexamod:FlamesFromBeyond","floor":11.0},{"not_picked":["hexamod:SoulSteal","hexamod:ShieldOfDarkness"],"picked":"hexamod:NightmareGuise","floor":11.0},{"not_picked":["hexamod:EtherealExpedition","hexamod:ThermalTransfer+1"],"picked":"hexamod:VolcanoVisage","floor":11.0},{"not_picked":["hexamod:Haunt","hexamod:SpectralAdrenaline"],"picked":"hexamod:DynamicBlow+1","floor":11.0},{"not_picked":["hexamod:EtherealExpedition","hexamod:Hexaguard"],"picked":"hexamod:SwordOfDarkness+1","floor":11.0},{"not_picked":["hexamod:FourthSeal","hexamod:FastForward"],"picked":"hexamod:ShieldOfDarkness","floor":12.0},{"not_picked":["hexamod:Haunt","hexamod:EmpoweredFlame"],"picked":"hexamod:GhostShield","floor":14.0},{"not_picked":["hexamod:HeatMetal+1","hexamod:SwordOfDarkness+1"],"picked":"hexamod:GhostShield","floor":15.0},{"not_picked":["hexamod:GhostOfSpirePresent","hexamod:VolcanoVisage"],"picked":"hexamod:ParanormalForm","floor":16.0},{"not_picked":["hexamod:NightmareGuise","hexamod:SuperheatedStrike+1"],"picked":"hexamod:FlamesFromBeyond+1","floor":19.0},{"not_picked":["hexamod:RecurringNightmare","hexamod:PhantomCloak+1"],"picked":"hexamod:SixthSeal","floor":20.0},{"not_picked":["hexamod:NightmareStrike+1","hexamod:Rewind"],"picked":"hexamod:FlameSwitch","floor":21.0},{"not_picked":["hexamod:ThirdSeal","hexamod:RetreatToShadows","hexamod:SoulSteal"],"picked":"SKIP","floor":26.0},{"not_picked":["hexamod:TurnItUp","hexamod:AdvancingGuard"],"picked":"hexamod:SpectersWail+1","floor":28.0},{"not_picked":["hexamod:Incineration+1","hexamod:ThirdSeal"],"picked":"hexamod:SpectersWail+1","floor":29.0},{"not_picked":["hexamod:Hexaguard","hexamod:NightmareStrike+1"],"picked":"hexamod:SpectralAdrenaline+1","floor":32.0},{"not_picked":["hexamod:UnlimitedPower","hexamod:TurnItUp"],"picked":"hexamod:ParanormalForm","floor":33.0},{"not_picked":["hexamod:InspiringFlames+1","hexamod:SuperheatedStrike+1"],"picked":"hexamod:EtherealExpedition","floor":36.0},{"not_picked":["hexamod:NightmareGuise+1","hexamod:Incineration+1"],"picked":"hexamod:GhostLash+1","floor":37.0},{"not_picked":["hexamod:FirstSeal","hexamod:EmpoweredFlame+1"],"picked":"hexamod:SpectersWail+1","floor":38.0},{"not_picked":["hexamod:StepThrough+1","hexamod:SwordOfDarkness+1","hexamod:ThermalTransfer+1"],"picked":"SKIP","floor":39.0},{"not_picked":["hexamod:Firestarter+1","hexamod:SpectralAdrenaline+1"],"picked":"hexamod:EtherealExpedition+1","floor":40}],"player_experience":784069,"relics_obtained":[{"floor":6.0,"key":"Molten Egg 2"},{"floor":7.0,"key":"Whetstone"},{"floor":17.0,"key":"Old Coin"},{"floor":17.0,"key":"InkBottle"},{"floor":17.0,"key":"hexamod:MatchstickCase"},{"floor":24.0,"key":"Bottled Flame"},{"floor":41,"key":"Question Card"}],"event_choices":[],"is_beta":false,"boss_relics":[{"not_picked":["Pandora\u0027s Box","SlaversCollar"],"picked":"Calling Bell"},{"not_picked":["expansioncontent:StudyCardRelic","Snecko Eye"],"picked":"Cursed Key"}],"items_purged_floors":[11,21],"is_endless":false,"potions_floor_spawned":[5,12,14,15,20,26,32,37],"killed_by":"Reptomancer","ascension_level":1}}