{"host":"ocllwaoi18j60ltd","time":1614249756,"event":{"mods":["BaseMod","DeckTracker","Minty Spire (QoL Compilation)","Permanent Neow","Quick Restart","StSLib","SuperFastMode"],"gold_per_floor":[10,23,37,51,71,71,102,102,175,207,257,145,145,145],"floor_reached":13,"language":"KOR","playtime":275,"items_purged":["Strike_B"],"score":190,"play_id":"495cd367-3528-4d84-bcb7-3dda24a153df","local_time":"20210225194236","is_ascension_mode":true,"campfire_choices":[{"floor":6.0,"key":"REST"},{"data":"Chaos","floor":8.0,"key":"SMITH"}],"circlet_count":0,"master_deck":["AscendersBane","Strike_B","Strike_B","Defend_B","Defend_B","Defend_B","Zap","Dualcast","Genetic Algorithm","Sunder","Defragment","Core Surge","Chaos+1","Conserve Battery","Undo","Defragment"],"relics":["Cracked Core","StoneCalendar","Question Card","Pocketwatch"],"acts_visited":["Exordium"],"potions_floor_usage":[10],"damage_taken":[{"damage":0.0,"enemies":"Cultist","floor":1.0,"turns":3.0},{"damage":13.0,"enemies":"Jaw Worm","floor":2.0,"turns":4.0},{"damage":7.0,"enemies":"Small Slimes","floor":3.0,"turns":3.0},{"damage":18.0,"enemies":"Red Slaver","floor":4.0,"turns":4.0},{"damage":11.0,"enemies":"Large Slime","floor":5.0,"turns":6.0},{"damage":16.0,"enemies":"Gremlin Nob","floor":7.0,"turns":4.0},{"damage":2,"enemies":"3 Sentries","floor":10,"turns":5},{"damage":21,"enemies":"Gremlin Nob","floor":13,"turns":3}],"seed_played":"-7494513806660228322","potions_obtained":[{"floor":3.0,"key":"Weak Potion"},{"floor":7.0,"key":"BlessingOfTheForge"}],"is_trial":false,"path_per_floor":["M","M","M","M","M","R","E","R","T","E","?","$","E"],"character_chosen":"DEFECT","items_purchased":["Defragment"],"campfire_rested":1,"item_purchase_floors":[12],"current_hp_per_floor":[64,51,44,26,15,36,20,20,20,18,18,18,0,0],"gold":145,"neow_bonus":"REMOVE_TWO","is_daily":false,"chose_seed":false,"campfire_upgraded":1,"win_rate":0.0,"timestamp":1614249756,"path_taken":["M","M","M","?","M","R","E","R","T","E","?","$","E"],"items_purchased_type":["Card"],"build_version":"2020-12-22","purchased_purges":1,"victory":false,"max_hp_per_floor":[71,71,71,71,71,71,71,71,71,71,71,71,71,71],"card_choices":[{"not_picked":["Gash","Leap"],"picked":"Genetic Algorithm","floor":1.0},{"not_picked":["Rebound","Beam Cell"],"picked":"Sunder","floor":2.0},{"not_picked":["Storm","Turbo"],"picked":"Defragment","floor":3.0},{"not_picked":["Compile Driver","Auto Shields"],"picked":"Core Surge","floor":4.0},{"not_picked":["Beam Cell","Tempest"],"picked":"Chaos","floor":5.0},{"not_picked":["Darkness","Streamline"],"picked":"Conserve Battery","floor":7.0},{"not_picked":["Barrage","Stack","Fission"],"picked":"Undo","floor":10}],"player_experience":868698,"relics_obtained":[{"floor":7.0,"key":"StoneCalendar"},{"floor":9.0,"key":"Question Card"},{"floor":10,"key":"Pocketwatch"}],"event_choices":[{"damage_healed":0,"gold_gain":50,"player_choice":"Pray","damage_taken":0,"max_hp_gain":0,"max_hp_loss":0,"event_name":"Golden Shrine","floor":11,"gold_loss":0}],"is_beta":false,"boss_relics":[],"items_purged_floors":[12],"is_endless":false,"potions_floor_spawned":[3,7],"killed_by":"Gremlin Nob","ascension_level":20}}