{"host":"lwys0gbp6t40j7jh","time":1614216257,"event":{"mods":["Act Like it!","BaseMod","CapriCore","Friendly Minions","GifTheSpireLib","Minty Spire (QoL Compilation)","StSLib","SuperFastMode","The Marked"],"gold_per_floor":[110,122,23,98,48,75,100,112,178,210,222,249,261,20,20,121,121,141,159,34,34,34],"floor_reached":21,"language":"ENG","playtime":395,"items_purged":["theMarked:Strike","theMarked:Strike","theMarked:Defend"],"score":229,"play_id":"702ffebc-1367-45b9-8a4a-d73fd61de998","local_time":"20210225022417","is_ascension_mode":false,"campfire_choices":[{"floor":8,"key":"REST"},{"data":"theMarked:EternalStudent","floor":11,"key":"SMITH"},{"data":"theMarked:Parkour","floor":13,"key":"SMITH"},{"data":"theMarked:HeightenedSenses","floor":15,"key":"SMITH"}],"circlet_count":0,"master_deck":["theMarked:Strike","theMarked:Strike","theMarked:Strike","theMarked:Defend","theMarked:Defend","theMarked:SoldierOfQuellstein","theMarked:Parkour+1","theMarked:HeightenedSenses+1","theMarked:BanishingStrike","theMarked:EternalStudent+1","theMarked:AttractMetal"],"relics":["theMarked:ArtifactOfAir","MawBank","Potion Belt","Oddly Smooth Stone","Black Star"],"acts_visited":["Exordium","TheCity"],"potions_floor_usage":[10,16,16,16],"damage_taken":[{"damage":0,"enemies":"2 Louse","floor":1,"turns":3},{"damage":0,"enemies":"Small Slimes","floor":2,"turns":3},{"damage":13,"enemies":"3 Sentries","floor":6,"turns":10},{"damage":1,"enemies":"Jaw Worm","floor":7,"turns":2},{"damage":3,"enemies":"Gremlin Gang","floor":10,"turns":6},{"damage":3,"enemies":"Red Slaver","floor":12,"turns":5},{"damage":0,"enemies":"Slime Boss","floor":16,"turns":5},{"damage":22,"enemies":"Spheric Guardian","floor":18,"turns":4},{"damage":26,"enemies":"Chosen","floor":19,"turns":6},{"damage":24,"enemies":"Shelled Parasite and Fungi","floor":21,"turns":8}],"seed_played":"-9117669850912556350","potions_obtained":[{"floor":0,"key":"Dexterity Potion"},{"floor":0,"key":"CultistPotion"},{"floor":0,"key":"SteroidPotion"},{"floor":10,"key":"Weak Potion"},{"floor":12,"key":"EssenceOfSteel"}],"is_trial":false,"path_per_floor":["M","M","$","?","?","E","M","R","T","M","R","M","R","$","R","B",null,"M","M","$","M"],"character_chosen":"THE_DEFAULT","items_purchased":["theMarked:HeightenedSenses","Oddly Smooth Stone"],"campfire_rested":1,"item_purchase_floors":[3,14],"current_hp_per_floor":[72,72,72,61,61,48,47,68,68,65,65,62,62,62,62,62,72,50,24,24,0,0],"gold":34,"neow_bonus":"THREE_SMALL_POTIONS","is_daily":false,"chose_seed":false,"campfire_upgraded":3,"win_rate":0.0,"timestamp":1614216257,"path_taken":["M","M","$","?","?","E","M","R","T","M","R","M","R","$","R","BOSS","M","M","$","M"],"items_purchased_type":["Card","Relic"],"build_version":"2020-12-22","purchased_purges":3,"victory":false,"max_hp_per_floor":[72,72,72,72,72,72,72,72,72,72,72,72,72,72,72,72,72,72,72,72,72,72],"card_choices":[{"not_picked":["theMarked:Frustration","theMarked:Memento"],"picked":"theMarked:Parkour","floor":1},{"not_picked":["theMarked:Aftermath","theMarked:Pokerface","theMarked:RepellingDischarge"],"picked":"SKIP","floor":2},{"not_picked":["theMarked:RepellingDischarge","theMarked:TakeCover"],"picked":"theMarked:BanishingStrike","floor":6},{"not_picked":["theMarked:Aftermath","theMarked:Determination","theMarked:WastefulAttack"],"picked":"SKIP","floor":7},{"not_picked":["theMarked:Electrocute","theMarked:OneWithTheBlade"],"picked":"theMarked:EternalStudent","floor":10},{"not_picked":["theMarked:Reabsorb","theMarked:Maelstrom","theMarked:Polarize"],"picked":"SKIP","floor":12},{"not_picked":["theMarked:GodGivenPower+1","theMarked:Memento","theMarked:RepellingDischarge+1"],"picked":"SKIP","floor":18},{"not_picked":["theMarked:TakeCover","theMarked:Indomitable"],"picked":"theMarked:AttractMetal","floor":19}],"player_experience":1224865,"relics_obtained":[{"floor":6,"key":"MawBank"},{"floor":9,"key":"Potion Belt"}],"event_choices":[{"damage_healed":0,"gold_gain":75,"player_choice":"Gather Gold","damage_taken":11,"max_hp_gain":0,"max_hp_loss":0,"event_name":"World of Goop","floor":4,"gold_loss":0},{"cards_removed":["theMarked:Defend"],"damage_healed":0,"gold_gain":0,"player_choice":"Card Removal","damage_taken":0,"max_hp_gain":0,"max_hp_loss":0,"event_name":"The Cleric","floor":5,"gold_loss":50}],"is_beta":false,"boss_relics":[{"not_picked":["Pandora\u0027s Box","Snecko Eye"],"picked":"Black Star"}],"items_purged_floors":[3,14,20],"is_endless":false,"potions_floor_spawned":[1,2,10,12],"killed_by":"Shelled Parasite and Fungi","ascension_level":0}}