{"host":"wbn3xdfsa5pc2kse","time":1614269875,"event":{"mods":["AchievementEnabler","BaseMod","Bestiary","Colored Map","Colored Powertips","Curses Come First","Highlight Path","Minty Spire (QoL Compilation)","Permanent Neow","Rare Cards Sparkle","Relic Stats","StSLib"],"gold_per_floor":[116,127,139,156,231,265,285,317,317,242,261,261,261,281,281,352,352,369,386,386,402,327,355,355,383,408,408,433,433,459,470,470,544,594,614,639,639,639,58,58,58],"floor_reached":40,"language":"ZHT","playtime":1752,"items_purged":["Strike_R"],"score":853,"play_id":"6f2785aa-a950-4ab6-a602-454016902da2","local_time":"20210226001755","is_ascension_mode":true,"campfire_choices":[{"data":"Battle Trance","floor":13.0,"key":"SMITH"},{"data":"Spot Weakness","floor":15.0,"key":"SMITH"},{"floor":24,"key":"RECALL"},{"floor":27,"key":"REST"},{"floor":29,"key":"REST"},{"floor":32,"key":"REST"}],"circlet_count":0,"master_deck":["AscendersBane","Strike_R","Strike_R","Defend_R","Defend_R","Defend_R","Defend_R","Bash","Cleave","Ghostly Armor","Metallicize","Battle Trance+1","Power Through","Shockwave","Thunderclap","Anger+1","Spot Weakness+1","Immolate+1","Metallicize+1","Pommel Strike+1","Feel No Pain","Metallicize","Shrug It Off","Fire Breathing","Brutality","Sword Boomerang","Rupture","Intimidate+1"],"relics":["Burning Blood","Tiny Chest","Pear","Odd Mushroom","Eternal Feather","Ornamental Fan","Fusion Hammer","Whetstone","Bottled Tornado","Art of War","Bag of Preparation","Darkstone Periapt","Pocketwatch","Tiny House","Ginger","Pantograph","Anchor","Turnip"],"acts_visited":["Exordium","TheCity","TheBeyond"],"potions_floor_usage":[30,40],"damage_taken":[{"damage":0.0,"enemies":"Small Slimes","floor":1.0,"turns":3.0},{"damage":3.0,"enemies":"2 Louse","floor":2.0,"turns":2.0},{"damage":2.0,"enemies":"Jaw Worm","floor":3.0,"turns":3.0},{"damage":11.0,"enemies":"Looter","floor":4.0,"turns":4.0},{"damage":30.0,"enemies":"3 Sentries","floor":6.0,"turns":13.0},{"damage":0.0,"enemies":"The Mushroom Lair","floor":7.0,"turns":5.0},{"damage":35.0,"enemies":"Lagavulin","floor":8.0,"turns":10.0},{"damage":6.0,"enemies":"Blue Slaver","floor":11.0,"turns":6.0},{"damage":0.0,"enemies":"Lots of Slimes","floor":12.0,"turns":1.0},{"damage":6.0,"enemies":"3 Louse","floor":14.0,"turns":4.0},{"damage":3.0,"enemies":"The Guardian","floor":16.0,"turns":10.0},{"damage":2.0,"enemies":"Shell Parasite","floor":18.0,"turns":5.0},{"damage":2.0,"enemies":"3 Byrds","floor":19.0,"turns":5.0},{"damage":7.0,"enemies":"Snake Plant","floor":21.0,"turns":5.0},{"damage":15.0,"enemies":"Book of Stabbing","floor":23.0,"turns":5.0},{"damage":26,"enemies":"Slavers","floor":25,"turns":5},{"damage":15,"enemies":"Book of Stabbing","floor":28,"turns":7},{"damage":13,"enemies":"Slavers","floor":30,"turns":5},{"damage":0,"enemies":"Sentry and Sphere","floor":31,"turns":5},{"damage":58,"enemies":"Automaton","floor":33,"turns":9},{"damage":5,"enemies":"3 Darklings","floor":35,"turns":5},{"damage":10,"enemies":"Mind Bloom Boss Battle","floor":36,"turns":8},{"damage":100,"enemies":"Giant Head","floor":40,"turns":10}],"seed_played":"-7410486775329761728","potions_obtained":[{"floor":1.0,"key":"SmokeBomb"},{"floor":6.0,"key":"Fire Potion"},{"floor":8.0,"key":"SpeedPotion"},{"floor":16.0,"key":"Fire Potion"},{"floor":19.0,"key":"LiquidMemories"},{"floor":28,"key":"SkillPotion"},{"floor":30,"key":"Fire Potion"},{"floor":33,"key":"EssenceOfSteel"},{"floor":34,"key":"Dexterity Potion"}],"is_trial":false,"path_per_floor":["M","M","M","M","?","E","?","E","T","?","M","M","R","M","R","B",null,"M","M","T","M","?","E","R","E","T","R","E","R","E","M","R","B",null,"M","?","?","T","$","E"],"character_chosen":"IRONCLAD","items_purchased":["Anchor","Turnip"],"campfire_rested":3,"item_purchase_floors":[39,39],"current_hp_per_floor":[74,75,75,70,59,45,51,22,22,22,22,28,37,37,46,49,76,80,84,84,83,83,74,85,65,65,85,76,85,78,84,85,33,77,78,74,74,74,74,0,0],"gold":58,"neow_bonus":"RANDOM_COMMON_RELIC","is_daily":false,"chose_seed":false,"campfire_upgraded":2,"win_rate":0.0,"timestamp":1614269875,"path_taken":["M","M","M","M","?","E","?","E","T","?","M","M","R","M","R","BOSS","M","M","?","M","?","E","R","E","T","R","E","R","E","M","R","BOSS","M","?","?","?","?","E"],"items_purchased_type":["Relic","Relic"],"build_version":"2020-12-22","purchased_purges":1,"victory":false,"max_hp_per_floor":[75,75,75,75,75,85,85,85,85,85,85,85,85,85,85,85,85,85,85,85,85,85,85,85,85,85,85,85,85,85,85,85,85,90,90,90,90,90,90,90,90],"relic_stats":{"Darkstone Periapt":0,"counters":[23,135],"Eternal Feather":51,"Bag of Preparation":[14],"Whetstone":["Anger","Immolate"],"Ginger":[2],"Burning Blood":126,"Ornamental Fan":[92],"Pantograph":0,"Tiny Chest":2,"Turnip":[0],"Art of War":[4],"obtain_stats":[{"Darkstone Periapt":28,"Pear":6,"Tiny House":34,"Eternal Feather":8,"Bag of Preparation":26,"Whetstone":20,"Ginger":36,"Odd Mushroom":7,"Bottled Tornado":23,"Burning Blood":0,"Anchor":39,"Ornamental Fan":9,"Pantograph":38,"Tiny Chest":0,"Fusion Hammer":17,"Turnip":39,"Art of War":25,"Pocketwatch":30},{"Darkstone Periapt":17,"Pear":5,"Tiny House":20,"Eternal Feather":7,"Bag of Preparation":16,"Whetstone":13,"Ginger":22,"Odd Mushroom":6,"Bottled Tornado":15,"Burning Blood":0,"Anchor":22,"Ornamental Fan":7,"Pantograph":22,"Tiny Chest":0,"Fusion Hammer":11,"Turnip":22,"Art of War":16,"Pocketwatch":18},{"Darkstone Periapt":93,"Pear":25,"Tiny House":112,"Eternal Feather":40,"Bag of Preparation":86,"Whetstone":71,"Ginger":125,"Odd Mushroom":30,"Bottled Tornado":81,"Burning Blood":0,"Anchor":125,"Ornamental Fan":40,"Pantograph":125,"Tiny Chest":0,"Fusion Hammer":61,"Turnip":125,"Art of War":86,"Pocketwatch":98}],"Pocketwatch":[24]},"card_choices":[{"not_picked":["Entrench","Shrug It Off"],"picked":"Cleave","floor":1.0},{"not_picked":["Perfected Strike","Power Through"],"picked":"Ghostly Armor","floor":2.0},{"not_picked":["Iron Wave","Reckless Charge"],"picked":"Metallicize","floor":3.0},{"not_picked":["Pummel","Rupture"],"picked":"Battle Trance","floor":4.0},{"not_picked":["Dark Embrace","Heavy Blade"],"picked":"Power Through","floor":6.0},{"not_picked":["Clash","Entrench"],"picked":"Shockwave","floor":7.0},{"not_picked":["Entrench","Ghostly Armor"],"picked":"Thunderclap","floor":8.0},{"not_picked":["Havoc","Inflame"],"picked":"Anger","floor":11.0},{"not_picked":["True Grit","Headbutt"],"picked":"Spot Weakness","floor":14.0},{"not_picked":["Bludgeon","Exhume"],"picked":"Immolate","floor":16.0},{"not_picked":["Iron Wave","Anger"],"picked":"Metallicize+1","floor":18.0},{"not_picked":["Rampage","Uppercut"],"picked":"Pommel Strike","floor":19.0},{"not_picked":["Shockwave","Blood for Blood"],"picked":"Feel No Pain","floor":21.0},{"not_picked":["Twin Strike","Combust"],"picked":"Metallicize","floor":23},{"not_picked":["Clash","Spot Weakness","Armaments"],"picked":"SKIP","floor":25},{"not_picked":["Combust","Blood for Blood"],"picked":"Shrug It Off","floor":28},{"not_picked":["Twin Strike","Carnage","Havoc"],"picked":"SKIP","floor":30},{"not_picked":["Twin Strike","Carnage","Havoc"],"picked":"SKIP","floor":30},{"not_picked":["Combust","Dropkick"],"picked":"Fire Breathing","floor":31},{"not_picked":["Exhume","Bludgeon"],"picked":"Brutality","floor":33},{"not_picked":["Cleave","Heavy Blade"],"picked":"Sword Boomerang","floor":34},{"not_picked":["Dual Wield","Flex"],"picked":"Rupture","floor":35},{"not_picked":["Searing Blow","True Grit"],"picked":"Intimidate+1","floor":36}],"player_experience":883494,"relics_obtained":[{"floor":6.0,"key":"Pear"},{"floor":7.0,"key":"Odd Mushroom"},{"floor":8.0,"key":"Eternal Feather"},{"floor":9.0,"key":"Ornamental Fan"},{"floor":20.0,"key":"Whetstone"},{"floor":23,"key":"Bottled Tornado"},{"floor":25,"key":"Art of War"},{"floor":26,"key":"Bag of Preparation"},{"floor":28,"key":"Darkstone Periapt"},{"floor":30,"key":"Pocketwatch"},{"floor":36,"key":"Ginger"},{"floor":38,"key":"Pantograph"}],"event_choices":[{"damage_healed":0.0,"max_hp_gain":0.0,"max_hp_loss":0.0,"gold_gain":75.0,"event_name":"World of Goop","player_choice":"Gather Gold","floor":5.0,"gold_loss":0.0,"damage_taken":11.0},{"damage_healed":0.0,"max_hp_gain":0.0,"max_hp_loss":0.0,"gold_gain":0.0,"event_name":"Mushrooms","player_choice":"Fought Mushrooms","floor":7.0,"gold_loss":0.0,"damage_taken":0.0},{"cards_removed":["Strike_R"],"damage_healed":0.0,"max_hp_gain":0.0,"max_hp_loss":0.0,"gold_gain":0.0,"event_name":"The Cleric","player_choice":"Card Removal","floor":10.0,"gold_loss":75.0,"damage_taken":0.0},{"cards_removed":["Strike_R"],"damage_healed":0.0,"max_hp_gain":0.0,"max_hp_loss":0.0,"gold_gain":0.0,"event_name":"Beggar","player_choice":"Gave Gold","floor":22.0,"gold_loss":75.0,"damage_taken":0.0},{"damage_healed":0,"gold_gain":0,"player_choice":"Fight","damage_taken":0,"max_hp_gain":0,"max_hp_loss":0,"event_name":"MindBloom","floor":36,"gold_loss":0},{"damage_healed":0,"gold_gain":0,"player_choice":"Ignored","damage_taken":0,"max_hp_gain":0,"max_hp_loss":0,"event_name":"Tomb of Lord Red Mask","floor":37,"gold_loss":0}],"is_beta":false,"boss_relics":[{"not_picked":["Busted Crown","Runic Cube"],"picked":"Fusion Hammer"},{"not_picked":["Cursed Key","Coffee Dripper"],"picked":"Tiny House"}],"items_purged_floors":[39],"is_endless":false,"potions_floor_spawned":[1,6,8,12,16,18,19,28,30,33],"killed_by":"Giant Head","ascension_level":16}}