{"host":"iv24d026eac8pm4e","time":1614293855,"event":{"mods":["BaseMod","Minty Spire (QoL Compilation)"],"gold_per_floor":[112,129,139,153,165,165,165,165,165,192,212,251,272,300,300,385,385,356,384,394,24,24,24,46,46,46,88,88,88,116,140,140,224,224,244,257,266,266,281,318,318,348,426,426,426],"floor_reached":44,"language":"ENG","playtime":2455,"items_purged":["Strike_B"],"score":1149,"play_id":"c3c7764b-09e4-4a7b-bd39-159ed34e64bb","local_time":"20210225145734","is_ascension_mode":true,"campfire_choices":[{"data":"Defragment","floor":6,"key":"SMITH"},{"data":"Reinforced Body","floor":8,"key":"SMITH"},{"data":"Creative AI","floor":15,"key":"SMITH"},{"floor":23,"key":"REST"},{"data":"Biased Cognition","floor":28,"key":"SMITH"},{"data":"Buffer","floor":32,"key":"SMITH"},{"floor":41,"key":"REST"}],"circlet_count":0,"master_deck":["AscendersBane","Strike_B","Strike_B","Defend_B","Defend_B","Defend_B","Defend_B","Zap","Dualcast","Cold Snap","Chill","Doom and Gloom","Reinforced Body+1","Defragment+1","Electrodynamics","Heatsinks","Self Repair","Cold Snap","Buffer+1","Creative AI+1","Biased Cognition+1","Doom and Gloom+1","Glacier+1","Melter","Machine Learning","Conserve Battery+1","Coolheaded+1","Rainbow+1","Trip+1","Chaos+1"],"relics":["Cracked Core","Oddly Smooth Stone","CeramicFish","Pen Nib","Velvet Choker","Toxic Egg 2","Nilry\u0027s Codex","CaptainsWheel","Bottled Flame","Inserter","Blood Vial","Blue Candle"],"acts_visited":["Exordium","TheCity","TheBeyond"],"potions_floor_usage":[10,16,18,18,27,27,33,39],"damage_taken":[{"damage":1,"enemies":"2 Louse","floor":1,"turns":2},{"damage":0,"enemies":"Cultist","floor":2,"turns":3},{"damage":0,"enemies":"Jaw Worm","floor":3,"turns":3},{"damage":0,"enemies":"2 Fungi Beasts","floor":4,"turns":3},{"damage":0,"enemies":"Looter","floor":5,"turns":3},{"damage":12,"enemies":"3 Louse","floor":10,"turns":2},{"damage":0,"enemies":"Blue Slaver","floor":11,"turns":4},{"damage":13,"enemies":"Lagavulin","floor":12,"turns":7},{"damage":17,"enemies":"Red Slaver","floor":13,"turns":4},{"damage":0,"enemies":"2 Fungi Beasts","floor":14,"turns":3},{"damage":0,"enemies":"Slime Boss","floor":16,"turns":6},{"damage":16,"enemies":"2 Thieves","floor":18,"turns":4},{"damage":23,"enemies":"Shell Parasite","floor":19,"turns":8},{"damage":5,"enemies":"Snecko","floor":20,"turns":6},{"damage":5,"enemies":"Sentry and Sphere","floor":24,"turns":8},{"damage":18,"enemies":"Book of Stabbing","floor":27,"turns":5},{"damage":18,"enemies":"Snake Plant","floor":30,"turns":7},{"damage":4,"enemies":"Cultist and Chosen","floor":31,"turns":6},{"damage":0,"enemies":"Champ","floor":33,"turns":21},{"damage":25,"enemies":"3 Shapes","floor":35,"turns":3},{"damage":0,"enemies":"Orb Walker","floor":36,"turns":5},{"damage":33,"enemies":"4 Shapes","floor":39,"turns":4},{"damage":14,"enemies":"Giant Head","floor":40,"turns":12},{"damage":23,"enemies":"Nemesis","floor":42,"turns":11},{"damage":26,"enemies":"Spire Growth","floor":44,"turns":2}],"seed_played":"-8519915160479334313","potions_obtained":[{"floor":1,"key":"FocusPotion"},{"floor":4,"key":"AttackPotion"},{"floor":14,"key":"LiquidBronze"},{"floor":16,"key":"Block Potion"},{"floor":18,"key":"Fruit Juice"},{"floor":19,"key":"LiquidBronze"},{"floor":31,"key":"Swift Potion"},{"floor":36,"key":"Block Potion"},{"floor":40,"key":"Explosive Potion"},{"floor":42,"key":"LiquidBronze"}],"is_trial":false,"path_per_floor":["M","M","M","M","M","R","?","R","T","M","M","E","M","M","R","B",null,"M","M","M","$","?","R","M","?","T","E","R","?","M","M","R","B",null,"M","M","?","?","M","E","R","E","T","M"],"character_chosen":"DEFECT","items_purchased":["Toxic Egg 2","Glacier+1"],"campfire_rested":2,"item_purchase_floors":[21,21],"current_hp_per_floor":[63,63,63,63,63,63,63,63,63,51,51,45,35,42,42,49,66,62,46,48,48,27,49,51,51,51,40,40,40,29,32,32,39,67,49,56,56,56,23,16,37,23,23,0,0],"gold":426,"neow_bonus":"RANDOM_COMMON_RELIC","is_daily":false,"chose_seed":false,"campfire_upgraded":5,"win_rate":0.0,"timestamp":1614293854,"path_taken":["M","M","M","M","M","R","?","R","T","M","M","E","M","?","R","BOSS","M","M","M","$","?","R","M","?","T","E","R","?","M","M","R","BOSS","M","M","?","?","M","E","R","E","T","M"],"items_purchased_type":["Relic","Card"],"build_version":"2020-12-22","purchased_purges":1,"victory":false,"max_hp_per_floor":[71,71,71,71,71,71,71,71,71,71,71,71,71,71,71,71,71,76,76,76,76,76,76,76,76,76,76,76,76,76,76,76,76,76,76,76,76,72,72,72,72,72,72,72,72],"card_choices":[{"not_picked":["Skim","Redo"],"picked":"Cold Snap","floor":1},{"not_picked":["Recycle","Static Discharge"],"picked":"Chill","floor":2},{"not_picked":["Coolheaded","Stack"],"picked":"Doom and Gloom","floor":3},{"not_picked":["Sunder","Leap"],"picked":"Reinforced Body","floor":4},{"not_picked":["Compile Driver","Stack"],"picked":"Defragment","floor":5},{"not_picked":["Hologram","Rip and Tear"],"picked":"Heatsinks","floor":10},{"not_picked":["Reprogram","Go for the Eyes"],"picked":"Self Repair","floor":11},{"not_picked":["Hologram","Auto Shields"],"picked":"Cold Snap","floor":12},{"not_picked":["Compile Driver","Stack"],"picked":"Buffer","floor":13},{"not_picked":["Streamline","Blizzard"],"picked":"Creative AI","floor":14},{"not_picked":["Amplify","Hyperbeam"],"picked":"Biased Cognition","floor":16},{"not_picked":["Gash","Stack","Barrage"],"picked":"SKIP","floor":18},{"not_picked":["Redo","Leap"],"picked":"Doom and Gloom+1","floor":19},{"not_picked":["BootSequence","Barrage","Rebound"],"picked":"SKIP","floor":20},{"not_picked":["Lockon","Barrage"],"picked":"Melter","floor":24},{"not_picked":["Heatsinks","Sweeping Beam"],"picked":"Machine Learning","floor":27},{"not_picked":["Go for the Eyes+1","Steam+1"],"picked":"Conserve Battery+1","floor":30},{"not_picked":["Double Energy+1","Redo+1"],"picked":"Coolheaded+1","floor":31},{"not_picked":["Machine Learning","All For One"],"picked":"Rainbow+1","floor":33},{"not_picked":["Redo+1","Turbo+1","Gash"],"picked":"SKIP","floor":35},{"not_picked":["Auto Shields+1","Steam+1","Barrage"],"picked":"SKIP","floor":36},{"not_picked":["Purity+1","Flash of Steel"],"picked":"Trip+1","floor":37},{"not_picked":["Compile Driver","Cold Snap+1","Barrage"],"picked":"SKIP","floor":39},{"not_picked":["Sweeping Beam","Cold Snap"],"picked":"Chaos+1","floor":40},{"not_picked":["Doom and Gloom","Leap+1","Streamline"],"picked":"SKIP","floor":42}],"player_experience":2634208,"relics_obtained":[{"floor":9,"key":"CeramicFish"},{"floor":12,"key":"Pen Nib"},{"floor":22,"key":"Nilry\u0027s Codex"},{"floor":26,"key":"CaptainsWheel"},{"floor":27,"key":"Bottled Flame"},{"floor":40,"key":"Blood Vial"},{"floor":42,"key":"Blue Candle"}],"event_choices":[{"damage_healed":0,"gold_gain":0,"player_choice":"1 cards matched","damage_taken":0,"max_hp_gain":0,"max_hp_loss":0,"event_name":"Match and Keep!","floor":7,"gold_loss":0,"cards_obtained":["Electrodynamics"]},{"damage_healed":0,"gold_gain":0,"player_choice":"Obtained Book","damage_taken":21,"max_hp_gain":0,"max_hp_loss":0,"event_name":"Cursed Tome","floor":22,"gold_loss":0},{"cards_removed":["Strike_B"],"damage_healed":0,"gold_gain":0,"player_choice":"Elegance","damage_taken":0,"max_hp_gain":0,"max_hp_loss":0,"event_name":"Back to Basics","floor":25,"gold_loss":0},{"damage_healed":0,"gold_gain":0,"player_choice":"Ignored","damage_taken":0,"max_hp_gain":0,"max_hp_loss":0,"event_name":"Vampires","floor":29,"gold_loss":0},{"damage_healed":0,"gold_gain":0,"player_choice":"Memory 1","damage_taken":0,"max_hp_gain":0,"max_hp_loss":0,"event_name":"SensoryStone","floor":37,"gold_loss":0},{"damage_healed":0,"gold_gain":0,"player_choice":"Max HP","damage_taken":0,"max_hp_gain":0,"max_hp_loss":4,"event_name":"Winding Halls","floor":38,"gold_loss":0}],"is_beta":false,"boss_relics":[{"not_picked":["Runic Pyramid","Astrolabe"],"picked":"Velvet Choker"},{"not_picked":["Runic Dome","Cursed Key"],"picked":"Inserter"}],"items_purged_floors":[21],"is_endless":false,"potions_floor_spawned":[1,4,5,14,16,18,19,31,36,40,42],"killed_by":"Spire Growth","ascension_level":17}}