{"host":"36qke0usa4c48kdx","time":1614259114,"event":{"mods":["AchievementEnabler","BaseMod","Colored Map","Downfall","Hermit","Hubris","Lobotomy","Marisa????????","Minty Spire (QoL Compilation)","READ ME - Guardian Mod","Replay The Spire","Robot Space Explorer","Shop Mod","StSLib","The Bug Knight","The Cursed","The Disciple","The Servant 0.9.4"],"gold_per_floor":[112,112,112,112,8,43,43,54,80,80,80,80,95,95,95,220,220,238,257,257,257,257,257,322,333,333,383,158,208,283,301,301,397,397,415,515,619,107,118,118,168,183,207,239,252,252,314,326,326,326,326,326,22,54,54,54],"floor_reached":55,"language":"ENG","playtime":5642,"items_purged":["CommonCold","SilentOrchestra"],"score":718,"play_id":"96086d2b-0381-485b-83de-634cc6b51cff","local_time":"20210225141834","is_ascension_mode":false,"campfire_choices":[{"data":"Wild Strike","floor":7.0,"key":"SMITH"},{"data":"Bash","floor":11.0,"key":"SMITH"},{"data":"Heavy Blade","floor":15.0,"key":"SMITH"},{"data":"Feed","floor":23.0,"key":"SMITH"},{"data":"1","floor":32.0,"key":"LIFT"},{"data":"2","floor":40.0,"key":"LIFT"},{"floor":49.0,"key":"RECALL"},{"data":"3","floor":52,"key":"LIFT"}],"circlet_count":0,"master_deck":["Strike_R","Strike_R","Strike_R","Strike_R","Defend_R","Defend_R","Defend_R","Bash+1","Inflame+1","Wild Strike+1","BigBird","Reckless Charge+1","Pot Of Greed","Pot Of Greed","Injury","Heavy Blade+1","Feed+1","Pommel Strike","Battle Trance","Limit Break+1","Replay:Undeath\u0027s Touch","Pot Of Greed","Thunderclap+1","Immolate","Infernal Blade+1","Offering+1","Shrug It Off","Armaments+1","Hemokinesis+1","Pummel","ReplayTheSpireMod:Corrosion Curse+1","Infernal Blade+1","Fire Breathing","Sadistic Nature","Pot Of Greed","Sword Boomerang","Battle Trance+1"],"relics":["Black Blood","CogitoBucket","hubris:Towel","hubris:GlazedTorus","ReplayTheSpireMod:CursedCoin","Onion Ring","ReplayTheSpireMod:TigerMarble","Grinning Jar","Bloody Idol","Replay:Ancient Bell","Omamori","hubris:DeckOfHolding","Durian","BehaviorAdjustment","SsserpentHead","hubris:Spice","Guide Book","Girya","BackwardClock","Ginger","CatCart","Gremlin Horn","FossilizedHelix","AtMidnight","BargainBundle","Replay:Rubber Ducky"],"acts_visited":["Exordium","TheCity","TheBeyond","TheEnding"],"potions_floor_usage":[50,50],"damage_taken":[{"damage":2.0,"enemies":"2 Louse","floor":1.0,"turns":3.0},{"damage":27.0,"enemies":"Gremlin Nob","floor":6.0,"turns":4.0},{"damage":6.0,"enemies":"Small Slimes","floor":8.0,"turns":2.0},{"damage":0.0,"enemies":"Cultist","floor":13.0,"turns":1.0},{"damage":46.0,"enemies":"Hexaghost","floor":16.0,"turns":6.0},{"damage":20.0,"enemies":"Chosen","floor":18.0,"turns":3.0},{"damage":47.0,"enemies":"2 Thieves","floor":19.0,"turns":5.0},{"damage":1.0,"enemies":"Snake Plant","floor":24.0,"turns":2.0},{"damage":10.0,"enemies":"Cultist and Chosen","floor":25.0,"turns":3.0},{"damage":28.0,"enemies":"Shelled Parasite and Fungi","floor":31.0,"turns":3.0},{"damage":18.0,"enemies":"Collector","floor":33.0,"turns":6.0},{"damage":5.0,"enemies":"Orb Walker","floor":35.0,"turns":3.0},{"damage":56.0,"enemies":"Mind Bloom Boss Battle","floor":36.0,"turns":4.0},{"damage":50.0,"enemies":"Orin","floor":37.0,"turns":9.0},{"damage":17.0,"enemies":"3 Shapes","floor":39.0,"turns":2.0},{"damage":38.0,"enemies":"Writhing Mass","floor":42.0,"turns":3.0},{"damage":11.0,"enemies":"R_Hoarder","floor":44.0,"turns":4.0},{"damage":40.0,"enemies":"Sphere and 2 Shapes","floor":45.0,"turns":6.0},{"damage":19.0,"enemies":"Maw","floor":47.0,"turns":3.0},{"damage":0.0,"enemies":"Writhing Mass","floor":48.0,"turns":1.0},{"damage":88,"enemies":"Replay:Hell Engine","floor":50,"turns":6},{"damage":18,"enemies":"Shield and Spear","floor":54,"turns":3},{"damage":162,"enemies":"The Heart","floor":55,"turns":5}],"seed_played":"1979301763762847475","potions_obtained":[{"floor":6.0,"key":"ColorlessPotion"},{"floor":13.0,"key":"hexamod:SoulburnPotion"},{"floor":16.0,"key":"EssenceOfSteel"},{"floor":24.0,"key":"Regen Potion"},{"floor":35.0,"key":"Guardian:BlockOnCardUsePotion"},{"floor":44.0,"key":"Fire Potion"},{"floor":47.0,"key":"SneckoOil"},{"floor":48.0,"key":"bronze:BurnAndBuffPotion"}],"is_trial":false,"path_per_floor":["M","?","?","?","$","E","R","M","T","?","R","?","M","?","R","B",null,"M","M","?","?","?","R","M","M","T","?","$","?","T","M","R","B",null,"M","?","?","$","M","R","?","M","T","E","M","$","M","M","R","B",null,"R","$","E","B"],"character_chosen":"IRONCLAD","items_purchased":["ReplayTheSpireMod:CursedCoin","Onion Ring","Guide Book","Gremlin Horn","Offering+1","BloodPotion","Shrug It Off","BargainBundle","Fire Breathing","Sadistic Nature","Sword Boomerang"],"campfire_rested":0,"item_purchase_floors":[5,5,28,38,38,38,38,53,53,53,53],"current_hp_per_floor":[80,80,80,80,80,59,59,59,59,52,52,52,58,58,58,18,85,74,33,33,33,33,33,48,53,61,66,66,71,81,64,64,57,100,104,65,52,57,60,60,65,44,49,55,36,36,39,56,56,60,111,111,111,110,0,0],"gold":54,"neow_bonus":"","is_daily":false,"chose_seed":false,"campfire_upgraded":4,"win_rate":0.0,"timestamp":1614259114,"path_taken":["M","?","?","?","$","E","R","?","T","?","R","?","M","?","R","BOSS","M","M","?","?","?","R","?","M","T","?","$","?","?","M","R","BOSS","M","?","?","?","M","R","?","M","T","E","M","$","?","M","R","BOSS","R","$","E","BOSS"],"items_purchased_type":["Relic","Relic","Relic","Relic","Card","Potion","Card","Relic","Card","Card","Card"],"build_version":"2020-12-22","purchased_purges":2,"victory":false,"max_hp_per_floor":[80,80,80,80,80,80,80,80,80,80,80,80,80,80,80,80,85,88,88,88,88,88,88,88,92,100,100,100,100,100,100,100,100,100,104,104,104,104,107,107,107,107,107,107,111,111,111,111,111,111,111,111,111,111,111,111],"card_choices":[{"not_picked":["Bloodbath","FairyFestival"],"picked":"VoidDream","floor":1.0},{"not_picked":["Warcry","Replay:Undeath\u0027s Touch"],"picked":"Inflame","floor":1.0},{"not_picked":["ReplayTheSpireMod:Strike From Hell","Sword Boomerang"],"picked":"Wild Strike","floor":6.0},{"not_picked":["Wellcheers","PunishingBird","CherryBlossoms"],"picked":"Singing Bowl","floor":6.0},{"not_picked":["MeatLantern","Scorched"],"picked":"BigBird","floor":6.0},{"not_picked":["Twin Strike","Headbutt"],"picked":"Reckless Charge","floor":8.0},{"not_picked":["True Grit","Body Slam"],"picked":"Heavy Blade","floor":13.0},{"not_picked":["Hemogenesis","Exhume"],"picked":"Feed","floor":16.0},{"not_picked":["hubris:Sloth","Pain"],"picked":"downfall:Icky","floor":17.0},{"not_picked":["Doubt","SwitchThreat"],"picked":"Looming Evil","floor":17.0},{"not_picked":["SwitchThreat","ReplayTheSpireMod:Splinters"],"picked":"CommonCold","floor":17.0},{"not_picked":["Abandon","Reckless Charge"],"picked":"Pommel Strike","floor":18.0},{"not_picked":["Alriune","BodiesMountain"],"picked":"SilentOrchestra","floor":18.0},{"not_picked":["Shrug It Off","Reckless Charge+1"],"picked":"Battle Trance","floor":19.0},{"not_picked":["Perfected Strike","Clash+1"],"picked":"Limit Break","floor":24.0},{"not_picked":["Perfected Strike","Juggernaut"],"picked":"Replay:Undeath\u0027s Touch","floor":25.0},{"not_picked":["ReplayTheSpireMod:Muscle Training","Dark Embrace"],"picked":"Thunderclap+1","floor":31.0},{"not_picked":["Bludgeon","Demonic Infusion"],"picked":"Immolate","floor":33.0},{"not_picked":["Clash+1","Blood for Blood","Perfected Strike+1"],"picked":"SKIP","floor":35.0},{"not_picked":["hubris:SharpeningStone","Warcry"],"picked":"Infernal Blade+1","floor":37.0},{"not_picked":["Clash+1","ReplayTheSpireMod:Muscle Training"],"picked":"Armaments+1","floor":39.0},{"not_picked":["Intimidate","Heavy Blade"],"picked":"Hemokinesis+1","floor":42.0},{"not_picked":["Shrug It Off","Iron Wave+1","Sever Soul+1"],"picked":"SKIP","floor":44.0},{"not_picked":["Defy Death","Thunderclap"],"picked":"Pummel","floor":45.0},{"not_picked":["Whirlwind+1","Shrug It Off+1"],"picked":"ReplayTheSpireMod:Corrosion Curse+1","floor":47.0},{"not_picked":["Replay:Undeath\u0027s Touch","True Grit"],"picked":"Infernal Blade+1","floor":48.0},{"not_picked":["Replay:Undeath\u0027s Touch","Flame Barrier+1"],"picked":"Battle Trance+1","floor":54}],"player_experience":812692,"relics_obtained":[{"floor":6.0,"key":"ReplayTheSpireMod:TigerMarble"},{"floor":9.0,"key":"Grinning Jar"},{"floor":26.0,"key":"hubris:Spice"},{"floor":30.0,"key":"Girya"},{"floor":36.0,"key":"Ginger"},{"floor":37.0,"key":"CatCart"},{"floor":44.0,"key":"FossilizedHelix"},{"floor":45.0,"key":"AtMidnight"},{"floor":54,"key":"Replay:Rubber Ducky"}],"event_choices":[{"damage_healed":0.0,"max_hp_gain":0.0,"max_hp_loss":0.0,"gold_gain":0.0,"event_name":"Living Wall","player_choice":"Grow","floor":3.0,"gold_loss":0.0,"damage_taken":0.0,"cards_upgraded":["Inflame"]},{"cards_removed":["VoidDream"],"damage_healed":0.0,"max_hp_gain":0.0,"max_hp_loss":0.0,"gold_gain":0.0,"event_name":"WeMeetAgain","player_choice":"Gave Card","floor":4.0,"gold_loss":0.0,"damage_taken":0.0,"relics_obtained":["hubris:GlazedTorus"]},{"cards_removed":["hubris:Disease"],"damage_healed":0.0,"max_hp_gain":0.0,"max_hp_loss":0.0,"gold_gain":0.0,"event_name":"Golden Wing","player_choice":"Card Removal","floor":10.0,"gold_loss":0.0,"damage_taken":7.0},{"damage_healed":0.0,"max_hp_gain":0.0,"max_hp_loss":0.0,"gold_gain":0.0,"event_name":"Golden Idol","player_choice":"Take Wound","floor":12.0,"gold_loss":0.0,"damage_taken":0.0,"relics_obtained":["Golden Idol"],"cards_obtained":["Injury"]},{"damage_healed":0.0,"max_hp_gain":0.0,"max_hp_loss":0.0,"gold_gain":0.0,"event_name":"Forgotten Altar","player_choice":"Gave Idol","floor":20.0,"relics_lost":["Golden Idol"],"gold_loss":0.0,"damage_taken":0.0,"relics_obtained":["Bloody Idol"]},{"damage_healed":0.0,"max_hp_gain":0.0,"max_hp_loss":0.0,"gold_gain":0.0,"event_name":"Ghosts","player_choice":"Ignored","floor":21.0,"gold_loss":0.0,"damage_taken":0.0},{"damage_healed":0.0,"max_hp_gain":0.0,"max_hp_loss":0.0,"gold_gain":0.0,"event_name":"FaceTrader","player_choice":"Trade","floor":22.0,"gold_loss":0.0,"damage_taken":0.0,"relics_obtained":["SsserpentHead"]},{"damage_healed":0.0,"max_hp_gain":0.0,"max_hp_loss":0.0,"gold_gain":0.0,"event_name":"Vampires","player_choice":"Ignored","floor":29.0,"gold_loss":0.0,"damage_taken":0.0},{"damage_healed":0.0,"max_hp_gain":0.0,"max_hp_loss":0.0,"gold_gain":0.0,"event_name":"MindBloom","player_choice":"Fight","floor":36.0,"gold_loss":0.0,"damage_taken":0.0},{"damage_healed":0.0,"max_hp_gain":0.0,"max_hp_loss":0.0,"gold_gain":0.0,"event_name":"OrinTheCat","player_choice":"Fight","floor":37.0,"gold_loss":0.0,"damage_taken":0.0},{"cards_removed":["Strike_R"],"damage_healed":0.0,"max_hp_gain":0.0,"max_hp_loss":0.0,"gold_gain":0.0,"event_name":"Falling","player_choice":"Removed Attack","floor":41.0,"gold_loss":0.0,"damage_taken":0.0}],"is_beta":false,"boss_relics":[{"not_picked":["Sozu","Astrolabe"],"picked":"Replay:Ancient Bell"},{"not_picked":["Replay:Baseball","Pet Ghost"],"picked":"Omamori"},{"not_picked":["Replay:WaspNest","Mummified Hand"],"picked":"hubris:DeckOfHolding"},{"not_picked":["hubris:64BitClover","Prayer Wheel"],"picked":"Durian"},{"not_picked":["hubris:Spice","hubris:Spice"],"picked":"Black Blood"}],"items_purged_floors":[28,38],"is_endless":false,"potions_floor_spawned":[6,13,16,24,25,35,44,47,48],"killed_by":"The Heart","ascension_level":0}}