{"host":"ox77rn1xcurm2t5a","time":1614286887,"event":{"mods":["2.2 Compatiblity","AchievementEnabler","Act Like it!","Aspiration","BaseMod","Best Route Mod","Better Match","Better Note","Better Sensory Stone","Block Reminder","Colored Map","Colored Powertips","Conjunction","Conspire","Custom Start","Energized Spire","GifTheSpireLib","Gold Saver","Gremlin Skip","Halation","Highlight Path","Hubris","Infinite Spire","Minty Spire (QoL Compilation)","Pale of the Ancients","Quick Restart","Reliquary","Replay The Spire","Reworked Bosses","ShortenTheSpire","Spire Exporter","StSLib","Stuff the Spire","Wandering Minibosses"],"gold_per_floor":[1054,495,495,93,105,135,135,166,166,186,197,197,197,188,188,286,286,227,240,245,245,264,264,286,286,286,286,8180,8197,7502,7514,7514,7613,7663,7672,7672,8180,8721,8721,9308,9308,9934,9959,10616,11317,11317,11359,11359,11359,12192,12192,12993,12993,13006,13006,13005,13005,13005,13005],"floor_reached":58,"language":"ENG","playtime":1462,"items_purged":["Strike_R","Defend_R","Strike_R","Defend_R","Strike_R","Defend_R+1","Defend_R+1"],"score":1765,"play_id":"3e089011-c373-4602-ab1d-cba63752f372","local_time":"20210225230127","is_ascension_mode":true,"campfire_choices":[{"floor":7.0,"key":"RECALL"},{"data":"Sword Boomerang","floor":12.0,"key":"SMITH"},{"data":"Sword Boomerang","floor":12.0,"key":"SMITH"},{"data":"Twin Strike","floor":15.0,"key":"SMITH"},{"data":"Headbutt","floor":15.0,"key":"SMITH"},{"data":"Cleave","floor":23.0,"key":"SMITH"},{"data":"Clash","floor":23.0,"key":"SMITH"},{"data":"Sword Boomerang","floor":25.0,"key":"SMITH"},{"data":"Defend_R","floor":25.0,"key":"SMITH"},{"data":"Defend_R","floor":27.0,"key":"SMITH"},{"data":"Strike_R","floor":27.0,"key":"SMITH"},{"data":"Dark Shackles","floor":32.0,"key":"SMITH"},{"data":"Panacea","floor":32.0,"key":"SMITH"},{"data":"Demon Form","floor":41,"key":"SMITH"},{"data":"StuffTheSpire:BrainWave","floor":41,"key":"SMITH"},{"data":"Violence","floor":49,"key":"SMITH"},{"data":"Clash","floor":49,"key":"SMITH"},{"data":"infinitespire:Gouge","floor":57,"key":"SMITH"}],"circlet_count":0,"master_deck":["AscendersBane","Strike_R+1","Strike_R+1","Bash+1","Cleave+1","Sword Boomerang+1","Headbutt+1","Sword Boomerang+1","Heavy Blade+1","Twin Strike+1","Clash+1","Cleave+1","Sword Boomerang+1","Panacea+1","Violence+1","Dark Shackles+1","Clash+1","StuffTheSpire:BrainWave+1","Metallicize+1","Demon Form+1","Clash+1","Battle Trance+1","Clash+1","Metallicize","infinitespire:Gouge+1"],"relics":["Medical Kit","energizedSpire:RedRose","hubris:GlazedTorus","Cracked Core","Bag of Marbles","Black Star","Replay:M_SmolderingBlood","aspiration:ChemicalBlood","reliquary:MedicineBall","aspiration:KaomsHeart","infinitespire:EmptyRelic","infinitespire:EmptyRelic","infinitespire:EmptyRelic","infinitespire:EmptyRelic","infinitespire:EmptyRelic","infinitespire:EmptyRelic","infinitespire:EmptyRelic","infinitespire:EmptyRelic","infinitespire:EmptyRelic","infinitespire:EmptyRelic","infinitespire:EmptyRelic","infinitespire:EmptyRelic","infinitespire:EmptyRelic","infinitespire:EmptyRelic","infinitespire:EmptyRelic","infinitespire:Chaos"],"acts_visited":["Exordium","TheCity","TheBeyond","Exordium"],"potions_floor_usage":[40,40,44,50],"damage_taken":[{"damage":3.0,"enemies":"2 Louse","floor":1.0,"turns":4.0},{"damage":0.0,"enemies":"Small Slimes","floor":5.0,"turns":3.0},{"damage":41.0,"enemies":"3 Sentries","floor":6.0,"turns":9.0},{"damage":16.0,"enemies":"Gremlin Nob","floor":8.0,"turns":3.0},{"damage":0.0,"enemies":"Cultist","floor":10.0,"turns":2.0},{"damage":6.0,"enemies":"Gremlin Gang","floor":11.0,"turns":3.0},{"damage":10.0,"enemies":"Red Slaver","floor":14.0,"turns":5.0},{"damage":0.0,"enemies":"The Guardian","floor":16.0,"turns":2.0},{"damage":4.0,"enemies":"Chosen","floor":18.0,"turns":6.0},{"damage":10.0,"enemies":"3 Byrds","floor":19.0,"turns":5.0},{"damage":29.0,"enemies":"Centurion and Healer","floor":20.0,"turns":3.0},{"damage":0.0,"enemies":"Snecko","floor":22.0,"turns":1.0},{"damage":39.0,"enemies":"Gremlin Leader","floor":24.0,"turns":7.0},{"damage":2.0,"enemies":"3 Cultists","floor":29.0,"turns":3.0},{"damage":0.0,"enemies":"Snake Plant","floor":31.0,"turns":2.0},{"damage":18.0,"enemies":"Pondfish","floor":33.0,"turns":7.0},{"damage":0.0,"enemies":"Orb Walker","floor":35.0,"turns":1.0},{"damage":11.0,"enemies":"3 Darklings","floor":37.0,"turns":3.0},{"damage":0.0,"enemies":"Transient","floor":38.0,"turns":5.0},{"damage":65,"enemies":"Nightmare","floor":40,"turns":7},{"damage":36,"enemies":"Nemesis","floor":42,"turns":5},{"damage":0,"enemies":"Maw","floor":44,"turns":2},{"damage":0,"enemies":"Sphere and 2 Shapes","floor":45,"turns":2},{"damage":0,"enemies":"2 Orb Walkers","floor":47,"turns":2},{"damage":20,"enemies":"bossMod:newShapes","floor":50,"turns":4},{"damage":0,"enemies":"Jaw Worm","floor":52,"turns":1},{"damage":0,"enemies":"Small Slimes","floor":54,"turns":1},{"damage":17,"enemies":"Cultist","floor":56,"turns":1}],"seed_played":"5073964050617730240","potions_obtained":[{"floor":1.0,"key":"Regen Potion"},{"floor":10.0,"key":"Adrenaline Potion"},{"floor":14.0,"key":"GamblersBrew"},{"floor":16.0,"key":"Fire Potion"},{"floor":18.0,"key":"EssenceOfSteel"},{"floor":19.0,"key":"Death Potion"},{"floor":22.0,"key":"Conjunction:LightningMarble"},{"floor":33.0,"key":"AttackPotion"},{"floor":34.0,"key":"Reflective Coating"},{"floor":38.0,"key":"Regen Potion"},{"floor":42,"key":"FearPotion"},{"floor":47,"key":"EssenceOfSteel"},{"floor":50,"key":"Elixir"},{"floor":52,"key":"Strength Potion"},{"floor":56,"key":"Strength Potion"}],"is_trial":false,"path_per_floor":["M","$","?","$","M","E","R","E","T","M","M","R","?","M","R","B",null,"M","M","M","AVR","M","R","E","R","T","R","$","M","$","M","R","B",null,"M","?","M","M","?","NM","R","E","T","M","M","AVR","?","?","R","B",null,"M","AVR","M","?","M","R","$"],"character_chosen":"IRONCLAD","items_purchased":["reliquary:Crutches","halation:PenCase","Sword Boomerang","infinitespire:FocusingShard","Headbutt","aspiration:FrozenJewel","hubris:HerbalPaste","MealTicket","Panacea","Toxic Potion","PowerPotion","Violence","ClockworkSouvenir","TungstenRod","Dark Shackles"],"campfire_rested":0,"item_purchase_floors":[2,2,2,4,4,28,28,28,28,28,28,28,30,30,30],"current_hp_per_floor":[75,75,75,75,80,60,60,50,50,56,56,56,56,52,52,58,75,77,73,50,50,56,59,26,29,29,29,29,38,53,62,68,62,81,85,77,72,77,63,32,47,23,23,32,41,41,50,50,59,51,71,77,177,177,177,160,160,160,160],"gold":13005,"neow_bonus":"UPGRADE_CARD","is_daily":false,"chose_seed":false,"campfire_upgraded":17,"win_rate":0.0,"timestamp":1614286887,"path_taken":["M","$","?","$","M","E","R","E","T","M","M","R","?","?","R","BOSS","M","M","?","AVR","M","R","E","R","T","R","?","M","$","M","R","BOSS","M","?","M","M","?","NM","R","E","T","M","M","AVR","?","?","R","BOSS","M","AVR","M","?","M","R","$"],"items_purchased_type":["Relic","Relic","Card","Relic","Card","Relic","Relic","Relic","Card","Potion","Potion","Card","Relic","Relic","Card"],"build_version":"2020-12-22","purchased_purges":7,"victory":false,"max_hp_per_floor":[80,80,80,80,80,80,80,80,80,80,80,80,80,80,80,80,80,80,80,80,80,80,80,80,80,80,80,80,80,80,80,80,80,85,85,77,77,77,77,77,77,77,77,77,77,77,77,77,77,77,77,77,177,177,177,177,177,177,177],"card_choices":[{"not_picked":["Flame Barrier","StuffTheSpire:Incineration"],"picked":"Cleave","floor":1.0},{"not_picked":["Anger","Rupture"],"picked":"Sword Boomerang","floor":5.0},{"not_picked":["Combust","Sword Boomerang","Carnage"],"picked":"SKIP","floor":6.0},{"not_picked":["Eclipse","Massacre","StuffTheSpire:Pyroclast"],"picked":"SKIP","floor":8.0},{"not_picked":["Anger","Flex"],"picked":"Heavy Blade","floor":10.0},{"not_picked":["Whirlwind","infinitespire:OneForAll","StuffTheSpire:RagingBull"],"picked":"SKIP","floor":11.0},{"not_picked":["Run Through","Body Slam"],"picked":"Twin Strike","floor":14.0},{"not_picked":["Fire Breathing","Warcry","Twin Strike"],"picked":"SKIP","floor":18.0},{"not_picked":["Wild Strike+1","Dual Wield"],"picked":"Clash","floor":19.0},{"not_picked":["Run Through","Shrug It Off","conspire:ExplosiveBarrier"],"picked":"SKIP","floor":20.0},{"not_picked":["Dark Embrace+1","Evolve"],"picked":"Cleave","floor":22.0},{"not_picked":["Entrench","Reckless Charge"],"picked":"Sword Boomerang","floor":24.0},{"not_picked":["Wild Strike","Headbutt","Warcry"],"picked":"SKIP","floor":29.0},{"not_picked":["Evolve","Carnage","Fiend Fire"],"picked":"SKIP","floor":31.0},{"not_picked":["Clothesline","StuffTheSpire:Incineration"],"picked":"Clash+1","floor":34.0},{"not_picked":["Sword Boomerang","hubris:CleavingFinish","Run Through"],"picked":"SKIP","floor":35.0},{"not_picked":["Armaments+1","hubris:ReadiedAction","Heavy Blade"],"picked":"SKIP","floor":37.0},{"not_picked":["Run Through+1","Sword Boomerang+1"],"picked":"Metallicize+1","floor":38.0},{"not_picked":["Burning Pact+1","Thunderclap"],"picked":"Clash+1","floor":40},{"not_picked":["Intimidate","Pommel Strike"],"picked":"Battle Trance+1","floor":42},{"not_picked":["StuffTheSpire:Incineration","Run Through","Reckless Charge"],"picked":"SKIP","floor":44},{"not_picked":["Flame Barrier","StuffTheSpire:Incineration"],"picked":"Clash","floor":45},{"not_picked":["StuffTheSpire:Slingshot","Second Wind"],"picked":"Metallicize","floor":52},{"not_picked":["Heavy Blade","Ghostly Armor","FollowUp"],"picked":"SKIP","floor":54},{"not_picked":["Inflame","EmptyFist","ReplayTheSpireMod:Stacked"],"picked":"SKIP","floor":56}],"player_experience":3275963,"relics_obtained":[{"floor":6.0,"key":"reliquary:SilkGlove"},{"floor":8.0,"key":"Gremlin Food"},{"floor":24.0,"key":"hubris:SlimyHat"},{"floor":26.0,"key":"hubris:Metronome"},{"floor":40,"key":"hubris:CuriousFeather"},{"floor":42,"key":"Anchor"},{"floor":43,"key":"reliquary:Spinner"},{"floor":47,"key":"Replay:Multitool"}],"event_choices":[{"damage_healed":0.0,"max_hp_gain":0.0,"max_hp_loss":0.0,"gold_gain":0.0,"event_name":"Accursed Blacksmith","player_choice":"Forge","floor":13.0,"gold_loss":0.0,"damage_taken":0.0,"cards_upgraded":["Heavy Blade"]},{"damage_healed":0.0,"max_hp_gain":0.0,"max_hp_loss":15.0,"gold_gain":3.0,"event_name":"betterStone:BetterStone","player_choice":"2","floor":39.0,"gold_loss":0.0,"damage_taken":0.0},{"damage_healed":0,"gold_gain":0,"player_choice":"Fight","damage_taken":0,"max_hp_gain":0,"max_hp_loss":0,"event_name":"Mysterious Sphere","floor":47,"gold_loss":0}],"is_beta":false,"boss_relics":[{"not_picked":["StuffTheSpire:Kangaroo","Kintsugi"],"picked":"hubris:Backtick"},{"not_picked":["hubris:CrackedHourglass","Calling Bell"],"picked":"Tiny House"},{"not_picked":["Replay:Bronze Core","energizedSpire:MagnifyingGlass"],"picked":"Black Star"}],"items_purged_floors":[2,4,21,28,30,46,53],"is_endless":true,"potions_floor_spawned":[1,10,14,16,18,19,22,33,38,42,47,50,52,56],"ascension_level":12}}