{"host":"4gkev1dtxxhiue3x","time":1614263749,"event":{"mods":["AchievementEnabler","BaseMod","Better Altar","Better Match","Better Note","Better Sensory Stone","Better Skull","Better Third Choice","Colored Powertips","Friendly Minions","Hermit","Minty Spire (QoL Compilation)","Relic Stats","Robot Space Explorer","Shop Mod","StSLib","The Disciple","The Hierophant"],"gold_per_floor":[111,111,111,123,138,171,171,204,204,204,220,235,235,262,262,262,262],"floor_reached":16,"language":"ENG","playtime":933,"items_purged":[],"score":162,"play_id":"ab110ca0-fad8-4304-8d7d-0f39b106ef29","local_time":"20210225153549","is_ascension_mode":true,"campfire_choices":[{"floor":7,"key":"REST"},{"data":"Inflame","floor":10,"key":"SMITH"},{"data":"Seeing Red","floor":13,"key":"SMITH"},{"data":"Warcry","floor":15,"key":"SMITH"}],"circlet_count":0,"master_deck":["Strike_R","Strike_R","Strike_R","Defend_R","Defend_R","Defend_R","Defend_R","Bash","Dropkick","Seeing Red+1","Warcry+1","Shrug It Off","Inflame+1","Rupture","Cleave","Immolate"],"relics":["Burning Blood","NeowsBlessing","Smiling Mask","Dead Branch","Sundial","Frozen Egg 2"],"acts_visited":["Exordium"],"potions_floor_usage":[8,16,16,16],"damage_taken":[{"damage":0,"enemies":"Cultist","floor":1,"turns":1},{"damage":0,"enemies":"Small Slimes","floor":4,"turns":1},{"damage":0,"enemies":"Jaw Worm","floor":5,"turns":1},{"damage":58,"enemies":"Lagavulin","floor":6,"turns":10},{"damage":28,"enemies":"3 Sentries","floor":8,"turns":15},{"damage":0,"enemies":"3 Louse","floor":11,"turns":3},{"damage":1,"enemies":"2 Fungi Beasts","floor":12,"turns":3},{"damage":21,"enemies":"Lagavulin","floor":14,"turns":6},{"damage":38,"enemies":"Slime Boss","floor":16,"turns":3}],"seed_played":"-5793576363246920734","potions_obtained":[{"floor":5,"key":"LiquidBronze"},{"floor":6,"key":"Dexterity Potion"},{"floor":11,"key":"Fruit Juice"},{"floor":14,"key":"PowerPotion"}],"is_trial":false,"path_per_floor":["M","?","?","M","M","E","R","E","T","R","M","M","R","E","R","B"],"character_chosen":"IRONCLAD","items_purchased":[],"campfire_rested":1,"item_purchase_floors":[],"current_hp_per_floor":[78,71,71,77,80,28,52,30,30,30,36,41,41,26,26,0,0],"gold":262,"neow_bonus":"THREE_ENEMY_KILL","is_daily":false,"chose_seed":false,"campfire_upgraded":3,"win_rate":0.0,"timestamp":1614263749,"path_taken":["M","?","?","M","?","E","R","E","T","R","?","M","R","E","R","BOSS"],"items_purchased_type":[],"build_version":"2020-12-22","purchased_purges":0,"victory":false,"max_hp_per_floor":[80,80,80,80,80,80,80,80,80,80,80,80,80,80,80,85,85],"relic_stats":{"counters":[9,43],"Sundial":[2],"Dead Branch":[8],"Smiling Mask":0,"obtain_stats":[{"NeowsBlessing":0,"Sundial":9,"Dead Branch":8,"Frozen Egg 2":14,"Smiling Mask":6,"Burning Blood":0},{"NeowsBlessing":0,"Sundial":5,"Dead Branch":5,"Frozen Egg 2":8,"Smiling Mask":4,"Burning Blood":0},{"NeowsBlessing":0,"Sundial":28,"Dead Branch":28,"Frozen Egg 2":40,"Smiling Mask":13,"Burning Blood":0}],"Burning Blood":45},"card_choices":[{"not_picked":["Iron Wave","Armaments"],"picked":"Dropkick","floor":1},{"not_picked":["Body Slam","Dual Wield"],"picked":"Seeing Red","floor":4},{"not_picked":["Bloodletting","Seeing Red"],"picked":"Warcry","floor":5},{"not_picked":["Feel No Pain","Blood for Blood"],"picked":"Shrug It Off","floor":6},{"not_picked":["Burning Pact","Clothesline"],"picked":"Inflame","floor":8},{"not_picked":["Flex","Thunderclap"],"picked":"Rupture","floor":11},{"not_picked":["Fire Breathing","Evolve"],"picked":"Cleave","floor":12},{"not_picked":["Clash","Iron Wave"],"picked":"Immolate","floor":14}],"player_experience":288186,"relics_obtained":[{"floor":6,"key":"Smiling Mask"},{"floor":8,"key":"Dead Branch"},{"floor":9,"key":"Sundial"},{"floor":14,"key":"Frozen Egg 2"}],"event_choices":[{"cards_removed":["Strike_R"],"damage_healed":0,"gold_gain":0,"player_choice":"Card Removal","damage_taken":7,"max_hp_gain":0,"max_hp_loss":0,"event_name":"Golden Wing","floor":2,"gold_loss":0},{"cards_removed":["Strike_R"],"damage_healed":0,"gold_gain":0,"player_choice":"Offered Basic","damage_taken":0,"max_hp_gain":0,"max_hp_loss":0,"event_name":"Bonfire Elementals","floor":3,"gold_loss":0}],"is_beta":false,"boss_relics":[],"items_purged_floors":[],"is_endless":false,"potions_floor_spawned":[5,6,11,14],"killed_by":"Slime Boss","ascension_level":7}}