{"host":"ad59wuc8ynh8u2z6","time":1614249971,"event":{"mods":["AchievementEnabler","BaseMod","Colored Powertips","DeckTracker","Highlight Path","Minty Spire (QoL Compilation)","Permanent Neow"],"gold_per_floor":[11,28,45,45,45,74,74,101,101,101,101,51,51,76,76,200,200,215,215,229,243,193,193,193,213,513,513,537,573,573,604,604,734,734,754,394,394,418,439,478,272,303,303,303,339,353,397,421,421,421],"floor_reached":51,"language":"ENG","playtime":1341,"items_purged":["Zap","Dualcast","Cold Snap","Defend_B+1"],"score":1468,"play_id":"29ba9bbf-235c-4509-a5cf-20df04ed7bc2","local_time":"20210225114611","is_ascension_mode":true,"campfire_choices":[{"data":"1","floor":7.0,"key":"LIFT"},{"data":"2","floor":10.0,"key":"LIFT"},{"data":"3","floor":13.0,"key":"LIFT"},{"data":"Beam Cell","floor":15.0,"key":"SMITH"},{"data":"Hyperbeam","floor":23.0,"key":"SMITH"},{"data":"Buffer","floor":30.0,"key":"SMITH"},{"data":"Reinforced Body","floor":32.0,"key":"SMITH"},{"data":"Core Surge","floor":49.0,"key":"SMITH"}],"circlet_count":0,"master_deck":["Strike_B+1","Strike_B+1","Strike_B+1","Defend_B+1","Defend_B+1","Defend_B+1","Beam Cell+1","Reinforced Body+1","Buffer+1","Rip and Tear+1","Hyperbeam+1","Beam Cell+1","Core Surge+1"],"relics":["Cracked Core","Girya","Smiling Mask","Matryoshka","Bag of Marbles","Anchor","Akabeko","Golden Idol","Velvet Choker","Tiny Chest","Blue Candle","Old Coin","Gambling Chip","StrikeDummy","Sozu","Bag of Preparation","HandDrill","Orichalcum","CeramicFish","Strawberry","Boot","Eternal Feather","The Courier","StoneCalendar","Nunchaku"],"acts_visited":["Exordium","TheCity","TheBeyond"],"potions_floor_usage":[50,50],"damage_taken":[{"damage":4.0,"enemies":"Jaw Worm","floor":1.0,"turns":4.0},{"damage":0.0,"enemies":"2 Louse","floor":2.0,"turns":2.0},{"damage":1.0,"enemies":"Cultist","floor":3.0,"turns":3.0},{"damage":23.0,"enemies":"Lagavulin","floor":6.0,"turns":9.0},{"damage":8.0,"enemies":"Gremlin Nob","floor":8.0,"turns":3.0},{"damage":0.0,"enemies":"Large Slime","floor":14.0,"turns":2.0},{"damage":23.0,"enemies":"Slime Boss","floor":16.0,"turns":8.0},{"damage":0.0,"enemies":"2 Thieves","floor":18.0,"turns":2.0},{"damage":0.0,"enemies":"Spheric Guardian","floor":20.0,"turns":2.0},{"damage":0.0,"enemies":"Centurion and Healer","floor":21.0,"turns":3.0},{"damage":0.0,"enemies":"Chosen and Byrds","floor":25.0,"turns":2.0},{"damage":0.0,"enemies":"Snecko","floor":28.0,"turns":2.0},{"damage":0.0,"enemies":"Slavers","floor":29.0,"turns":1.0},{"damage":0.0,"enemies":"Book of Stabbing","floor":31.0,"turns":4.0},{"damage":17.0,"enemies":"Collector","floor":33.0,"turns":4.0},{"damage":0.0,"enemies":"3 Darklings","floor":35.0,"turns":2.0},{"damage":0.0,"enemies":"Orb Walker","floor":39.0,"turns":1.0},{"damage":0.0,"enemies":"Reptomancer","floor":40.0,"turns":2.0},{"damage":0.0,"enemies":"Nemesis","floor":42.0,"turns":3.0},{"damage":0.0,"enemies":"Giant Head","floor":45.0,"turns":5.0},{"damage":0.0,"enemies":"Jaw Worm Horde","floor":46.0,"turns":1.0},{"damage":0.0,"enemies":"Nemesis","floor":47.0,"turns":3.0},{"damage":0,"enemies":"Awakened One","floor":50,"turns":7}],"seed_played":"1904665686783667451","potions_obtained":[{"floor":2.0,"key":"Strength Potion"},{"floor":6.0,"key":"PowerPotion"},{"floor":14.0,"key":"SpeedPotion"},{"floor":21.0,"key":"LiquidMemories"},{"floor":28.0,"key":"CultistPotion"},{"floor":29.0,"key":"Fire Potion"},{"floor":33.0,"key":"FearPotion"}],"is_trial":false,"path_per_floor":["M","M","M","?","?","E","R","E","T","R","?","$","R","M","R","B",null,"M","T","M","M","$","R","?","M","T","?","M","E","R","E","R","B",null,"M","$","?","T","M","E","$","E","T","?","E","M","E","T","R","B",null],"character_chosen":"DEFECT","items_purchased":["Bag of Preparation","HandDrill","Strawberry"],"campfire_rested":0,"item_purchase_floors":[36,36,41],"current_hp_per_floor":[64,64,63,68,56,33,33,25,25,25,25,25,25,25,25,2,56,56,56,56,56,56,56,56,56,56,56,56,56,56,56,56,39,65,65,65,65,65,65,65,72,72,72,72,72,72,72,72,78,78],"gold":421,"neow_bonus":"ONE_RARE_RELIC","is_daily":false,"chose_seed":false,"campfire_upgraded":5,"win_rate":0.0,"timestamp":1614249971,"path_taken":["M","M","M","?","?","E","R","E","T","R","?","?","R","M","R","BOSS","M","?","M","M","$","R","?","M","T","?","M","E","R","E","R","BOSS","M","$","?","?","M","E","?","E","T","?","E","?","E","?","R","BOSS"],"items_purchased_type":["Relic","Relic","Relic"],"build_version":"2020-12-22","purchased_purges":4,"victory":true,"max_hp_per_floor":[75,75,75,80,80,80,80,80,80,80,74,74,74,74,74,74,74,74,74,74,74,74,74,74,74,74,74,74,74,74,74,74,74,74,74,74,74,74,74,74,81,81,81,81,81,81,81,81,81,81],"card_choices":[{"not_picked":["Conserve Battery","Auto Shields"],"picked":"Beam Cell","floor":1.0},{"not_picked":["Force Field","Stack","Storm"],"picked":"SKIP","floor":2.0},{"not_picked":["Turbo","Barrage"],"picked":"Reinforced Body","floor":3.0},{"not_picked":["Stack","Force Field"],"picked":"Cold Snap","floor":6.0},{"not_picked":["Rebound","Turbo"],"picked":"Buffer","floor":8.0},{"not_picked":["Force Field","Compile Driver"],"picked":"Rip and Tear","floor":14.0},{"not_picked":["Seek","Fission"],"picked":"Hyperbeam","floor":16.0},{"not_picked":["Rebound","Aggregate","Turbo"],"picked":"SKIP","floor":18.0},{"not_picked":["Gash","Ball Lightning+1"],"picked":"Beam Cell+1","floor":20.0},{"not_picked":["Hologram","Turbo","Barrage"],"picked":"SKIP","floor":21.0},{"not_picked":["Turbo","Stack","Static Discharge"],"picked":"SKIP","floor":25.0},{"not_picked":["Force Field+1","Beam Cell","Compile Driver+1"],"picked":"SKIP","floor":28.0},{"not_picked":["Cold Snap","Reboot","Genetic Algorithm"],"picked":"SKIP","floor":29.0},{"not_picked":["Gash","Rebound","Chill+1"],"picked":"SKIP","floor":31.0},{"not_picked":["Creative AI","Multi-Cast"],"picked":"Core Surge","floor":33.0},{"not_picked":["Doom and Gloom+1","Reinforced Body+1","Steam Power+1"],"picked":"SKIP","floor":35.0},{"not_picked":["Rebound+1","Turbo","Reinforced Body"],"picked":"SKIP","floor":39.0},{"not_picked":["Doom and Gloom","Sunder+1","Rainbow"],"picked":"SKIP","floor":40.0},{"not_picked":["Ball Lightning+1","Beam Cell+1","Conserve Battery+1"],"picked":"SKIP","floor":42.0},{"not_picked":["Rebound+1","Aggregate","All For One"],"picked":"SKIP","floor":45.0},{"not_picked":["Sweeping Beam","Streamline","Doom and Gloom+1"],"picked":"SKIP","floor":46.0},{"not_picked":["Machine Learning","Leap+1","Defragment"],"picked":"SKIP","floor":47.0}],"player_experience":133357,"relics_obtained":[{"floor":6.0,"key":"Matryoshka"},{"floor":8.0,"key":"Bag of Marbles"},{"floor":9.0,"key":"Anchor"},{"floor":9.0,"key":"Akabeko"},{"floor":19.0,"key":"Tiny Chest"},{"floor":19.0,"key":"Blue Candle"},{"floor":26.0,"key":"Old Coin"},{"floor":29.0,"key":"Gambling Chip"},{"floor":31.0,"key":"StrikeDummy"},{"floor":38.0,"key":"Orichalcum"},{"floor":40.0,"key":"CeramicFish"},{"floor":42.0,"key":"Boot"},{"floor":43.0,"key":"Eternal Feather"},{"floor":45.0,"key":"The Courier"},{"floor":47.0,"key":"StoneCalendar"},{"floor":48.0,"key":"Nunchaku"}],"event_choices":[{"damage_healed":0.0,"max_hp_gain":5.0,"max_hp_loss":0.0,"gold_gain":0.0,"event_name":"Big Fish","player_choice":"Donut","floor":4.0,"gold_loss":0.0,"damage_taken":0.0},{"damage_healed":0.0,"max_hp_gain":0.0,"max_hp_loss":0.0,"gold_gain":0.0,"event_name":"Scrap Ooze","player_choice":"Success","floor":5.0,"gold_loss":0.0,"damage_taken":12.0,"relics_obtained":["Smiling Mask"]},{"damage_healed":0.0,"max_hp_gain":0.0,"max_hp_loss":6.0,"gold_gain":0.0,"event_name":"Golden Idol","player_choice":"Lose Max HP","floor":11.0,"gold_loss":0.0,"damage_taken":0.0,"relics_obtained":["Golden Idol"]},{"damage_healed":0.0,"max_hp_gain":0.0,"max_hp_loss":0.0,"gold_gain":0.0,"event_name":"Back to Basics","player_choice":"Simplicity","floor":24.0,"gold_loss":0.0,"damage_taken":0.0,"cards_upgraded":["Strike_B","Strike_B","Strike_B","Strike_B","Defend_B","Defend_B","Defend_B","Defend_B"]},{"damage_healed":0.0,"max_hp_gain":0.0,"max_hp_loss":0.0,"gold_gain":0.0,"event_name":"Accursed Blacksmith","player_choice":"Forge","floor":27.0,"gold_loss":0.0,"damage_taken":0.0,"cards_upgraded":["Rip and Tear"]},{"damage_healed":0.0,"max_hp_gain":0.0,"max_hp_loss":0.0,"gold_gain":0.0,"event_name":"SensoryStone","player_choice":"Memory 1","floor":37.0,"gold_loss":0.0,"damage_taken":0.0},{"cards_removed":["Strike_B"],"damage_healed":0.0,"max_hp_gain":0.0,"max_hp_loss":0.0,"gold_gain":0.0,"event_name":"Falling","player_choice":"Removed Attack","floor":44.0,"gold_loss":0.0,"damage_taken":0.0}],"is_beta":false,"boss_relics":[{"not_picked":["SacredBark","Astrolabe"],"picked":"Velvet Choker"},{"not_picked":["Black Star","Runic Pyramid"],"picked":"Sozu"}],"items_purged_floors":[12,22,36,41],"is_endless":false,"potions_floor_spawned":[2,6,14,21,28,29,33,39,40,42],"ascension_level":8}}