{"host":"st1kg310ms6sytc5","time":1614237444,"event":{"mods":["Act Like it!","BaseMod","CapriCore","Good Game Mod","Library of Ruina","Library of Ruina Extra","Minty Spire (QoL Compilation)","StSLib","SuperFastMode","Wide Potions","Yakumo Yukari mod"],"gold_per_floor":[114,128,78,78,3,3,3,3],"floor_reached":7,"language":"ZHS","playtime":296,"items_purged":["LightAttack"],"score":45,"play_id":"1077e281-88c3-4e89-ad7c-bd20dbb9d7a2","local_time":"20210225151724","is_ascension_mode":true,"campfire_choices":[{"data":"Reload","floor":6,"key":"SMITH"}],"circlet_count":0,"master_deck":["Dodge+1","LightDefense","LightAttack","LightDefense","LightDefense","LightDefense+1","ChargeAndCover","FocusedStrikes","YoureTooSlow","WillProduceFineSilk","Reload+1"],"relics":["PageOfLibrarian","REME:ComplimentaryCards"],"acts_visited":["Exordium"],"potions_floor_usage":[],"damage_taken":[{"damage":1,"enemies":"2 Louse","floor":1,"turns":3},{"damage":7,"enemies":"Jaw Worm","floor":2,"turns":8},{"damage":46,"enemies":"Gremlin Nob","floor":7,"turns":6}],"seed_played":"-2140377207650892854","potions_obtained":[{"floor":1,"key":"EssenceOfSteel"}],"is_trial":false,"path_per_floor":["M","M","?","?","$","R","E"],"character_chosen":"Librarian","items_purchased":[],"campfire_rested":0,"item_purchase_floors":[],"current_hp_per_floor":[59,52,52,38,38,38,0,0],"gold":3,"neow_bonus":"ONE_RANDOM_RARE_CARD","is_daily":false,"chose_seed":false,"campfire_upgraded":1,"win_rate":0.0,"timestamp":1614237444,"path_taken":["M","M","?","?","?","R","E"],"items_purchased_type":[],"build_version":"2020-12-22","purchased_purges":1,"victory":false,"max_hp_per_floor":[65,71,71,71,71,71,71,71],"card_choices":[{"not_picked":["Parry2","SomberProcuration","BackAttack","PreparedMind","ToOvercomeCrisis","Diversion","GuardingStance","YoureAHindrance"],"picked":"Reload","floor":1},{"not_picked":["SnakesPrey","RatsGuideToSurvival","Thrust","Track","SkyClearingCut","FieryDragonSlash","GaleKick","Ripple","PreemptiveStrike"],"picked":"SKIP","floor":2}],"player_experience":1453835,"relics_obtained":[],"event_choices":[{"cards_removed":["LightAttack"],"damage_healed":0,"gold_gain":0,"player_choice":"Card Removal","damage_taken":0,"max_hp_gain":0,"max_hp_loss":0,"event_name":"The Cleric","floor":3,"gold_loss":50},{"damage_healed":0,"gold_gain":0,"player_choice":"Entered Light","damage_taken":14,"max_hp_gain":0,"max_hp_loss":0,"event_name":"Shining Light","floor":4,"gold_loss":0,"cards_upgraded":["Dodge","LightDefense"]}],"is_beta":false,"boss_relics":[],"items_purged_floors":[5],"is_endless":false,"potions_floor_spawned":[1],"killed_by":"Gremlin Nob","ascension_level":3}}