{"host":"yg0n53y7pkwvmbjt","time":1614230722,"event":{"mods":["Act Like it!","BaseMod","BetterRewards","Hermit","Jorbs\u0027s Wanderer Trilogy","Lobotomy","LobotomyExtend","Marisa（F雨　魔理沙）","Minty Spire (QoL Compilation)","Quick Restart","READ ME - Guardian Mod","Ruina","SOS（斯巴达之子）","StSLib","The Bladedancer","The Construct","The Cursed","The Forsaken","The Hierophant","The Necromancer"],"gold_per_floor":[155,40,68,68,112,112,148,178,178,178,203,247,253,292,292,271,271,301,301,283,335,335,294,393,393,393,366,386,386,386,351,351,237,237],"floor_reached":33,"language":"ZHS","playtime":5073,"items_purged":[],"score":481,"play_id":"07cc01bb-0221-4e7d-95c4-b152826fc44f","local_time":"20210225132522","daily_mods":["Insanity","Time Dilation","Night Terrors"],"is_ascension_mode":false,"campfire_choices":[{"data":"hierophant:Determination","floor":6.0,"key":"SMITH"},{"floor":10.0,"key":"REST"},{"data":"hierophant:DisplayOfPower","floor":15.0,"key":"SMITH"},{"floor":25.0,"key":"REST"},{"data":"1","floor":30,"key":"LIFT"},{"floor":32,"key":"REST"}],"circlet_count":0,"master_deck":["hierophant:FlamingChariot","hierophant:DisplayOfPower+1","hierophant:MorningPrayer","hierophant:Sermon","hierophant:Zeal","hierophant:Doubloon","hierophant:Encroach","hierophant:Community","hierophant:Exaltation","hierophant:AuricShield","hierophant:DisplayOfPower","hierophant:TollTheBells","hierophant:Mercenaries","hierophant:Doubloon","hierophant:Glossolalia","hierophant:Mercenaries","hierophant:Purify","hierophant:ThreeLashes","hierophant:OrnateBuckler","hierophant:Sermon","hierophant:RepressedViolence","hierophant:SealAway","hierophant:FlamingChariot","hierophant:Exaltation","hierophant:Purify","hierophant:Flagellation","hierophant:Sermon","hierophant:Zeal","hierophant:OrnateBuckler","hierophant:Purify","hierophant:OrnateJavelin","hierophant:OrnateBuckler","hierophant:Shelter","hierophant:RustyCrate","hierophant:AuricBeam","hierophant:Upheaval","hierophant:FlamingChariot","hierophant:Prophecy","hierophant:Repentance","hierophant:Repentance","hierophant:Upheaval","hierophant:RepressedViolence","hierophant:Doubloon","hierophant:Sermon","hierophant:HammerAndAnvil","hierophant:Mercenaries","hierophant:Patience","hierophant:Charity","hierophant:Prophecy","hierophant:RepressedViolence","hierophant:RepressedViolence","hierophant:Chorus","hierophant:Community","hierophant:Purify","hierophant:Determination+1","hierophant:AuricBeam","hierophant:Batter","hierophant:FlamingChariot+1","hierophant:ArchangelShield+1","theForsaken:PlagueCurse","hierophant:Purify","hierophant:Doubloon"],"relics":["hierophant:PropheticMaskRelic","LetterFromLob","Golden Idol","White Beast Statue","Busted Crown","theForsaken:PlagueMask","Girya","The Courier","Potion Belt"],"acts_visited":["Exordium","TheCity"],"potions_floor_usage":[],"damage_taken":[{"damage":5.0,"enemies":"2 Louse","floor":1.0,"turns":2.0},{"damage":0.0,"enemies":"Small Slimes","floor":3.0,"turns":3.0},{"damage":0.0,"enemies":"Jaw Worm","floor":5.0,"turns":1.0},{"damage":24.0,"enemies":"Large Slime","floor":7.0,"turns":7.0},{"damage":6.0,"enemies":"2 Fungi Beasts","floor":11.0,"turns":3.0},{"damage":0.0,"enemies":"Lots of Slimes","floor":12.0,"turns":2.0},{"damage":5.0,"enemies":"Blue Slaver","floor":13.0,"turns":3.0},{"damage":5.0,"enemies":"3 Louse","floor":14.0,"turns":2.0},{"damage":34.0,"enemies":"Hexaghost","floor":16.0,"turns":9.0},{"damage":6.0,"enemies":"Chosen","floor":18.0,"turns":2.0},{"damage":24.0,"enemies":"2 Thieves","floor":20.0,"turns":3.0},{"damage":0.0,"enemies":"Sentry and Sphere","floor":21.0,"turns":2.0},{"damage":49.0,"enemies":"Gremlin Leader","floor":23.0,"turns":6.0},{"damage":35.0,"enemies":"Slavers","floor":27.0,"turns":4.0},{"damage":9,"enemies":"Shelled Parasite and Fungi","floor":28,"turns":3},{"damage":23,"enemies":"3 Cultists","floor":31,"turns":5},{"damage":80,"enemies":"Automaton","floor":33,"turns":6}],"seed_played":"3523290589944034342","potions_obtained":[{"floor":3.0,"key":"Ancient Potion"},{"floor":7.0,"key":"DistilledChaos"},{"floor":11.0,"key":"Explosive Potion"},{"floor":12.0,"key":"DistilledChaos"},{"floor":13.0,"key":"SteroidPotion"},{"floor":14.0,"key":"Fruit Juice"},{"floor":16.0,"key":"ColorlessPotion"},{"floor":18.0,"key":"SkillPotion"},{"floor":21.0,"key":"Dexterity Potion"},{"floor":27.0,"key":"BlessingOfTheForge"},{"floor":28,"key":"SteroidPotion"}],"is_trial":false,"path_per_floor":["M","$","M","?","M","R","M","?","T","R","M","M","M","M","R","B",null,"M","?","M","M","?","E","?","R","T","E","M","?","R","M","R","B"],"character_chosen":"HIEROPHANT","items_purchased":["hierophant:Chorus","hierophant:Community"],"campfire_rested":3,"item_purchase_floors":[2,2],"current_hp_per_floor":[70,70,70,52,52,52,29,29,29,70,64,64,59,59,59,25,75,69,69,45,45,45,8,8,70,70,35,26,26,26,3,65,0,0],"gold":237,"neow_bonus":"","is_daily":true,"chose_seed":false,"campfire_upgraded":2,"win_rate":0.0,"timestamp":1614230722,"path_taken":["M","$","M","?","M","R","M","?","T","R","M","M","M","M","R","BOSS","M","?","M","M","?","E","?","R","T","E","M","?","R","M","R","BOSS"],"items_purchased_type":["Card","Card"],"build_version":"2020-12-22","purchased_purges":0,"victory":false,"max_hp_per_floor":[75,75,75,75,75,75,75,75,75,70,70,70,70,75,75,75,75,75,75,75,75,75,75,75,70,70,70,70,70,70,70,65,65,65],"card_choices":[{"not_picked":["hierophant:FlamingChariot","hierophant:Sermon"],"picked":"hierophant:RepressedViolence","floor":1.0},{"not_picked":["hierophant:Sermon","hierophant:SolarFlare"],"picked":"hierophant:Purify","floor":3.0},{"not_picked":["hierophant:Empathy","hierophant:RecallFunds"],"picked":"hierophant:Determination","floor":5.0},{"not_picked":["hierophant:CursedGold","hierophant:Remorse"],"picked":"hierophant:AuricBeam","floor":7.0},{"not_picked":["hierophant:ThreeLashes","hierophant:FieryStrike","hierophant:PristineSoul"],"picked":"SKIP","floor":11.0},{"not_picked":["hierophant:FlamingChariot","hierophant:CoinFling","hierophant:Doubloon"],"picked":"SKIP","floor":12.0},{"not_picked":["hierophant:FaithHealing","hierophant:FieryStrike","hierophant:ConvertCurrency"],"picked":"SKIP","floor":13.0},{"not_picked":["hierophant:Purify","hierophant:OrnateBuckler","hierophant:Sermon"],"picked":"SKIP","floor":14.0},{"not_picked":["hierophant:BulkyChest","hierophant:AuricForm"],"picked":"hierophant:Batter","floor":16.0},{"not_picked":[],"picked":"hierophant:FlamingChariot+1","floor":18.0},{"not_picked":["hierophant:Community"],"picked":"SKIP","floor":20.0},{"not_picked":[],"picked":"hierophant:ArchangelShield+1","floor":21.0},{"not_picked":["hierophant:Racketeering"],"picked":"SKIP","floor":23.0},{"not_picked":[],"picked":"hierophant:Purify","floor":27.0},{"not_picked":[],"picked":"hierophant:Doubloon","floor":28},{"not_picked":["hierophant:Flagellation"],"picked":"SKIP","floor":31}],"player_experience":14482,"relics_obtained":[{"floor":1.0,"key":"LetterFromLob"},{"floor":9.0,"key":"White Beast Statue"},{"floor":23.0,"key":"Girya"},{"floor":26.0,"key":"The Courier"},{"floor":27.0,"key":"Potion Belt"}],"event_choices":[{"damage_healed":0.0,"max_hp_gain":0.0,"max_hp_loss":0.0,"gold_gain":0.0,"event_name":"Golden Idol","player_choice":"Take Damage","floor":4.0,"gold_loss":0.0,"damage_taken":18.0,"relics_obtained":["Golden Idol"]},{"damage_healed":0.0,"max_hp_gain":0.0,"max_hp_loss":0.0,"gold_gain":30.0,"event_name":"Dead Adventurer","player_choice":"Searched \u00272\u0027 times","floor":8.0,"gold_loss":0.0,"damage_taken":0.0},{"damage_healed":0.0,"max_hp_gain":0.0,"max_hp_loss":0.0,"gold_gain":0.0,"event_name":"Vampires","player_choice":"Ignored","floor":19.0,"gold_loss":0.0,"damage_taken":0.0},{"damage_healed":0.0,"max_hp_gain":0.0,"max_hp_loss":0.0,"gold_gain":0.0,"event_name":"Plague Doctor","player_choice":"Obtain Plague Curse","floor":22.0,"gold_loss":0.0,"damage_taken":0.0,"cards_obtained":["theForsaken:PlagueCurse"]},{"damage_healed":0.0,"max_hp_gain":0.0,"max_hp_loss":0.0,"gold_gain":99.0,"event_name":"Nest","player_choice":"Stole From Cult","floor":24.0,"gold_loss":0.0,"damage_taken":0.0},{"damage_healed":0,"gold_gain":0,"player_choice":"Ignored","damage_taken":0,"max_hp_gain":0,"max_hp_loss":0,"event_name":"Beggar","floor":29,"gold_loss":0}],"is_beta":false,"boss_relics":[{"not_picked":["Philosopher\u0027s Stone","Empty Cage"],"picked":"Busted Crown"}],"items_purged_floors":[],"is_endless":false,"potions_floor_spawned":[3,7,11,12,13,14,16,18,20,21,23,27,28,31],"killed_by":"Automaton","ascension_level":0}}