{"host":"qz0goigh82dax5l2","time":1614247342,"event":{"mods":["Act Like it!","Alarm Clock","BaseMod","Energized Spire","Gensokyo","Minty Spire (QoL Compilation)","Quick Restart","Reliquary","Robot Space Explorer","StSLib","The Jungle","¡¾ÒÅÎï¿¨ÅÆ¡¿REMEMod"],"gold_per_floor":[117,117,117,117,127,160,160,186,255,255,281,299,316,336,336,431,431,444,67,454,87,87,87],"floor_reached":22,"language":"ZHS","playtime":1087,"items_purged":[],"score":229,"play_id":"988a0b01-015f-4a73-9c86-3231e5dd8c55","local_time":"20210225180222","is_ascension_mode":false,"campfire_choices":[{"floor":7,"key":"RECALL"},{"floor":10,"key":"REST"},{"floor":15,"key":"REST"}],"circlet_count":0,"master_deck":["RobotSpaceExplorer:Strike","RobotSpaceExplorer:Strike","RobotSpaceExplorer:Strike","RobotSpaceExplorer:Strike","RobotSpaceExplorer:Defend","RobotSpaceExplorer:Defend","RobotSpaceExplorer:Defend","RobotSpaceExplorer:Defend","RobotSpaceExplorer:Scan","RobotSpaceExplorer:MiniLasers","RobotSpaceExplorer:PowerCollector","Gensokyo:CrescentMoonSlash","RobotSpaceExplorer:MetalStrike","RobotSpaceExplorer:ShovelStrike","RobotSpaceExplorer:PowerCollector","RobotSpaceExplorer:SurgingStrike","RobotSpaceExplorer:DualCore","RobotSpaceExplorer:MakeshiftVolley","RobotSpaceExplorer:Smokescreen","RobotSpaceExplorer:Comet","RobotSpaceExplorer:PlasmaMissile","Gensokyo:Shovel","Gensokyo:TarnishedGold","Gensokyo:LockedMedkit","Doubt","Gensokyo:ScrapIron","RobotSpaceExplorer:Probe+1","RobotSpaceExplorer:FranticSearch","RobotSpaceExplorer:Autoloader","RobotSpaceExplorer:Calculate","Parasite"],"relics":["RobotSpaceExplorer:RoboCore","REME_ComplimentaryCards","NeowsBlessing","Strawberry","Gensokyo:OccultBall","reliquary:TuningFork","Matryoshka","Blood Vial","Sundial","PreservedInsect","energizedSpire:CursedPentagram","HandDrill","Orichalcum"],"acts_visited":["Exordium","Gensokyo:Gensokyo"],"potions_floor_usage":[14,20,20],"damage_taken":[{"damage":0,"enemies":"Gensokyo:3_Fairies","floor":1,"turns":1},{"damage":0,"enemies":"Gensokyo:Python","floor":5,"turns":1},{"damage":0,"enemies":"Gensokyo:Cirno","floor":6,"turns":2},{"damage":11,"enemies":"Gensokyo:Mamizou","floor":8,"turns":10},{"damage":24,"enemies":"Gensokyo:Cirno","floor":11,"turns":7},{"damage":0,"enemies":"Gensokyo:Gryphon","floor":12,"turns":4},{"damage":16,"enemies":"Gensokyo:Kitsune","floor":13,"turns":4},{"damage":11,"enemies":"Gensokyo:Gryphon_and_Rabbit","floor":14,"turns":4},{"damage":33,"enemies":"Gensokyo:Kokoro","floor":16,"turns":9},{"damage":9,"enemies":"Gensokyo:Chomper","floor":18,"turns":4},{"damage":64,"enemies":"Gensokyo:AngelMirror","floor":20,"turns":5},{"damage":15,"enemies":"Gensokyo:Wraith","floor":22,"turns":1}],"seed_played":"7660942570050616145","potions_obtained":[{"floor":8,"key":"LiquidMemories"},{"floor":13,"key":"SpeedPotion"},{"floor":14,"key":"Weak Potion"},{"floor":18,"key":"LiquidBronze"}],"is_trial":false,"path_per_floor":["M","?","?","?","M","E","R","E","T","R","E","M","M","M","R","B",null,"M","COS","M","$","M"],"character_chosen":"RobotSpaceExplorer","items_purchased":["Orichalcum","RobotSpaceExplorer:Autoloader","RobotSpaceExplorer:Calculate"],"campfire_rested":2,"item_purchase_floors":[21,21,21],"current_hp_per_floor":[75,64,61,61,61,61,61,50,50,74,52,54,40,31,55,24,82,73,73,11,11,0,0],"gold":87,"neow_bonus":"THREE_ENEMY_KILL","is_daily":false,"chose_seed":false,"campfire_upgraded":0,"win_rate":0.0,"timestamp":1614247342,"path_taken":["M","?","?","?","M","E","R","E","T","R","E","M","M","?","R","BOSS","M","COS","M","$","M"],"items_purchased_type":["Relic","Card","Card"],"build_version":"2020-12-22","purchased_purges":0,"victory":false,"max_hp_per_floor":[75,75,82,82,82,82,82,82,82,82,82,82,82,82,82,82,82,82,82,82,82,82,82],"card_choices":[{"not_picked":["RobotSpaceExplorer:Jetpack","RobotSpaceExplorer:SurgingStrike"],"picked":"RobotSpaceExplorer:PowerCollector","floor":1},{"not_picked":["RobotSpaceExplorer:SlimeMissile","RobotSpaceExplorer:SwiftStep"],"picked":"RobotSpaceExplorer:MetalStrike","floor":5},{"not_picked":["RobotSpaceExplorer:Reload","RobotSpaceExplorer:Probe"],"picked":"RobotSpaceExplorer:ShovelStrike","floor":6},{"not_picked":["RobotSpaceExplorer:Blitz","RobotSpaceExplorer:Calculate"],"picked":"RobotSpaceExplorer:PowerCollector","floor":8},{"not_picked":["RobotSpaceExplorer:Reload","RobotSpaceExplorer:ScrapMissile"],"picked":"RobotSpaceExplorer:SurgingStrike","floor":11},{"not_picked":["RobotSpaceExplorer:GlueShot","RobotSpaceExplorer:PowerCollector"],"picked":"RobotSpaceExplorer:DualCore","floor":12},{"not_picked":["RobotSpaceExplorer:SurgingStrike","RobotSpaceExplorer:Discharger"],"picked":"RobotSpaceExplorer:MakeshiftVolley","floor":13},{"not_picked":["RobotSpaceExplorer:Discharger","RobotSpaceExplorer:ToxicBomb"],"picked":"RobotSpaceExplorer:Smokescreen","floor":14},{"not_picked":["RobotSpaceExplorer:Blaster","RobotSpaceExplorer:Explosion"],"picked":"RobotSpaceExplorer:Comet","floor":16},{"not_picked":["RobotSpaceExplorer:SurgingShield","RobotSpaceExplorer:SwiftStep+1"],"picked":"RobotSpaceExplorer:PlasmaMissile","floor":18},{"not_picked":["RobotSpaceExplorer:SurgingStrike+1","RobotSpaceExplorer:SurgingShield+1"],"picked":"RobotSpaceExplorer:Probe+1","floor":20},{"not_picked":["RobotSpaceExplorer:MiniDrones","RobotSpaceExplorer:StarDust"],"picked":"RobotSpaceExplorer:FranticSearch","floor":20}],"player_experience":83739,"relics_obtained":[{"floor":6,"key":"reliquary:TuningFork"},{"floor":8,"key":"Matryoshka"},{"floor":9,"key":"Blood Vial"},{"floor":9,"key":"Sundial"},{"floor":11,"key":"PreservedInsect"},{"floor":16,"key":"Gensokyo:OccultBall"}],"event_choices":[],"is_beta":false,"boss_relics":[{"not_picked":["REME_ChargedStone","Runic Pyramid"],"picked":"energizedSpire:CursedPentagram"}],"items_purged_floors":[],"is_endless":false,"potions_floor_spawned":[8,13,14,18],"killed_by":"Gensokyo:Wraith","ascension_level":0}}