{"host":"of8gj1gadsx6jhxl","time":1614259563,"event":{"mods":["BaseMod","Bestiary","Colored Map","Minty Spire (QoL Compilation)","Reliquary","Shop Mod","StSLib"],"gold_per_floor":[112,122,136,136,149,149,176,195,195,214,229,229,229,241,241,338,338,355,355,366,378,395,430,14,14,14,14,26,26,26,40,40,139,139,157,157,167,178,197,197,197,197,197,215,227,244,0,11,11,11],"floor_reached":51,"language":"ENG","playtime":7322,"items_purged":["Deflect"],"score":712,"play_id":"847bc03d-36f8-40ed-a0f1-045361ad49fb","local_time":"20210225082603","is_ascension_mode":true,"campfire_choices":[{"data":"Footwork","floor":6,"key":"SMITH"},{"data":"After Image","floor":12,"key":"SMITH"},{"data":"Caltrops","floor":15,"key":"SMITH"},{"data":"RitualDagger","floor":25,"key":"SMITH"},{"data":"Sadistic Nature","floor":30,"key":"SMITH"},{"floor":32,"key":"REST"},{"data":"Outmaneuver","floor":40,"key":"SMITH"},{"floor":49,"key":"REST"}],"circlet_count":0,"master_deck":["Strike_G","Strike_G+1","Strike_G+1","Strike_G+1","Strike_G","Defend_G","Defend_G+1","Defend_G","Defend_G","Defend_G","Survivor+1","Neutralize","Footwork+1","Choke+1","Backflip","After Image+1","Dash","Caltrops+1","Corpse Explosion","Flying Knee","RitualDagger+1","Eviscerate","Acrobatics","Outmaneuver+1","Bane","Sadistic Nature+1","Writhe","Tools of the Trade","Bouncing Flask+1","Envenom","CurseOfTheBell","Skewer","Madness","Madness","Choke+1","Blur+1","Crippling Poison","Malaise","Outmaneuver+1"],"relics":["Velvet Choker","Pantograph","reliquary:BallBearing","Sundial","Snecko Eye","reliquary:PrincelyHelmet","Whetstone","Bag of Marbles","War Paint","Calling Bell","PreservedInsect","reliquary:BoilingFlask","reliquary:OuijaBoard","reliquary:Stiletto","Red Mask"],"acts_visited":["Exordium","TheCity","TheBeyond"],"potions_floor_usage":[16,16,21,22,31,33,33,50,50],"damage_taken":[{"damage":0,"enemies":"Jaw Worm","floor":1,"turns":4},{"damage":2,"enemies":"2 Louse","floor":2,"turns":3},{"damage":4,"enemies":"Small Slimes","floor":3,"turns":4},{"damage":0,"enemies":"3 Louse","floor":5,"turns":4},{"damage":4,"enemies":"Lagavulin","floor":7,"turns":6},{"damage":2,"enemies":"Blue Slaver","floor":8,"turns":5},{"damage":0,"enemies":"Large Slime","floor":10,"turns":5},{"damage":0,"enemies":"2 Fungi Beasts","floor":11,"turns":4},{"damage":0,"enemies":"Red Slaver","floor":14,"turns":3},{"damage":4,"enemies":"Slime Boss","floor":16,"turns":10},{"damage":0,"enemies":"Shell Parasite","floor":18,"turns":5},{"damage":2,"enemies":"2 Thieves","floor":20,"turns":3},{"damage":4,"enemies":"Shelled Parasite and Fungi","floor":21,"turns":4},{"damage":5,"enemies":"Snake Plant","floor":22,"turns":5},{"damage":7,"enemies":"Gremlin Leader","floor":23,"turns":5},{"damage":9,"enemies":"Centurion and Healer","floor":28,"turns":5},{"damage":2,"enemies":"Sentry and Sphere","floor":31,"turns":3},{"damage":25,"enemies":"Collector","floor":33,"turns":7},{"damage":8,"enemies":"3 Shapes","floor":35,"turns":3},{"damage":0,"enemies":"3 Darklings","floor":37,"turns":5},{"damage":6,"enemies":"Jaw Worm Horde","floor":38,"turns":5},{"damage":21,"enemies":"Writhing Mass","floor":39,"turns":6},{"damage":5,"enemies":"4 Shapes","floor":44,"turns":3},{"damage":2,"enemies":"Sphere and 2 Shapes","floor":45,"turns":3},{"damage":4,"enemies":"Spire Growth","floor":46,"turns":4},{"damage":0,"enemies":"3 Darklings","floor":48,"turns":3},{"damage":44,"enemies":"Time Eater","floor":50,"turns":11}],"seed_played":"349747714779018774","potions_obtained":[{"floor":3,"key":"PowerPotion"},{"floor":7,"key":"PowerPotion"},{"floor":14,"key":"AttackPotion"},{"floor":16,"key":"Weak Potion"},{"floor":21,"key":"Weak Potion"},{"floor":23,"key":"SteroidPotion"},{"floor":31,"key":"Poison Potion"},{"floor":39,"key":"Strength Potion"},{"floor":42,"key":"GamblersBrew"},{"floor":42,"key":"Energy Potion"},{"floor":42,"key":"BlessingOfTheForge"}],"is_trial":false,"path_per_floor":["M","M","M","?","M","R","E","M","T","M","M","R","?","M","R","B",null,"M","?","M","M","M","E","$","R","T","?","M","?","R","M","R","B",null,"M","?","M","M","M","R","?","?","T","M","M","M","?","M","R","B",null],"character_chosen":"THE_SILENT","items_purchased":["Sadistic Nature","Whetstone"],"campfire_rested":2,"item_purchase_floors":[24,24],"current_hp_per_floor":[70,68,64,50,50,50,46,44,44,44,44,44,44,44,44,65,70,70,64,62,58,53,46,46,46,46,46,37,37,37,35,56,45,70,62,53,53,47,26,26,26,26,26,21,19,15,15,15,36,17],"gold":11,"neow_bonus":"BOSS_RELIC","is_daily":false,"chose_seed":false,"campfire_upgraded":6,"win_rate":0.0,"timestamp":1614259563,"path_taken":["M","M","M","?","M","R","E","M","T","M","M","R","?","M","R","BOSS","M","?","M","M","M","E","$","R","T","?","M","?","R","M","R","BOSS","M","?","M","M","M","R","?","?","T","M","?","M","?","M","R","BOSS"],"items_purchased_type":["Card","Relic"],"build_version":"2020-12-22","purchased_purges":1,"victory":true,"max_hp_per_floor":[70,70,70,70,70,70,70,70,70,70,70,70,70,70,70,70,70,70,70,70,70,70,70,70,70,70,70,70,70,70,70,70,70,70,70,70,70,70,70,70,70,70,70,70,70,70,70,70,70,70],"card_choices":[{"not_picked":["Flying Knee","PiercingWail"],"picked":"Footwork","floor":1},{"not_picked":["Backstab","Catalyst"],"picked":"Choke","floor":2},{"not_picked":["Underhanded Strike","Sucker Punch"],"picked":"Backflip","floor":3},{"not_picked":["Acrobatics","Catalyst","Sucker Punch"],"picked":"SKIP","floor":5},{"not_picked":["Blade Dance","Escape Plan"],"picked":"After Image","floor":7},{"not_picked":["Deadly Poison","Endless Agony"],"picked":"Dash","floor":8},{"not_picked":["Acrobatics","Bouncing Flask"],"picked":"Deflect","floor":10},{"not_picked":["PiercingWail","Heel Hook"],"picked":"Caltrops","floor":11},{"not_picked":["Masterful Stab","Dodge and Roll","Outmaneuver"],"picked":"SKIP","floor":14},{"not_picked":["Storm of Steel","Unload"],"picked":"Corpse Explosion","floor":16},{"not_picked":["Expertise","Flechettes"],"picked":"Flying Knee","floor":18},{"not_picked":["Dagger Spray+1","Dodge and Roll"],"picked":"Eviscerate","floor":20},{"not_picked":["Backstab+1","Deflect"],"picked":"Acrobatics","floor":21},{"not_picked":["Prepared","PiercingWail"],"picked":"Outmaneuver","floor":22},{"not_picked":["Expertise","Dagger Throw"],"picked":"Bane","floor":23},{"not_picked":["Outmaneuver","Finisher"],"picked":"Tools of the Trade","floor":28},{"not_picked":["Acrobatics","Masterful Stab+1"],"picked":"Bouncing Flask+1","floor":31},{"not_picked":["Tools of the Trade","Phantasmal Killer"],"picked":"Envenom","floor":33},{"not_picked":["Terror","Noxious Fumes"],"picked":"Skewer","floor":35},{"not_picked":["Prepared","Deadly Poison"],"picked":"Choke+1","floor":37},{"not_picked":["Escape Plan","Quick Slash"],"picked":"Blur+1","floor":38},{"not_picked":["Prepared","Poisoned Stab","Slice+1"],"picked":"SKIP","floor":39},{"not_picked":["Heel Hook+1","Calculated Gamble+1"],"picked":"Crippling Poison","floor":44},{"not_picked":["Acrobatics+1","Noxious Fumes+1"],"picked":"Malaise","floor":45},{"not_picked":["Escape Plan","Slice"],"picked":"Outmaneuver+1","floor":46},{"not_picked":["Deadly Poison+1","Sucker Punch","Noxious Fumes"],"picked":"SKIP","floor":48}],"player_experience":160022,"relics_obtained":[{"floor":7,"key":"Pantograph"},{"floor":9,"key":"reliquary:BallBearing"},{"floor":23,"key":"reliquary:PrincelyHelmet"},{"floor":26,"key":"Bag of Marbles"},{"floor":34,"key":"PreservedInsect"},{"floor":34,"key":"reliquary:BoilingFlask"},{"floor":34,"key":"reliquary:OuijaBoard"},{"floor":43,"key":"reliquary:Stiletto"}],"event_choices":[{"damage_healed":0,"gold_gain":0,"player_choice":"Entered Light","damage_taken":14,"max_hp_gain":0,"max_hp_loss":0,"event_name":"Shining Light","floor":4,"gold_loss":0,"cards_upgraded":["Strike_G","Strike_G"]},{"damage_healed":0,"gold_gain":0,"player_choice":"Searched \u00271\u0027 times","damage_taken":0,"relics_obtained":["Sundial"],"max_hp_gain":0,"max_hp_loss":0,"event_name":"Dead Adventurer","floor":13,"gold_loss":0},{"damage_healed":0,"gold_gain":0,"player_choice":"Joined the Cult","damage_taken":6,"max_hp_gain":0,"max_hp_loss":0,"event_name":"Nest","floor":19,"gold_loss":0,"cards_obtained":["RitualDagger"]},{"damage_healed":0,"gold_gain":0,"player_choice":"Opened","damage_taken":0,"relics_obtained":["War Paint"],"max_hp_gain":0,"max_hp_loss":0,"event_name":"The Mausoleum","floor":27,"gold_loss":0,"cards_obtained":["Writhe"]},{"damage_healed":0,"gold_gain":0,"player_choice":"Embrace Madness","damage_taken":9,"max_hp_gain":0,"max_hp_loss":0,"event_name":"Winding Halls","floor":36,"gold_loss":0,"cards_obtained":["Madness","Madness"]},{"damage_healed":0,"gold_gain":0,"player_choice":"Ignored","damage_taken":0,"max_hp_gain":0,"max_hp_loss":0,"event_name":"Mysterious Sphere","floor":41,"gold_loss":0},{"damage_healed":0,"gold_gain":0,"player_choice":"Got Potions","damage_taken":0,"max_hp_gain":0,"max_hp_loss":0,"event_name":"Lab","floor":42,"gold_loss":0},{"damage_healed":0,"gold_gain":0,"player_choice":"Paid","damage_taken":0,"relics_obtained":["Red Mask"],"max_hp_gain":0,"max_hp_loss":0,"event_name":"Tomb of Lord Red Mask","floor":47,"gold_loss":244}],"is_beta":false,"boss_relics":[{"not_picked":["WristBlade","Philosopher\u0027s Stone"],"picked":"Snecko Eye"},{"not_picked":["Empty Cage","Coffee Dripper"],"picked":"Calling Bell"}],"items_purged_floors":[24],"is_endless":false,"potions_floor_spawned":[3,7,14,16,21,23,31,39,44,46,48],"ascension_level":1}}