{"host":"k6u7q08ihsmpx7o5","time":1614286091,"event":{"mods":["BaseMod","Bestiary","Filter the Spire","Minty Spire (QoL Compilation)","Permanent Neow","Relic Stats","StSLib"],"gold_per_floor":[11,25,44,119,135,167,167,7,7,36,36,186,111,147,147,147,147],"floor_reached":16,"language":"ENG","playtime":753,"items_purged":["Doubt"],"score":236,"play_id":"da08bfe9-39d2-4f31-bf5a-45163cfc64a1","local_time":"20210225214811","is_ascension_mode":true,"campfire_choices":[{"floor":7,"key":"REST"},{"data":"Armaments","floor":15,"key":"SMITH"}],"circlet_count":0,"master_deck":["AscendersBane","Strike_R","Strike_R","Strike_R","Strike_R","Strike_R","Defend_R","Defend_R","Defend_R","Defend_R","Bash","Feed","Armaments+1","Inflame","Twin Strike","Pummel","Uppercut","Spot Weakness"],"relics":["Burning Blood","Happy Flower","OrangePellets","Eternal Feather","Ginger","Golden Idol","Ancient Tea Set"],"acts_visited":["Exordium"],"potions_floor_usage":[16,16],"damage_taken":[{"damage":4,"enemies":"Small Slimes","floor":1,"turns":4},{"damage":2,"enemies":"2 Louse","floor":2,"turns":3},{"damage":1,"enemies":"Cultist","floor":3,"turns":3},{"damage":9,"enemies":"Large Slime","floor":5,"turns":12},{"damage":55,"enemies":"3 Sentries","floor":6,"turns":10},{"damage":8,"enemies":"Gremlin Nob","floor":10,"turns":3},{"damage":52,"enemies":"3 Sentries","floor":14,"turns":11},{"damage":42,"enemies":"The Guardian","floor":16,"turns":6}],"seed_played":"3176221895896087399","potions_obtained":[{"floor":5,"key":"Fruit Juice"},{"floor":14,"key":"BloodPotion"}],"is_trial":false,"path_per_floor":["M","M","M","?","M","E","R","$","T","E","?","?","$","E","R","B"],"character_chosen":"IRONCLAD","items_purchased":["OrangePellets"],"campfire_rested":1,"item_purchase_floors":[8],"current_hp_per_floor":[73,80,84,73,74,28,55,55,55,56,56,56,56,10,19,0,0],"gold":147,"neow_bonus":"THREE_RARE_CARDS","is_daily":false,"chose_seed":false,"campfire_upgraded":1,"win_rate":0.0,"timestamp":1614286091,"path_taken":["M","M","M","?","M","E","R","$","T","E","?","?","$","E","R","BOSS"],"items_purchased_type":["Relic"],"build_version":"2020-12-22","purchased_purges":1,"victory":false,"max_hp_per_floor":[78,81,84,84,88,91,91,91,91,94,85,85,85,85,85,90,90],"relic_stats":{"OrangePellets":[0],"Happy Flower":[6],"counters":[8,52],"Golden Idol":7,"Eternal Feather":9,"Ginger":[0],"obtain_stats":[{"OrangePellets":8,"Happy Flower":6,"Golden Idol":11,"Eternal Feather":9,"Ginger":10,"Ancient Tea Set":14,"Burning Blood":0},{"OrangePellets":5,"Happy Flower":5,"Golden Idol":6,"Eternal Feather":5,"Ginger":6,"Ancient Tea Set":7,"Burning Blood":0},{"OrangePellets":32,"Happy Flower":32,"Golden Idol":35,"Eternal Feather":32,"Ginger":35,"Ancient Tea Set":46,"Burning Blood":0}],"Burning Blood":38},"card_choices":[{"not_picked":["Brutality","Corruption"],"picked":"Feed","floor":0},{"not_picked":["Flex","Clothesline"],"picked":"Armaments","floor":1},{"not_picked":["Heavy Blade","Sword Boomerang"],"picked":"Inflame","floor":2},{"not_picked":["Intimidate","Searing Blow"],"picked":"Twin Strike","floor":3},{"not_picked":["Combust","Cleave"],"picked":"Pummel","floor":5},{"not_picked":["Wild Strike","Seeing Red"],"picked":"Uppercut","floor":6},{"not_picked":["Second Wind","Intimidate","Warcry"],"picked":"SKIP","floor":10},{"not_picked":["Anger","Clash"],"picked":"Spot Weakness","floor":14}],"player_experience":1992593,"relics_obtained":[{"floor":6,"key":"Happy Flower"},{"floor":9,"key":"Eternal Feather"},{"floor":10,"key":"Ginger"},{"floor":14,"key":"Ancient Tea Set"}],"event_choices":[{"damage_healed":0,"gold_gain":75,"player_choice":"Gather Gold","damage_taken":11,"max_hp_gain":0,"max_hp_loss":0,"event_name":"World of Goop","floor":4,"gold_loss":0},{"damage_healed":0,"gold_gain":0,"player_choice":"Lose Max HP","damage_taken":0,"relics_obtained":["Golden Idol"],"max_hp_gain":0,"max_hp_loss":9,"event_name":"Golden Idol","floor":11,"gold_loss":0},{"damage_healed":0,"gold_gain":150,"player_choice":"AGREE","damage_taken":0,"max_hp_gain":0,"max_hp_loss":0,"event_name":"Liars Game","floor":12,"gold_loss":0,"cards_obtained":["Doubt"]}],"is_beta":false,"boss_relics":[],"items_purged_floors":[13],"is_endless":false,"potions_floor_spawned":[5,14],"killed_by":"The Guardian","ascension_level":20}}