{"host":"g792ep1fbt4i7bvb","time":1614236755,"event":{"mods":["BaseMod","Beaked The Cultist","Colored Map","Colored Powertips","Highlight Path","Minty Spire (QoL Compilation)","StSLib","SuperFastMode","The Cursed"],"gold_per_floor":[111,111,111,127,145,145,175,3,3,3,15,33,33,52,52,155,155,172,172,271,271,75,75,75,75,75,75,64,77,77,104,104,199,199,213,213,228,34,34,65,65,65,88,12,12,12],"floor_reached":45,"language":"JPN","playtime":5319,"items_purged":[],"score":551,"play_id":"127c0645-d226-4b3e-a244-1a55988e8778","local_time":"20210225160555","is_ascension_mode":true,"campfire_choices":[{"data":"beaked:BloodRitual","floor":6,"key":"SMITH"},{"data":"beaked:Brace","floor":13,"key":"SMITH"},{"data":"beaked:MachineEssence","floor":15,"key":"SMITH"},{"data":"beaked:Negation","floor":23,"key":"SMITH"},{"data":"beaked:Insight","floor":25,"key":"SMITH"},{"data":"beaked:TuckingFeathers","floor":30,"key":"SMITH"},{"data":"beaked:Evade","floor":32,"key":"SMITH"}],"circlet_count":0,"master_deck":["beaked:Strike_Y","beaked:Strike_Y","beaked:Strike_Y","beaked:Defend_Y","beaked:Defend_Y","beaked:Defend_Y","beaked:Defend_Y","beaked:Ceremony","beaked:Ceremony","beaked:Ceremony","beaked:SurvivalInstinct+1","beaked:BloodRitual+1","beaked:FakeOut","beaked:Struggle","Flash of Steel","beaked:Evade+1","beaked:Brace+1","beaked:MachineEssence+1","beaked:Caw","beaked:WarriorEssence","beaked:Negation+1","beaked:Insight+1","beaked:TuckingFeathers+1","beaked:Cower+1","beaked:ScreechingChant","beaked:Mantra+1","beaked:SacrificialScars+1","beaked:RuinSticks+1","beaked:SurvivalInstinct+1","beaked:Windmill+1","beaked:Brace","Impatience","beaked:TuckingFeathers+1"],"relics":["beaked:MendingPlumage","WingedGreaves","Darkstone Periapt","Dead Branch","Coffee Dripper","Art of War","Bag of Marbles","Unceasing Top","Astrolabe","FossilizedHelix","Lantern","Pen Nib","Gambling Chip","Potion Belt"],"acts_visited":["Exordium","TheCity","TheBeyond"],"potions_floor_usage":[7,24,28,29,45,45],"damage_taken":[{"damage":10,"enemies":"Small Slimes","floor":1,"turns":5},{"damage":7,"enemies":"Jaw Worm","floor":4,"turns":6},{"damage":5,"enemies":"Cultist","floor":5,"turns":5},{"damage":28,"enemies":"Gremlin Nob","floor":7,"turns":6},{"damage":0,"enemies":"Large Slime","floor":11,"turns":4},{"damage":19,"enemies":"3 Louse","floor":12,"turns":4},{"damage":9,"enemies":"2 Fungi Beasts","floor":14,"turns":6},{"damage":42,"enemies":"Hexaghost","floor":16,"turns":9},{"damage":45,"enemies":"Shell Parasite","floor":18,"turns":9},{"damage":30,"enemies":"Masked Bandits","floor":24,"turns":3},{"damage":29,"enemies":"2 Thieves","floor":28,"turns":4},{"damage":44,"enemies":"Centurion and Healer","floor":29,"turns":8},{"damage":68,"enemies":"Gremlin Leader","floor":31,"turns":7},{"damage":68,"enemies":"Champ","floor":33,"turns":11},{"damage":50,"enemies":"3 Darklings","floor":35,"turns":9},{"damage":21,"enemies":"3 Shapes","floor":37,"turns":5},{"damage":29,"enemies":"Nemesis","floor":40,"turns":5},{"damage":95,"enemies":"Reptomancer","floor":45,"turns":5}],"seed_played":"1355077613194354769","potions_obtained":[{"floor":4,"key":"SmokeBomb"},{"floor":5,"key":"ColorlessPotion"},{"floor":14,"key":"SteroidPotion"},{"floor":28,"key":"Ancient Potion"},{"floor":33,"key":"Block Potion"},{"floor":35,"key":"Block Potion"},{"floor":37,"key":"Dexterity Potion"},{"floor":40,"key":"BlessingOfTheForge"}],"is_trial":false,"path_per_floor":["M","?","?","M","M","R","E","$","T","$","M","M","R","M","R","B",null,"M","?","?","?","$","R","?","R","T","?","M","M","R","E","R","B",null,"M","?","M","$","?","E","?","T","T","$","E"],"character_chosen":"BEAKED_THE_CULTIST","items_purchased":["beaked:Struggle","Flash of Steel","beaked:Insight","Art of War","beaked:Brace","Lantern","beaked:MendingBrew"],"campfire_rested":0,"item_purchase_floors":[8,8,22,22,38,38,44],"current_hp_per_floor":[51,39,39,47,53,53,36,36,36,36,51,42,42,52,52,55,55,51,51,51,51,51,51,30,30,30,30,19,46,46,23,23,57,57,60,60,63,63,63,49,49,49,49,49,0,0],"gold":12,"neow_bonus":"TEN_PERCENT_HP_BONUS","is_daily":false,"chose_seed":false,"campfire_upgraded":7,"win_rate":0.0,"timestamp":1614236755,"path_taken":["M","?","?","M","M","R","E","$","T","?","M","?","R","M","R","BOSS","M","?","?","?","$","R","?","R","T","?","M","M","R","E","R","BOSS","M","?","?","$","?","E","?","?","T","?","E"],"items_purchased_type":["Card","Card","Card","Relic","Card","Relic","Potion"],"build_version":"2020-12-22","purchased_purges":0,"victory":false,"max_hp_per_floor":[55,55,55,55,55,55,55,55,55,55,55,55,55,55,55,55,55,55,55,55,55,55,55,55,55,55,55,55,57,57,57,57,57,57,60,60,63,63,63,63,60,60,60,60,60,60],"card_choices":[{"not_picked":["beaked:DigDeep","beaked:Tradeoff"],"picked":"beaked:SurvivalInstinct","floor":1},{"not_picked":["beaked:Flinch","beaked:StunningBlow"],"picked":"beaked:BloodRitual","floor":4},{"not_picked":["beaked:FeelMyPain","beaked:Replenish","beaked:Tradeoff"],"picked":"SKIP","floor":5},{"not_picked":["beaked:FeelMyPain","beaked:Replenish","beaked:Tradeoff"],"picked":"SKIP","floor":5},{"not_picked":["beaked:StickSmack","beaked:Tweet"],"picked":"beaked:FakeOut","floor":7},{"not_picked":["beaked:BounceBack","beaked:DigDeep"],"picked":"beaked:Evade","floor":11},{"not_picked":["beaked:MimicHuntress","beaked:SacrificialDive"],"picked":"beaked:Brace","floor":12},{"not_picked":["beaked:BraceForImpact","beaked:Hexing"],"picked":"beaked:MachineEssence","floor":14},{"not_picked":["beaked:MachineEssence","beaked:AwakenedForm"],"picked":"beaked:Caw","floor":16},{"not_picked":["beaked:Resilience","beaked:VigorBurst"],"picked":"beaked:WarriorEssence","floor":18},{"not_picked":["beaked:Devastation+1","beaked:Daydream+1"],"picked":"beaked:TuckingFeathers","floor":28},{"not_picked":["beaked:Devastation","beaked:DigDeep","beaked:Tradeoff"],"picked":"SKIP","floor":29},{"not_picked":["beaked:FeelMyPain+1","beaked:Replenish"],"picked":"beaked:Cower+1","floor":31},{"not_picked":["beaked:WildInstinct","beaked:Sacrifice"],"picked":"beaked:ScreechingChant","floor":33},{"not_picked":["beaked:Daydream","beaked:Evade+1"],"picked":"beaked:SurvivalInstinct+1","floor":35},{"not_picked":["beaked:BloodForTheGods","beaked:SacrificialAttack+1"],"picked":"beaked:Windmill+1","floor":37},{"not_picked":["Deep Breath","HandOfGreed"],"picked":"Impatience","floor":39},{"not_picked":["beaked:Foresight","beaked:Insight"],"picked":"beaked:TuckingFeathers+1","floor":40}],"player_experience":827067,"relics_obtained":[{"floor":7,"key":"Darkstone Periapt"},{"floor":9,"key":"Dead Branch"},{"floor":26,"key":"Bag of Marbles"},{"floor":31,"key":"Unceasing Top"},{"floor":40,"key":"Pen Nib"},{"floor":42,"key":"Gambling Chip"},{"floor":43,"key":"Potion Belt"}],"event_choices":[{"damage_healed":0,"gold_gain":0,"player_choice":"Success","damage_taken":12,"relics_obtained":["WingedGreaves"],"max_hp_gain":0,"max_hp_loss":0,"event_name":"Scrap Ooze","floor":2,"gold_loss":0},{"damage_healed":0,"gold_gain":0,"player_choice":"Grow","damage_taken":0,"max_hp_gain":0,"max_hp_loss":0,"event_name":"Living Wall","floor":3,"gold_loss":0,"cards_upgraded":["beaked:SurvivalInstinct"]},{"damage_healed":0,"gold_gain":0,"player_choice":"Ignored","damage_taken":0,"max_hp_gain":0,"max_hp_loss":0,"event_name":"Vampires","floor":19,"gold_loss":0},{"damage_healed":0,"gold_gain":99,"player_choice":"Stole From Cult","damage_taken":0,"max_hp_gain":0,"max_hp_loss":0,"event_name":"Nest","floor":20,"gold_loss":0},{"damage_healed":0,"gold_gain":0,"player_choice":"Read","damage_taken":0,"max_hp_gain":0,"max_hp_loss":0,"event_name":"The Library","floor":21,"gold_loss":0,"cards_obtained":["beaked:Negation"]},{"damage_healed":0,"gold_gain":0,"player_choice":"Fought Bandits","damage_taken":0,"max_hp_gain":0,"max_hp_loss":0,"event_name":"Masked Bandits","floor":24,"gold_loss":0},{"damage_healed":0,"gold_gain":0,"player_choice":"Gave Potion","damage_taken":0,"relics_obtained":["FossilizedHelix"],"max_hp_gain":0,"max_hp_loss":0,"event_name":"WeMeetAgain","floor":36,"gold_loss":0},{"damage_healed":0,"gold_gain":0,"player_choice":"Memory 1","damage_taken":0,"max_hp_gain":0,"max_hp_loss":0,"event_name":"SensoryStone","floor":39,"gold_loss":0},{"damage_healed":0,"gold_gain":0,"player_choice":"Max HP","damage_taken":0,"max_hp_gain":0,"max_hp_loss":3,"event_name":"Winding Halls","floor":41,"gold_loss":0}],"is_beta":false,"boss_relics":[{"not_picked":["Ectoplasm","SacredBark"],"picked":"Coffee Dripper"},{"not_picked":["beaked:MawFillet","Philosopher\u0027s Stone"],"picked":"Astrolabe"}],"items_purged_floors":[],"is_endless":false,"potions_floor_spawned":[4,5,14,24,28,33,35,37,40],"killed_by":"Reptomancer","ascension_level":3}}