{"host":"fhwr1fuluf6086fh","time":1614233495,"event":{"mods":["2.2 Compatiblity","Act Like it!","BaseMod","Colored Map","Elementarium","Minty Spire (QoL Compilation)","StSLib"],"gold_per_floor":[115,190,205,69,69,102,117,149,227,240,240,256,256,256,256,357,357,372,3,22,36,36,68,68,68,68,101,101,113,113,113],"floor_reached":30,"language":"ENG","playtime":2340,"items_purged":["Strike_G"],"score":442,"play_id":"c0b6d1d5-51d8-4cd4-aa77-b30a9362ed2b","local_time":"20210225011135","is_ascension_mode":true,"campfire_choices":[{"floor":11,"key":"REST"},{"floor":13,"key":"REST"},{"data":"A Thousand Cuts","floor":15,"key":"SMITH"},{"floor":25,"key":"REST"},{"floor":28,"key":"REST"}],"circlet_count":0,"master_deck":["AscendersBane","Strike_G","Strike_G","Strike_G","Strike_G+1","Defend_G","Defend_G","Defend_G","Defend_G","Defend_G","Survivor","Neutralize","Blade Dance+1","Blade Dance","A Thousand Cuts+1","Masterful Stab","Deflect","Backstab","Bullet Time","Acrobatics+1","Backflip+1","Cloak And Dagger+1","Blur+1","Storm of Steel+1","Cloak And Dagger+1","Well Laid Plans+1","Infinite Blades","Burst+1","Slice","Dodge and Roll+1","Blade Dance+1","Cloak And Dagger+1","A Thousand Cuts","Phantasmal Killer+1","Pain","Prepared+1","Dagger Throw+1","Dodge and Roll+1"],"relics":["Ring of the Snake","Prayer Wheel","Bronze Scales","Toxic Egg 2","Black Star","Thread and Needle","The Specimen","WarpedTongs","Molten Egg 2","Juzu Bracelet","MealTicket"],"acts_visited":["Exordium","TheCity"],"potions_floor_usage":[8,8,16,21,23,27],"damage_taken":[{"damage":2,"enemies":"Jaw Worm","floor":1,"turns":8},{"damage":0,"enemies":"2 Louse","floor":3,"turns":2},{"damage":25,"enemies":"Lagavulin","floor":6,"turns":8},{"damage":0,"enemies":"Small Slimes","floor":7,"turns":3},{"damage":15,"enemies":"3 Sentries","floor":8,"turns":6},{"damage":9,"enemies":"Exordium Wildlife","floor":10,"turns":4},{"damage":0,"enemies":"Gremlin Gang","floor":12,"turns":2},{"damage":20,"enemies":"Slime Boss","floor":16,"turns":8},{"damage":10,"enemies":"2 Thieves","floor":18,"turns":2},{"damage":0,"enemies":"3 Byrds","floor":20,"turns":2},{"damage":11,"enemies":"Snecko","floor":21,"turns":4},{"damage":32,"enemies":"Slavers","floor":23,"turns":6},{"damage":24,"enemies":"Gremlin Leader","floor":27,"turns":7},{"damage":18,"enemies":"3 Cultists","floor":29,"turns":4},{"damage":30,"enemies":"Slavers","floor":30,"turns":2}],"seed_played":"-1527956819240108753","potions_obtained":[{"floor":3,"key":"Energy Potion"},{"floor":7,"key":"Regen Potion"},{"floor":12,"key":"DistilledChaos"},{"floor":16,"key":"Regen Potion"},{"floor":20,"key":"Weak Potion"},{"floor":21,"key":"EssenceOfSteel"}],"is_trial":false,"path_per_floor":["M","?","M","$","?","E","M","E","T","M","R","M","R","?","R","B",null,"M","$","M","M","$","E","?","R","T","E","R","M","E"],"character_chosen":"THE_SILENT","items_purchased":["A Thousand Cuts","Infinite Blades","Burst+1","Slice"],"campfire_rested":4,"item_purchase_floors":[4,19,19,19],"current_hp_per_floor":[68,57,57,57,57,32,32,32,32,23,46,46,69,54,54,34,66,56,56,56,57,57,25,25,48,48,24,47,29,0,0],"gold":113,"neow_bonus":"TEN_PERCENT_HP_BONUS","is_daily":false,"chose_seed":false,"campfire_upgraded":1,"win_rate":0.0,"timestamp":1614233495,"path_taken":["M","?","M","$","?","E","M","E","T","M","R","M","R","?","R","BOSS","M","$","M","M","$","E","?","R","T","E","R","M","E"],"items_purchased_type":["Card","Card","Card","Card"],"build_version":"2020-12-22","purchased_purges":1,"victory":false,"max_hp_per_floor":[77,77,77,77,77,77,77,77,77,77,77,77,77,77,77,77,77,77,77,77,77,77,77,77,77,77,77,77,77,77,77],"card_choices":[{"not_picked":["Cloak And Dagger","Underhanded Strike"],"picked":"Blade Dance","floor":1},{"not_picked":["Expertise","Distraction"],"picked":"Blade Dance","floor":3},{"not_picked":["PiercingWail","Concentrate"],"picked":"Masterful Stab","floor":6},{"not_picked":["Dagger Spray","All Out Attack"],"picked":"Deflect","floor":7},{"not_picked":["Skewer","Endless Agony"],"picked":"Backstab","floor":7},{"not_picked":["Flying Knee","Setup"],"picked":"Bullet Time","floor":8},{"not_picked":["Distraction+1","Bane"],"picked":"Acrobatics+1","floor":10},{"not_picked":["Tactician+1","Backstab"],"picked":"Backflip+1","floor":10},{"not_picked":["Poisoned Stab","Dash"],"picked":"Cloak And Dagger+1","floor":12},{"not_picked":["Dagger Spray","Concentrate+1"],"picked":"Blur+1","floor":12},{"not_picked":["Grand Finale","Doppelganger+1"],"picked":"Storm of Steel+1","floor":16},{"not_picked":["Deflect+1","Outmaneuver+1"],"picked":"Cloak And Dagger+1","floor":18},{"not_picked":["Bane","Crippling Poison+1"],"picked":"Well Laid Plans+1","floor":18},{"not_picked":["Dagger Throw","PiercingWail+1"],"picked":"Dodge and Roll+1","floor":20},{"not_picked":["Calculated Gamble+1","Caltrops+1"],"picked":"Blade Dance+1","floor":20},{"not_picked":["Prepared+1","Tactician+1"],"picked":"Cloak And Dagger+1","floor":21},{"not_picked":["Bane","Bouncing Flask+1"],"picked":"A Thousand Cuts","floor":21},{"not_picked":["Prepared+1","Outmaneuver+1"],"picked":"Phantasmal Killer+1","floor":23},{"not_picked":["Backflip+1","Flechettes+1"],"picked":"Prepared+1","floor":27},{"not_picked":["Slice+1","Prepared+1"],"picked":"Dagger Throw+1","floor":29},{"not_picked":["PiercingWail+1","Quick Slash+1"],"picked":"Dodge and Roll+1","floor":29}],"player_experience":884042,"relics_obtained":[{"floor":6,"key":"Prayer Wheel"},{"floor":8,"key":"Bronze Scales"},{"floor":9,"key":"Toxic Egg 2"},{"floor":23,"key":"Thread and Needle"},{"floor":23,"key":"The Specimen"},{"floor":26,"key":"Molten Egg 2"},{"floor":27,"key":"Juzu Bracelet"},{"floor":27,"key":"MealTicket"}],"event_choices":[{"damage_healed":0,"gold_gain":75,"player_choice":"Gather Gold","damage_taken":11,"max_hp_gain":0,"max_hp_loss":0,"event_name":"World of Goop","floor":2,"gold_loss":0},{"damage_healed":0,"gold_gain":0,"player_choice":"Ignored","damage_taken":0,"max_hp_gain":0,"max_hp_loss":0,"event_name":"Liars Game","floor":5,"gold_loss":0},{"damage_healed":0,"gold_gain":0,"player_choice":"Entered Light","damage_taken":15,"max_hp_gain":0,"max_hp_loss":0,"event_name":"Shining Light","floor":14,"gold_loss":0,"cards_upgraded":["Blade Dance","Strike_G"]},{"damage_healed":0,"gold_gain":0,"player_choice":"Rummage","damage_taken":0,"relics_obtained":["WarpedTongs"],"max_hp_gain":0,"max_hp_loss":0,"event_name":"Accursed Blacksmith","floor":24,"gold_loss":0,"cards_obtained":["Pain"]}],"is_beta":false,"boss_relics":[{"not_picked":["SlaversCollar","Velvet Choker"],"picked":"Black Star"}],"items_purged_floors":[19],"is_endless":false,"potions_floor_spawned":[3,7,12,16,20,21],"killed_by":"Slavers","ascension_level":10}}