{"host":"za9ilm1uiwmpmin1","time":1614265142,"event":{"mods":["AchievementEnabler","Act Like it!","BaseMod","Friendly Minions","Gensokyo","KomeijiMod","Library of Ruina","Library of Ruina Extra","Minty Spire (QoL Compilation)","MostiFishMod","StSLib","TestMod","Waifu the Spire"],"gold_per_floor":[113,113,127,52,52,84,102,134,160,14,42,116,164,229,229,370,370,426,481,34,174,613,682,682,682,730,730,805,805,862,958,958,1099,1099,1115,1209,1269,1669,1669,1696,1696,1724,1774,1774,1867,1777,1874,1886,1886,1966,2006,2006,2006,1759,1830,1830],"floor_reached":57,"language":"ZHS","playtime":2912,"items_purged":["LightAttack","LightAttack"],"score":2652,"play_id":"4b6a071c-68e1-4962-ab50-b79809df59bb","local_time":"20210225225902","is_ascension_mode":true,"campfire_choices":[{"data":"GutHarvesting","floor":15.0,"key":"SMITH"},{"data":"UnforgettableMelody","floor":24.0,"key":"SMITH"},{"data":"SilentMist","floor":27.0,"key":"SMITH"},{"data":"ExtractFuel","floor":29.0,"key":"SMITH"},{"data":"Fence","floor":32.0,"key":"SMITH"},{"floor":41.0,"key":"RECALL"},{"data":"ChargeAndCover","floor":49.0,"key":"SMITH"},{"data":"QuickAttack","floor":53,"key":"SMITH"}],"circlet_count":0,"master_deck":["AscendersBane","LightDefense","LightDefense","ChargeAndCover+1","FocusedStrikes","Fence+1","GutHarvesting+1","QuickAttack+1","SilentMist+1","UnforgettableMelody+1","ExtractFuel+1","Parry2+1","CleanUp+1","GoinFirst+1","FrontalAssault+1","SnakesPrey","Gensokyo:CustomPotion","ForTheFamily+1"],"relics":["PageOfLibrarian","testmod-TestBox","testmod-SaigiyounoYou","xbg","SynthV:TestCard","Gensokyo:Justice","PageOfSpiderBud","PageOfSingingMachine","Civilization","testmod-RainbowHikingShoes","Question Card","Transparent","BrkXgEgg","MetatronsCube","testmod-CasingShield","FossilizedHelix","Art of War","Bag of Preparation","Blood Vial","testmod-Maize","Eternal Feather","ChiXiaoBlade","Bottled Tornado","PageOfHappyTeddyBear","testmod-OneHitWonder","Orichalcum","PageOfNosferatu"],"acts_visited":["Exordium","Gensokyo:Gensokyo","Gensokyo:Gensokyoer","TheEnding"],"potions_floor_usage":[56],"damage_taken":[{"damage":2.0,"enemies":"Gensokyo:2_Kodama","floor":1.0,"turns":3.0},{"damage":1.0,"enemies":"Gensokyo:Gryphon","floor":3.0,"turns":3.0},{"damage":2.0,"enemies":"Gensokyo:Aya","floor":6.0,"turns":4.0},{"damage":0.0,"enemies":"Gensokyo:3_Fairies","floor":7.0,"turns":3.0},{"damage":0.0,"enemies":"Gensokyo:Mamizou","floor":8.0,"turns":6.0},{"damage":0.0,"enemies":"Gensokyo:Cirno","floor":11.0,"turns":4.0},{"damage":0.0,"enemies":"Gensokyo:2_Rabbits","floor":12.0,"turns":2.0},{"damage":0.0,"enemies":"Gensokyo:VengefulSpirit","floor":13.0,"turns":2.0},{"damage":0.0,"enemies":"Gensokyo:Mamizou","floor":14.0,"turns":4.0},{"damage":0.0,"enemies":"Gensokyo:Yukari","floor":16.0,"turns":8.0},{"damage":40.0,"enemies":"Gensokyo:Chomper","floor":18.0,"turns":2.0},{"damage":42.0,"enemies":"Gensokyo:CosmicMonolith","floor":19.0,"turns":2.0},{"damage":110.0,"enemies":"Gensokyo:CosmicMonolith","floor":21.0,"turns":5.0},{"damage":46.0,"enemies":"Gensokyo:3_Gloops","floor":22.0,"turns":3.0},{"damage":48.0,"enemies":"Gensokyo:Reisen","floor":23.0,"turns":3.0},{"damage":25.0,"enemies":"Gensokyo:Koishi","floor":28.0,"turns":2.0},{"damage":26.0,"enemies":"Gensokyo:Wraith","floor":30.0,"turns":2.0},{"damage":27.0,"enemies":"Gensokyo:Chomper_and_Gloop","floor":31.0,"turns":2.0},{"damage":0.0,"enemies":"Gensokyo:Eternal_Rivals","floor":33.0,"turns":1.0},{"damage":0.0,"enemies":"Gensokyo:AncientGuardian","floor":35.0,"turns":1.0},{"damage":0.0,"enemies":"Gensokyo:3_Boulders","floor":36.0,"turns":1.0},{"damage":0.0,"enemies":"Gensokyo:Rafflesia","floor":37.0,"turns":1.0},{"damage":0.0,"enemies":"Gensokyo:Marisa","floor":40.0,"turns":1.0},{"damage":0.0,"enemies":"Gensokyo:Kasen","floor":42.0,"turns":1.0},{"damage":0.0,"enemies":"Gensokyo:4_Bats","floor":45.0,"turns":1.0},{"damage":0.0,"enemies":"Gensokyo:3_Boulders","floor":47.0,"turns":1.0},{"damage":0.0,"enemies":"Gensokyo:Rafflesia","floor":48.0,"turns":1.0},{"damage":74.0,"enemies":"Gensokyo:Shinki","floor":50.0,"turns":3.0},{"damage":0,"enemies":"Shield and Spear","floor":55,"turns":1},{"damage":78,"enemies":"The Heart","floor":56,"turns":3}],"seed_played":"1268976454698938044","potions_obtained":[{"floor":8.0,"key":"Weak Potion"},{"floor":12.0,"key":"SteroidPotion"},{"floor":22.0,"key":"ColorlessPotion"},{"floor":45.0,"key":"GamblersBrew"}],"is_trial":false,"path_per_floor":["M","?","M","$","?","E","M","E","T","COS","E","M","M","E","R","B",null,"M","M","COS","?","M","E","R","?","T","R","E","R","M","M","R","B",null,"M","M","M","?","?","E","R","E","T","?","M","?","M","M","R","B",null,null,"R","$","E","B",null],"character_chosen":"Librarian","items_purchased":["Orichalcum"],"campfire_rested":0,"item_purchase_floors":[54],"current_hp_per_floor":[64,64,70,70,34,47,59,71,71,71,89,92,95,99,99,104,104,109,114,114,107,124,129,129,129,129,129,134,134,139,144,144,149,149,154,159,164,164,164,169,169,174,174,174,179,179,184,189,189,194,194,194,194,194,199,204],"gold":1830,"neow_bonus":"TEN_PERCENT_HP_BONUS","is_daily":false,"chose_seed":false,"campfire_upgraded":7,"win_rate":0.0,"timestamp":1614265142,"path_taken":["M","?","M","$","?","E","?","E","T","COS","E","M","M","E","R","BOSS","M","M","COS","?","M","E","R","?","T","R","E","R","?","M","R","BOSS","M","M","M","?","?","E","R","E","T","?","?","?","?","M","R","BOSS","R","$","E","BOSS"],"items_purchased_type":["Relic"],"build_version":"2020-12-22","purchased_purges":2,"victory":true,"max_hp_per_floor":[74,74,90,90,90,90,90,90,90,90,90,92,95,99,99,104,104,109,114,114,119,124,129,129,129,129,129,134,134,139,144,144,149,149,154,159,164,164,164,169,169,174,174,174,179,179,184,189,189,194,194,194,194,194,199,204],"card_choices":[{"not_picked":["GreatSerpentsImpact","FleetEdge","TrimTheIngredients","Mutilate","Thrust","BackAttack","Gigigig","ViolentFlame","Tailoring"],"picked":"SKIP","floor":1.0},{"not_picked":["Diversion","GuardingStance","EnergyShield","SinglePointStab","IronWall","Thrust","HandleRequest","MultiBlock","MultiHit","QuickAttack"],"picked":"Fence","floor":3.0},{"not_picked":["FierceOnslaught","Leap_lor","Execute_lor","Faith","GrazeTheGrass","ExtremeEdge","StructuralAnalysis","FaintMemories","HardRehearsal","Outburst","ViolentFlame"],"picked":"SKIP","floor":6.0},{"not_picked":["DefenseOrder","StructuralAnalysis","Standoff","UnavoidableGaze","Thirst","SerpentSwordTechnique","Reload","StrongStrike","HeavyPeaks","CombatPreparation","Overcharge"],"picked":"SKIP","floor":7.0},{"not_picked":["Outburst","ToWhereThePrescriptPoints","Preparation","SturdyDefense","EnergyConversion","SnakeSlit","IdentifyWeakpoint","Multislash","YouOnlyLiveOnce","BattleCommand"],"picked":"GutHarvesting","floor":8.0},{"not_picked":["QuickSuppression","BiAn","TheArtOfRapidSteps","SpearedSweep","ViolentFlame","NightInTheBackstreets","ToWhereThePrescriptPoints","Standoff","SilentNight","Retaliate"],"picked":"QuickAttack","floor":11.0},{"not_picked":["SunsetBlade","GrazeTheGrass","BiXi","Marionette","EnergyShield","UnavoidableGaze","Rewind","TheArtOfRapidSteps","WillOfThePrescript","BoundaryOfDeath","SmokingPipe"],"picked":"SKIP","floor":12.0},{"not_picked":["StructuralAnalysis","SmokingPipe","Multislash","Zzzzzap","GuardingStance","ElectricShock","Transpierce","InnerArdor","TraceOfFumes","QuickSuppression"],"picked":"SilentMist","floor":13.0},{"not_picked":["DirtyBlow","FleetFootsteps","FeelinGood","HandlingWork","FlashingStrike","SpearedSweep","StrongStrike","SinglePointStab","InkOver","Rampage_lor","Endure"],"picked":"SKIP","floor":14.0},{"not_picked":["RepressedFlesh","SilentNight","LeRegole","Disposal","WillProduceFineSilk"],"picked":"UnforgettableMelody","floor":16.0},{"not_picked":["InnerArdor","Wallop_lor+1","TheRedNotes","WrathOfTorment","EnergyShield","ButterflySlash","BlowItUp","RapidGashes","Suppress","BackAttack","ElectricShock","Riposte"],"picked":"SKIP","floor":18.0},{"not_picked":["Diversion","IngredientHunt","RagingStormLove","Collision","BladeWhirl+1","Unlock1","QuickAttack","AsThePrescriptOrders","SnakesPrey","TrimTheIngredients","SteelKnuckles","WildCard+1"],"picked":"SKIP","floor":19.0},{"not_picked":["SparkingSpear+1","ClassAndRespect","Feast","FleetEdge","DefenseOrder","DarkCloud","Faith","WillBeTasty","Wallop_lor","FrontalAssault+1","ExtractFuel","FleetFootsteps"],"picked":"SKIP","floor":22.0},{"not_picked":["ConcentratedFire","GoinFirst+1","Zzzzzap","FlowOfTheSword","PreemptiveStrike","Castigation+1","GuidanceOfTheGears","Execute_lor","HeavyPeaks","EndlessBattle","SharpenedBlade","EnergyShield"],"picked":"SKIP","floor":23.0},{"not_picked":["InhaleSmoke","DevastatingThrash","Parry","GuidanceOfTheGears","QuickAttack+1","SinglePointStab","Cruelty+1","UndertakePrescript","Leap_lor","PinpointShot","Ripple+1"],"picked":"ExtractFuel","floor":28.0},{"not_picked":["PreemptiveStrike","TheRedNotes+1","YoureAHindrance","KeepItFresh","Punishment+1","StructuralAnalysis","JiaoTu","HighKick","Leap_lor","EnergyShield","AsThePrescriptOrders"],"picked":"Parry2+1","floor":30.0},{"not_picked":["BiAn+1","ElectricShock","TendonChords","MultiHit","UnavoidableGaze+1","BurningFlash","BackAttack","FierceCharge","ExtremeEdge","DesperateStruggle","FrontalAssault"],"picked":"CleanUp+1","floor":31.0},{"not_picked":["FlamingDragonFist+1","CleanUp+1","RagingStormLove+1","EnergyBeam+1","FormingStorm+1"],"picked":"GoinFirst+1","floor":33.0},{"not_picked":["ViolentFlame","Diversion","ShockingBlow","ToOvercomeCrisis","QuickAttack","UnavoidableGaze","GuidanceOfTheGears+1","SnakesPrey","UpbeatPerformance","Parry2","Unlock1"],"picked":"FrontalAssault+1","floor":35.0},{"not_picked":["Reload+1","Parry","GrazeTheGrass","QuickSuppression","BayonetCombat","Diversion","RhinoRam","FierceCharge","Pound","IllEndYou+1","SnakeSlit"],"picked":"SnakesPrey","floor":36.0},{"not_picked":["Thrust","SnakesPrey","RagingStormLove+1","Diversion","Slice_lor","LossOfSenses","Parry2+1","SharpenedBlade","SerpentSwordTechnique+1","Eject+1","SinglePointStab","Mutilate"],"picked":"SKIP","floor":37.0},{"not_picked":["GutHarvesting+1","PreemptiveStrike+1","FleetEdge+1","SteelKnuckles","SharpSwipe","BulkyImpact+1","Quickness","DefenseOrder+1","EnergyShield","SunsetBlade","Parry","GatherIntel"],"picked":"SKIP","floor":40.0},{"not_picked":["BiteOff","FleetEdge","UpbeatPerformance","EnergyCycle","Guardian_lor","IronWall","SinglePointStab","FlamingDragonFist+1","Collision","WillOfThePrescript+1","CutIn","BackAttack"],"picked":"SKIP","floor":42.0},{"not_picked":["Unlock1","AssaultOrder+1","SunsetBlade","MultiHit","TrashDisposal+1","ClassAndRespect","IllEndYou+1","AsThePrescriptOrders","ViolentFlame","TendonChords","WaitUp+1","ChopItOff"],"picked":"SKIP","floor":45.0},{"not_picked":["Rewind","Diversion+1","Slice_lor","SavageMode+1","DestructiveImpact+1","HighKick","MultiBlock","SunsetBlade","DesperateStruggle","Leap_lor+1","EnergyShield"],"picked":"ForTheFamily+1","floor":47.0},{"not_picked":["DimensionalRift","Diversion","MultiHit","BladeWhirl","FlyingSword","ReadyUp","StrongStrike","BackAttack","ChargeUp+1","PinpointShot","QuickSuppression","Rewind+1"],"picked":"SKIP","floor":48.0},{"not_picked":["StructuralAnalysis","Track","DarkCloud","HiddenBlade+1","HighSpeedStabbing","WillOfThePrescript","SharpSwipe+1","HardRehearsal+1","AsThePrescriptOrders","Outburst","SpearedSweep","FlashOfSunup"],"picked":"SKIP","floor":55}],"player_experience":777767,"relics_obtained":[{"floor":1.0,"key":"SynthV:TestCard"},{"floor":6.0,"key":"PageOfSpiderBud"},{"floor":8.0,"key":"PageOfSingingMachine"},{"floor":11.0,"key":"testmod-RainbowHikingShoes"},{"floor":14.0,"key":"Question Card"},{"floor":21.0,"key":"testmod-CasingShield"},{"floor":21.0,"key":"FossilizedHelix"},{"floor":23.0,"key":"Bag of Preparation"},{"floor":26.0,"key":"Blood Vial"},{"floor":28.0,"key":"Eternal Feather"},{"floor":40.0,"key":"Bottled Tornado"},{"floor":42.0,"key":"PageOfHappyTeddyBear"},{"floor":43.0,"key":"testmod-OneHitWonder"},{"floor":55,"key":"PageOfNosferatu"}],"event_choices":[{"damage_healed":0.0,"max_hp_gain":0.0,"max_hp_loss":0.0,"gold_gain":400.0,"event_name":"¶÷ÂåË¹µÄÅÌ×Ó","player_choice":"Sell","floor":38.0,"relics_lost":["DaveBox"],"gold_loss":0.0,"damage_taken":0.0}],"is_beta":false,"boss_relics":[{"not_picked":["Runic Dome","Sozu"],"picked":"Transparent"},{"not_picked":["testmod-EnergyCheck","NightmareShop"],"picked":"ChiXiaoBlade"}],"items_purged_floors":[4,54],"is_endless":false,"potions_floor_spawned":[8,11,12,14,19,22,23,35,45],"ascension_level":12}}