{"host":"dn6kke80v5f7isus","time":1614257328,"event":{"mods":["AchievementEnabler","Act Like it!","Bard","BaseMod","Colored Powertips","Custom Start","Defuse TimeMaze Blight","Energized Spire","Gremlin Skip","Highlight Path","Hubris","Infinite Spire","Marisa????????","Marked Mod","Minty Spire (QoL Compilation)","Quick Restart","Rare Cards Sparkle","Reliquary","Replay The Spire","StSLib","The Administrix","The Servant 0.9.4","Uncapped","Unceasing Turn Reminder"],"gold_per_floor":[117,117,117,217,231,231,260,260,339,358,358,433,117,127,127,127,127],"floor_reached":16,"language":"ENG","playtime":382,"items_purged":["bard:Strike"],"score":129,"play_id":"c3584605-1b01-4522-b2b4-a5fe38bfc7d4","local_time":"20210225074848","is_ascension_mode":true,"campfire_choices":[{"data":"infinitespire:Collect","floor":6,"key":"SMITH"},{"data":"bard:Inspire","floor":8,"key":"SMITH"}],"circlet_count":0,"master_deck":["bard:Strike","bard:Strike","bard:Strike","bard:Defend","bard:Defend","bard:Defend","bard:Defend","bard:Riposte","bard:Inspire+1","infinitespire:Collect+1","bard:LingeringPerformance+1"],"relics":["bard:PitchPipe","bard:BagPipes","NeowsBlessing","reliquary:PurpleTingedLeaf","reliquary:BallBearing","Replay:Baseball","Mercury Hourglass"],"acts_visited":["Exordium"],"potions_floor_usage":[14],"damage_taken":[{"damage":0,"enemies":"Cultist","floor":1,"turns":1},{"damage":0,"enemies":"Small Slimes","floor":5,"turns":1},{"damage":0,"enemies":"3 Sentries","floor":7,"turns":2},{"damage":0,"enemies":"Jaw Worm","floor":10,"turns":2},{"damage":0,"enemies":"Lots of Slimes","floor":14,"turns":2},{"damage":24,"enemies":"The Guardian","floor":16,"turns":5}],"seed_played":"3128376817228107936","potions_obtained":[{"floor":7,"key":"FairyPotion"},{"floor":10,"key":"Fire Potion"}],"is_trial":false,"path_per_floor":["M","?","?","?","M","R","E","R","T","M","?","?","$","M","R","B"],"character_chosen":"BARD","items_purchased":["Mercury Hourglass"],"campfire_rested":0,"item_purchase_floors":[13],"current_hp_per_floor":[70,53,53,53,53,53,53,53,53,55,48,37,37,38,59,39,39],"gold":127,"neow_bonus":"THREE_ENEMY_KILL","is_daily":false,"chose_seed":false,"campfire_upgraded":2,"win_rate":0.0,"timestamp":1614257328,"path_taken":["M","?","?","?","?","R","E","R","T","M","?","?","$","M","R","BOSS"],"items_purchased_type":["Relic"],"build_version":"2020-12-22","purchased_purges":1,"victory":false,"max_hp_per_floor":[70,70,70,70,70,70,70,70,70,70,70,70,70,70,70,70,70],"card_choices":[{"not_picked":["bard:SongBolt","bard:EchoEcho","bard:Thunderwave"],"picked":"SKIP","floor":1},{"not_picked":["infinitespire:Starlight","hubris:Rewind"],"picked":"infinitespire:Collect","floor":2},{"not_picked":["bard:TinyHut","bard:Silence","bard:DervishDance"],"picked":"SKIP","floor":5},{"not_picked":["bard:HideousLaughter","bard:Thunderwave","bard:QuickSong"],"picked":"SKIP","floor":7},{"not_picked":["bard:EchoEcho","bard:Balestra"],"picked":"bard:LingeringPerformance","floor":10},{"not_picked":["bard:Sift","bard:Flourish","bard:CuttingWords"],"picked":"SKIP","floor":14}],"player_experience":514153,"relics_obtained":[{"floor":7,"key":"reliquary:PurpleTingedLeaf"},{"floor":9,"key":"reliquary:BallBearing"}],"event_choices":[{"damage_healed":0,"gold_gain":100,"player_choice":"Pray","damage_taken":0,"max_hp_gain":0,"max_hp_loss":0,"event_name":"Golden Shrine","floor":4,"gold_loss":0},{"damage_healed":0,"gold_gain":0,"player_choice":"Success","damage_taken":7,"relics_obtained":["Replay:Baseball"],"max_hp_gain":0,"max_hp_loss":0,"event_name":"Scrap Ooze","floor":11,"gold_loss":0},{"damage_healed":0,"gold_gain":75,"player_choice":"Gather Gold","damage_taken":11,"max_hp_gain":0,"max_hp_loss":0,"event_name":"World of Goop","floor":12,"gold_loss":0}],"is_beta":false,"boss_relics":[],"items_purged_floors":[13],"is_endless":false,"potions_floor_spawned":[7,10],"killed_by":"The Guardian","ascension_level":1}}