{"host":"ia9e4s524g7bamk7","time":1614261799,"event":{"mods":["AchievementEnabler","BaseMod","Colored Map","Minty Spire (QoL Compilation)","Permanent Neow","Slay-I","slay the spire mod where everything is the same but ironclad has a cowboy hat"],"gold_per_floor":[111,125,144,154,165,196,196,224,248,280,280,294,294,310,310,411,411,425,0,0,15,15,15,43,43,70,70,97,108,134,12,12,109,109,128,144,144,144,144],"floor_reached":38,"language":"ENG","playtime":3523,"items_purged":["Strike_G"],"score":620,"play_id":"d2debc93-7425-4134-9e4c-14767219d92d","local_time":"20210225150319","is_ascension_mode":true,"campfire_choices":[{"data":"Catalyst","floor":11,"key":"SMITH"},{"floor":13,"key":"REST"},{"data":"Catalyst","floor":15,"key":"SMITH"},{"data":"Footwork","floor":23,"key":"SMITH"},{"data":"Noxious Fumes","floor":25,"key":"SMITH"},{"data":"Dash","floor":27,"key":"SMITH"},{"floor":32,"key":"REST"}],"circlet_count":0,"master_deck":["Survivor+1","Neutralize","Dash+1","Noxious Fumes","Dagger Throw","Sucker Punch","Noxious Fumes+1","Dagger Spray","Catalyst+1","Catalyst+1","Quick Slash","Blade Dance","Bullet Time","Footwork+1","Dash","Deadly Poison+1","PiercingWail","Flying Knee","PiercingWail","Footwork","Deadly Poison","Quick Slash","Backflip","Backflip","Terror","A Thousand Cuts","Noxious Fumes","Tools of the Trade","Dagger Spray","Wraith Form v2","Acrobatics+1","Riddle With Holes+1","Impatience","Mayhem"],"relics":["SlaversCollar","Oddly Smooth Stone","Eternal Feather","War Paint","Bronze Scales","Smiling Mask","Snecko Eye","TwistedFunnel","PreservedInsect","Nilry\u0027s Codex","Art of War","The Courier","Red Mask","Pandora\u0027s Box"],"acts_visited":["Exordium","TheCity","TheBeyond"],"potions_floor_usage":[4,8,18,18,24,33],"damage_taken":[{"damage":2,"enemies":"2 Louse","floor":1,"turns":4},{"damage":0,"enemies":"Small Slimes","floor":2,"turns":4},{"damage":2,"enemies":"Jaw Worm","floor":3,"turns":5},{"damage":14,"enemies":"Exordium Thugs","floor":4,"turns":5},{"damage":0,"enemies":"Large Slime","floor":5,"turns":5},{"damage":14,"enemies":"3 Sentries","floor":6,"turns":6},{"damage":4,"enemies":"Gremlin Nob","floor":8,"turns":4},{"damage":10,"enemies":"Lagavulin","floor":10,"turns":7},{"damage":9,"enemies":"Blue Slaver","floor":12,"turns":3},{"damage":15,"enemies":"Exordium Wildlife","floor":14,"turns":5},{"damage":24,"enemies":"The Guardian","floor":16,"turns":7},{"damage":8,"enemies":"Chosen","floor":18,"turns":5},{"damage":6,"enemies":"Spheric Guardian","floor":21,"turns":5},{"damage":6,"enemies":"Slavers","floor":24,"turns":3},{"damage":3,"enemies":"Book of Stabbing","floor":28,"turns":3},{"damage":20,"enemies":"Snake Plant","floor":29,"turns":3},{"damage":23,"enemies":"Masked Bandits","floor":30,"turns":3},{"damage":14,"enemies":"Automaton","floor":33,"turns":5},{"damage":8,"enemies":"Orb Walker","floor":35,"turns":4},{"damage":15,"enemies":"3 Shapes","floor":36,"turns":3},{"damage":38,"enemies":"Spire Growth","floor":38,"turns":4}],"seed_played":"-2092060247752786070","potions_obtained":[{"floor":2,"key":"AttackPotion"},{"floor":3,"key":"BlessingOfTheForge"},{"floor":6,"key":"LiquidBronze"},{"floor":10,"key":"SpeedPotion"},{"floor":14,"key":"Block Potion"},{"floor":16,"key":"ColorlessPotion"},{"floor":28,"key":"SteroidPotion"},{"floor":29,"key":"SpeedPotion"},{"floor":30,"key":"ColorlessPotion"},{"floor":35,"key":"Regen Potion"}],"is_trial":false,"path_per_floor":["M","M","M","M","M","E","?","E","T","E","R","M","R","M","R","B",null,"M","$","?","M","?","R","E","R","T","R","E","M","?","$","R","B",null,"M","M","?","M"],"character_chosen":"THE_SILENT","items_purchased":["TwistedFunnel","PreservedInsect","Dash","PowerPotion","Footwork","Deadly Poison"],"campfire_rested":2,"item_purchase_floors":[19,19,19,19,31,31],"current_hp_per_floor":[61,61,59,45,45,31,28,24,24,14,26,17,50,35,47,23,58,50,50,50,44,28,43,37,52,52,67,64,44,21,21,60,46,64,56,41,31,0,0],"gold":144,"neow_bonus":"BOSS_RELIC","is_daily":false,"chose_seed":false,"campfire_upgraded":5,"win_rate":0.0,"timestamp":1614261799,"path_taken":["M","M","M","M","M","E","?","E","T","E","R","M","R","M","R","BOSS","M","$","?","M","?","R","E","R","T","R","E","M","?","$","R","BOSS","M","M","?","M"],"items_purchased_type":["Relic","Relic","Card","Potion","Card","Card"],"build_version":"2020-12-22","purchased_purges":1,"victory":false,"max_hp_per_floor":[70,70,70,70,70,70,70,70,70,70,70,70,70,70,70,70,70,70,70,70,70,70,70,70,70,70,70,70,70,70,70,70,70,70,70,70,70,70,70],"card_choices":[{"not_picked":["Outmaneuver","Caltrops"],"picked":"Dash","floor":1},{"not_picked":["Slice","Choke"],"picked":"Noxious Fumes","floor":2},{"not_picked":["Deflect","Reflex"],"picked":"Dagger Throw","floor":3},{"not_picked":["Reflex","Infinite Blades"],"picked":"Sucker Punch","floor":4},{"not_picked":["Bouncing Flask","Slice"],"picked":"Noxious Fumes","floor":5},{"not_picked":["Underhanded Strike","Concentrate"],"picked":"Dagger Spray","floor":6},{"not_picked":["Slice","Prepared"],"picked":"Catalyst","floor":8},{"not_picked":["Blade Dance","Slice"],"picked":"Catalyst","floor":10},{"not_picked":["Flying Knee","Distraction"],"picked":"Quick Slash","floor":12},{"not_picked":["Bane","Outmaneuver"],"picked":"Blade Dance","floor":14},{"not_picked":["Grand Finale","Glass Knife"],"picked":"Bullet Time","floor":16},{"not_picked":["Underhanded Strike","Crippling Poison+1"],"picked":"Footwork","floor":18},{"not_picked":["Backstab","Endless Agony","Bane"],"picked":"SKIP","floor":21},{"not_picked":["Acrobatics","Expertise"],"picked":"Deadly Poison+1","floor":24},{"not_picked":["Infinite Blades","Bane"],"picked":"PiercingWail","floor":28},{"not_picked":["Escape Plan","Unload"],"picked":"Flying Knee","floor":29},{"not_picked":["Underhanded Strike","Caltrops"],"picked":"PiercingWail","floor":30},{"not_picked":["Blade Dance","Slice"],"picked":"Acrobatics+1","floor":35},{"not_picked":["Heel Hook","Dagger Spray"],"picked":"Riddle With Holes+1","floor":36},{"not_picked":["Transmutation","Discovery"],"picked":"Impatience","floor":37},{"not_picked":["Dark Shackles","Impatience"],"picked":"Mayhem","floor":37}],"player_experience":424946,"relics_obtained":[{"floor":6,"key":"Oddly Smooth Stone"},{"floor":8,"key":"War Paint"},{"floor":9,"key":"Bronze Scales"},{"floor":10,"key":"Smiling Mask"},{"floor":22,"key":"Nilry\u0027s Codex"},{"floor":24,"key":"Art of War"},{"floor":28,"key":"The Courier"},{"floor":30,"key":"Red Mask"}],"event_choices":[{"damage_healed":0,"gold_gain":0,"player_choice":"Success","damage_taken":3,"relics_obtained":["Eternal Feather"],"max_hp_gain":0,"max_hp_loss":0,"event_name":"Scrap Ooze","floor":7,"gold_loss":0},{"damage_healed":0,"gold_gain":0,"player_choice":"Obtained Book","damage_taken":16,"max_hp_gain":0,"max_hp_loss":0,"event_name":"Cursed Tome","floor":22,"gold_loss":0},{"damage_healed":0,"gold_gain":0,"player_choice":"Fought Bandits","damage_taken":0,"max_hp_gain":0,"max_hp_loss":0,"event_name":"Masked Bandits","floor":30,"gold_loss":0},{"damage_healed":0,"gold_gain":0,"player_choice":"Memory 3","damage_taken":10,"max_hp_gain":0,"max_hp_loss":0,"event_name":"SensoryStone","floor":37,"gold_loss":0}],"is_beta":false,"boss_relics":[{"not_picked":["Tiny House","Fusion Hammer"],"picked":"Snecko Eye"},{"not_picked":["SacredBark","Black Star"],"picked":"Pandora\u0027s Box"}],"items_purged_floors":[31],"is_endless":false,"potions_floor_spawned":[2,3,6,10,14,16,28,29,30,35],"killed_by":"Spire Growth","ascension_level":7}}