{"host":"oigynbtg272c19pw","time":1614244722,"event":{"mods":["BaseMod","Colored Map","Minty Spire (QoL Compilation)","Relic Stats","Slay the Relics Exporter","StSLib"],"gold_per_floor":[112,37,37,37,37,70,94,94,148,64,85,85,85,109,109,109,109],"floor_reached":16,"playtime":473,"items_purged":[],"score":246,"play_id":"45b60c26-7194-41a7-8d48-17e4a965ce0c","local_time":"20210225101842","is_ascension_mode":true,"campfire_choices":[{"data":"Searing Blow","floor":8,"key":"SMITH"},{"data":"Searing Blow+1","floor":13,"key":"SMITH"},{"data":"Searing Blow+2","floor":15,"key":"SMITH"}],"circlet_count":0,"master_deck":["AscendersBane","Strike_R","Strike_R+1","Strike_R","Defend_R","Defend_R","Defend_R","Defend_R","Bash","Feel No Pain","Anger+1","Searing Blow+3","Feel No Pain","Bloodletting","True Grit"],"relics":["Burning Blood","NeowsBlessing","Golden Idol","HornCleat","Art of War","Whetstone"],"acts_visited":["Exordium"],"potions_floor_usage":[16],"damage_taken":[{"damage":0,"enemies":"Cultist","floor":1,"turns":1},{"damage":0,"enemies":"Gremlin Nob","floor":6,"turns":1},{"damage":0,"enemies":"Small Slimes","floor":7,"turns":1},{"damage":4,"enemies":"2 Louse","floor":11,"turns":3},{"damage":6,"enemies":"2 Fungi Beasts","floor":14,"turns":3},{"damage":40,"enemies":"Hexaghost","floor":16,"turns":8}],"seed_played":"6249534365984185250","potions_obtained":[{"floor":6,"key":"Dexterity Potion"},{"floor":7,"key":"DuplicationPotion"}],"is_trial":false,"path_per_floor":["M","?","?","?","?","E","M","R","T","$","M","?","R","M","R","B"],"character_chosen":"IRONCLAD","items_purchased":["Feel No Pain"],"campfire_rested":0,"item_purchase_floors":[10],"current_hp_per_floor":[74,74,48,48,22,28,34,34,34,34,36,36,36,36,36,0,0],"gold":109,"neow_bonus":"THREE_ENEMY_KILL","is_daily":false,"chose_seed":false,"campfire_upgraded":3,"win_rate":0.0,"timestamp":1614244722,"path_taken":["M","?","?","?","?","E","M","R","T","?","M","?","R","M","R","BOSS"],"items_purchased_type":["Card"],"build_version":"2020-12-13","purchased_purges":0,"victory":false,"max_hp_per_floor":[75,75,75,75,75,75,75,75,75,75,75,75,75,75,75,75,75],"relic_stats":{"counters":[6,17],"Golden Idol":21,"Art of War":[0],"Whetstone":["Strike_R","Anger"],"obtain_stats":[{"HornCleat":5,"NeowsBlessing":0,"Golden Idol":3,"Art of War":6,"Whetstone":9,"Burning Blood":0},{"HornCleat":1,"NeowsBlessing":0,"Golden Idol":1,"Art of War":2,"Whetstone":3,"Burning Blood":0},{"HornCleat":1,"NeowsBlessing":0,"Golden Idol":1,"Art of War":2,"Whetstone":3,"Burning Blood":0}],"Burning Blood":30},"card_choices":[{"not_picked":["Sword Boomerang","Rupture"],"picked":"Feel No Pain","floor":1},{"not_picked":["Shrug It Off","Ghostly Armor"],"picked":"Anger","floor":6},{"not_picked":["Fire Breathing","Heavy Blade"],"picked":"Searing Blow","floor":7},{"not_picked":["Pommel Strike","Clothesline","Perfected Strike"],"picked":"SKIP","floor":11},{"not_picked":["Reckless Charge","Cleave"],"picked":"True Grit","floor":14}],"player_experience":1658488,"relics_obtained":[{"floor":6,"key":"Art of War"},{"floor":9,"key":"Whetstone"}],"event_choices":[{"cards_removed":["Strike_R"],"damage_healed":0,"gold_gain":0,"player_choice":"Card Removal","damage_taken":0,"max_hp_gain":0,"max_hp_loss":0,"event_name":"The Cleric","floor":2,"gold_loss":75},{"damage_healed":0,"gold_gain":0,"player_choice":"Take Damage","damage_taken":26,"relics_obtained":["Golden Idol"],"max_hp_gain":0,"max_hp_loss":0,"event_name":"Golden Idol","floor":3,"gold_loss":0},{"damage_healed":0,"gold_gain":0,"player_choice":"Ignored","damage_taken":0,"max_hp_gain":0,"max_hp_loss":0,"event_name":"Liars Game","floor":4,"gold_loss":0},{"damage_healed":0,"gold_gain":0,"player_choice":"Success","damage_taken":26,"relics_obtained":["HornCleat"],"max_hp_gain":0,"max_hp_loss":0,"event_name":"Scrap Ooze","floor":5,"gold_loss":0},{"damage_healed":0,"gold_gain":0,"cards_transformed":["Strike_R"],"player_choice":"Transformed","damage_taken":0,"max_hp_gain":0,"max_hp_loss":0,"event_name":"Transmorgrifier","floor":12,"gold_loss":0,"cards_obtained":["Bloodletting"]}],"is_beta":false,"boss_relics":[],"items_purged_floors":[],"is_endless":false,"potions_floor_spawned":[6,7,11],"killed_by":"Hexaghost","ascension_level":20}}