{"host":"bsvw3vj5tq13pxxj","time":1614261778,"event":{"mods":["AchievementEnabler","BaseMod","Colored Map","DeckTracker","KOR Keyword Fix","Minty Spire (QoL Compilation)","Permanent Neow","SuperFastMode","everything is the same but u backflip on backflip"],"gold_per_floor":[12,29,46,56,331,358,358,31,31,41,41,41],"floor_reached":11,"language":"KOR","playtime":361,"items_purged":[],"score":83,"play_id":"735ca68d-f1fb-43e4-89de-e697dbc0e85e","local_time":"20210225230258","is_ascension_mode":true,"campfire_choices":[{"data":"Infinite Blades","floor":7,"key":"SMITH"}],"circlet_count":0,"master_deck":["Strike_G","Strike_G","Strike_G","Strike_G","Strike_G","Defend_G","Defend_G","Defend_G","Defend_G","Defend_G","Survivor","Neutralize","Blade Dance","Infinite Blades+1","Deflect","Outmaneuver","Regret","Blur","Infinite Blades","PiercingWail"],"relics":["Ring of the Snake","Ice Cream","White Beast Statue","Ninja Scroll","Frozen Egg 2"],"acts_visited":["Exordium"],"potions_floor_usage":[6,11,11],"damage_taken":[{"damage":1,"enemies":"Small Slimes","floor":1,"turns":4},{"damage":1,"enemies":"Cultist","floor":2,"turns":3},{"damage":0,"enemies":"2 Louse","floor":3,"turns":3},{"damage":21,"enemies":"Lots of Slimes","floor":4,"turns":5},{"damage":25,"enemies":"Lagavulin","floor":6,"turns":7},{"damage":12,"enemies":"Exordium Wildlife","floor":10,"turns":4},{"damage":8,"enemies":"3 Sentries","floor":11,"turns":2}],"seed_played":"1133122262362951325","potions_obtained":[{"floor":2,"key":"FearPotion"},{"floor":3,"key":"GamblersBrew"},{"floor":6,"key":"ColorlessPotion"},{"floor":10,"key":"Poison Potion"}],"is_trial":false,"path_per_floor":["M","M","M","M","?","E","R","$","T","M","E"],"character_chosen":"THE_SILENT","items_purchased":["Ninja Scroll","Infinite Blades"],"campfire_rested":0,"item_purchase_floors":[8,8],"current_hp_per_floor":[69,68,68,47,47,22,22,22,22,10,2,2],"gold":41,"neow_bonus":"ONE_RARE_RELIC","is_daily":false,"chose_seed":false,"campfire_upgraded":1,"win_rate":0.0,"timestamp":1614261778,"path_taken":["M","M","M","M","?","E","R","?","T","M","E"],"items_purchased_type":["Relic","Card"],"build_version":"2020-12-22","purchased_purges":0,"victory":false,"max_hp_per_floor":[70,70,70,70,70,70,70,70,70,70,70,70],"card_choices":[{"not_picked":["Outmaneuver","Noxious Fumes"],"picked":"Blade Dance","floor":1},{"not_picked":["Distraction","Prepared"],"picked":"Infinite Blades","floor":2},{"not_picked":["Backflip","Riddle With Holes"],"picked":"Deflect","floor":3},{"not_picked":["Backstab","Quick Slash"],"picked":"Outmaneuver","floor":4},{"not_picked":["Bouncing Flask","Night Terror"],"picked":"Blur","floor":6},{"not_picked":["Cloak And Dagger","Choke"],"picked":"PiercingWail","floor":10}],"player_experience":43329,"relics_obtained":[{"floor":6,"key":"White Beast Statue"},{"floor":9,"key":"Frozen Egg 2"}],"event_choices":[{"damage_healed":0,"gold_gain":275,"player_choice":"Desecrate","damage_taken":0,"max_hp_gain":0,"max_hp_loss":0,"event_name":"Golden Shrine","floor":5,"gold_loss":0,"cards_obtained":["Regret"]}],"is_beta":false,"boss_relics":[],"items_purged_floors":[],"is_endless":false,"potions_floor_spawned":[2,3,6,10],"killed_by":"3 Sentries","ascension_level":2}}