{"host":"dn6kke80v5f7isus","time":1614281893,"event":{"mods":["AchievementEnabler","Act Like it!","Bard","BaseMod","Colored Powertips","Custom Start","Defuse TimeMaze Blight","Energized Spire","Gremlin Skip","Highlight Path","Hubris","Infinite Spire","Marisa????????","Marked Mod","Minty Spire (QoL Compilation)","Quick Restart","Rare Cards Sparkle","Reliquary","Replay The Spire","StSLib","The Administrix","The Servant 0.9.4","Uncapped","Unceasing Turn Reminder"],"gold_per_floor":[115,115,115,130,144,144,144],"floor_reached":6,"language":"ENG","playtime":90,"items_purged":[],"score":38,"play_id":"5a793fe6-c38e-41f5-aee0-805f3cde5c1c","local_time":"20210225143813","is_ascension_mode":true,"campfire_choices":[],"circlet_count":0,"master_deck":["bard:Strike","bard:Strike","bard:Strike","bard:Defend","bard:Defend","bard:Defend","bard:Defend","bard:Riposte","bard:Inspire","bard:DiscordantVoice","bard:GreaterMagicWeapon+1","infinitespire:Collect","bard:Demoralize","bard:Blink"],"relics":["bard:PitchPipe","bard:BagPipes","NeowsBlessing"],"acts_visited":["Exordium"],"potions_floor_usage":[6],"damage_taken":[{"damage":0,"enemies":"Jaw Worm","floor":1,"turns":1},{"damage":0,"enemies":"2 Louse","floor":4,"turns":1},{"damage":0,"enemies":"Cultist","floor":5,"turns":1},{"damage":11,"enemies":"3 Sentries","floor":6,"turns":2}],"seed_played":"6177310132615777168","potions_obtained":[{"floor":5,"key":"BlessingOfTheForge"}],"is_trial":false,"path_per_floor":["M","?","?","M","M","E"],"character_chosen":"BARD","items_purchased":[],"campfire_rested":0,"item_purchase_floors":[],"current_hp_per_floor":[70,70,53,53,53,42,42],"gold":144,"neow_bonus":"THREE_ENEMY_KILL","is_daily":false,"chose_seed":false,"campfire_upgraded":0,"win_rate":0.0,"timestamp":1614281893,"path_taken":["M","?","?","M","M","E"],"items_purchased_type":[],"build_version":"2020-12-22","purchased_purges":0,"victory":false,"max_hp_per_floor":[70,70,70,70,70,70,70],"card_choices":[{"not_picked":["bard:LingeringEcho","bard:CuttingWords"],"picked":"bard:DiscordantVoice","floor":1},{"not_picked":["infinitespire:NeuralNetwork","infinitespire:Oblivion"],"picked":"infinitespire:Collect","floor":3},{"not_picked":["bard:Balestra","bard:Aphasia"],"picked":"bard:Demoralize","floor":4},{"not_picked":["bard:Flourish","bard:ViciousMockery"],"picked":"bard:Blink","floor":5}],"player_experience":520214,"relics_obtained":[],"event_choices":[],"is_beta":false,"boss_relics":[],"items_purged_floors":[],"is_endless":false,"potions_floor_spawned":[5],"killed_by":"3 Sentries","ascension_level":1}}