{"host":"en4narc5947t7k9n","time":1614254658,"event":{"mods":["AchievementEnabler","BaseMod","Colored Map","Minty Spire (QoL Compilation)","SuperFastMode"],"gold_per_floor":[112,112,132,152,168,193,210,240,240,165,180,207,53,53,53,152,152,162,173,173,226,226,226,79,79,79,97,97,97,72,82,82,82,82],"floor_reached":33,"language":"KOR","playtime":1381,"items_purged":["Strike_R"],"score":265,"play_id":"08147029-ecf6-45e6-aa2f-da08fe7befdd","local_time":"20210225210418","is_ascension_mode":false,"campfire_choices":[{"data":"Blood for Blood","floor":15,"key":"SMITH"},{"data":"Corruption","floor":23,"key":"SMITH"},{"data":"Reaper","floor":25,"key":"SMITH"},{"data":"Fiend Fire","floor":28,"key":"SMITH"},{"floor":32,"key":"RECALL"}],"circlet_count":0,"master_deck":["Bash","Blood for Blood","Second Wind","Cleave","Armaments","Iron Wave","Blood for Blood+1","Hemokinesis","Inflame","Uppercut","Reaper+1","Corruption+1","Fiend Fire+1","Flex","Evolve","Warcry","Body Slam","Metallicize","Entrench","Hemokinesis+1","Anger","Clash","Rampage"],"relics":["Burning Blood","White Beast Statue","Toy Ornithopter","MealTicket","Tiny Chest","Anchor","Pandora\u0027s Box","MutagenicStrength","Oddly Smooth Stone","Art of War","Kunai"],"acts_visited":["Exordium","TheCity"],"potions_floor_usage":[6,8,12,16,16,19,31,33,33],"damage_taken":[{"damage":1,"enemies":"Cultist","floor":1,"turns":3},{"damage":5,"enemies":"2 Louse","floor":3,"turns":3},{"damage":6,"enemies":"Jaw Worm","floor":4,"turns":3},{"damage":11,"enemies":"2 Fungi Beasts","floor":5,"turns":3},{"damage":35,"enemies":"3 Sentries","floor":6,"turns":8},{"damage":0,"enemies":"Looter","floor":7,"turns":4},{"damage":6,"enemies":"Gremlin Nob","floor":8,"turns":3},{"damage":2,"enemies":"Exordium Wildlife","floor":11,"turns":2},{"damage":25,"enemies":"Lagavulin","floor":12,"turns":4},{"damage":39,"enemies":"Slime Boss","floor":16,"turns":10},{"damage":66,"enemies":"3 Byrds","floor":18,"turns":7},{"damage":42,"enemies":"Spheric Guardian","floor":19,"turns":6},{"damage":17,"enemies":"Snecko","floor":27,"turns":4},{"damage":13,"enemies":"3 Cultists","floor":31,"turns":5},{"damage":61,"enemies":"Champ","floor":33,"turns":7}],"seed_played":"2213665645796448235","potions_obtained":[{"floor":4,"key":"BloodPotion"},{"floor":6,"key":"FearPotion"},{"floor":7,"key":"Ancient Potion"},{"floor":8,"key":"DuplicationPotion"},{"floor":11,"key":"Block Potion"},{"floor":12,"key":"FairyPotion"},{"floor":16,"key":"FearPotion"},{"floor":18,"key":"GamblersBrew"},{"floor":19,"key":"ElixirPotion"},{"floor":27,"key":"Explosive Potion"},{"floor":31,"key":"Swift Potion"}],"is_trial":false,"path_per_floor":["M","?","M","M","M","E","M","E","T","$","M","E","$","$","R","B",null,"M","M","?","T","?","R","$","R","T","M","R","T","$","M","R","B"],"character_chosen":"IRONCLAD","items_purchased":["Anchor","Oddly Smooth Stone","Clash"],"campfire_rested":0,"item_purchase_floors":[13,24,30],"current_hp_per_floor":[80,80,80,80,75,62,68,68,68,80,80,61,76,80,80,69,80,22,17,17,17,17,17,32,32,32,21,21,21,36,48,48,0,0],"gold":82,"neow_bonus":"TRANSFORM_CARD","is_daily":false,"chose_seed":false,"campfire_upgraded":4,"win_rate":0.0,"timestamp":1614254658,"path_taken":["M","?","M","M","M","E","M","E","T","$","M","E","?","$","R","BOSS","M","?","?","?","?","R","$","R","T","M","R","?","$","M","R","BOSS"],"items_purchased_type":["Relic","Relic","Card"],"build_version":"2020-12-22","purchased_purges":1,"victory":false,"max_hp_per_floor":[80,80,80,80,80,80,80,80,80,80,80,80,80,80,80,80,80,80,80,80,80,80,80,80,80,80,80,80,80,80,80,80,80,80],"card_choices":[{"not_picked":["Cleave","Shrug It Off"],"picked":"Second Wind","floor":1},{"not_picked":["Dual Wield","Sword Boomerang"],"picked":"Cleave","floor":3},{"not_picked":["Clothesline","Cleave"],"picked":"Armaments","floor":4},{"not_picked":["Evolve","Rupture"],"picked":"Iron Wave","floor":5},{"not_picked":["Twin Strike","Heavy Blade"],"picked":"Blood for Blood","floor":6},{"not_picked":["Twin Strike","True Grit"],"picked":"Hemokinesis","floor":7},{"not_picked":["Pommel Strike","Sever Soul"],"picked":"Inflame","floor":8},{"not_picked":["Wild Strike","Combust"],"picked":"Uppercut","floor":11},{"not_picked":["Armaments","Spot Weakness"],"picked":"Reaper","floor":12},{"not_picked":["Impervious","Limit Break"],"picked":"Corruption","floor":16},{"not_picked":["Dark Embrace","Hemokinesis"],"picked":"Entrench","floor":18},{"not_picked":["Iron Wave","Wild Strike"],"picked":"Hemokinesis+1","floor":19},{"not_picked":["Power Through","Pommel Strike"],"picked":"Anger","floor":27},{"not_picked":["Clash","Evolve"],"picked":"Rampage","floor":31}],"player_experience":218539,"relics_obtained":[{"floor":6,"key":"White Beast Statue"},{"floor":8,"key":"Toy Ornithopter"},{"floor":9,"key":"MealTicket"},{"floor":12,"key":"Tiny Chest"},{"floor":26,"key":"Art of War"},{"floor":29,"key":"Kunai"}],"event_choices":[{"cards_removed":["Strike_R"],"damage_healed":0,"gold_gain":0,"player_choice":"Purged","damage_taken":0,"max_hp_gain":0,"max_hp_loss":0,"event_name":"Purifier","floor":2,"gold_loss":0},{"damage_healed":0,"gold_gain":0,"player_choice":"Ignored","damage_taken":0,"max_hp_gain":0,"max_hp_loss":0,"event_name":"Vampires","floor":20,"gold_loss":0},{"damage_healed":0,"gold_gain":0,"player_choice":"Inject Mutagens","damage_taken":0,"relics_obtained":["MutagenicStrength"],"max_hp_gain":0,"max_hp_loss":0,"event_name":"Drug Dealer","floor":22,"gold_loss":0}],"is_beta":false,"boss_relics":[{"not_picked":["Mark of Pain","Fusion Hammer"],"picked":"Pandora\u0027s Box"}],"items_purged_floors":[10],"is_endless":false,"potions_floor_spawned":[4,6,7,8,11,12,16,18,19,27,31],"killed_by":"Champ","ascension_level":0}}