{"host":"nw2z3r121qgmn6la","time":1614212521,"event":{"mods":["BaseMod","Colored Map","Downfall","Highlight Path","Minty Spire (QoL Compilation)","Random Character Button","Relic Sorter","StSLib"],"gold_per_floor":[99,199,199,199,199,259,259,159,144,44,72,91,91,109,126,229,229,129,129,129,139,158,186,240,240,240,340,80,106,125,154,174,275,275,275,292,8,27,27,46,46,46,60,60,72,72,86,136,155,155,155,187,42,42,42,42],"floor_reached":57,"language":"ENG","playtime":3399,"items_purged":[],"score":1458,"play_id":"878041d5-ff19-4519-84ac-540d43a2f90f","local_time":"20210225002201","is_ascension_mode":false,"campfire_choices":[{"floor":1,"key":"RECALL"},{"data":"bronze:ItsAFeature","floor":8,"key":"SMITH"},{"data":"bronze:Format","floor":10,"key":"SMITH"},{"floor":13,"key":"REST"},{"data":"bronze:SpaghettiCode","floor":18,"key":"SMITH"},{"data":"bronze:AlphaBuild","floor":35,"key":"SMITH"},{"data":"Apotheosis","floor":46,"key":"SMITH"},{"data":"bronze:ClassDefault","floor":54,"key":"SMITH"}],"circlet_count":0,"master_deck":["bronze:Strike","bronze:Strike","bronze:Strike","bronze:Strike","bronze:Defend","bronze:Defend","bronze:Defend","bronze:Defend","bronze:Replicate","bronze:Goto","downfall:Haunted","downfall:Haunted","Writhe","downfall:Aged","downfall:Haunted","bronze:Format+1","bronze:CutThrough","bronze:ClassDefault","bronze:ItsAFeature+1","bronze:WhirlingStrike","bronze:Flail","bronze:Flail","bronze:DelayedGuard","bronze:FineTuning","bronze:ClassDefault","bronze:SpaghettiCode+1","CurseOfTheBell","bronze:GetLatest","bronze:Overload","bronze:Shell+1","bronze:Constructor+1","bronze:AlphaBuild+1","bronze:ClassDefault+1","bronze:Fortify+1","bronze:Overheat+1","bronze:Repair","bronze:Virus+1","bronze:ChosenStrike+1","bronze:BronzeOrb+1","Apotheosis+1","bronze:BugBarrage+1","Pain","bronze:BuggyMess+1","bronze:Branch+1","bronze:ForLoop","bronze:Turbo+1","bronze:SpaghettiCode","bronze:Overheat+1"],"relics":["bronze:BronzeCore","downfall:HeartsMalice","Darkstone Periapt","bronze:SilverBullet","downfall:HeartBlessingRed","downfall:HeartBlessingBlue","Mummified Hand","Calling Bell","Omamori","Gremlin Horn","Gambling Chip","downfall:HeartBlessingGreen","Ancient Tea Set","Du-Vu Doll","bronze:ProtectiveGoggles","Necronomicon","sneckomod:BabySnecko","Molten Egg 2","Ornamental Fan","Toy Ornithopter","Coffee Dripper","Sling","Vajra","Oddly Smooth Stone","WarpedTongs","Ice Cream","Regal Pillow","Torii","Pen Nib","HandDrill"],"acts_visited":["Exordium","TheCity","TheBeyond","TheEnding"],"potions_floor_usage":[9,16,16,16,23,33,33,50,50],"damage_taken":[{"damage":0,"enemies":"Small Slimes","floor":3,"turns":1},{"damage":0,"enemies":"2 Louse","floor":4,"turns":1},{"damage":0,"enemies":"Jaw Worm","floor":5,"turns":1},{"damage":34,"enemies":"3 Sentries","floor":6,"turns":9},{"damage":0,"enemies":"downfall:FleeingMerchant","floor":9,"turns":4},{"damage":31,"enemies":"Lagavulin","floor":11,"turns":5},{"damage":21,"enemies":"Exordium Thugs","floor":12,"turns":4},{"damage":6,"enemies":"Exordium Wildlife","floor":14,"turns":2},{"damage":0,"enemies":"2 Fungi Beasts","floor":15,"turns":2},{"damage":16,"enemies":"SI_SHIV_ARCHETYPE","floor":16,"turns":5},{"damage":0,"enemies":"3 Byrds","floor":21,"turns":3},{"damage":0,"enemies":"Spheric Guardian","floor":22,"turns":3},{"damage":25,"enemies":"Slavers","floor":23,"turns":4},{"damage":0,"enemies":"downfall:FleeingMerchant","floor":28,"turns":4},{"damage":10,"enemies":"Gremlin Leader","floor":29,"turns":2},{"damage":0,"enemies":"Snecko","floor":30,"turns":3},{"damage":0,"enemies":"Book of Stabbing","floor":31,"turns":2},{"damage":14,"enemies":"Centurion and Healer","floor":32,"turns":2},{"damage":56,"enemies":"WA_ARCHETYPE_CALM","floor":33,"turns":7},{"damage":8,"enemies":"3 Shapes","floor":36,"turns":1},{"damage":0,"enemies":"downfall:FleeingMerchant","floor":37,"turns":1},{"damage":0,"enemies":"Orb Walker","floor":38,"turns":1},{"damage":0,"enemies":"4 Shapes","floor":40,"turns":1},{"damage":0,"enemies":"Jaw Worm Horde","floor":43,"turns":1},{"damage":6,"enemies":"Transient","floor":45,"turns":5},{"damage":3,"enemies":"Spire Growth","floor":47,"turns":2},{"damage":0,"enemies":"Spire Growth","floor":48,"turns":2},{"damage":0,"enemies":"3 Darklings","floor":49,"turns":1},{"damage":26,"enemies":"DF_ARCHETYPE_ORBS","floor":50,"turns":4},{"damage":16,"enemies":"downfall:CharBossMerchant","floor":52,"turns":3},{"damage":36,"enemies":"downfall:NeowBoss","floor":55,"turns":8},{"damage":40,"enemies":"downfall:NeowBossFinal","floor":56,"turns":6}],"seed_played":"3045369991872675204","potions_obtained":[{"floor":6,"key":"Fruit Juice"},{"floor":12,"key":"bronze:FreeFunctionsPotion"},{"floor":14,"key":"PowerPotion"},{"floor":15,"key":"Fruit Juice"},{"floor":16,"key":"PowerPotion"},{"floor":23,"key":"Explosive Potion"},{"floor":29,"key":"Explosive Potion"},{"floor":33,"key":"Fire Potion"},{"floor":36,"key":"FairyPotion"},{"floor":38,"key":"ColorlessPotion"},{"floor":43,"key":"EssenceOfSteel"}],"is_trial":false,"path_per_floor":["R","?","M","M","M","?","T","R","$","R","E","M","R","M","M","B",null,"R","?","?","M","M","E","T","?","?","?","$","E","M","E","M","B",null,"R","M","$","M","?","M","T","$","M","?","M","R","M","?","M","B",null,"E","$","R","B","B",null],"character_chosen":"THE_AUTOMATON","items_purchased":["Molten Egg 2","Apotheosis","Sling","Vajra","Oddly Smooth Stone","HandDrill"],"campfire_rested":1,"item_purchase_floors":[28,37,37,37,37,53],"current_hp_per_floor":[70,105,105,105,105,71,71,71,76,86,55,34,70,64,64,53,131,131,131,131,131,131,106,106,90,90,90,90,80,80,80,66,27,131,131,123,123,123,129,129,129,129,129,129,123,123,130,130,130,111,137,121,121,121,92,62],"gold":42,"neow_bonus":"THREE_ENEMY_KILL","is_daily":false,"chose_seed":false,"campfire_upgraded":6,"win_rate":0.0,"timestamp":1614212521,"path_taken":["R","?","M","M","M","?","T","R","$","R","E","M","R","M","M","BOSS","R","?","?","M","M","E","T","?","?","?","$","E","M","E","M","BOSS","R","M","$","M","?","M","T","?","?","?","M","R","M","?","M","BOSS","E","$","R","BOSS","BOSS"],"items_purchased_type":["Relic","Card","Relic","Relic","Relic","Relic"],"build_version":"2020-12-22","purchased_purges":0,"victory":true,"max_hp_per_floor":[70,105,105,105,105,105,105,105,110,120,120,120,120,120,120,125,131,131,131,131,131,131,131,131,131,131,131,131,131,131,131,131,131,131,131,131,131,131,137,137,137,137,137,137,137,137,137,137,137,137,137,137,137,137,137,137],"card_choices":[{"not_picked":["bronze:Separator","bronze:Constructor"],"picked":"bronze:CutThrough","floor":3},{"not_picked":["bronze:Separator","bronze:MaxOutput"],"picked":"bronze:ClassDefault","floor":4},{"not_picked":["bronze:Branch","bronze:DelayedSlice"],"picked":"bronze:ItsAFeature","floor":5},{"not_picked":["bronze:Deprecate","bronze:Shell"],"picked":"bronze:WhirlingStrike","floor":6},{"not_picked":["bronze:Safeguard","bronze:BuggyMess"],"picked":"bronze:Flail","floor":9},{"not_picked":["bronze:Invalidate","bronze:WhirlingStrike"],"picked":"bronze:Flail","floor":11},{"not_picked":["bronze:Shell","bronze:DarkDash"],"picked":"bronze:DelayedGuard","floor":12},{"not_picked":["bronze:Constructor","bronze:Format"],"picked":"bronze:FineTuning","floor":14},{"not_picked":["bronze:Turbo","bronze:Separator"],"picked":"bronze:ClassDefault","floor":15},{"not_picked":["bronze:Verify","bronze:Break"],"picked":"bronze:SpaghettiCode","floor":16},{"not_picked":["bronze:Philosophize","bronze:Deprecate"],"picked":"bronze:Overload","floor":21},{"not_picked":["bronze:DigitalCarnage","bronze:OilSpill"],"picked":"bronze:Shell+1","floor":22},{"not_picked":["bronze:FineTuning","bronze:Invalidate"],"picked":"bronze:Constructor+1","floor":23},{"not_picked":["bronze:Constructor","bronze:Iterate+1"],"picked":"bronze:AlphaBuild","floor":28},{"not_picked":["bronze:DelayedSlice+1","bronze:Backtrace+1"],"picked":"bronze:ClassDefault","floor":29},{"not_picked":["bronze:WildBeam+1","bronze:WhirlingStrike+1"],"picked":"bronze:Fortify+1","floor":30},{"not_picked":["bronze:Allocate","bronze:BitShift"],"picked":"bronze:Overheat+1","floor":31},{"not_picked":["bronze:NullPointer+1","bronze:Frontload"],"picked":"bronze:Repair","floor":32},{"not_picked":["bronze:RecursiveStrike+1","bronze:Format"],"picked":"bronze:Virus+1","floor":33},{"not_picked":["bronze:DelayedGuard","bronze:DelayedSlice+1"],"picked":"bronze:ChosenStrike+1","floor":36},{"not_picked":["bronze:CutThrough+1","bronze:FineTuning+1"],"picked":"bronze:BronzeOrb+1","floor":37},{"not_picked":["bronze:Turbo+1","bronze:DarkDash+1"],"picked":"bronze:BugBarrage+1","floor":38},{"not_picked":["bronze:Iterate+1","bronze:WildBeam+1"],"picked":"bronze:BuggyMess+1","floor":40},{"not_picked":["bronze:DarkDash+1","bronze:Safeguard+1"],"picked":"bronze:Branch+1","floor":43},{"not_picked":["bronze:DelayedSlice+1","bronze:DelayedGuard+1"],"picked":"bronze:ForLoop","floor":45},{"not_picked":["bronze:CutThrough+1","bronze:Frontload+1","bronze:Invalidate"],"picked":"SKIP","floor":47},{"not_picked":["bronze:Shield","bronze:BronzeArmor"],"picked":"bronze:Turbo+1","floor":48},{"not_picked":["bronze:DarkDash+1","bronze:ClassDefault+1"],"picked":"bronze:SpaghettiCode","floor":49},{"not_picked":["bronze:Shield","bronze:FineTuning+1"],"picked":"bronze:Overheat+1","floor":52}],"player_experience":288810,"relics_obtained":[{"floor":6,"key":"bronze:SilverBullet"},{"floor":11,"key":"Mummified Hand"},{"floor":17,"key":"Omamori"},{"floor":17,"key":"Gremlin Horn"},{"floor":17,"key":"Gambling Chip"},{"floor":23,"key":"Du-Vu Doll"},{"floor":24,"key":"bronze:ProtectiveGoggles"},{"floor":25,"key":"Necronomicon"},{"floor":29,"key":"Ornamental Fan"},{"floor":31,"key":"Toy Ornithopter"},{"floor":41,"key":"Ice Cream"},{"floor":44,"key":"Regal Pillow"},{"floor":48,"key":"Torii"},{"floor":52,"key":"Pen Nib"}],"event_choices":[{"damage_healed":0,"gold_gain":0,"player_choice":"Read","damage_taken":0,"max_hp_gain":0,"max_hp_loss":0,"event_name":"The Library","floor":20,"gold_loss":0,"cards_obtained":["bronze:GetLatest"]}],"is_beta":false,"boss_relics":[{"not_picked":["Busted Crown","Philosopher\u0027s Stone"],"picked":"Calling Bell"},{"not_picked":["Velvet Choker","SacredBark"],"picked":"Coffee Dripper"}],"items_purged_floors":[],"is_endless":false,"potions_floor_spawned":[6,12,14,15,16,23,29,33,36,38,40,43,49],"ascension_level":0}}