{"host":"5tir6155jnoxijqh","time":1614231570,"event":{"mods":["Act Like it!","Arknights","BaseMod","Downfall","Hermit","Library of Ruina","Library of Ruina Extra","Minty Spire (QoL Compilation)","Shop Mod","Spicy Shops","StSLib","WarShipGirlsR/’ΩΩ¢…Ÿ≈ÆR mod"],"gold_per_floor":[0,20,33,18,468,498,498,532,101,116,116,133,33,33,43,141,141,141,1,18,18,38,67,67,67,67,100,120,62,62,96,112,213,213,248,40,40,40,40],"floor_reached":40,"language":"ZHS","playtime":3773,"items_purged":["downfall:Icky","downfall:Icky","downfall:Icky","Shame"],"score":1266,"play_id":"201fef34-e37c-40e4-aa5b-94477eb5a519","local_time":"20210225133930","is_ascension_mode":true,"campfire_choices":[{"data":"FocusedStrikes","floor":1.0,"key":"SMITH"},{"data":"LeRegole","floor":13.0,"key":"SMITH"},{"data":"FervidEmotions","floor":18.0,"key":"SMITH"},{"floor":25.0,"key":"RECALL"},{"floor":30.0,"key":"REST"},{"data":"Enlightenment","floor":37.0,"key":"SMITH"}],"circlet_count":0,"master_deck":["Master of Strategy","RulesOfTheBackstreets","OpportunitySpotted","Juggling","Multislash+1","Tttonst","LeRegole+1","SavageMode+1","MirageStorm+1","RipSpace+1","SilentNight+1","GrazeTheGrass+1","FlashOfSunup+1","FervidEmotions+1","FrontalAssault","StartinOutLightly","Fence","TasteMyFlamingBat+1","BattleCommand+1","TrashDisposal+1","Collision+1","EnergyConversion+1","Preparation+1","BlazingStrike+1","GatherIntel+1","FierceCharge+1","FlamingDragonFist+1","GreatSerpentsImpact+1","Enlightenment+1"],"relics":["PageOfLibrarian","War Paint","Molten Egg 2","Nunchaku","PageOfLaetitia","downfall:HeartBlessingGreen","Pandora\u0027s Box","HornCleat","Bottled Flame","PageOfBloodbath","PageOfScarecrow","PageOfSingingMachine","Philosopher\u0027s Stone","Akabeko","PageOfJudgementBird"],"acts_visited":["Exordium","TheCity","TheEnding"],"potions_floor_usage":[],"damage_taken":[{"damage":5.0,"enemies":"Small Slimes","floor":2.0,"turns":2.0},{"damage":0.0,"enemies":"2 Louse","floor":3.0,"turns":3.0},{"damage":10.0,"enemies":"downfall:FleeingMerchant","floor":4.0,"turns":4.0},{"damage":41.0,"enemies":"Lagavulin","floor":6.0,"turns":9.0},{"damage":27.0,"enemies":"Gremlin Nob","floor":8.0,"turns":5.0},{"damage":6.0,"enemies":"downfall:FleeingMerchant","floor":9.0,"turns":4.0},{"damage":16.0,"enemies":"Jaw Worm","floor":10.0,"turns":2.0},{"damage":5.0,"enemies":"Lots of Slimes","floor":12.0,"turns":4.0},{"damage":30.0,"enemies":"Large Slime","floor":15.0,"turns":5.0},{"damage":18.0,"enemies":"IC_STATUS_ARCHETYPE","floor":16.0,"turns":4.0},{"damage":12.0,"enemies":"downfall:FleeingMerchant","floor":19.0,"turns":4.0},{"damage":8.0,"enemies":"Spheric Guardian","floor":20.0,"turns":3.0},{"damage":0.0,"enemies":"Shell Parasite","floor":22.0,"turns":3.0},{"damage":11.0,"enemies":"Slavers","floor":23.0,"turns":3.0},{"damage":30.0,"enemies":"Gremlin Leader","floor":27.0,"turns":5.0},{"damage":12.0,"enemies":"Cultist and Chosen","floor":28.0,"turns":4.0},{"damage":4.0,"enemies":"downfall:FleeingMerchant","floor":29.0,"turns":2.0},{"damage":8.0,"enemies":"Book of Stabbing","floor":31.0,"turns":3.0},{"damage":4.0,"enemies":"3 Cultists","floor":32.0,"turns":4.0},{"damage":32.0,"enemies":"DF_ARCHETYPE_CLAW","floor":33.0,"turns":5.0},{"damage":65.0,"enemies":"ME_ARCHETYPE_MERCHANT","floor":35.0,"turns":6.0},{"damage":79.0,"enemies":"IC_BLOCK_ARCHETYPE","floor":38.0,"turns":7.0},{"damage":57,"enemies":"downfall:NeowBossFinal","floor":39,"turns":8}],"seed_played":"9217143938699412934","potions_obtained":[{"floor":3.0,"key":"Fire Potion"},{"floor":6.0,"key":"Energy Potion"},{"floor":8.0,"key":"Fire Potion"},{"floor":10.0,"key":"BlessingOfTheForge"},{"floor":16.0,"key":"SkillPotion"},{"floor":22.0,"key":"AttackPotion"},{"floor":27.0,"key":"Explosive Potion"},{"floor":28.0,"key":"LiquidMemories"},{"floor":33.0,"key":"Explosive Potion"}],"is_trial":false,"path_per_floor":["R","M","M","$","?","E","T","E","$","M","?","M","R","?","M","B",null,"R","$","M","?","M","E","T","R","?","E","M","$","R","E","M","B",null,"E","$","R","B","B",null],"character_chosen":"Librarian","items_purchased":["LeRegole","PageOfLaetitia","PageOfScarecrow","PageOfJudgementBird","Enlightenment"],"campfire_rested":1,"item_purchase_floors":[9,9,29,36,36],"current_hp_per_floor":[54,49,55,58,58,44,44,29,36,25,30,40,40,40,22,4,68,68,59,51,51,51,44,44,44,44,20,14,14,41,42,43,37,78,58,58,58,24,20],"gold":40,"neow_bonus":"RANDOM_COLORLESS_2","is_daily":false,"chose_seed":false,"campfire_upgraded":4,"win_rate":0.0,"timestamp":1614231570,"path_taken":["R","M","M","$","?","E","T","E","$","M","?","M","R","?","M","BOSS","R","?","M","?","M","E","T","R","?","E","M","$","R","E","M","BOSS","E","$","R","BOSS","BOSS"],"items_purchased_type":["Card","Relic","Relic","Relic","Card"],"build_version":"2020-12-22","purchased_purges":4,"victory":true,"max_hp_per_floor":[60,76,76,76,76,76,76,76,76,76,81,81,81,81,89,89,89,89,89,89,89,89,89,89,89,89,92,92,92,92,92,92,92,92,92,92,92,92,92],"card_choices":[{"not_picked":["Chrysalis","Violence"],"picked":"Master of Strategy","floor":0.0},{"not_picked":["DriedUp","Leap_lor","MultiHit","Laceration","InkOver","CookingPrep","AsThePrescriptOrders","FaintMemories"],"picked":"RulesOfTheBackstreets","floor":2.0},{"not_picked":["BiAn","FieryDragonSlash","AlloutWar","GuidanceOfTheGears","PinpointShot","Track","SinglePointStab","EnergyShield"],"picked":"OpportunitySpotted","floor":3.0},{"not_picked":["FlamingDragonFist","UpbeatPerformance","FrontalAssault","QuickSuppression","Clone","Crush","BackAttack","Parry"],"picked":"Juggling","floor":4.0},{"not_picked":["EnergyShield","SerpentineBarrier","SharpSwipe","Wallop_lor","PinpointShot","SinglePointStab","GrazeTheGrass","Track"],"picked":"SilentNight","floor":6.0},{"not_picked":["SmokingPipe","Diversion+1","NightInTheBackstreets+1","YoureAHindrance+1","PuppetBlockade","Overcharge","Collision+1","ReadyUp"],"picked":"Multislash+1","floor":8.0},{"not_picked":["YourShield","GrazeTheGrass+1","ClassAndRespect+1","Thrust+1","Quickness","GatherIntel","PinpointShot+1","BiteOff+1"],"picked":"Tttonst","floor":9.0},{"not_picked":["GuidanceOfTheGears","InnerArdor","SkitterAway","DirtyBlow+1","Outburst+1","GuardingStance","YoureAHindrance+1","StructuralAnalysis"],"picked":"StartinOutLightly","floor":10.0},{"not_picked":["WildCard","Faith","Execute_lor+1","GrazeTheGrass+1","BackAttack","UpbeatPerformance+1","CombatPreparation","AssaultOrder+1"],"picked":"SavageMode+1","floor":12.0},{"not_picked":["Parry2","SuppressingShot+1","Outburst+1","HeavyPeaks+1","FierceCharge","UpbeatPerformance+1","FlowOfTheSword+1","SnakesPrey","SharpenedBlade"],"picked":"SKIP","floor":15.0},{"not_picked":["Disposal+1","MindCrush+1"],"picked":"MirageStorm+1","floor":16.0},{"not_picked":["BiAn","OpportunitySpotted+1","FeatherShield","EnergyStrike+1","Pound+1","UpbeatPerformance+1","Diversion+1","GatherIntel"],"picked":"SuppressingShot+1","floor":19.0},{"not_picked":["WildCard","DesperateStruggle+1","Thirst+1","WillOfThePrescript+1","CoordinatedAssault","HiddenBlade+1","Reload","ClassAndRespect+1"],"picked":"BattleCommand+1","floor":20.0},{"not_picked":["SetFire+1","OpportunitySpotted+1","RapidGashes+1","FleetEdge+1","Wallop_lor+1","EnergyShield","EndlessBattle+1","Struggle+1"],"picked":"TrashDisposal+1","floor":22.0},{"not_picked":["FleetEdge+1","LossOfSenses+1","EnergyCycle+1","PinpointShot+1","ViolentFlame","ElectricShock+1","CircusKnives+1","StayCalm+1"],"picked":"Collision+1","floor":23.0},{"not_picked":["YouOnlyLiveOnce+1","FeelinGood+1","UpbeatPerformance+1","EnergyStrike+1","YoureTooSlow","ClassAndRespect+1","FleetFootsteps","LeRegole"],"picked":"EnergyConversion+1","floor":27.0},{"not_picked":["Reload","NonstopAssault+1","ViolentFlame","LossOfSenses+1","Track+1","ScatteringSlash+1","MindWhip+1","Eject+1"],"picked":"Preparation+1","floor":28.0},{"not_picked":["FrontalAssault","VenomousFangs+1","CoordinatedAssault+1","StrongStrike+1","Parry2","HeavyPeaks+1","CircusKnives+1","WillOfThePrescript+1"],"picked":"BlazingStrike+1","floor":29.0},{"not_picked":["Parry2","Thirst+1","DirtyBlow+1","BlowItUp+1","MultiHit+1","FleetFootsteps","QuickSuppression+1","GuardingStance"],"picked":"GatherIntel+1","floor":31.0},{"not_picked":["Leap_lor+1","Wallop_lor+1","FleetFootsteps","SturdyDefense","Reload","FlowOfTheSword+1","StrikeDown+1","SpearedSweep+1"],"picked":"FierceCharge+1","floor":32.0},{"not_picked":["Tttonst","SilentNight+1"],"picked":"FlamingDragonFist+1","floor":33.0},{"not_picked":["Diversion+1","TasteMyFlamingBat+1","Eradication+1","FlashingStrike+1","HiddenBlade+1","FleetEdge+1","FierceCharge+1","AsThePrescriptOrders"],"picked":"GreatSerpentsImpact+1","floor":35.0}],"player_experience":404314,"relics_obtained":[{"floor":6.0,"key":"War Paint"},{"floor":7.0,"key":"Molten Egg 2"},{"floor":8.0,"key":"Nunchaku"},{"floor":23.0,"key":"HornCleat"},{"floor":24.0,"key":"Bottled Flame"},{"floor":27.0,"key":"PageOfBloodbath"},{"floor":31.0,"key":"PageOfSingingMachine"},{"floor":35.0,"key":"Akabeko"}],"event_choices":[{"damage_healed":0.0,"max_hp_gain":5.0,"max_hp_loss":0.0,"gold_gain":0.0,"event_name":"Big Fish","player_choice":"Donut","floor":11.0,"gold_loss":0.0,"damage_taken":0.0},{"cards_removed":["StartinOutLightly"],"damage_healed":0.0,"max_hp_gain":0.0,"max_hp_loss":0.0,"gold_gain":0.0,"event_name":"Back to Basics","player_choice":"Elegance","floor":21.0,"gold_loss":0.0,"damage_taken":0.0}],"is_beta":false,"boss_relics":[{"not_picked":["PageOfBlackSwan","Calling Bell"],"picked":"Pandora\u0027s Box"},{"not_picked":["Runic Dome","Fusion Hammer"],"picked":"Philosopher\u0027s Stone"}],"items_purged_floors":[9,9,19,29],"is_endless":false,"potions_floor_spawned":[3,6,8,10,16,22,27,28,33],"ascension_level":7}}