{"host":"2lpgcsidu5xufd3q","time":1614233593,"event":{"mods":["BaseMod","Colored Map","Hubris","Minty Spire (QoL Compilation)","Quick Restart","Replay The Spire","StSLib"],"gold_per_floor":[117,117,117,137,87,87,107,140,215,243,48,82,182,193,193,288,388,405,424,424,444,38,38,65,65,65,65,65],"floor_reached":27,"language":"ENG","playtime":971,"items_purged":["Nirvana+1"],"score":340,"play_id":"01cd3754-2a6a-4cd5-8196-b4aa102b856c","local_time":"20210225011313","is_ascension_mode":true,"campfire_choices":[{"data":"Eruption","floor":6.0,"key":"SMITH"},{"floor":15.0,"key":"REST"},{"data":"Replay:DivineShield","floor":23.0,"key":"SMITH"},{"data":"ClearTheMind","floor":23.0,"key":"SMITH"}],"circlet_count":0,"master_deck":["Strike_P","Strike_P+1","Strike_P+1","Strike_P","Defend_P","Defend_P","Defend_P","Eruption+1","Vigilance","ClearTheMind+1","Halt","Replay:DivineShield+1","FlyingSleeves","Wish+1","WheelKick+1","SashWhip+1","PathToVictory+1","Crescendo+1","Replay:Parry+1","ClearTheMind","ReachHeaven","MasterReality+1","Prostrate+1","Replay:AtTheReady","Replay:Battleflow+1","ReachHeaven"],"relics":["PureWater","NeowsBlessing","Ring of Fury","Ring of Misfortune","Whetstone","Golden Egg","Replay:Arrowhead","BargainBundle","Akabeko","Replay:Wanted Poster","Mirror","Nunchaku","Kunai","Frozen Egg 2"],"acts_visited":["Exordium","TheCity"],"potions_floor_usage":[27,27],"damage_taken":[{"damage":0.0,"enemies":"Jaw Worm","floor":1.0,"turns":1.0},{"damage":0.0,"enemies":"2 Louse","floor":4.0,"turns":1.0},{"damage":0.0,"enemies":"Cultist","floor":7.0,"turns":1.0},{"damage":30.0,"enemies":"Lagavulin","floor":8.0,"turns":3.0},{"damage":32.0,"enemies":"Gremlin Nob","floor":10.0,"turns":4.0},{"damage":0.0,"enemies":"3 Sentries","floor":12.0,"turns":2.0},{"damage":4.0,"enemies":"Looter","floor":14.0,"turns":2.0},{"damage":2.0,"enemies":"The Guardian","floor":16.0,"turns":11.0},{"damage":2.0,"enemies":"Chosen","floor":18.0,"turns":2.0},{"damage":0.0,"enemies":"Spheric Guardian","floor":19.0,"turns":1.0},{"damage":0.0,"enemies":"3 Cultists","floor":21.0,"turns":2.0},{"damage":69.0,"enemies":"Slavers","floor":24.0,"turns":6.0},{"damage":16,"enemies":"Gremlin Leader","floor":27,"turns":1}],"seed_played":"-807362556752943134","potions_obtained":[{"floor":1.0,"key":"AttackPotion"},{"floor":7.0,"key":"Swift Potion"},{"floor":14.0,"key":"Strength Potion"},{"floor":16.0,"key":"Elixir"},{"floor":19.0,"key":"Explosive Potion"},{"floor":24.0,"key":"EntropicBrew"}],"is_trial":false,"path_per_floor":["M","?","?","M","?","R","M","E","T","E","$","E","?","M","R","B",null,"M","M","?","M","$","R","E","$","T","E"],"character_chosen":"WATCHER","items_purchased":["BargainBundle","WheelKick","SashWhip","PathToVictory","Crescendo+1","Nirvana","Replay:Parry","SpeedPotion","Swift Potion","Explosive Potion","Mirror","Nunchaku"],"campfire_rested":1,"item_purchase_floors":[11,11,11,11,11,11,11,11,11,11,22,22],"current_hp_per_floor":[72,72,72,72,72,72,72,42,42,10,10,10,10,6,27,25,72,70,70,70,70,70,70,1,1,1,0,0],"gold":65,"neow_bonus":"THREE_ENEMY_KILL","is_daily":false,"chose_seed":false,"campfire_upgraded":3,"win_rate":0.0,"timestamp":1614233593,"path_taken":["M","?","?","?","?","R","M","E","T","E","$","E","?","M","R","BOSS","M","?","?","M","$","R","E","?","T","E"],"items_purchased_type":["Relic","Card","Card","Card","Card","Card","Card","Potion","Potion","Potion","Relic","Relic"],"build_version":"2020-12-22","purchased_purges":1,"victory":false,"max_hp_per_floor":[72,72,72,72,72,72,72,72,72,72,72,72,72,72,72,72,72,72,72,72,72,72,72,72,72,72,72,72],"card_choices":[{"not_picked":["WheelKick","Replay:ManipulateFuture"],"picked":"ClearTheMind","floor":1.0},{"not_picked":["FlyingSleeves","BowlingBash"],"picked":"Halt","floor":4.0},{"not_picked":["Vault","WindmillStrike"],"picked":"Replay:DivineShield","floor":7.0},{"not_picked":["Swivel","LikeWater"],"picked":"FlyingSleeves","floor":8.0},{"not_picked":["Replay:BluntJabs","WindmillStrike"],"picked":"Wish","floor":10.0},{"not_picked":["CrushJoints","DeusExMachina"],"picked":"ClearTheMind","floor":12.0},{"not_picked":["WreathOfFlame","Fasting2"],"picked":"ReachHeaven","floor":14.0},{"not_picked":["Brilliance","Blasphemy"],"picked":"MasterReality","floor":16.0},{"not_picked":["EmptyBody","BowlingBash"],"picked":"Prostrate+1","floor":18.0},{"not_picked":["SashWhip","Wireheading"],"picked":"Replay:AtTheReady","floor":19.0},{"not_picked":["CutThroughFate","Replay:BluntJabs"],"picked":"Replay:Battleflow+1","floor":21.0},{"not_picked":["EmptyBody","Replay:BluntJabs+1"],"picked":"ReachHeaven","floor":24.0}],"player_experience":928817,"relics_obtained":[{"floor":3.0,"key":"Ring of Fury"},{"floor":3.0,"key":"Ring of Misfortune"},{"floor":8.0,"key":"Whetstone"},{"floor":9.0,"key":"Golden Egg"},{"floor":10.0,"key":"Replay:Arrowhead"},{"floor":12.0,"key":"Akabeko"},{"floor":24.0,"key":"Kunai"},{"floor":26.0,"key":"Frozen Egg 2"}],"event_choices":[{"damage_healed":0.0,"max_hp_gain":0.0,"max_hp_loss":0.0,"gold_gain":0.0,"event_name":"Golden Wing","player_choice":"Ignored","floor":2.0,"gold_loss":0.0,"damage_taken":0.0},{"cards_removed":["Sickly"],"damage_healed":0.0,"max_hp_gain":0.0,"max_hp_loss":0.0,"gold_gain":0.0,"event_name":"The Cleric","player_choice":"Card Removal","floor":5.0,"gold_loss":50.0,"damage_taken":0.0},{"damage_healed":0.0,"max_hp_gain":0.0,"max_hp_loss":0.0,"gold_gain":100.0,"event_name":"Golden Shrine","player_choice":"Pray","floor":13.0,"gold_loss":0.0,"damage_taken":0.0},{"cards_removed":["Defend_P"],"damage_healed":0.0,"max_hp_gain":0.0,"max_hp_loss":0.0,"gold_gain":0.0,"event_name":"Wheel of Change","player_choice":"Card Removal","floor":20.0,"gold_loss":0.0,"damage_taken":0.0}],"is_beta":false,"boss_relics":[{"not_picked":["Snecko Eye","Pandora\u0027s Box"],"picked":"Replay:Wanted Poster"}],"items_purged_floors":[11],"is_endless":false,"potions_floor_spawned":[1,7,14,16,19,24],"killed_by":"Gremlin Leader","ascension_level":1}}