{"host":"545ma68kbj6ggddn","time":1614294003,"event":{"mods":["BaseMod","Colored Map","Colored Powertips","Downfall","Minty Spire (QoL Compilation)","Permanent Neow","Quick Restart","StSLib"],"gold_per_floor":[99,113,113,133,144,144,190,190,219,119,29,29,64,74,86,86,86,86],"floor_reached":16,"language":"ENG","playtime":1713,"items_purged":[],"score":110,"play_id":"55867516-f46d-4ee2-a26b-20e3bbb256ce","local_time":"20210225170003","is_ascension_mode":false,"campfire_choices":[{"data":"sneckomod:UnknownRareAttack","floor":1,"key":"SMITH"},{"data":"sneckomod:Nope","floor":6,"key":"SMITH"},{"floor":8,"key":"RECALL"},{"data":"sneckomod:UnknownUncommonAttack","floor":10,"key":"SMITH"},{"data":"sneckomod:UnknownBlock","floor":12,"key":"SMITH"}],"circlet_count":0,"master_deck":["sneckomod:TailWhip","sneckomod:SnekBite","sneckomod:Unknown","sneckomod:Unknown+1","sneckomod:SoulRoll","sneckomod:DiceBlock","sneckomod:UnknownRareAttack+1","sneckomod:QuickMove","sneckomod:DefensiveFlair+1","sneckomod:UnknownX","sneckomod:WideSting","sneckomod:UnknownBlock+1","sneckomod:Nope+1","sneckomod:UnknownUncommonAttack+1","sneckomod:UnknownUncommonPower","sneckomod:UnknownUncommonPower","sneckomod:UnknownBlock","sneckomod:UnknownX"],"relics":["Pandora\u0027s Box","downfall:ShatteredFragment","War Paint","Incense Burner","downfall:HeartBlessingRed","Boot"],"acts_visited":["Exordium"],"potions_floor_usage":[],"damage_taken":[{"damage":0,"enemies":"2 Louse","floor":2,"turns":2},{"damage":0,"enemies":"Small Slimes","floor":4,"turns":1},{"damage":0,"enemies":"Jaw Worm","floor":5,"turns":4},{"damage":9,"enemies":"Gremlin Nob","floor":9,"turns":3},{"damage":20,"enemies":"downfall:FleeingMerchant","floor":11,"turns":4},{"damage":1,"enemies":"3 Sentries","floor":13,"turns":4},{"damage":5,"enemies":"Blue Slaver","floor":14,"turns":3},{"damage":11,"enemies":"2 Fungi Beasts","floor":15,"turns":5},{"damage":41,"enemies":"WA_ARCHETYPE_RETAIN","floor":16,"turns":6}],"seed_played":"-2219738550382107638","potions_obtained":[{"floor":13,"key":"SmokeBomb"},{"floor":14,"key":"GamblersBrew"},{"floor":15,"key":"PowerPotion"}],"is_trial":false,"path_per_floor":["R","M","?","M","M","R","T","R","E","R","$","R","E","M","M","B"],"character_chosen":"THE_SNECKO","items_purchased":["sneckomod:UnknownUncommonPower"],"campfire_rested":0,"item_purchase_floors":[11],"current_hp_per_floor":[90,90,69,69,69,69,69,69,60,60,50,50,49,49,41,0,0,0],"gold":86,"neow_bonus":"BOSS_RELIC","is_daily":false,"chose_seed":false,"campfire_upgraded":4,"win_rate":0.0,"timestamp":1614294003,"path_taken":["R","M","?","M","M","R","T","R","E","R","$","R","E","M","M","BOSS"],"items_purchased_type":["Card"],"build_version":"2020-12-22","purchased_purges":0,"victory":false,"max_hp_per_floor":[90,90,90,90,90,90,90,90,90,90,90,90,90,90,93,93,93,93],"card_choices":[{"not_picked":["sneckomod:PureSnecko","sneckomod:ImprovisedAttack"],"picked":"sneckomod:WideSting","floor":2},{"not_picked":["sneckomod:RainOfDice","sneckomod:PureSnecko"],"picked":"sneckomod:UnknownBlock","floor":4},{"not_picked":["sneckomod:QuickBite","sneckomod:UnknownCommonSkill"],"picked":"sneckomod:Nope","floor":5},{"not_picked":["sneckomod:Unknown1Cost","sneckomod:UnendingSupply"],"picked":"sneckomod:UnknownUncommonAttack","floor":9},{"not_picked":["sneckomod:DiceCrush","sneckomod:Unknown3Cost"],"picked":"sneckomod:UnknownUncommonPower","floor":11},{"not_picked":["sneckomod:UnknownDraw","sneckomod:QuickMove"],"picked":"sneckomod:UnknownBlock","floor":13},{"not_picked":["sneckomod:ImprovisedGuard","sneckomod:UnknownCommonAttack"],"picked":"sneckomod:UnknownX","floor":14},{"not_picked":["sneckomod:DefensiveFlair","sneckomod:DiceBlock","sneckomod:IronFang"],"picked":"SKIP","floor":15}],"player_experience":232336,"relics_obtained":[{"floor":7,"key":"War Paint"},{"floor":9,"key":"Incense Burner"},{"floor":13,"key":"Boot"}],"event_choices":[],"is_beta":false,"boss_relics":[],"items_purged_floors":[],"is_endless":false,"potions_floor_spawned":[13,14,15],"killed_by":"WA_ARCHETYPE_RETAIN","ascension_level":0}}