{"host":"f97mkdti7dx29mjq","time":1614229129,"event":{"mods":["BaseMod","Colored Powertips","Minty Spire (QoL Compilation)","Quick Restart","Rare Cards Sparkle","StSLib"],"gold_per_floor":[110,121,121,133,147,180,195,195,249,249,260,108,147,147,147,252,252,276,300,345,345,366,400,422,422,448,477,498,65,65,90,90,90,90],"floor_reached":33,"language":"ENG","playtime":2016,"items_purged":["Strike_B"],"score":381,"play_id":"2b3e318b-f093-4990-a25a-e1c4d6b274d6","local_time":"20210224235849","is_ascension_mode":false,"campfire_choices":[{"data":"White Noise","floor":8,"key":"SMITH"},{"floor":10,"key":"REST"},{"data":"Creative AI","floor":15,"key":"SMITH"},{"floor":25,"key":"REST"},{"data":"Fission","floor":30,"key":"SMITH"},{"floor":32,"key":"REST"}],"circlet_count":0,"master_deck":["Strike_B","Strike_B","Strike_B","Defend_B","Defend_B","Defend_B","Defend_B","Zap","Dualcast","Conserve Battery","White Noise+1","Conserve Battery","Ball Lightning","Go for the Eyes","Creative AI+1","Redo","Fission+1","Static Discharge+1","Redo+1","Ghostly","Ghostly","Ghostly","Ghostly","Ghostly","Leap","Capacitor","Glacier","Rip and Tear+1","Ball Lightning","Loop","Consume"],"relics":["Cracked Core","White Beast Statue","Pear","Art of War","CeramicFish","Black Star","Lantern","Blue Candle","Tiny Chest","Emotion Chip"],"acts_visited":["Exordium","TheCity"],"potions_floor_usage":[6,6,16,16,18,23,23,23,24,31,33,33,33],"damage_taken":[{"damage":3,"enemies":"Small Slimes","floor":1,"turns":4},{"damage":1,"enemies":"Cultist","floor":2,"turns":3},{"damage":5,"enemies":"2 Louse","floor":4,"turns":2},{"damage":5,"enemies":"Looter","floor":5,"turns":4},{"damage":29,"enemies":"Gremlin Nob","floor":6,"turns":5},{"damage":16,"enemies":"Exordium Thugs","floor":7,"turns":5},{"damage":0,"enemies":"2 Fungi Beasts","floor":11,"turns":4},{"damage":0,"enemies":"Lagavulin","floor":13,"turns":5},{"damage":0,"enemies":"The Guardian","floor":16,"turns":9},{"damage":20,"enemies":"2 Thieves","floor":18,"turns":4},{"damage":15,"enemies":"Spheric Guardian","floor":19,"turns":3},{"damage":6,"enemies":"Cultist and Chosen","floor":22,"turns":6},{"damage":17,"enemies":"Gremlin Leader","floor":23,"turns":7},{"damage":2,"enemies":"3 Cultists","floor":24,"turns":2},{"damage":7,"enemies":"Chosen and Byrds","floor":27,"turns":2},{"damage":8,"enemies":"Centurion and Healer","floor":28,"turns":5},{"damage":3,"enemies":"Shelled Parasite and Fungi","floor":31,"turns":4},{"damage":25,"enemies":"Champ","floor":33,"turns":9}],"seed_played":"-8677641148795409785","potions_obtained":[{"floor":1,"key":"DuplicationPotion"},{"floor":4,"key":"Energy Potion"},{"floor":5,"key":"EntropicBrew"},{"floor":6,"key":"SpeedPotion"},{"floor":11,"key":"PowerPotion"},{"floor":13,"key":"Explosive Potion"},{"floor":16,"key":"SpeedPotion"},{"floor":18,"key":"Explosive Potion"},{"floor":19,"key":"Dexterity Potion"},{"floor":23,"key":"AttackPotion"},{"floor":24,"key":"Explosive Potion"},{"floor":27,"key":"LiquidMemories"},{"floor":28,"key":"DuplicationPotion"},{"floor":31,"key":"Fire Potion"}],"is_trial":false,"path_per_floor":["M","M","?","M","M","E","M","R","T","R","M","$","E","$","R","B",null,"M","M","?","?","M","E","M","R","T","M","M","$","R","M","R","B"],"character_chosen":"DEFECT","items_purchased":["Creative AI","Emotion Chip","Loop"],"campfire_rested":3,"item_purchase_floors":[12,29,29],"current_hp_per_floor":[72,71,71,66,61,42,26,26,26,51,51,51,51,51,51,51,85,65,50,42,42,36,19,17,29,29,22,14,14,14,11,23,0,0],"gold":90,"neow_bonus":"THREE_CARDS","is_daily":false,"chose_seed":false,"campfire_upgraded":3,"win_rate":0.0,"timestamp":1614229129,"path_taken":["M","M","?","M","M","E","M","R","T","R","?","?","E","$","R","BOSS","M","M","?","?","M","E","?","R","T","M","M","$","R","M","R","BOSS"],"items_purchased_type":["Card","Relic","Card"],"build_version":"2020-12-22","purchased_purges":1,"victory":false,"max_hp_per_floor":[75,75,75,75,75,85,85,85,85,85,85,85,85,85,85,85,85,85,85,42,42,42,42,42,42,42,42,42,42,42,42,42,42,42],"card_choices":[{"not_picked":["Scrape","Ball Lightning"],"picked":"Conserve Battery","floor":0},{"not_picked":["Steam","Conserve Battery"],"picked":"White Noise","floor":1},{"not_picked":["Doom and Gloom","Stack"],"picked":"Conserve Battery","floor":2},{"not_picked":["Rebound","Consume","All For One"],"picked":"SKIP","floor":4},{"not_picked":["Steam","Scrape","Compile Driver"],"picked":"SKIP","floor":5},{"not_picked":["Barrage","Skim","Streamline"],"picked":"SKIP","floor":6},{"not_picked":["Leap","Chaos"],"picked":"Ball Lightning","floor":7},{"not_picked":["Rebound","Turbo"],"picked":"Go for the Eyes","floor":11},{"not_picked":["Streamline","Fusion"],"picked":"Redo","floor":13},{"not_picked":["Meteor Strike","Rainbow"],"picked":"Fission","floor":16},{"not_picked":["Rebound","Gash"],"picked":"Static Discharge+1","floor":18},{"not_picked":["Undo","Recycle"],"picked":"Redo","floor":19},{"not_picked":["Stack","Reinforced Body"],"picked":"Leap","floor":22},{"not_picked":["Stack+1","Reprogram"],"picked":"Capacitor","floor":23},{"not_picked":["Darkness","Seek"],"picked":"Glacier","floor":24},{"not_picked":["Barrage","Turbo"],"picked":"Rip and Tear+1","floor":27},{"not_picked":["Go for the Eyes","Barrage"],"picked":"Ball Lightning","floor":28},{"not_picked":["Melter","Steam+1"],"picked":"Consume","floor":31}],"player_experience":217682,"relics_obtained":[{"floor":6,"key":"Pear"},{"floor":9,"key":"Art of War"},{"floor":13,"key":"CeramicFish"},{"floor":23,"key":"Lantern"},{"floor":23,"key":"Blue Candle"},{"floor":26,"key":"Tiny Chest"}],"event_choices":[{"damage_healed":0,"gold_gain":0,"player_choice":"Gave Potion","damage_taken":0,"relics_obtained":["White Beast Statue"],"max_hp_gain":0,"max_hp_loss":0,"event_name":"WeMeetAgain","floor":3,"gold_loss":0},{"damage_healed":0,"gold_gain":0,"player_choice":"Became a Ghost","damage_taken":0,"max_hp_gain":0,"max_hp_loss":43,"event_name":"Ghosts","floor":20,"gold_loss":0,"cards_obtained":["Ghostly","Ghostly","Ghostly","Ghostly","Ghostly"]},{"damage_healed":0,"gold_gain":0,"player_choice":"Upgraded","damage_taken":0,"max_hp_gain":0,"max_hp_loss":0,"event_name":"Upgrade Shrine","floor":21,"gold_loss":0,"cards_upgraded":["Redo"]}],"is_beta":false,"boss_relics":[{"not_picked":["Astrolabe","Tiny House"],"picked":"Black Star"}],"items_purged_floors":[29],"is_endless":false,"potions_floor_spawned":[1,4,5,6,7,11,13,16,18,19,22,23,24,27,28,31],"killed_by":"Champ","ascension_level":0}}