{"host":"Keegz","time":1614257156,"event":{"mods":["BaseMod","Bestiary","Colored Powertips","Highlight Path","Minty Spire (QoL Compilation)","Relic Stats","Slay the Relics Exporter"],"gold_per_floor":[117,134,134,134,6,6,23,23,52,76,87,100,100,115,135,148,148,227,227,227,299,299,316,366,366,291,74,74,33,33,33,58,58,58],"floor_reached":33,"language":"ENG","playtime":1015,"items_purged":["Strike_G"],"score":708,"play_id":"332513fe-5829-4d1b-8f00-233478be422f","local_time":"20210226014556","is_ascension_mode":true,"campfire_choices":[{"data":"Cloak And Dagger","floor":6.0,"key":"SMITH"},{"data":"Deadly Poison","floor":8.0,"key":"SMITH"},{"floor":13.0,"key":"REST"},{"data":"Catalyst","floor":17.0,"key":"SMITH"},{"floor":20.0,"key":"REST"},{"floor":28.0,"key":"REST"},{"data":"Adrenaline","floor":30,"key":"SMITH"}],"circlet_count":0,"master_deck":["AscendersBane","Strike_G","Strike_G","Strike_G","Strike_G","Defend_G","Defend_G","Defend_G","Defend_G","Defend_G","Survivor","Neutralize","Sadistic Nature","Deadly Poison+1","Predator","Accuracy","Cloak And Dagger+1","Blur","Noxious Fumes","Catalyst+1","Blade Dance","Accuracy","Catalyst","Corpse Explosion","Adrenaline+1","Blade Dance","Bouncing Flask","Poisoned Stab","Leg Sweep"],"relics":["Ring of the Serpent","Toy Ornithopter","Pen Nib","Tough Bandages","Regal Pillow","SlaversCollar","Nilry\u0027s Codex","Kunai","Akabeko"],"acts_visited":["Exordium","TheCity"],"potions_floor_usage":[33],"damage_taken":[{"damage":0.0,"enemies":"2 Louse","floor":1.0,"turns":3.0},{"damage":0.0,"enemies":"Jaw Worm","floor":2.0,"turns":4.0},{"damage":4.0,"enemies":"Cultist","floor":7.0,"turns":3.0},{"damage":29.0,"enemies":"3 Sentries","floor":9.0,"turns":10.0},{"damage":18.0,"enemies":"Gremlin Gang","floor":11.0,"turns":5.0},{"damage":10.0,"enemies":"Exordium Wildlife","floor":12.0,"turns":4.0},{"damage":17.0,"enemies":"Large Slime","floor":14.0,"turns":4.0},{"damage":5.0,"enemies":"3 Louse","floor":15.0,"turns":4.0},{"damage":1.0,"enemies":"Looter","floor":16.0,"turns":2.0},{"damage":37.0,"enemies":"The Guardian","floor":18.0,"turns":8.0},{"damage":17.0,"enemies":"The Guardian","floor":21.0,"turns":5.0},{"damage":19.0,"enemies":"2 Thieves","floor":23.0,"turns":2.0},{"damage":18,"enemies":"Gremlin Leader","floor":32,"turns":5},{"damage":35,"enemies":"Masked Bandits","floor":33,"turns":5}],"seed_played":"694377894501805956","potions_obtained":[{"floor":2.0,"key":"Regen Potion"},{"floor":9.0,"key":"FairyPotion"},{"floor":14.0,"key":"AttackPotion"},{"floor":15.0,"key":"DistilledChaos"},{"floor":16.0,"key":"GamblersBrew"},{"floor":18.0,"key":"Swift Potion"},{"floor":32,"key":"GamblersBrew"}],"is_trial":false,"path_per_floor":["M","M","?","?","$","R","M","R","E","T","M","M","R","M","M","M","R","B",null,"R","B",null,"M","?","?","?","$","R","$","R","T","E","?"],"character_chosen":"THE_SILENT","items_purchased":["Accuracy","Cloak And Dagger","Bouncing Flask","Poisoned Stab","Leg Sweep"],"campfire_rested":3,"item_purchase_floors":[5,5,27,27,29],"current_hp_per_floor":[59,59,59,54,54,54,50,50,21,21,22,12,45,28,23,27,27,18,18,51,39,55,36,36,15,15,15,48,48,48,48,30,0,0],"gold":58,"neow_bonus":"RANDOM_COLORLESS_2","is_daily":false,"chose_seed":false,"campfire_upgraded":4,"win_rate":0.0,"timestamp":1614257156,"path_taken":["M","M","?","?","?","R","?","R","E","T","?","M","R","M","M","M","R","BOSS","R","BOSS","M","?","?","?","$","R","$","R","T","E","?"],"items_purchased_type":["Card","Card","Card","Card","Card"],"build_version":"2020-12-18","purchased_purges":1,"victory":false,"max_hp_per_floor":[60,60,60,60,60,60,60,60,60,60,60,60,60,60,60,60,60,60,60,60,60,60,60,60,60,60,60,60,60,60,60,60,60,60],"relic_stats":{"Tough Bandages":[42],"Regal Pillow":45,"counters":[14,64],"Pen Nib":[10],"Kunai":[6],"obtain_stats":[{"SlaversCollar":19,"Tough Bandages":9,"Regal Pillow":10,"Nilry\u0027s Codex":25,"Pen Nib":4,"Kunai":31,"Toy Ornithopter":3,"Ring of the Serpent":22,"Akabeko":32,"Ring of the Snake":0},{"SlaversCollar":10,"Tough Bandages":4,"Regal Pillow":4,"Nilry\u0027s Codex":12,"Pen Nib":2,"Kunai":12,"Toy Ornithopter":2,"Ring of the Serpent":11,"Akabeko":13,"Ring of the Snake":0},{"SlaversCollar":47,"Tough Bandages":20,"Regal Pillow":20,"Nilry\u0027s Codex":54,"Pen Nib":7,"Kunai":54,"Toy Ornithopter":7,"Ring of the Serpent":52,"Akabeko":59,"Ring of the Snake":0}],"Toy Ornithopter":25},"card_choices":[{"not_picked":["Metamorphosis","Secret Weapon"],"picked":"Sadistic Nature","floor":0.0},{"not_picked":["Infinite Blades","Outmaneuver"],"picked":"Deadly Poison","floor":1.0},{"not_picked":["Dodge and Roll","Prepared"],"picked":"Predator","floor":2.0},{"not_picked":["Concentrate","Dash"],"picked":"Blur","floor":7.0},{"not_picked":["Endless Agony","Dodge and Roll","Quick Slash"],"picked":"SKIP","floor":9.0},{"not_picked":["Dagger Throw","Tactician"],"picked":"Noxious Fumes","floor":11.0},{"not_picked":["Predator","Riddle With Holes"],"picked":"Catalyst","floor":12.0},{"not_picked":["Night Terror","Flechettes"],"picked":"Blade Dance","floor":14.0},{"not_picked":["Acrobatics","Sucker Punch"],"picked":"Accuracy","floor":15.0},{"not_picked":["Backflip","Choke"],"picked":"Catalyst","floor":16.0},{"not_picked":["Wraith Form v2","Storm of Steel"],"picked":"Corpse Explosion","floor":18.0},{"not_picked":["Glass Knife","Storm of Steel"],"picked":"Adrenaline","floor":21.0},{"not_picked":["Dagger Throw","Reflex"],"picked":"Blade Dance","floor":23.0},{"not_picked":["Acrobatics","Well Laid Plans","Flying Knee"],"picked":"SKIP","floor":32}],"player_experience":1525038,"relics_obtained":[{"floor":9.0,"key":"Tough Bandages"},{"floor":10.0,"key":"Regal Pillow"},{"floor":25.0,"key":"Nilry\u0027s Codex"},{"floor":31,"key":"Kunai"},{"floor":32,"key":"Akabeko"}],"event_choices":[{"damage_healed":0.0,"max_hp_gain":0.0,"max_hp_loss":0.0,"gold_gain":0.0,"event_name":"Big Fish","player_choice":"Box","floor":3.0,"gold_loss":0.0,"damage_taken":0.0,"relics_obtained":["Toy Ornithopter"],"cards_obtained":["Regret"]},{"damage_healed":0.0,"max_hp_gain":0.0,"max_hp_loss":0.0,"gold_gain":0.0,"event_name":"Scrap Ooze","player_choice":"Success","floor":4.0,"gold_loss":0.0,"damage_taken":5.0,"relics_obtained":["Pen Nib"]},{"damage_healed":0.0,"max_hp_gain":0.0,"max_hp_loss":0.0,"gold_gain":50.0,"event_name":"Nest","player_choice":"Stole From Cult","floor":24.0,"gold_loss":0.0,"damage_taken":0.0},{"damage_healed":0.0,"max_hp_gain":0.0,"max_hp_loss":0.0,"gold_gain":0.0,"event_name":"Cursed Tome","player_choice":"Obtained Book","floor":25.0,"gold_loss":0.0,"damage_taken":21.0},{"cards_removed":["Regret"],"damage_healed":0.0,"max_hp_gain":0.0,"max_hp_loss":0.0,"gold_gain":0.0,"event_name":"Beggar","player_choice":"Gave Gold","floor":26.0,"gold_loss":75.0,"damage_taken":0.0},{"damage_healed":0,"gold_gain":0,"player_choice":"Fought Bandits","damage_taken":0,"max_hp_gain":0,"max_hp_loss":0,"event_name":"Masked Bandits","floor":33,"gold_loss":0}],"is_beta":true,"boss_relics":[{"not_picked":["Runic Dome","Busted Crown"],"picked":"SlaversCollar"},{"not_picked":["Snecko Eye","Cursed Key"],"picked":"Ring of the Serpent"}],"items_purged_floors":[27],"is_endless":false,"potions_floor_spawned":[2,9,14,15,16,18,32],"killed_by":"Masked Bandits","ascension_level":19}}