{"host":"wshey5htrz8rni6u","time":1614254807,"event":{"mods":["2.2 Compatiblity","BaseMod","Block Reminder","Colored Map","Colored Powertips","Current Relic Mod","Curses Come First","Dark Map","Key Reminder","Keyboard Shortcuts","Minty Spire (QoL Compilation)","Potion Indicator Mod","Quick Restart","Random Character Button","Relic Sorter","Relic Stats","StSLib","SuperFastMode","Unceasing Turn Reminder","UnlockEverythingMod","Weighted Paths"],"gold_per_floor":[118,131,131,150,163,163,14,45,57,69,231,318,330,342,354,366,366],"floor_reached":16,"language":"ENG","playtime":545,"items_purged":["Strike_G"],"score":175,"play_id":"40847922-4a74-4d5b-a05b-0b29a8b0f695","local_time":"20210225040647","is_ascension_mode":true,"campfire_choices":[{"floor":6,"key":"REST"},{"floor":10,"key":"REST"},{"floor":13,"key":"REST"},{"data":"Neutralize","floor":15,"key":"SMITH"}],"circlet_count":0,"master_deck":["AscendersBane","Strike_G","Strike_G","Strike_G","Defend_G","Defend_G","Defend_G","Defend_G","Defend_G","Survivor","Neutralize+1","After Image","Finisher","Calculated Gamble","Poisoned Stab","Well Laid Plans","All Out Attack","PiercingWail"],"relics":["Ring of the Snake","MawBank","Frozen Egg 2","Spirit Poop"],"acts_visited":["Exordium"],"potions_floor_usage":[16],"damage_taken":[{"damage":0,"enemies":"Small Slimes","floor":1,"turns":5},{"damage":0,"enemies":"Cultist","floor":2,"turns":4},{"damage":0,"enemies":"Jaw Worm","floor":4,"turns":5},{"damage":8,"enemies":"2 Fungi Beasts","floor":5,"turns":6},{"damage":38,"enemies":"Gremlin Nob","floor":8,"turns":6},{"damage":45,"enemies":"Slime Boss","floor":16,"turns":10}],"seed_played":"-5493972579198579394","potions_obtained":[{"floor":4,"key":"Explosive Potion"},{"floor":5,"key":"CultistPotion"}],"is_trial":false,"path_per_floor":["M","M","?","M","M","R","$","E","T","R","?","?","R","?","R","B"],"character_chosen":"THE_SILENT","items_purchased":["All Out Attack"],"campfire_rested":3,"item_purchase_floors":[7],"current_hp_per_floor":[44,44,44,44,36,55,55,17,17,36,36,25,44,44,44,0,0],"gold":366,"neow_bonus":"THREE_RARE_CARDS","is_daily":false,"chose_seed":false,"campfire_upgraded":1,"win_rate":0.0,"timestamp":1614254807,"path_taken":["M","M","?","?","M","R","$","E","T","R","?","?","R","?","R","BOSS"],"items_purchased_type":["Card"],"build_version":"2020-12-13","purchased_purges":1,"victory":false,"max_hp_per_floor":[66,66,66,66,66,66,66,66,66,66,66,66,66,66,66,66,66],"relic_stats":{"counters":[6,36],"MawBank":96,"obtain_stats":[{"Spirit Poop":14,"Frozen Egg 2":9,"MawBank":8,"Ring of the Snake":0},{"Spirit Poop":5,"Frozen Egg 2":5,"MawBank":5,"Ring of the Snake":0},{"Spirit Poop":26,"Frozen Egg 2":26,"MawBank":26,"Ring of the Snake":0}],"Ring of the Snake":[12]},"card_choices":[{"not_picked":["Envenom","Bullet Time"],"picked":"After Image","floor":0},{"not_picked":["Bane","Expertise"],"picked":"Finisher","floor":1},{"not_picked":["Tactician","Reflex"],"picked":"Calculated Gamble","floor":2},{"not_picked":["Prepared","Acrobatics"],"picked":"Poisoned Stab","floor":4},{"not_picked":["Escape Plan","Cloak And Dagger"],"picked":"Well Laid Plans","floor":5},{"not_picked":["Slice","Underhanded Strike"],"picked":"PiercingWail","floor":8}],"player_experience":207511,"relics_obtained":[{"floor":8,"key":"MawBank"},{"floor":9,"key":"Frozen Egg 2"}],"event_choices":[{"cards_removed":["Strike_G"],"damage_healed":0,"gold_gain":0,"player_choice":"Purged","damage_taken":0,"max_hp_gain":0,"max_hp_loss":0,"event_name":"Purifier","floor":3,"gold_loss":0},{"damage_healed":0,"gold_gain":150,"player_choice":"AGREE","damage_taken":0,"max_hp_gain":0,"max_hp_loss":0,"event_name":"Liars Game","floor":11,"gold_loss":0,"cards_obtained":["Doubt"]},{"damage_healed":0,"gold_gain":75,"player_choice":"Gather Gold","damage_taken":11,"max_hp_gain":0,"max_hp_loss":0,"event_name":"World of Goop","floor":12,"gold_loss":0},{"cards_removed":["Doubt"],"damage_healed":0,"gold_gain":0,"player_choice":"Offered Curse","damage_taken":0,"relics_obtained":["Spirit Poop"],"max_hp_gain":0,"max_hp_loss":0,"event_name":"Bonfire Elementals","floor":14,"gold_loss":0}],"is_beta":false,"boss_relics":[],"items_purged_floors":[7],"is_endless":false,"potions_floor_spawned":[4,5],"killed_by":"Slime Boss","ascension_level":16}}