{"host":"y4fuci1jk2rsxnep","time":1614271356,"event":{"mods":["AchievementEnabler","BaseMod","Colored Powertips","Custom Start","Defuse TimeMaze Blight","Dio Mod","Downfall","Hermit","Hero for Fun","Hubris","Hunter ??","Infinite Spire","Minty Spire (QoL Compilation)","Quick Restart","Reliquary","Remove Card Discount Mod","Replay The Spire","StSLib","The Blackbeard","The Bug Knight","The Mystic","The Runesmith"],"gold_per_floor":[111,122,120,295,315,315,315],"floor_reached":6,"language":"ENG","playtime":546,"items_purged":["hubris:Sloth"],"score":43,"play_id":"371a92b8-3333-4d22-8f31-ff4a0fb85fcd","local_time":"20210225174236","is_ascension_mode":true,"campfire_choices":[],"circlet_count":0,"master_deck":["hermit:Strike_Hermit","hermit:Strike_Hermit","hermit:Strike_Hermit","hermit:Strike_Hermit","hermit:Defend_Hermit","hermit:Defend_Hermit","hermit:Defend_Hermit","hermit:Defend_Hermit","hermit:Snapshot","hermit:Covet","hermit:FatalDesire","hermit:Virtue","hermit:Desperado","Doubt","hermit:Quickdraw"],"relics":["hermit:Momento"],"acts_visited":["Exordium"],"potions_floor_usage":[],"damage_taken":[{"damage":30,"enemies":"Cultist","floor":1,"turns":5},{"damage":13,"enemies":"Small Slimes","floor":2,"turns":4},{"damage":7,"enemies":"Jaw Worm","floor":5,"turns":3},{"damage":28,"enemies":"HollowMod:MossKnight","floor":6,"turns":11}],"seed_played":"164984356105843543","potions_obtained":[],"is_trial":false,"path_per_floor":["M","M","$","?","M","E"],"character_chosen":"HERMIT","items_purchased":[],"campfire_rested":0,"item_purchase_floors":[],"current_hp_per_floor":[45,32,32,32,25,0,0],"gold":315,"neow_bonus":"THREE_RARE_CARDS","is_daily":false,"chose_seed":false,"campfire_upgraded":0,"win_rate":0.0,"timestamp":1614271356,"path_taken":["M","M","$","?","M","E"],"items_purchased_type":[],"build_version":"2020-12-22","purchased_purges":1,"victory":false,"max_hp_per_floor":[75,75,75,75,75,75,75],"card_choices":[{"not_picked":["hermit:DeadOrAlive","hermit:RoundhouseKick"],"picked":"hermit:FatalDesire","floor":0},{"not_picked":["hermit:Vantage","hermit:Dive"],"picked":"hermit:Virtue","floor":1},{"not_picked":["hermit:Combo","hermit:SprayPray"],"picked":"hermit:Desperado","floor":2},{"not_picked":["hermit:Coalescence","hermit:Misfire"],"picked":"hermit:Quickdraw","floor":5}],"player_experience":711964,"relics_obtained":[],"event_choices":[{"damage_healed":0,"gold_gain":175,"player_choice":"AGREE","damage_taken":0,"max_hp_gain":0,"max_hp_loss":0,"event_name":"Liars Game","floor":4,"gold_loss":0,"cards_obtained":["Doubt"]}],"is_beta":false,"boss_relics":[],"items_purged_floors":[3],"is_endless":false,"potions_floor_spawned":[],"killed_by":"HollowMod:MossKnight","ascension_level":4}}