{"host":"1vy6j31128f61x2z","time":1614213695,"event":{"mods":["AchievementEnabler","BaseMod","Colored Powertips","Curses Come First","Minty Spire (QoL Compilation)","Permanent Neow","Random Character Button","Relic Stats","StSLib"],"gold_per_floor":[115,134,84,36,111,136,136,136,136],"floor_reached":8,"language":"ENG","playtime":297,"items_purged":[],"score":81,"play_id":"340fcbf1-28e1-46e5-9d83-d76b337bd234","local_time":"20210224194135","is_ascension_mode":true,"campfire_choices":[{"data":"Blade Dance","floor":7,"key":"SMITH"}],"circlet_count":0,"master_deck":["AscendersBane","Strike_G","Strike_G","Strike_G","Strike_G","Defend_G","Defend_G","Defend_G","Defend_G","Defend_G","Survivor","Neutralize","After Image","Blade Dance+1","Infinite Blades","Deflect"],"relics":["Ring of the Snake","Ancient Tea Set"],"acts_visited":["Exordium"],"potions_floor_usage":[],"damage_taken":[{"damage":6,"enemies":"Small Slimes","floor":1,"turns":6},{"damage":0,"enemies":"Jaw Worm","floor":2,"turns":5},{"damage":51,"enemies":"Gremlin Nob","floor":6,"turns":7},{"damage":21,"enemies":"Lagavulin","floor":8,"turns":9}],"seed_played":"8784955236336296517","potions_obtained":[{"floor":2,"key":"FairyPotion"}],"is_trial":false,"path_per_floor":["M","M","?","$","?","E","R","E"],"character_chosen":"THE_SILENT","items_purchased":["Deflect"],"campfire_rested":0,"item_purchase_floors":[4],"current_hp_per_floor":[57,57,57,57,46,21,21,0,0],"gold":136,"neow_bonus":"ONE_RANDOM_RARE_CARD","is_daily":false,"chose_seed":false,"campfire_upgraded":1,"win_rate":0.0,"timestamp":1614213695,"path_taken":["M","M","?","$","?","E","R","E"],"items_purchased_type":["Card"],"build_version":"2020-12-22","purchased_purges":0,"victory":false,"max_hp_per_floor":[70,70,70,70,70,70,70,70,70],"relic_stats":{"counters":[4,27],"obtain_stats":[{"Ancient Tea Set":6,"Ring of the Snake":0},{"Ancient Tea Set":3,"Ring of the Snake":0},{"Ancient Tea Set":18,"Ring of the Snake":0}],"Ring of the Snake":[8]},"card_choices":[{"not_picked":["Backflip","Poisoned Stab"],"picked":"Blade Dance","floor":1},{"not_picked":["Flechettes","PiercingWail"],"picked":"Infinite Blades","floor":2},{"not_picked":["Calculated Gamble","Riddle With Holes","Dodge and Roll"],"picked":"SKIP","floor":6}],"player_experience":148580,"relics_obtained":[{"floor":6,"key":"Ancient Tea Set"}],"event_choices":[{"cards_removed":["Strike_G"],"damage_healed":0,"gold_gain":0,"player_choice":"Card Removal","damage_taken":0,"max_hp_gain":0,"max_hp_loss":0,"event_name":"The Cleric","floor":3,"gold_loss":50},{"damage_healed":0,"gold_gain":75,"player_choice":"Gather Gold","damage_taken":11,"max_hp_gain":0,"max_hp_loss":0,"event_name":"World of Goop","floor":5,"gold_loss":0}],"is_beta":false,"boss_relics":[],"items_purged_floors":[],"is_endless":false,"potions_floor_spawned":[2],"killed_by":"Lagavulin","ascension_level":10}}