{"host":"ormi09wwzv7sq47a","time":1614275781,"event":{"mods":["2.2 Compatiblity","AchievementEnabler","Act Like it!","BaseMod","Bestiary","Better Altar","Better Note","Better Sensory Stone","Better Silent Start","Better Skull","Better Third Choice","Better Vampires","BetterRewards","Block Reminder","Card Forge","Colored Map","Colored Powertips","Curses Come First","Downfall","Highlight Path","Minty Spire (QoL Compilation)","Permanent Neow","Quick Restart","Rare Cards Sparkle","Relic Stats","Shop Mod","StSLib","The Jungle"],"gold_per_floor":[115,134,144,144,144,175,195,52,52,63,137,137,147,177,177,255,255,272,272,272,10,10,10,37,37,37,11,27,60,60,77,77,150,150,169,169,182,236,250,250,263,263,288,13,43,43,57,57,57,57,57,57,19,50,50],"floor_reached":56,"language":"ENG","playtime":6820,"items_purged":["Strike_P","Defend_P","Defend_P"],"score":2329,"play_id":"4dd43d72-b6f8-4f5e-a7d0-1eeb58297637","local_time":"20210225145621","is_ascension_mode":true,"campfire_choices":[{"data":"LikeWater","floor":12.0,"key":"SMITH"},{"data":"SpiritShield","floor":15.0,"key":"SMITH"},{"data":"SpiritShield","floor":23.0,"key":"SMITH"},{"data":"Master of Strategy","floor":25,"key":"SMITH"},{"data":"TalkToTheHand","floor":32,"key":"SMITH"},{"floor":40,"key":"RECALL"},{"data":"LikeWater","floor":42,"key":"SMITH"},{"floor":46,"key":"REST"},{"data":"SpiritShield","floor":49,"key":"SMITH"},{"data":"Meditate","floor":52,"key":"SMITH"}],"circlet_count":0,"master_deck":["AscendersBane","Eruption","Vigilance","SandsOfTime","LikeWater+1","MentalFortress","Tantrum","Consecrate","Apotheosis+1","SpiritShield+1","Protect","Halt","WindmillStrike","Meditate+1","SpiritShield+1","ClearTheMind","Violence","Master of Strategy+1","Protect","Sanctity","TalkToTheHand+1","SpiritShield+1","Madness","Madness","LikeWater+1","JustLucky+1","Adaptation"],"relics":["HolyWater","Hammer of Thor","Seething Fire","Anvil of the Gods","champ:DeflectingBracers","CloakClasp","Yang","Melange","Mummified Hand","Meat on the Bone","Question Card","Sozu","Blue Candle","HornCleat","Oddly Smooth Stone","CaptainsWheel","theJungle:SpiritDisease","TungstenRod","Ancient Tea Set","Regal Pillow","Bottled Lightning"],"acts_visited":["Exordium","Exordium","TheBeyond","TheEnding"],"potions_floor_usage":[24],"damage_taken":[{"damage":0.0,"enemies":"Cultist","floor":1.0,"turns":3.0},{"damage":0.0,"enemies":"Jaw Worm","floor":2.0,"turns":5.0},{"damage":0.0,"enemies":"Small Slimes","floor":3.0,"turns":3.0},{"damage":11.0,"enemies":"Gremlin Nob","floor":6.0,"turns":3.0},{"damage":13.0,"enemies":"Exordium Thugs","floor":7.0,"turns":5.0},{"damage":7.0,"enemies":"Exordium Wildlife","floor":10.0,"turns":5.0},{"damage":0.0,"enemies":"Blue Slaver","floor":13.0,"turns":4.0},{"damage":0.0,"enemies":"Lagavulin","floor":14.0,"turns":5.0},{"damage":0.0,"enemies":"The Guardian","floor":16.0,"turns":8.0},{"damage":0.0,"enemies":"theJungle:MUSHROOMGANG","floor":18.0,"turns":4.0},{"damage":0,"enemies":"theJungle:MamaSnecko","floor":24,"turns":6},{"damage":0,"enemies":"theJungle:5_Spyders","floor":28,"turns":7},{"damage":0,"enemies":"theJungle:Cassacara","floor":29,"turns":5},{"damage":0,"enemies":"theJungle:Lyon","floor":31,"turns":4},{"damage":0,"enemies":"theJungle:TotemBoss","floor":33,"turns":10},{"damage":0,"enemies":"Orb Walker","floor":35,"turns":3},{"damage":0,"enemies":"3 Shapes","floor":37,"turns":5},{"damage":17,"enemies":"2 Orb Walkers","floor":38,"turns":8},{"damage":0,"enemies":"Jaw Worm Horde","floor":39,"turns":5},{"damage":0,"enemies":"Maw","floor":41,"turns":6},{"damage":21,"enemies":"Reptomancer","floor":45,"turns":7},{"damage":0,"enemies":"3 Darklings","floor":47,"turns":3},{"damage":0,"enemies":"Donu and Deca","floor":50,"turns":9},{"damage":0,"enemies":"Shield and Spear","floor":54,"turns":6},{"damage":29,"enemies":"The Heart","floor":55,"turns":12}],"seed_played":"7539867139717698460","potions_obtained":[{"floor":1.0,"key":"champ:CounterPotion"},{"floor":7.0,"key":"FairyPotion"},{"floor":14.0,"key":"Ancient Potion"},{"floor":16.0,"key":"champ:CounterPotion"}],"is_trial":false,"path_per_floor":["M","M","M","?","?","E","M","$","T","M","T","R","M","E","R","B",null,"M","?","?","$","?","R","E","R","T","$","M","E","?","M","R","B",null,"M","?","M","?","M","R","M","R","T","$","E","R","M","?","R","B",null,"R","$","E","B",null],"character_chosen":"WATCHER","items_purchased":["SandsOfTime","LikeWater","Melange","HornCleat","Protect","Ancient Tea Set","Adaptation"],"campfire_rested":1,"item_purchase_floors":[0,0,8,21,27,44,53],"current_hp_per_floor":[30,30,30,30,30,19,6,6,6,20,20,20,32,44,44,44,62,62,57,57,57,66,66,66,66,66,66,66,66,66,66,66,66,68,68,59,59,42,42,42,42,42,42,42,33,68,68,68,68,68,68,68,68,68,39],"gold":50,"neow_bonus":"","is_daily":false,"chose_seed":false,"campfire_upgraded":8,"win_rate":0.0,"timestamp":1614275781,"path_taken":["M","?","M","?","?","E","?","$","T","M","?","R","M","E","R","BOSS","M","?","?","$","?","R","E","R","T","$","M","E","?","M","R","BOSS","M","?","M","?","M","R","M","R","T","$","E","R","M","?","R","BOSS","R","$","E","BOSS"],"items_purchased_type":["Card","Card","Relic","Relic","Card","Relic","Card"],"build_version":"2020-12-22","purchased_purges":3,"victory":true,"max_hp_per_floor":[68,68,68,68,68,68,68,68,68,68,68,68,68,68,68,68,68,68,68,68,68,68,68,68,68,68,68,68,68,68,68,68,68,68,68,68,68,68,68,68,68,68,68,68,68,68,68,68,68,68,68,68,68,68,68],"relic_stats":{"Sozu":6,"Regal Pillow":15,"counters":[32,171],"Mummified Hand":[74],"Blue Candle":[0],"Melange":[81],"Yang":[171],"CloakClasp":[559],"Question Card":17,"obtain_stats":[{"Regal Pillow":45,"Blue Candle":19,"Melange":8,"Oddly Smooth Stone":24,"Yang":6,"champ:DeflectingBracers":0,"Hammer of Thor":0,"CloakClasp":0,"theJungle:SpiritDisease":30,"Seething Fire":0,"Question Card":14,"Ancient Tea Set":44,"Sozu":17,"CaptainsWheel":29,"HornCleat":21,"Shuriken":11,"Anvil of the Gods":0,"Mummified Hand":9,"HolyWater":34,"Bottled Lightning":54,"PureWater":0,"TungstenRod":38,"Meat on the Bone":11},{"Regal Pillow":28,"Blue Candle":17,"Melange":12,"Oddly Smooth Stone":18,"Yang":11,"champ:DeflectingBracers":7,"Hammer of Thor":0,"CloakClasp":7,"theJungle:SpiritDisease":20,"Seething Fire":0,"Question Card":15,"Ancient Tea Set":27,"Sozu":16,"CaptainsWheel":20,"HornCleat":17,"Shuriken":4,"Anvil of the Gods":0,"Mummified Hand":12,"HolyWater":22,"Bottled Lightning":31,"PureWater":0,"TungstenRod":25,"Meat on the Bone":13},{"Regal Pillow":141,"Blue Candle":75,"Melange":49,"Oddly Smooth Stone":81,"Yang":44,"champ:DeflectingBracers":30,"Hammer of Thor":0,"CloakClasp":30,"theJungle:SpiritDisease":93,"Seething Fire":0,"Question Card":63,"Ancient Tea Set":134,"Sozu":71,"CaptainsWheel":93,"HornCleat":75,"Shuriken":14,"Anvil of the Gods":0,"Mummified Hand":49,"HolyWater":107,"Bottled Lightning":159,"PureWater":0,"TungstenRod":123,"Meat on the Bone":54}],"TungstenRod":8,"Meat on the Bone":36},"card_choices":[{"not_picked":["Prostrate","EmptyFist"],"picked":"MentalFortress","floor":1.0},{"not_picked":["BowlingBash","Halt"],"picked":"Tantrum","floor":2.0},{"not_picked":["CarveReality","WheelKick"],"picked":"Consecrate","floor":3.0},{"not_picked":["EmptyFist","FollowUp"],"picked":"SpiritShield","floor":6.0},{"not_picked":["ReachHeaven","JustLucky"],"picked":"Protect","floor":7.0},{"not_picked":["EmptyBody","BowlingBash"],"picked":"Halt","floor":10.0},{"not_picked":["Crescendo","Prostrate"],"picked":"WindmillStrike","floor":13.0},{"not_picked":["BattleHymn","Wallop"],"picked":"Meditate","floor":14.0},{"not_picked":["DevaForm","Devotion","Alpha"],"picked":"SpiritShield","floor":16.0},{"not_picked":["SashWhip","PathToVictory","Pray"],"picked":"ClearTheMind","floor":18.0},{"not_picked":["Forethought","Jack Of All Trades","Metamorphosis"],"picked":"Violence","floor":20.0},{"not_picked":["Mind Blast","Forethought","HandOfGreed"],"picked":"Master of Strategy","floor":20.0},{"not_picked":["SashWhip","JustLucky","Ragnarok","CrushJoints"],"picked":"SKIP","floor":24},{"not_picked":["FollowUp","SashWhip","CrushJoints","Brilliance"],"picked":"SKIP","floor":28},{"not_picked":["CutThroughFate","Protect","Evaluate"],"picked":"Sanctity","floor":29},{"not_picked":["Crescendo","BowlingBash","CarveReality"],"picked":"TalkToTheHand","floor":31},{"not_picked":["Blasphemy","Brilliance","Ragnarok"],"picked":"SpiritShield","floor":33},{"not_picked":["SandsOfTime+1","SashWhip","Prostrate","Evaluate"],"picked":"SKIP","floor":35},{"not_picked":["Wallop","Nirvana","FlyingSleeves"],"picked":"LikeWater","floor":37},{"not_picked":["ClearTheMind","FearNoEvil","Crescendo","SignatureMove"],"picked":"SKIP","floor":39},{"not_picked":["Protect","Omniscience","PathToVictory","EmptyBody+1"],"picked":"SKIP","floor":41},{"not_picked":["CarveReality","ForeignInfluence+1","BowlingBash"],"picked":"JustLucky+1","floor":45},{"not_picked":["WindmillStrike","EmptyFist+1","Study","FlurryOfBlows"],"picked":"SKIP","floor":47},{"not_picked":["ThirdEye","SashWhip+1","FlyingSleeves","FlurryOfBlows"],"picked":"SKIP","floor":54}],"player_experience":1166346,"relics_obtained":[{"floor":6.0,"key":"Yang"},{"floor":9.0,"key":"Mummified Hand"},{"floor":11.0,"key":"Meat on the Bone"},{"floor":14.0,"key":"Question Card"},{"floor":24,"key":"Oddly Smooth Stone"},{"floor":29,"key":"CaptainsWheel"},{"floor":38,"key":"TungstenRod"},{"floor":45,"key":"Regal Pillow"},{"floor":54,"key":"Bottled Lightning"}],"event_choices":[{"cards_removed":["Strike_P"],"damage_healed":0.0,"max_hp_gain":0.0,"max_hp_loss":0.0,"gold_gain":0.0,"event_name":"Living Wall","player_choice":"Forget","floor":4.0,"gold_loss":0.0,"damage_taken":0.0},{"damage_healed":30.0,"max_hp_gain":0.0,"max_hp_loss":68.0,"gold_gain":0.0,"event_name":"betterThird:BetterShining","player_choice":"Embrace","floor":5.0,"gold_loss":0.0,"damage_taken":0.0},{"damage_healed":0.0,"max_hp_gain":0.0,"max_hp_loss":0.0,"gold_gain":2.0,"event_name":"betterStone:BetterStone","player_choice":"1","floor":20.0,"gold_loss":0.0,"damage_taken":0.0},{"damage_healed":0,"gold_gain":0,"player_choice":"Embrace Madness","damage_taken":9,"max_hp_gain":0,"max_hp_loss":0,"event_name":"Winding Halls","floor":36,"gold_loss":0,"cards_obtained":["Madness","Madness"]},{"damage_healed":0,"gold_gain":0,"player_choice":"Fight","damage_taken":0,"max_hp_gain":0,"max_hp_loss":0,"event_name":"Mysterious Sphere","floor":38,"gold_loss":0},{"cards_removed":["Defend_P"],"damage_healed":0,"gold_gain":0,"player_choice":"Offered Basic","damage_taken":0,"max_hp_gain":0,"max_hp_loss":0,"event_name":"Bonfire Elementals","floor":48,"gold_loss":0}],"is_beta":false,"boss_relics":[{"not_picked":["Snecko Eye","Coffee Dripper"],"picked":"Sozu"},{"not_picked":["Tiny House","expansioncontent:StudyCardRelic"],"picked":"HolyWater"}],"items_purged_floors":[0,0,44],"is_endless":false,"potions_floor_spawned":[1,7,14,16,18,24,33,35,37,47],"ascension_level":14}}