{"host":"mawiva5p4keh3hg5","time":1614270536,"event":{"mods":["BaseMod","BetterRewards","Colored Map","Downfall","Hubris","Marisa????????","Minty Spire (QoL Compilation)","READ ME - Guardian Mod","Replay The Spire","StSLib","The Animator","The Cursed","The Disciple","The Necromancer","The Servant 0.9.4"],"gold_per_floor":[134,134,149,224,224,224,254,33,108,108,133,148,178,193,193,293,293,333,348,348,348,348,348,403,3,3,18,58,98,138,153,153,253,253,268,268,268,308,8,8,72,33,83,123,123,162,211,235,244,244,244],"floor_reached":50,"language":"DEU","playtime":15912,"items_purged":[],"score":707,"play_id":"cdec1e5d-e9fc-41c6-b5fe-0aca90d6029a","local_time":"20210225172856","daily_mods":["Allstar","Purple Cards","Terminal"],"is_ascension_mode":false,"campfire_choices":[{"data":"Enlightenment","floor":6.0,"key":"SMITH"},{"data":"HandOfGreed","floor":10.0,"key":"SMITH"},{"data":"Replay:Sssssssssshield","floor":15.0,"key":"SMITH"},{"data":"ReplayTheSpireMod:Brewmster","floor":23.0,"key":"SMITH"},{"data":"ReplayTheSpireMod:Muscle Training","floor":32.0,"key":"SMITH"},{"data":"Anger","floor":40.0,"key":"SMITH"}],"circlet_count":0,"master_deck":["Strike_R+1","Defend_R","Defend_R+1","Defend_R+1","Bash+1","Dark Shackles+1","Enlightenment+1","Replay:Sssssssssshield+1","HandOfGreed+1","ReplayTheSpireMod:Brewmster+1","Anger+1","Cleave","Pommel Strike","Perseverance","Shrug It Off","Inflame","Run Through","Impervious+1","Massacre+1","ReplayTheSpireMod:LeadingStrike+1","SashWhip+1","Perfected Strike+1","Flex","ReplayTheSpireMod:Muscle Training+1","Warcry+1","Havoc+1","Flex+1","Consecrate","True Grit+1","Judgement+1","Havoc+1","Madness+1","Madness+1","hubris:NaturalOne","WheelKick+1","Prostrate+1","Replay:DivineShield+1","Evaluate+1","Flex+1","Rage+1"],"relics":["Burning Blood","Champion Belt","Replay:WaspNest","champ:Barbells","Mirror","Pet Ghost","Regal Pillow","Astrolabe","hubris:Icosahedron","FossilizedHelix","Guardian:BottledAnomaly","Toxic Egg 2","hubris:TenFootPole","hubris:VirtuousBlindfold","bronze:DecasWashers","CeramicFish","Toy Ornithopter","Sundial"],"acts_visited":["Exordium","TheCity","TheBeyond"],"potions_floor_usage":[48,48,48,48,48,50,50,50,50,50,50,50,50,50,50],"damage_taken":[{"damage":0.0,"enemies":"Cultist","floor":1.0,"turns":7.0},{"damage":0.0,"enemies":"Jaw Worm","floor":3.0,"turns":3.0},{"damage":3.0,"enemies":"Lagavulin","floor":7.0,"turns":5.0},{"damage":1.0,"enemies":"2 Louse","floor":12.0,"turns":3.0},{"damage":9.0,"enemies":"Gremlin Nob","floor":13.0,"turns":4.0},{"damage":2.0,"enemies":"Blue Slaver","floor":14.0,"turns":4.0},{"damage":8.0,"enemies":"Hexaghost","floor":16.0,"turns":9.0},{"damage":15.0,"enemies":"Spheric Guardian","floor":18.0,"turns":4.0},{"damage":7.0,"enemies":"2 Thieves","floor":19.0,"turns":5.0},{"damage":7.0,"enemies":"Book of Stabbing","floor":24.0,"turns":7.0},{"damage":0.0,"enemies":"Snecko","floor":27.0,"turns":7.0},{"damage":0.0,"enemies":"Centurion and Healer","floor":28.0,"turns":4.0},{"damage":0.0,"enemies":"Snake Plant","floor":29.0,"turns":3.0},{"damage":1.0,"enemies":"Cultist and Chosen","floor":30.0,"turns":4.0},{"damage":0.0,"enemies":"3 Cultists","floor":31.0,"turns":5.0},{"damage":21.0,"enemies":"hubris:MusketHawk","floor":33.0,"turns":9.0},{"damage":2.0,"enemies":"3 Darklings","floor":35.0,"turns":3.0},{"damage":3.0,"enemies":"3 Shapes","floor":38.0,"turns":2.0},{"damage":4.0,"enemies":"Nemesis","floor":41.0,"turns":7.0},{"damage":8.0,"enemies":"Jaw Worm Horde","floor":44.0,"turns":4.0},{"damage":0.0,"enemies":"Giant Head","floor":46.0,"turns":9.0},{"damage":7.0,"enemies":"4 Shapes","floor":47.0,"turns":5.0},{"damage":0,"enemies":"Maw","floor":48,"turns":7},{"damage":44,"enemies":"hubris:GrandSnecko","floor":50,"turns":11}],"seed_played":"1986488565424594500","potions_obtained":[{"floor":12.0,"key":"SpeedPotion"},{"floor":13.0,"key":"PowerPotion"},{"floor":14.0,"key":"Ancient Potion"},{"floor":24.0,"key":"Venom Potion"},{"floor":27.0,"key":"FearPotion"},{"floor":30.0,"key":"LifebloodPotion"},{"floor":31.0,"key":"Doom Potion"},{"floor":41.0,"key":"PowerPotion"},{"floor":44.0,"key":"DistilledChaos"},{"floor":46.0,"key":"EssenceOfSteel"},{"floor":48,"key":"champ:CounterPotion"}],"is_trial":false,"path_per_floor":["M","$","M","?","?","R","E","$","T","R","T","M","E","M","R","B",null,"M","M","?","?","?","R","E","$","T","M","M","M","M","M","R","B",null,"M","?","?","M","$","R","E","$","T","M","?","E","M","M","R_BF","B"],"character_chosen":"IRONCLAD","items_purchased":["champ:Barbells","Perseverance","Guardian:BottledAnomaly","Toxic Egg 2","bronze:DecasWashers","Block Potion","Prostrate+1"],"campfire_rested":0,"item_purchase_floors":[8,8,25,25,39,39,42],"current_hp_per_floor":[78,77,76,65,65,65,72,71,70,69,68,67,64,65,64,62,62,53,52,52,52,52,52,51,51,51,52,51,50,49,48,47,32,45,44,41,41,41,40,39,38,37,36,34,34,33,32,31,30,0,0],"gold":244,"neow_bonus":"","is_daily":true,"chose_seed":false,"campfire_upgraded":6,"win_rate":0.0,"timestamp":1614270536,"path_taken":["M","?","?","?","?","R","E","?","T","R","?","M","E","M","R","BOSS","M","M","?","?","?","R","E","$","T","M","M","M","?","M","R","BOSS","M","?","?","?","$","R","E","?","T","M","?","E","?","M","R_BF","BOSS"],"items_purchased_type":["Relic","Card","Relic","Relic","Relic","Potion","Card"],"build_version":"2020-12-22","purchased_purges":0,"victory":false,"max_hp_per_floor":[78,77,76,75,74,73,72,71,70,69,68,67,66,65,64,63,62,61,60,59,58,57,56,55,54,53,52,51,50,49,48,47,46,45,44,43,42,41,40,39,38,37,36,35,34,33,32,31,30,30,30],"card_choices":[{"not_picked":["JustLucky","hubris:CleavingFinish"],"picked":"Anger","floor":1.0},{"not_picked":["Tantrum","PathToVictory"],"picked":"Cleave","floor":3.0},{"not_picked":["FlyingSleeves","Clash"],"picked":"Pommel Strike","floor":7.0},{"not_picked":["PathToVictory","FollowUp"],"picked":"Shrug It Off","floor":12.0},{"not_picked":["Clothesline","DeceiveReality"],"picked":"Inflame","floor":13.0},{"not_picked":["Warcry","Replay:AtTheReady"],"picked":"Run Through","floor":14.0},{"not_picked":["Establishment","Omniscience"],"picked":"Impervious","floor":16.0},{"not_picked":["Heavy Blade","Fasting2"],"picked":"Perfected Strike+1","floor":18.0},{"not_picked":["Indignation","Iron Wave"],"picked":"Flex","floor":19.0},{"not_picked":["ThirdEye","Weave"],"picked":"ReplayTheSpireMod:Muscle Training","floor":24.0},{"not_picked":["CrushJoints","WheelKick"],"picked":"Warcry+1","floor":27.0},{"not_picked":["Cleave","WindmillStrike"],"picked":"Havoc+1","floor":28.0},{"not_picked":["Run Through","Sword Boomerang"],"picked":"Flex+1","floor":29.0},{"not_picked":["Run Through","Dropkick"],"picked":"Consecrate","floor":30.0},{"not_picked":["Sword Boomerang","Consecrate+1"],"picked":"True Grit+1","floor":31.0},{"not_picked":["MasterReality","Hemogenesis"],"picked":"Judgement+1","floor":33.0},{"not_picked":["Twin Strike+1","CrushJoints+1"],"picked":"Havoc+1","floor":35.0},{"not_picked":["Tantrum+1","JustLucky","Halt+1"],"picked":"SKIP","floor":38.0},{"not_picked":["Halt+1","Searing Blow"],"picked":"WheelKick+1","floor":41.0},{"not_picked":["EmptyFist+1","ConjureBlade+1","Pommel Strike"],"picked":"SKIP","floor":44.0},{"not_picked":["Replay:LoomingThreat","Evaluate+1"],"picked":"Replay:DivineShield+1","floor":46.0},{"not_picked":["FollowUp","Iron Wave+1"],"picked":"Evaluate+1","floor":47},{"not_picked":["hubris:SharpeningStone+1","EmptyBody+1"],"picked":"Flex+1","floor":48}],"player_experience":400595,"relics_obtained":[{"floor":7.0,"key":"Replay:WaspNest"},{"floor":9.0,"key":"Mirror"},{"floor":11.0,"key":"Pet Ghost"},{"floor":13.0,"key":"Regal Pillow"},{"floor":24.0,"key":"FossilizedHelix"},{"floor":26.0,"key":"hubris:TenFootPole"},{"floor":41.0,"key":"CeramicFish"},{"floor":43.0,"key":"Toy Ornithopter"},{"floor":46.0,"key":"Sundial"}],"event_choices":[{"damage_healed":0.0,"max_hp_gain":0.0,"max_hp_loss":0.0,"gold_gain":75.0,"event_name":"World of Goop","player_choice":"Gather Gold","floor":4.0,"gold_loss":0.0,"damage_taken":11.0},{"damage_healed":0.0,"max_hp_gain":0.0,"max_hp_loss":0.0,"gold_gain":0.0,"event_name":"Big Fish","player_choice":"Box","floor":5.0,"gold_loss":0.0,"damage_taken":0.0,"relics_obtained":["Champion Belt"],"cards_obtained":["Regret"]},{"damage_healed":0.0,"max_hp_gain":0.0,"max_hp_loss":0.0,"gold_gain":0.0,"event_name":"Ghosts","player_choice":"Ignored","floor":20.0,"gold_loss":0.0,"damage_taken":0.0},{"cards_removed":["Regret"],"damage_healed":0.0,"max_hp_gain":0.0,"max_hp_loss":0.0,"gold_gain":0.0,"event_name":"Purifier","player_choice":"Purged","floor":22.0,"gold_loss":0.0,"damage_taken":0.0},{"damage_healed":0.0,"max_hp_gain":0.0,"max_hp_loss":0.0,"gold_gain":0.0,"event_name":"Winding Halls","player_choice":"Embrace Madness","floor":36.0,"gold_loss":0.0,"damage_taken":6.0,"cards_obtained":["Madness","Madness"]},{"cards_removed":["Strike_R"],"damage_healed":0.0,"max_hp_gain":0.0,"max_hp_loss":0.0,"gold_gain":0.0,"event_name":"Bonfire Elementals","player_choice":"Offered Basic","floor":37.0,"gold_loss":0.0,"damage_taken":0.0},{"damage_healed":0.0,"max_hp_gain":0.0,"max_hp_loss":0.0,"gold_gain":0.0,"event_name":"Lab","player_choice":"Got Potions","floor":45.0,"gold_loss":0.0,"damage_taken":0.0}],"is_beta":false,"boss_relics":[{"not_picked":["Runic Cube","Snecko Eye"],"picked":"Astrolabe"},{"not_picked":["SacredBark","Pandora\u0027s Box"],"picked":"hubris:VirtuousBlindfold"}],"items_purged_floors":[],"is_endless":false,"potions_floor_spawned":[12,13,14,24,27,30,31,41,44,46,48],"killed_by":"hubris:GrandSnecko","ascension_level":0}}