{"host":"43wsnxh97mgjl5zw","time":1614275940,"event":{"mods":["Aspiration","BaseMod","Colored Map","Colored Powertips","Conspire","Downfall","Halation","Hubris","Minty Spire (QoL Compilation)","Quick Restart","Rare Cards Sparkle","Relic Sorter","Reliquary","Replay The Spire","StSLib"],"gold_per_floor":[117,190,17,31,6,37,37,70,123,123,123,154,154,172,172,250,250,261,261,261,311,46,64,64,64],"floor_reached":24,"language":"ENG","playtime":842,"items_purged":[],"score":470,"play_id":"b23b94d6-cf8d-484c-8fd6-6bd6b39830df","local_time":"20210225195900","is_ascension_mode":true,"campfire_choices":[{"floor":11.0,"key":"REST"},{"data":"ReplayTheSpireMod:Necrosis","floor":13.0,"key":"SMITH"},{"data":"Draining Mist","floor":15.0,"key":"SMITH"}],"circlet_count":0,"master_deck":["AscendersBane","Strike_G+1","Strike_G+1","Strike_G+1","Strike_G+1","Strike_G+1","Defend_G+1","Defend_G+1","Defend_G+1","Defend_G+1","Defend_G+1","Survivor","Neutralize+1","Poisoned Stab","Noxious Fumes","Dash","Draining Mist+1","Footwork","Deadly Poison","Bullet Time","PiercingWail","ReplayTheSpireMod:Necrosis+1","Leg Sweep","Corpse Explosion","Backflip","ReplayTheSpireMod:Exploit Weakness","Dodge and Roll"],"relics":["Ring of the Snake","NeowsBlessing","reliquary:ExpiredCoupon","Whetstone","reliquary:Aerogel","halation:PrussianBluePaint","Regal Pillow","Blue Candle","halation:PinkAlligatorPlush","Mercury Hourglass"],"acts_visited":["Exordium","TheCity"],"potions_floor_usage":[24,24],"damage_taken":[{"damage":0.0,"enemies":"Jaw Worm","floor":1.0,"turns":1.0},{"damage":0.0,"enemies":"conspire:RoseBush","floor":4.0,"turns":1.0},{"damage":0.0,"enemies":"Lagavulin","floor":6.0,"turns":1.0},{"damage":26.0,"enemies":"Gremlin Nob","floor":8.0,"turns":4.0},{"damage":26.0,"enemies":"3 Sentries","floor":12.0,"turns":8.0},{"damage":2.0,"enemies":"Small Slimes","floor":14.0,"turns":4.0},{"damage":5.0,"enemies":"Hexaghost","floor":16.0,"turns":12.0},{"damage":43.0,"enemies":"Shell Parasite","floor":18.0,"turns":7.0},{"damage":16.0,"enemies":"conspire:FuzzyDice","floor":23.0,"turns":1.0},{"damage":46,"enemies":"Gremlin Leader","floor":24,"turns":8}],"seed_played":"2716729405954911898","potions_obtained":[{"floor":8.0,"key":"Block Potion"},{"floor":12.0,"key":"PowerPotion"},{"floor":16.0,"key":"Guardian:BlockOnCardUsePotion"}],"is_trial":false,"path_per_floor":["M","?","$","M","$","E","?","E","T","?","R","E","R","M","R","B",null,"M","?","?","?","$","M","E"],"character_chosen":"THE_SILENT","items_purchased":["reliquary:ExpiredCoupon","Deadly Poison","Mercury Hourglass"],"campfire_rested":1,"item_purchase_floors":[3,5,22],"current_hp_per_floor":[59,38,38,38,38,38,33,7,7,7,41,15,15,13,13,8,52,9,9,9,9,9,66,20,20],"gold":64,"neow_bonus":"THREE_ENEMY_KILL","is_daily":false,"chose_seed":false,"campfire_upgraded":2,"win_rate":0.0,"timestamp":1614275940,"path_taken":["M","?","?","M","$","E","?","E","T","?","R","E","R","M","R","BOSS","M","?","?","?","$","M","E"],"items_purchased_type":["Relic","Card","Relic"],"build_version":"2020-12-22","purchased_purges":0,"victory":false,"max_hp_per_floor":[66,66,66,66,66,66,66,66,66,66,66,66,66,66,66,66,66,66,66,66,66,66,66,66,66],"card_choices":[{"not_picked":["Bane","Deadly Poison"],"picked":"Poisoned Stab","floor":1.0},{"not_picked":["hubris:Sniper","Outmaneuver"],"picked":"Noxious Fumes","floor":2.0},{"not_picked":["ReplayTheSpireMod:Speed Training","Concentrate"],"picked":"Dash","floor":2.0},{"not_picked":["Acrobatics","Prepared"],"picked":"Draining Mist","floor":2.0},{"not_picked":["Predator","Bane"],"picked":"Footwork","floor":4.0},{"not_picked":["Blade Dance","ReplayTheSpireMod:The Works"],"picked":"Bullet Time","floor":6.0},{"not_picked":["Skewer","Draining Mist"],"picked":"PiercingWail","floor":8.0},{"not_picked":["Dagger Throw","Bane"],"picked":"ReplayTheSpireMod:Necrosis","floor":12.0},{"not_picked":["Slice","hubris:SlightOfHand"],"picked":"Leg Sweep","floor":14.0},{"not_picked":["Burst","Phantasmal Killer"],"picked":"Corpse Explosion","floor":16.0},{"not_picked":["Slice","Blade Dance"],"picked":"Backflip","floor":18.0},{"not_picked":["hubris:SlightOfHand","Outmaneuver"],"picked":"Dodge and Roll","floor":23.0}],"player_experience":1294549,"relics_obtained":[{"floor":6.0,"key":"Whetstone"},{"floor":8.0,"key":"halation:PrussianBluePaint"},{"floor":9.0,"key":"Regal Pillow"},{"floor":12.0,"key":"Blue Candle"}],"event_choices":[{"damage_healed":0.0,"max_hp_gain":0.0,"max_hp_loss":0.0,"gold_gain":0.0,"event_name":"Scrap Ooze","player_choice":"Success","floor":7.0,"gold_loss":0.0,"damage_taken":5.0,"relics_obtained":["reliquary:Aerogel"]},{"damage_healed":0.0,"max_hp_gain":0.0,"max_hp_loss":0.0,"gold_gain":0.0,"event_name":"Back to Basics","player_choice":"Simplicity","floor":19.0,"gold_loss":0.0,"damage_taken":0.0,"cards_upgraded":["Strike_G","Strike_G","Strike_G","Strike_G","Defend_G","Defend_G","Defend_G","Defend_G","Defend_G"]},{"damage_healed":0.0,"max_hp_gain":0.0,"max_hp_loss":0.0,"gold_gain":0.0,"event_name":"The Library","player_choice":"Read","floor":20.0,"gold_loss":0.0,"damage_taken":0.0,"cards_obtained":["ReplayTheSpireMod:Exploit Weakness"]},{"damage_healed":0.0,"max_hp_gain":0.0,"max_hp_loss":0.0,"gold_gain":50.0,"event_name":"Nest","player_choice":"Stole From Cult","floor":21.0,"gold_loss":0.0,"damage_taken":0.0}],"is_beta":false,"boss_relics":[{"not_picked":["hubris:HollowSoul","Honey Jar"],"picked":"halation:PinkAlligatorPlush"}],"items_purged_floors":[],"is_endless":false,"potions_floor_spawned":[8,12,14,16,23],"killed_by":"Gremlin Leader","ascension_level":20}}