{"host":"i45hfqkcke4zequp","time":1614256613,"event":{"mods":["AchievementEnabler","BaseMod","BetterRewards","Minty Spire (QoL Compilation)","Permanent Neow","Shop Mod","SuperFastMode"],"gold_per_floor":[118,118,193,193,205,240,240,252,252,252,286,306,40,51,51,152,152,165,180,100,199,199,227,21,40,65,65,90,90,107,122,122,122,122],"floor_reached":33,"language":"KOR","playtime":1431,"items_purged":[],"score":473,"play_id":"85f8836f-fa64-4f13-ba41-58da4d6ebcb8","local_time":"20210225213653","is_ascension_mode":true,"campfire_choices":[{"data":"Eruption","floor":7.0,"key":"SMITH"},{"floor":10.0,"key":"REST"},{"floor":15.0,"key":"REST"},{"floor":27.0,"key":"REST"},{"floor":29.0,"key":"REST"},{"floor":32.0,"key":"REST"}],"circlet_count":0,"master_deck":["Eruption+1","Consecrate","ReachHeaven","Study","DeusExMachina","Eruption+1","EmptyFist","Impatience","CutThroughFate","BowlingBash","FlurryOfBlows","FlurryOfBlows","Consecrate","Crescendo","DeceiveReality","Wish","Brilliance","Pray","ConjureBlade","Adaptation","Tantrum","Scrawl","FearNoEvil","Prostrate","WreathOfFlame","FlurryOfBlows","BattleHymn","EmptyFist","FlurryOfBlows","CrushJoints","Wallop","FollowUp+1","DeceiveReality"],"relics":["PureWater","Torii","Lee\u0027s Waffle","Du-Vu Doll","Turnip","White Beast Statue","TungstenRod","Ornamental Fan","Pandora\u0027s Box","Unceasing Top","Bronze Scales","Juzu Bracelet","Boot"],"acts_visited":["Exordium","TheCity"],"potions_floor_usage":[],"damage_taken":[{"damage":0.0,"enemies":"Small Slimes","floor":1.0,"turns":2.0},{"damage":16.0,"enemies":"Jaw Worm","floor":5.0,"turns":3.0},{"damage":11.0,"enemies":"3 Sentries","floor":6.0,"turns":4.0},{"damage":0.0,"enemies":"Cultist","floor":8.0,"turns":2.0},{"damage":16.0,"enemies":"Gremlin Nob","floor":11.0,"turns":3.0},{"damage":0.0,"enemies":"3 Louse","floor":12.0,"turns":2.0},{"damage":0.0,"enemies":"Gremlin Gang","floor":14.0,"turns":3.0},{"damage":25.0,"enemies":"Hexaghost","floor":16.0,"turns":6.0},{"damage":0.0,"enemies":"3 Byrds","floor":18.0,"turns":3.0},{"damage":5.0,"enemies":"Shell Parasite","floor":19.0,"turns":2.0},{"damage":46.0,"enemies":"Slavers","floor":23.0,"turns":4.0},{"damage":0.0,"enemies":"Sentry and Sphere","floor":25.0,"turns":2.0},{"damage":0.0,"enemies":"Book of Stabbing","floor":28.0,"turns":1.0},{"damage":21.0,"enemies":"Shelled Parasite and Fungi","floor":30.0,"turns":3.0},{"damage":5.0,"enemies":"3 Cultists","floor":31.0,"turns":4.0},{"damage":0,"enemies":"Automaton","floor":33,"turns":1}],"seed_played":"4455320394225355551","potions_obtained":[{"floor":6.0,"key":"AttackPotion"},{"floor":11.0,"key":"Energy Potion"},{"floor":12.0,"key":"StancePotion"},{"floor":14.0,"key":"Fire Potion"},{"floor":16.0,"key":"Energy Potion"},{"floor":19.0,"key":"LiquidMemories"},{"floor":23.0,"key":"ColorlessPotion"},{"floor":25.0,"key":"Strength Potion"},{"floor":28.0,"key":"Swift Potion"},{"floor":30.0,"key":"AttackPotion"},{"floor":31.0,"key":"SteroidPotion"}],"is_trial":false,"path_per_floor":["M","?","?","?","M","E","R","M","T","R","E","M","$","M","R","B",null,"M","M","$","?","?","E","$","M","T","R","E","R","M","M","R","B"],"character_chosen":"WATCHER","items_purchased":["Lee\u0027s Waffle","Crescendo","Ornamental Fan","BattleHymn","Bronze Scales","FlurryOfBlows"],"campfire_rested":5,"item_purchase_floors":[0,13,13,20,24,24],"current_hp_per_floor":[79,79,68,68,52,41,41,41,41,64,48,48,48,48,71,46,71,71,66,66,66,66,20,20,20,20,43,43,66,45,40,63,63,63],"gold":122,"neow_bonus":"","is_daily":false,"chose_seed":false,"campfire_upgraded":1,"win_rate":0.0,"timestamp":1614256613,"path_taken":["M","?","?","?","M","E","R","M","T","R","E","M","$","M","R","BOSS","M","M","$","?","?","E","$","M","T","R","E","R","M","M","R","BOSS"],"items_purchased_type":["Relic","Card","Relic","Card","Relic","Card"],"build_version":"2020-12-22","purchased_purges":0,"victory":false,"max_hp_per_floor":[79,79,79,79,79,79,79,79,79,79,79,79,79,79,79,79,79,79,79,79,79,79,79,79,79,79,79,79,79,79,79,79,79,79],"card_choices":[{"not_picked":["ThirdEye","Prostrate"],"picked":"ReachHeaven","floor":1.0},{"not_picked":["ClearTheMind","Evaluate"],"picked":"CutThroughFate","floor":5.0},{"not_picked":["Meditate","Wireheading"],"picked":"BowlingBash","floor":6.0},{"not_picked":["Prostrate","EmptyFist"],"picked":"FlurryOfBlows","floor":8.0},{"not_picked":["BowlingBash","EmptyBody"],"picked":"FlurryOfBlows","floor":11.0},{"not_picked":["PathToVictory","FlyingSleeves"],"picked":"Consecrate","floor":12.0},{"not_picked":["Alpha","JustLucky"],"picked":"DeceiveReality","floor":14.0},{"not_picked":["Brilliance","Judgement"],"picked":"Wish","floor":16.0},{"not_picked":["FlyingSleeves","Wireheading"],"picked":"WreathOfFlame","floor":18.0},{"not_picked":["Prostrate","CutThroughFate"],"picked":"FlurryOfBlows","floor":19.0},{"not_picked":["Wireheading","WaveOfTheHand"],"picked":"EmptyFist","floor":23.0},{"not_picked":["ThirdEye","MasterReality"],"picked":"CrushJoints","floor":25.0},{"not_picked":["DeceiveReality+1","Perseverance"],"picked":"Wallop","floor":28.0},{"not_picked":["FlyingSleeves","Fasting2"],"picked":"FollowUp+1","floor":30.0},{"not_picked":["Meditate","Protect"],"picked":"DeceiveReality","floor":31.0}],"player_experience":603018,"relics_obtained":[{"floor":6.0,"key":"Turnip"},{"floor":9.0,"key":"White Beast Statue"},{"floor":11.0,"key":"TungstenRod"},{"floor":23.0,"key":"Unceasing Top"},{"floor":26.0,"key":"Juzu Bracelet"},{"floor":28.0,"key":"Boot"}],"event_choices":[{"damage_healed":0.0,"max_hp_gain":0.0,"max_hp_loss":0.0,"gold_gain":0.0,"event_name":"Living Wall","player_choice":"Grow","floor":2.0,"gold_loss":0.0,"damage_taken":0.0,"cards_upgraded":["Eruption"]},{"damage_healed":0.0,"max_hp_gain":0.0,"max_hp_loss":0.0,"gold_gain":75.0,"event_name":"World of Goop","player_choice":"Gather Gold","floor":3.0,"gold_loss":0.0,"damage_taken":11.0},{"damage_healed":0.0,"max_hp_gain":0.0,"max_hp_loss":0.0,"gold_gain":0.0,"event_name":"Match and Keep!","player_choice":"5 cards matched","floor":4.0,"gold_loss":0.0,"damage_taken":0.0,"cards_obtained":["Study","DeusExMachina","Eruption","EmptyFist","Impatience"]},{"damage_healed":0.0,"max_hp_gain":0.0,"max_hp_loss":0.0,"gold_gain":99.0,"event_name":"Nest","player_choice":"Stole From Cult","floor":21.0,"gold_loss":0.0,"damage_taken":0.0},{"damage_healed":0.0,"max_hp_gain":0.0,"max_hp_loss":0.0,"gold_gain":0.0,"event_name":"N\u0027loth","player_choice":"Ignored","floor":22.0,"gold_loss":0.0,"damage_taken":0.0}],"is_beta":false,"boss_relics":[{"not_picked":["Runic Dome","Empty Cage"],"picked":"Pandora\u0027s Box"}],"items_purged_floors":[],"is_endless":false,"potions_floor_spawned":[6,11,12,14,16,18,19,23,25,28,30,31],"killed_by":"Automaton","ascension_level":8}}