{"host":"Cenci","time":1614273281,"event":{"mods":["BaseMod","Bestiary","Downfall","Highlight Path","Minty Spire (QoL Compilation)","StSLib"],"gold_per_floor":[99,114,15,15,31,31,31,31,56,41,59,91,91,101,119,119,119,119],"floor_reached":16,"language":"ENG","playtime":564,"items_purged":[],"score":149,"play_id":"ff39c830-e6fe-4275-be8d-2bb7412dce12","local_time":"20210225181441","is_ascension_mode":true,"campfire_choices":[{"data":"Guardian:ChargeUp","floor":1.0,"key":"SMITH"},{"floor":6.0,"key":"RECALL"},{"data":"Guardian:PrismaticBeam","floor":8.0,"key":"SMITH"},{"data":"Guardian:Orbwalk","floor":13.0,"key":"SMITH"}],"circlet_count":0,"master_deck":["Guardian:Strike_Guardian","Guardian:Strike_Guardian","Guardian:Strike_Guardian","Guardian:Strike_Guardian","Guardian:Defend_Guardian","Guardian:Defend_Guardian","Guardian:Defend_Guardian","Guardian:Defend_Guardian","Guardian:CurlUp","Guardian:TwinSlam","Guardian:ChargeUp+1","Guardian:Orbwalk+1","Guardian:PrismaticBeam+1","Guardian:Planning","Guardian:ChargeUp+1","Guardian:Orbwalk","downfall:Malfunctioning","Guardian:WalkerClaw","Guardian:DonusPower","Guardian:WalkerClaw","Guardian:Gem_Red"],"relics":["Guardian:ModeShifter","Eternal Feather","Vajra","Lantern"],"acts_visited":["Exordium"],"potions_floor_usage":[],"damage_taken":[{"damage":2.0,"enemies":"2 Louse","floor":2.0,"turns":4.0},{"damage":5.0,"enemies":"downfall:FleeingMerchant","floor":3.0,"turns":4.0},{"damage":2.0,"enemies":"Cultist","floor":5.0,"turns":5.0},{"damage":28.0,"enemies":"Gremlin Nob","floor":9.0,"turns":6.0},{"damage":0.0,"enemies":"downfall:FleeingMerchant","floor":10.0,"turns":4.0},{"damage":7.0,"enemies":"Small Slimes","floor":11.0,"turns":4.0},{"damage":4.0,"enemies":"Lagavulin","floor":12.0,"turns":6.0},{"damage":9.0,"enemies":"Exordium Thugs","floor":14.0,"turns":5.0},{"damage":17.0,"enemies":"Large Slime","floor":15.0,"turns":5.0},{"damage":0,"enemies":"IC_STATUS_ARCHETYPE","floor":16,"turns":1}],"seed_played":"-4422797693453383167","potions_obtained":[{"floor":9.0,"key":"AttackPotion"},{"floor":11.0,"key":"LiquidMemories"},{"floor":14.0,"key":"hexamod:SoulburnPotion"}],"is_trial":false,"path_per_floor":["R","M","$","?","M","R","T","R","E","$","M","E","R","M","M","B"],"character_chosen":"GUARDIAN","items_purchased":["Guardian:PrismaticBeam","Guardian:Planning"],"campfire_rested":0,"item_purchase_floors":[3,3],"current_hp_per_floor":[72,70,65,65,63,63,63,72,44,44,37,33,45,36,19,19,19,19],"gold":119,"neow_bonus":"THREE_CARDS","is_daily":false,"chose_seed":false,"campfire_upgraded":3,"win_rate":0.0,"timestamp":1614273281,"path_taken":["R","M","$","?","?","R","T","R","E","$","M","E","R","M","M","BOSS"],"items_purchased_type":["Card","Card"],"build_version":"2020-11-17","purchased_purges":0,"victory":false,"max_hp_per_floor":[80,80,80,80,80,80,80,80,80,80,80,80,80,80,80,80,80,80],"card_choices":[{"not_picked":["Guardian:VentSteam","Guardian:TemporalStrike"],"picked":"Guardian:ChargeUp","floor":0.0},{"not_picked":["Guardian:PrimingBeam","Guardian:Gem_Lightblue","Guardian:TemporalShield"],"picked":"SKIP","floor":2.0},{"not_picked":["Guardian:PrimingBeam","Guardian:Gem_Purple"],"picked":"Guardian:Orbwalk","floor":3.0},{"not_picked":["Guardian:ShieldSpikes","Guardian:WalkerClaw"],"picked":"Guardian:Gem_Cyan","floor":5.0},{"not_picked":["Guardian:BodySlam","Guardian:PrimingBeam"],"picked":"Guardian:WalkerClaw","floor":9.0},{"not_picked":["Guardian:Gem_Red","Guardian:Suspension"],"picked":"Guardian:DonusPower","floor":10.0},{"not_picked":["Guardian:ChargeCore","Guardian:Repulse"],"picked":"Guardian:WalkerClaw","floor":11.0},{"not_picked":["Guardian:Reroute","Guardian:Suspension","Guardian:Gem_Green"],"picked":"SKIP","floor":12.0},{"not_picked":["Guardian:VentSteam","Guardian:FastForward"],"picked":"Guardian:Gem_Red","floor":14.0},{"not_picked":["Guardian:PrimingBeam","Guardian:RollAttack","Guardian:CrystalBeam"],"picked":"SKIP","floor":15.0}],"player_experience":386856,"relics_obtained":[{"floor":7.0,"key":"Eternal Feather"},{"floor":9.0,"key":"Vajra"},{"floor":12.0,"key":"Lantern"}],"event_choices":[],"is_beta":true,"boss_relics":[],"items_purged_floors":[],"is_endless":false,"potions_floor_spawned":[9,11,14],"killed_by":"IC_STATUS_ARCHETYPE","ascension_level":7}}