{"host":"4so6zk3ni2nu7g2c","time":1614259951,"event":{"mods":["BaseMod","Downfall","Minty Spire (QoL Compilation)","Quick Restart","Replay The Spire","Shop Mod","StSLib"],"gold_per_floor":[99,99,549,549,35,35,35,45,86,86,113,113,141,154,170,170,170,170],"floor_reached":16,"language":"ZHS","playtime":601,"items_purged":["downfall:Icky"],"score":106,"play_id":"3628d3c7-10b2-403a-ae51-5bb591e79960","local_time":"20210225213231","is_ascension_mode":false,"campfire_choices":[{"data":"sneckomod:TailWhip","floor":1.0,"key":"SMITH"},{"data":"sneckomod:UnknownUncommonPower","floor":10,"key":"SMITH"},{"floor":12,"key":"RECALL"}],"circlet_count":0,"master_deck":["sneckomod:Strike","sneckomod:Strike","sneckomod:Strike","sneckomod:Defend","sneckomod:Defend","sneckomod:Defend","sneckomod:TailWhip+1","sneckomod:SnekBite","sneckomod:Unknown","sneckomod:Unknown","sneckomod:DiceCrush","downfall:Icky","downfall:Icky","sneckomod:WideSting","sneckomod:UnknownUncommonPower+1","sneckomod:Restock","sneckomod:SnakeSap","sneckomod:UnknownClassPURPLE","sneckomod:SnekBeam","sneckomod:UnknownUncommonAttack"],"relics":["sneckomod:SneckoSoul","downfall:HeartsMalice","White Beast Statue","Counterbalance","OrangePellets","Unceasing Top","sneckomod:ConfusingCodex","sneckomod:SneckoCommon","HornCleat"],"acts_visited":["Exordium"],"potions_floor_usage":[11,13,16,16,16],"damage_taken":[{"damage":0.0,"enemies":"2 Louse","floor":2.0,"turns":1.0},{"damage":0.0,"enemies":"downfall:FleeingMerchant","floor":5.0,"turns":1.0},{"damage":0.0,"enemies":"Jaw Worm","floor":6.0,"turns":1.0},{"damage":9.0,"enemies":"Cultist","floor":8.0,"turns":3.0},{"damage":21,"enemies":"Lagavulin","floor":11,"turns":7},{"damage":11,"enemies":"3 Sentries","floor":13,"turns":5},{"damage":8,"enemies":"Exordium Wildlife","floor":14,"turns":2},{"damage":13,"enemies":"Lots of Slimes","floor":15,"turns":5},{"damage":6,"enemies":"WA_ARCHETYPE_RETAIN","floor":16,"turns":4}],"seed_played":"-4799526302461000585","potions_obtained":[{"floor":5.0,"key":"Weak Potion"},{"floor":6.0,"key":"DistilledChaos"},{"floor":8.0,"key":"Elixir"},{"floor":11,"key":"BlessingOfTheForge"},{"floor":13,"key":"Toxic Potion"},{"floor":14,"key":"Fire Potion"},{"floor":15,"key":"Strength Potion"}],"is_trial":false,"path_per_floor":["R","M","?","T","$","M","T","M","?","R","E","R","E","M","M","B"],"character_chosen":"THE_SNECKO","items_purchased":["Counterbalance","OrangePellets"],"campfire_rested":0,"item_purchase_floors":[5,5],"current_hp_per_floor":[90,90,90,90,90,90,90,81,59,59,38,38,27,19,6,0,0,0],"gold":170,"neow_bonus":"THREE_ENEMY_KILL","is_daily":false,"chose_seed":false,"campfire_upgraded":2,"win_rate":0.0,"timestamp":1614259951,"path_taken":["R","M","?","?","?","?","T","?","?","R","E","R","E","?","M","BOSS"],"items_purchased_type":["Relic","Relic"],"build_version":"2020-12-22","purchased_purges":1,"victory":false,"max_hp_per_floor":[90,90,90,90,90,90,90,90,90,90,90,90,90,90,90,90,90,90],"card_choices":[{"not_picked":["sneckomod:QuickMove","sneckomod:UnendingSupply"],"picked":"sneckomod:DiceCrush","floor":2.0},{"not_picked":["sneckomod:UnknownExhaust","sneckomod:UnknownCommonSkill"],"picked":"sneckomod:WideSting","floor":5.0},{"not_picked":["sneckomod:UnknownCommonAttack","sneckomod:SerpentIdol"],"picked":"sneckomod:UnknownUncommonPower","floor":6.0},{"not_picked":["sneckomod:Unknown1Cost","sneckomod:SoulRoll","sneckomod:UnknownClassGREEN"],"picked":"SKIP","floor":8.0},{"not_picked":["sneckomod:UnknownBlock","sneckomod:Unknown1Cost"],"picked":"sneckomod:Restock","floor":9},{"not_picked":["sneckomod:UnknownBlock","sneckomod:SoulDraw"],"picked":"sneckomod:SnakeSap","floor":11},{"not_picked":["sneckomod:UnknownUncommonSkill","sneckomod:DiceBlock"],"picked":"sneckomod:SnekBeam","floor":13},{"not_picked":["sneckomod:UnknownUncommonAttack","sneckomod:Unknown1Cost","sneckomod:UnknownStrike"],"picked":"SKIP","floor":14},{"not_picked":["sneckomod:Unknown1Cost","sneckomod:UnknownStrike"],"picked":"sneckomod:UnknownUncommonAttack","floor":14},{"not_picked":["sneckomod:ImprovisedAttack","sneckomod:SoulRoll","sneckomod:QuickBite"],"picked":"SKIP","floor":15}],"player_experience":423051,"relics_obtained":[{"floor":4.0,"key":"White Beast Statue"},{"floor":7.0,"key":"Unceasing Top"},{"floor":9,"key":"sneckomod:ConfusingCodex"},{"floor":11,"key":"sneckomod:SneckoCommon"},{"floor":13,"key":"HornCleat"}],"event_choices":[],"is_beta":false,"boss_relics":[],"items_purged_floors":[5],"is_endless":false,"potions_floor_spawned":[5,6,8,11,13,14,15],"killed_by":"WA_ARCHETYPE_RETAIN","ascension_level":0}}