{"host":"puf131q5awx2h4uh","time":1614249284,"event":{"mods":["BaseMod","Minty Spire (QoL Compilation)","Quick Restart","Shop Mod","StSLib"],"gold_per_floor":[112,112,37,37,37,71,71,101,128,53,53,83,100,129,129,129,129],"floor_reached":16,"language":"ZHS","playtime":283,"items_purged":["Strike_R"],"score":348,"play_id":"57a11850-e086-43b3-8ddf-c08ff1a1c83d","local_time":"20210225183444","is_ascension_mode":true,"campfire_choices":[{"data":"Body Slam","floor":11.0,"key":"SMITH"},{"data":"Limit Break","floor":15,"key":"SMITH"}],"circlet_count":0,"master_deck":["AscendersBane","Strike_R","Strike_R","Strike_R","Defend_R","Defend_R","Defend_R","Bash","Spot Weakness","Metallicize+1","Body Slam+1","Armaments","Limit Break+1"],"relics":["Burning Blood","NeowsBlessing","MealTicket","Frozen Egg 2","Self Forming Clay","Juzu Bracelet","Pear","White Beast Statue"],"acts_visited":["Exordium"],"potions_floor_usage":[14,16],"damage_taken":[{"damage":0.0,"enemies":"Jaw Worm","floor":1.0,"turns":1.0},{"damage":0.0,"enemies":"Gremlin Nob","floor":6.0,"turns":1.0},{"damage":0.0,"enemies":"3 Sentries","floor":8.0,"turns":3.0},{"damage":61.0,"enemies":"Gremlin Nob","floor":12.0,"turns":6.0},{"damage":2.0,"enemies":"Cultist","floor":13.0,"turns":4.0},{"damage":24,"enemies":"Lagavulin","floor":14,"turns":8},{"damage":34,"enemies":"Slime Boss","floor":16,"turns":3}],"seed_played":"-7529985724123918810","potions_obtained":[{"floor":8.0,"key":"Block Potion"},{"floor":14,"key":"SteroidPotion"}],"is_trial":false,"path_per_floor":["M","?","$","?","?","E","$","E","T","?","R","E","M","E","R","B"],"character_chosen":"IRONCLAD","items_purchased":[],"campfire_rested":0,"item_purchase_floors":[],"current_hp_per_floor":[74,79,79,61,61,67,80,80,80,80,80,35,39,21,21,0,0],"gold":129,"neow_bonus":"THREE_ENEMY_KILL","is_daily":false,"chose_seed":false,"campfire_upgraded":2,"win_rate":0.0,"timestamp":1614249284,"path_taken":["M","?","$","?","?","E","$","E","T","?","R","E","M","E","R","BOSS"],"items_purchased_type":[],"build_version":"2020-12-22","purchased_purges":1,"victory":false,"max_hp_per_floor":[75,80,80,80,80,80,80,80,80,80,80,90,90,90,90,90,90],"card_choices":[{"not_picked":["Twin Strike","Pommel Strike"],"picked":"Spot Weakness","floor":1.0},{"not_picked":["Bloodletting","Iron Wave"],"picked":"Metallicize+1","floor":6.0},{"not_picked":["Havoc","Armaments","Body Slam"],"picked":"SKIP","floor":8.0},{"not_picked":["Havoc","Armaments"],"picked":"Body Slam","floor":8.0},{"not_picked":["Bludgeon","True Grit"],"picked":"Armaments","floor":12.0},{"not_picked":["Clash","Wild Strike","Pommel Strike"],"picked":"SKIP","floor":13.0},{"not_picked":["True Grit","Ghostly Armor"],"picked":"Limit Break","floor":14}],"player_experience":337665,"relics_obtained":[{"floor":6.0,"key":"Frozen Egg 2"},{"floor":8.0,"key":"Self Forming Clay"},{"floor":9.0,"key":"Juzu Bracelet"},{"floor":12.0,"key":"Pear"},{"floor":14,"key":"White Beast Statue"}],"event_choices":[{"damage_healed":0.0,"max_hp_gain":5.0,"max_hp_loss":0.0,"gold_gain":0.0,"event_name":"Big Fish","player_choice":"Donut","floor":2.0,"gold_loss":0.0,"damage_taken":0.0},{"damage_healed":0.0,"max_hp_gain":0.0,"max_hp_loss":0.0,"gold_gain":0.0,"event_name":"Scrap Ooze","player_choice":"Success","floor":4.0,"gold_loss":0.0,"damage_taken":18.0,"relics_obtained":["MealTicket"]},{"cards_removed":["Strike_R"],"damage_healed":0.0,"max_hp_gain":0.0,"max_hp_loss":0.0,"gold_gain":0.0,"event_name":"Bonfire Elementals","player_choice":"Offered Basic","floor":5.0,"gold_loss":0.0,"damage_taken":0.0},{"cards_removed":["Defend_R"],"damage_healed":0.0,"max_hp_gain":0.0,"max_hp_loss":0.0,"gold_gain":0.0,"event_name":"The Cleric","player_choice":"Card Removal","floor":10.0,"gold_loss":75.0,"damage_taken":0.0}],"is_beta":false,"boss_relics":[],"items_purged_floors":[3],"is_endless":false,"potions_floor_spawned":[8,14],"killed_by":"Slime Boss","ascension_level":20}}