{"host":"gobyjzz6xbwq9f9i","time":1614217843,"event":{"mods":["AchievementEnabler","BaseMod","Bestiary","Colored Map","Minty Spire (QoL Compilation)","Relic Stats","ojb\u0027s Info Mod"],"gold_per_floor":[213,232,242,255,7,40,40,40,40,69,69,88,113,133,133,211,211,227,240,240,254,21,21,54,54,103,103,103],"floor_reached":27,"language":"ENG","playtime":1106,"items_purged":["Strike_P"],"score":656,"play_id":"fba5b5a0-976e-4ddb-8c01-6deef7970ebd","local_time":"20210224175043","is_ascension_mode":true,"campfire_choices":[{"data":"EmptyFist","floor":7,"key":"SMITH"},{"data":"Fasting2","floor":11,"key":"SMITH"},{"data":"Tantrum","floor":15,"key":"SMITH"},{"data":"Consecrate","floor":23,"key":"SMITH"},{"floor":25,"key":"REST"}],"circlet_count":0,"master_deck":["AscendersBane","Strike_P","Strike_P","Strike_P","Defend_P","Defend_P","Defend_P","Defend_P","Eruption","Vigilance","Consecrate+1","CarveReality","EmptyFist+1","Fasting2+1","ClearTheMind","SashWhip","FlurryOfBlows","Tantrum+1","Adaptation","MentalFortress","Study+1","EmptyFist","Ragnarok","FearNoEvil","MentalFortress+1","CrushJoints+1","FlurryOfBlows"],"relics":["PureWater","Happy Flower","Strawberry","Bronze Scales","Yang","Frozen Egg 2","Runic Pyramid","Pen Nib","Incense Burner","Regal Pillow"],"acts_visited":["Exordium","TheCity"],"potions_floor_usage":[6,12,16,24,27],"damage_taken":[{"damage":7,"enemies":"Jaw Worm","floor":1,"turns":3},{"damage":0,"enemies":"Cultist","floor":2,"turns":3},{"damage":1,"enemies":"Small Slimes","floor":3,"turns":3},{"damage":13,"enemies":"3 Louse","floor":4,"turns":3},{"damage":4,"enemies":"Gremlin Nob","floor":6,"turns":3},{"damage":5,"enemies":"3 Sentries","floor":10,"turns":4},{"damage":7,"enemies":"Exordium Thugs","floor":12,"turns":3},{"damage":0,"enemies":"Gremlin Nob","floor":13,"turns":2},{"damage":1,"enemies":"Looter","floor":14,"turns":3},{"damage":0,"enemies":"Slime Boss","floor":16,"turns":3},{"damage":14,"enemies":"Shell Parasite","floor":18,"turns":3},{"damage":0,"enemies":"Chosen","floor":19,"turns":3},{"damage":7,"enemies":"Centurion and Healer","floor":21,"turns":5},{"damage":32,"enemies":"Gremlin Leader","floor":24,"turns":4},{"damage":52,"enemies":"Slavers","floor":27,"turns":1}],"seed_played":"1272556603998383597","potions_obtained":[{"floor":1,"key":"FearPotion"},{"floor":4,"key":"ColorlessPotion"},{"floor":12,"key":"DistilledChaos"},{"floor":16,"key":"BlessingOfTheForge"},{"floor":19,"key":"LiquidBronze"},{"floor":24,"key":"DistilledChaos"}],"is_trial":false,"path_per_floor":["M","M","M","M","$","E","R","?","T","E","R","M","E","M","R","B",null,"M","M","?","M","$","R","E","R","T","E"],"character_chosen":"WATCHER","items_purchased":["Happy Flower","ClearTheMind","SashWhip","Pen Nib"],"campfire_rested":1,"item_purchase_floors":[5,5,5,22],"current_hp_per_floor":[54,54,53,40,40,43,43,43,43,38,38,31,31,30,30,30,64,50,50,50,43,43,43,11,33,33,0,0],"gold":103,"neow_bonus":"HUNDRED_GOLD","is_daily":false,"chose_seed":false,"campfire_upgraded":4,"win_rate":0.0,"timestamp":1614217843,"path_taken":["M","M","M","M","$","E","R","?","T","E","R","?","E","M","R","BOSS","M","?","?","M","$","R","E","R","T","E"],"items_purchased_type":["Relic","Card","Card","Relic"],"build_version":"2020-12-22","purchased_purges":1,"victory":false,"max_hp_per_floor":[68,68,68,68,68,75,75,75,75,75,75,75,75,75,75,75,75,75,75,75,75,75,75,75,75,75,75,75],"relic_stats":{"Regal Pillow":0,"Happy Flower":[11],"counters":[15,46],"Bronze Scales":[54],"Yang":[65],"Pen Nib":[1],"obtain_stats":[{"Regal Pillow":26,"Happy Flower":5,"Strawberry":6,"Bronze Scales":9,"Yang":10,"Pen Nib":22,"Incense Burner":24,"PureWater":0,"Frozen Egg 2":13,"Runic Pyramid":17},{"Regal Pillow":14,"Happy Flower":4,"Strawberry":5,"Bronze Scales":5,"Yang":6,"Pen Nib":13,"Incense Burner":14,"PureWater":0,"Frozen Egg 2":8,"Runic Pyramid":10},{"Regal Pillow":45,"Happy Flower":12,"Strawberry":15,"Bronze Scales":15,"Yang":19,"Pen Nib":41,"Incense Burner":45,"PureWater":0,"Frozen Egg 2":24,"Runic Pyramid":30}]},"card_choices":[{"not_picked":["LikeWater","ForeignInfluence"],"picked":"Consecrate","floor":1},{"not_picked":["SignatureMove","Prostrate"],"picked":"CarveReality","floor":2},{"not_picked":["Pray","ClearTheMind"],"picked":"EmptyFist","floor":3},{"not_picked":["ClearTheMind","CrushJoints"],"picked":"Fasting2","floor":4},{"not_picked":["Nirvana","Ragnarok"],"picked":"FlurryOfBlows","floor":6},{"not_picked":["Indignation","FlyingSleeves"],"picked":"Adaptation","floor":10},{"not_picked":["Wireheading","ThirdEye"],"picked":"MentalFortress","floor":12},{"not_picked":["BowlingBash","DevaForm+1"],"picked":"Study+1","floor":13},{"not_picked":["SashWhip","Evaluate"],"picked":"EmptyFist","floor":14},{"not_picked":["Judgement","ConjureBlade"],"picked":"Ragnarok","floor":16},{"not_picked":["Evaluate","Consecrate","Wireheading+1"],"picked":"SKIP","floor":18},{"not_picked":["FlyingSleeves","EmptyBody"],"picked":"FearNoEvil","floor":19},{"not_picked":["WreathOfFlame","PathToVictory"],"picked":"CrushJoints+1","floor":21},{"not_picked":["Evaluate","SpiritShield"],"picked":"FlurryOfBlows","floor":24}],"player_experience":1390331,"relics_obtained":[{"floor":6,"key":"Strawberry"},{"floor":9,"key":"Bronze Scales"},{"floor":10,"key":"Yang"},{"floor":13,"key":"Frozen Egg 2"},{"floor":24,"key":"Incense Burner"},{"floor":26,"key":"Regal Pillow"}],"event_choices":[{"damage_healed":0,"gold_gain":0,"player_choice":"1 cards matched","damage_taken":0,"max_hp_gain":0,"max_hp_loss":0,"event_name":"Match and Keep!","floor":8,"gold_loss":0,"cards_obtained":["Tantrum"]},{"damage_healed":0,"gold_gain":0,"player_choice":"Read","damage_taken":0,"max_hp_gain":0,"max_hp_loss":0,"event_name":"The Library","floor":20,"gold_loss":0,"cards_obtained":["MentalFortress"]}],"is_beta":false,"boss_relics":[{"not_picked":["Ectoplasm","Calling Bell"],"picked":"Runic Pyramid"}],"items_purged_floors":[22],"is_endless":false,"potions_floor_spawned":[1,4,12,16,19,24],"killed_by":"Slavers","ascension_level":20}}