{"host":"x1qj4d8ympd5jdqh","time":1614260063,"event":{"mods":["AchievementEnabler","AlwaysNeverKeys","BaseMod","Colored Map","Custom Start","DeckTracker","Highlight Path","Minty Spire (QoL Compilation)","StSLib","SuperFastMode"],"gold_per_floor":[113,127,52,79,91,117,117,42,110,144,161,177,177,177,177,177,177],"floor_reached":16,"language":"KOR","playtime":433,"items_purged":["Defend_P"],"score":270,"play_id":"e71e18dc-6b9e-4714-a0fa-d20e223d06d1","local_time":"20210225223423","is_ascension_mode":true,"campfire_choices":[{"data":"Eruption","floor":7,"key":"SMITH"},{"data":"Adaptation","floor":13,"key":"SMITH"},{"floor":15,"key":"DIG"}],"circlet_count":0,"master_deck":["AscendersBane","Strike_P","Strike_P","Strike_P","Defend_P","Defend_P","Eruption+1","Vigilance","EmptyFist","Adaptation+1","ForeignInfluence","Blasphemy","FlurryOfBlows","Indignation"],"relics":["PureWater","Vajra","Art of War","Matryoshka","Ancient Tea Set","Shovel","Bronze Scales"],"acts_visited":["Exordium"],"potions_floor_usage":[6,16,16],"damage_taken":[{"damage":10,"enemies":"2 Louse","floor":1,"turns":3},{"damage":7,"enemies":"Jaw Worm","floor":2,"turns":4},{"damage":0,"enemies":"Cultist","floor":5,"turns":3},{"damage":11,"enemies":"3 Sentries","floor":6,"turns":8},{"damage":0,"enemies":"Gremlin Nob","floor":10,"turns":2},{"damage":4,"enemies":"Exordium Wildlife","floor":11,"turns":2},{"damage":0,"enemies":"3 Louse","floor":12,"turns":1},{"damage":13,"enemies":"The Guardian","floor":16,"turns":6}],"seed_played":"5277154270030231518","potions_obtained":[{"floor":5,"key":"Swift Potion"},{"floor":6,"key":"Weak Potion"},{"floor":10,"key":"DistilledChaos"}],"is_trial":false,"path_per_floor":["M","M","?","T","M","E","R","$","T","E","M","M","R","?","R","B"],"character_chosen":"WATCHER","items_purchased":[],"campfire_rested":0,"item_purchase_floors":[],"current_hp_per_floor":[51,44,44,44,44,33,33,33,33,33,29,29,29,24,24,11,11],"gold":177,"neow_bonus":"REMOVE_CARD","is_daily":false,"chose_seed":false,"campfire_upgraded":2,"win_rate":0.0,"timestamp":1614260063,"path_taken":["M","M","?","?","?","E","R","$","T","E","M","M","R","?","R","BOSS"],"items_purchased_type":[],"build_version":"2020-12-22","purchased_purges":1,"victory":false,"max_hp_per_floor":[68,68,68,68,68,68,68,68,68,68,68,68,68,68,68,68,68],"card_choices":[{"not_picked":["FlyingSleeves","Study","CutThroughFate"],"picked":"SKIP","floor":1},{"not_picked":["Evaluate","JustLucky"],"picked":"EmptyFist","floor":2},{"not_picked":["CrushJoints","Collect"],"picked":"Adaptation","floor":5},{"not_picked":["Prostrate","ClearTheMind"],"picked":"ForeignInfluence","floor":6},{"not_picked":["SashWhip","Judgement"],"picked":"Blasphemy","floor":10},{"not_picked":["Sanctity","BowlingBash"],"picked":"FlurryOfBlows","floor":11},{"not_picked":["FollowUp","ClearTheMind"],"picked":"Indignation","floor":12}],"player_experience":1329745,"relics_obtained":[{"floor":4,"key":"Vajra"},{"floor":6,"key":"Art of War"},{"floor":9,"key":"Matryoshka"},{"floor":10,"key":"Ancient Tea Set"},{"floor":15,"key":"Bronze Scales"}],"event_choices":[{"cards_removed":["Strike_P"],"damage_healed":0,"gold_gain":0,"player_choice":"Card Removal","damage_taken":0,"max_hp_gain":0,"max_hp_loss":0,"event_name":"The Cleric","floor":3,"gold_loss":75},{"damage_healed":0,"gold_gain":0,"player_choice":"Success","damage_taken":5,"relics_obtained":["Shovel"],"max_hp_gain":0,"max_hp_loss":0,"event_name":"Scrap Ooze","floor":14,"gold_loss":0}],"is_beta":false,"boss_relics":[],"items_purged_floors":[8],"is_endless":false,"potions_floor_spawned":[5,6,10],"killed_by":"The Guardian","ascension_level":20}}