{"host":"en4narc5947t7k9n","time":1614257354,"event":{"mods":["AchievementEnabler","BaseMod","Colored Map","Minty Spire (QoL Compilation)","SuperFastMode"],"gold_per_floor":[115,115,130,16,28,59,59,9,9,32,32,42,58,86,86,190,190,207,64,75,75,75,100,100,110,184,200,44,44,59,94,94,199,199,218,218,218,231,72,72,101,121,146,146,146,146,156,166,166,166,166],"floor_reached":50,"language":"KOR","playtime":2684,"items_purged":["Shame"],"score":570,"play_id":"c23062f2-f185-4b77-8e13-4dee62e126e7","local_time":"20210225214914","is_ascension_mode":false,"campfire_choices":[{"data":"Double Energy","floor":7,"key":"SMITH"},{"data":"Zap","floor":11,"key":"SMITH"},{"floor":15,"key":"RECALL"},{"data":"Creative AI","floor":24,"key":"SMITH"},{"data":"Self Repair","floor":29,"key":"SMITH"},{"data":"Capacitor","floor":32,"key":"SMITH"},{"data":"Electrodynamics","floor":40,"key":"SMITH"},{"data":"Sunder","floor":46,"key":"SMITH"},{"data":"Madness","floor":49,"key":"SMITH"}],"circlet_count":0,"master_deck":["Defend_B","Defend_B","Defend_B","Defend_B","Zap+1","Dualcast","Seek","Defragment","Scrape","Gash","Undo","Melter","Ball Lightning","Double Energy+1","Lockon","Self Repair+1","Sunder+1","Stack","Electrodynamics+1","Skim","Barrage","Creative AI+1","Coolheaded+1","Reinforced Body","Self Repair+1","Go for the Eyes","Beam Cell+1","Sweeping Beam","Glacier+1","Capacitor+1","Reboot","Cold Snap+1","Madness","Madness+1","Thinking Ahead","Scrape+1","Bandage Up","Leap","Hologram"],"relics":["Cracked Core","DataDisk","HornCleat","Odd Mushroom","InkBottle","Empty Cage","Art of War","Bag of Preparation","Happy Flower","Orrery","Bird Faced Urn","Busted Crown","Pen Nib","Bronze Scales"],"acts_visited":["Exordium","TheCity","TheBeyond"],"potions_floor_usage":[10,10,14,16,33,33,33,50],"damage_taken":[{"damage":7,"enemies":"2 Louse","floor":1,"turns":3},{"damage":10,"enemies":"Small Slimes","floor":3,"turns":3},{"damage":0,"enemies":"Jaw Worm","floor":5,"turns":3},{"damage":14,"enemies":"Gremlin Nob","floor":6,"turns":4},{"damage":0,"enemies":"The Mushroom Lair","floor":10,"turns":2},{"damage":1,"enemies":"Exordium Wildlife","floor":12,"turns":2},{"damage":0,"enemies":"2 Fungi Beasts","floor":13,"turns":3},{"damage":13,"enemies":"3 Sentries","floor":14,"turns":5},{"damage":9,"enemies":"Hexaghost","floor":16,"turns":7},{"damage":7,"enemies":"Chosen","floor":18,"turns":3},{"damage":5,"enemies":"Shell Parasite","floor":20,"turns":4},{"damage":27,"enemies":"Slavers","floor":23,"turns":4},{"damage":15,"enemies":"Snecko","floor":25,"turns":4},{"damage":0,"enemies":"Chosen and Byrds","floor":27,"turns":4},{"damage":15,"enemies":"Snake Plant","floor":30,"turns":3},{"damage":0,"enemies":"Gremlin Leader","floor":31,"turns":5},{"damage":54,"enemies":"Automaton","floor":33,"turns":12},{"damage":12,"enemies":"Orb Walker","floor":35,"turns":4},{"damage":16,"enemies":"3 Shapes","floor":38,"turns":5},{"damage":29,"enemies":"Giant Head","floor":41,"turns":9},{"damage":0,"enemies":"Maw","floor":42,"turns":6},{"damage":19,"enemies":"Spire Growth","floor":47,"turns":4},{"damage":0,"enemies":"Sphere and 2 Shapes","floor":48,"turns":4},{"damage":95,"enemies":"Time Eater","floor":50,"turns":7}],"seed_played":"8378621064277323956","potions_obtained":[{"floor":1,"key":"Explosive Potion"},{"floor":6,"key":"DistilledChaos"},{"floor":10,"key":"ColorlessPotion"},{"floor":12,"key":"FearPotion"},{"floor":23,"key":"PotionOfCapacity"},{"floor":27,"key":"SteroidPotion"},{"floor":31,"key":"Dexterity Potion"},{"floor":35,"key":"PowerPotion"},{"floor":48,"key":"Strength Potion"}],"is_trial":false,"path_per_floor":["M","?","M","$","M","E","R","?","T","?","R","M","M","E","R","B",null,"M","$","M","?","?","E","R","M","T","M","$","R","M","E","R","B",null,"M","?","?","M","$","R","E","M","T","$","?","R","M","M","R","B"],"character_chosen":"DEFECT","items_purchased":["Undo","Melter","Art of War","Orrery","Bandage Up"],"campfire_rested":0,"item_purchase_floors":[4,4,19,28,39],"current_hp_per_floor":[68,68,58,58,58,44,44,44,44,44,44,43,50,37,37,35,75,75,75,75,75,75,55,55,47,47,54,54,54,59,75,75,45,75,75,66,66,70,70,70,72,75,75,75,75,75,66,75,75,0,0],"gold":166,"neow_bonus":"ONE_RANDOM_RARE_CARD","is_daily":false,"chose_seed":false,"campfire_upgraded":8,"win_rate":0.0,"timestamp":1614257354,"path_taken":["M","?","M","$","M","E","R","?","T","?","R","M","M","E","R","BOSS","M","$","M","?","?","E","R","M","T","M","$","R","M","E","R","BOSS","M","?","?","M","$","R","E","M","T","$","?","R","?","M","R","BOSS"],"items_purchased_type":["Card","Card","Relic","Relic","Card"],"build_version":"2020-12-22","purchased_purges":1,"victory":false,"max_hp_per_floor":[75,75,75,75,75,75,75,75,75,75,75,75,75,75,75,75,75,75,75,75,75,75,75,75,75,75,75,75,75,75,75,75,75,75,75,75,75,75,75,75,75,75,75,75,75,75,75,75,75,75,75],"card_choices":[{"not_picked":["Coolheaded","Stack"],"picked":"Defragment","floor":1},{"not_picked":["Undo","Turbo"],"picked":"Gash","floor":3},{"not_picked":["Gash","Redo"],"picked":"Ball Lightning","floor":5},{"not_picked":["Lockon","Steam"],"picked":"Double Energy","floor":6},{"not_picked":["Scrape","Cold Snap"],"picked":"Lockon","floor":10},{"not_picked":["Aggregate","Go for the Eyes"],"picked":"Self Repair","floor":12},{"not_picked":["Scrape","Rebound"],"picked":"Sunder","floor":13},{"not_picked":["Gash","Heatsinks"],"picked":"Stack","floor":14},{"not_picked":["Rainbow","All For One"],"picked":"Electrodynamics","floor":16},{"not_picked":["Rebound","Tempest"],"picked":"Skim","floor":18},{"not_picked":["Turbo","Hello World"],"picked":"Barrage","floor":20},{"not_picked":["Ball Lightning+1","Doom and Gloom"],"picked":"Creative AI","floor":23},{"not_picked":["Chill","Ball Lightning"],"picked":"Coolheaded+1","floor":25},{"not_picked":["Rebound","Reprogram","Coolheaded"],"picked":"SKIP","floor":27},{"not_picked":["Cold Snap","Gash"],"picked":"Reinforced Body","floor":28},{"not_picked":["Conserve Battery","Reinforced Body"],"picked":"Self Repair+1","floor":28},{"not_picked":["Leap","Stack"],"picked":"Go for the Eyes","floor":28},{"not_picked":["Turbo+1","Stack+1"],"picked":"Beam Cell+1","floor":28},{"not_picked":["Fusion","Meteor Strike"],"picked":"Sweeping Beam","floor":28},{"not_picked":["Loop","Coolheaded"],"picked":"Glacier+1","floor":30},{"not_picked":["Scrape","Reprogram"],"picked":"Capacitor","floor":31},{"not_picked":["Multi-Cast","All For One"],"picked":"Reboot","floor":33},{"not_picked":[],"picked":"Cold Snap+1","floor":35},{"not_picked":[],"picked":"Thinking Ahead","floor":37},{"not_picked":[],"picked":"Scrape+1","floor":38},{"not_picked":[],"picked":"Leap","floor":41},{"not_picked":[],"picked":"Hologram","floor":42},{"not_picked":["Stack"],"picked":"SKIP","floor":47},{"not_picked":["Steam"],"picked":"SKIP","floor":48}],"player_experience":219920,"relics_obtained":[{"floor":6,"key":"DataDisk"},{"floor":9,"key":"HornCleat"},{"floor":10,"key":"Odd Mushroom"},{"floor":14,"key":"InkBottle"},{"floor":23,"key":"Happy Flower"},{"floor":31,"key":"Bird Faced Urn"},{"floor":41,"key":"Pen Nib"},{"floor":43,"key":"Bronze Scales"}],"event_choices":[{"damage_healed":0,"gold_gain":0,"cards_transformed":["Strike_B"],"player_choice":"Change","damage_taken":0,"max_hp_gain":0,"max_hp_loss":0,"event_name":"Living Wall","floor":2,"gold_loss":0,"cards_obtained":["Scrape"]},{"cards_removed":["Strike_B"],"damage_healed":0,"gold_gain":0,"player_choice":"Card Removal","damage_taken":0,"max_hp_gain":0,"max_hp_loss":0,"event_name":"The Cleric","floor":8,"gold_loss":50},{"damage_healed":0,"gold_gain":0,"player_choice":"Fought Mushrooms","damage_taken":0,"max_hp_gain":0,"max_hp_loss":0,"event_name":"Mushrooms","floor":10,"gold_loss":0},{"damage_healed":0,"gold_gain":0,"player_choice":"Ignored","damage_taken":0,"max_hp_gain":0,"max_hp_loss":0,"event_name":"Ghosts","floor":21,"gold_loss":0},{"damage_healed":0,"gold_gain":0,"player_choice":"Stole Relic","damage_taken":0,"relics_obtained":["Bag of Preparation"],"max_hp_gain":0,"max_hp_loss":0,"event_name":"Addict","floor":22,"gold_loss":0,"cards_obtained":["Shame"]},{"damage_healed":0,"gold_gain":0,"player_choice":"Embrace Madness","damage_taken":9,"max_hp_gain":0,"max_hp_loss":0,"event_name":"Winding Halls","floor":36,"gold_loss":0,"cards_obtained":["Madness","Madness"]},{"damage_healed":0,"gold_gain":0,"player_choice":"Memory 1","damage_taken":0,"max_hp_gain":0,"max_hp_loss":0,"event_name":"SensoryStone","floor":37,"gold_loss":0},{"damage_healed":0,"gold_gain":0,"player_choice":"Ignored","damage_taken":0,"max_hp_gain":0,"max_hp_loss":0,"event_name":"Tomb of Lord Red Mask","floor":45,"gold_loss":0}],"is_beta":false,"boss_relics":[{"not_picked":["Tiny House","Ectoplasm"],"picked":"Empty Cage"},{"not_picked":["Snecko Eye","Fusion Hammer"],"picked":"Busted Crown"}],"items_purged_floors":[39],"is_endless":false,"potions_floor_spawned":[1,6,10,12,23,27,31,35,48],"killed_by":"Time Eater","ascension_level":0}}