{"host":"q57ekfojy3i00x9o","time":1614237374,"event":{"mods":["Act Like it!","Arknights","Aspiration","BaseMod","Colored Map","Energized Spire","Hermit","Minty Spire (QoL Compilation)","Quick Restart","Ruina","Spicy Shops","Spikes Relics","StSLib","slay the spire mod where everything is the same but ironclad has a cowboy hat"],"gold_per_floor":[118,133,208,225,238,238,88,88,388,398,7,26,26,26],"floor_reached":13,"language":"RUS","playtime":251,"items_purged":["ats:Strike C"],"score":146,"play_id":"d3dad75a-1edc-4797-8edf-efdf5d9e60c9","local_time":"20210225121614","is_ascension_mode":true,"campfire_choices":[{"data":"ats:Serious Mode","floor":6,"key":"SMITH"},{"floor":8,"key":"REST"}],"circlet_count":0,"master_deck":["AscendersBane","ats:Strike G","ats:Strike S","ats:Strike V","ats:Armor Crushing Shot","ats:Defend","ats:Defend","ats:Defend","ats:Defend","ats:Emotion Absorption","ats:Closed Bolt Burst Fire","ats:Flexible Camouflage","ats:Part Time Job","ats:Serious Mode+1","ats:Mental Burst","ats:Sword Rain","ats:Revitalization","ats:Curse Doll","ats:Poison Spread"],"relics":["ats:Sanity","Old Coin","Question Card","SpikesRelics:SneckoPlush"],"acts_visited":["Exordium"],"potions_floor_usage":[12,13],"damage_taken":[{"damage":1,"enemies":"Cultist","floor":1,"turns":3},{"damage":7,"enemies":"2 Louse","floor":2,"turns":2},{"damage":14,"enemies":"Jaw Worm","floor":4,"turns":4},{"damage":9,"enemies":"Red Slaver","floor":5,"turns":3},{"damage":15,"enemies":"2 Fungi Beasts","floor":10,"turns":3},{"damage":34,"enemies":"Large Slime","floor":12,"turns":4},{"damage":29,"enemies":"Lagavulin","floor":13,"turns":3}],"seed_played":"1983885280568848685","potions_obtained":[{"floor":1,"key":"SpeedPotion"},{"floor":10,"key":"ats:Burn Small Potion"}],"is_trial":false,"path_per_floor":["M","M","?","M","M","R","$","R","T","M","$","M","E"],"character_chosen":"DOCTOR_CLASS","items_purchased":["ats:Sword Rain","Question Card","SpikesRelics:SneckoPlush","ats:Curse Doll"],"campfire_rested":1,"item_purchase_floors":[7,11,11,11],"current_hp_per_floor":[64,57,46,37,28,28,28,49,49,37,37,12,0,0],"gold":26,"neow_bonus":"THREE_CARDS","is_daily":false,"chose_seed":false,"campfire_upgraded":1,"win_rate":0.0,"timestamp":1614237374,"path_taken":["M","?","?","M","M","R","?","R","T","M","$","?","E"],"items_purchased_type":["Card","Relic","Relic","Card"],"build_version":"2020-12-22","purchased_purges":1,"victory":false,"max_hp_per_floor":[72,72,72,72,72,72,72,72,72,72,72,72,72,72],"card_choices":[{"not_picked":["ats:Revitalization","ats:Apocalypse"],"picked":"ats:Closed Bolt Burst Fire","floor":0},{"not_picked":["ats:Collapsing Strike","ats:Very Hot Blade"],"picked":"ats:Flexible Camouflage","floor":1},{"not_picked":["ats:Encircling Forest","ats:Flame Of Heaven"],"picked":"ats:Part Time Job","floor":2},{"not_picked":["ats:LN2 Cannon","ats:Guardian Obelisk"],"picked":"ats:Serious Mode","floor":4},{"not_picked":["ats:Red Shift","ats:Counter Healing Mode"],"picked":"ats:Mental Burst","floor":5},{"not_picked":["ats:Flexible Camouflage","ats:Charging Defense"],"picked":"ats:Revitalization","floor":10},{"not_picked":["ats:Explosion Area Strengthen","ats:Charging Defense","ats:Shell Defense"],"picked":"ats:Poison Spread","floor":12}],"player_experience":793303,"relics_obtained":[{"floor":9,"key":"Old Coin"}],"event_choices":[{"damage_healed":0,"gold_gain":75,"player_choice":"Gather Gold","damage_taken":11,"max_hp_gain":0,"max_hp_loss":0,"event_name":"World of Goop","floor":3,"gold_loss":0}],"is_beta":false,"boss_relics":[],"items_purged_floors":[7],"is_endless":false,"potions_floor_spawned":[1,10],"killed_by":"Lagavulin","ascension_level":18}}