{"host":"mconkkfc0dudtfx5","time":1614249972,"event":{"mods":["BaseMod","Highlight Path","Hubris","Marisa£®ÏF”Í°°ƒß¿Ì…≥£©","Minty Spire (QoL Compilation)","Quick Restart","Remilia£®¿Ÿ√◊¿Ú—«£©","Shop Mod","StSLib","The Bug Knight","The Senshi","The Servant 0.9.4","Youmu£®ªÍ∆«—˝√Œ£©","Yuyuko"],"gold_per_floor":[109,122,122,122,135,166,166,196,219,219,219,219,219,252,252,350,350,350],"floor_reached":17,"language":"ZHS","playtime":638,"items_purged":[],"score":246,"play_id":"9143ce43-1d5d-4d61-92d6-c824ff64f9a6","local_time":"20210225184612","is_ascension_mode":false,"campfire_choices":[{"data":"MastersStateliness","floor":7.0,"key":"SMITH"},{"data":"DiffusionOfMisfortune","floor":15,"key":"SMITH"}],"circlet_count":0,"master_deck":["Strike_RM","Strike_RM+1","Strike_RM+1","Defend_RM","Defend_RM","Defend_RM","Defend_RM","RedMoon","ScarletShoot","BombardNight+1","DiffusionOfMisfortune+1","BlasphemousPunishment","MastersStateliness+1","Regret"],"relics":["ScarletHat","Vajra","hubris:TenFootPole","Bag of Marbles","Oddly Smooth Stone","Tiny Chest","White Beast Statue","Centennial Puzzle","Black Star"],"acts_visited":["Exordium","TheCity"],"potions_floor_usage":[],"damage_taken":[{"damage":0.0,"enemies":"2 Louse","floor":1.0,"turns":3.0},{"damage":0.0,"enemies":"Small Slimes","floor":2.0,"turns":2.0},{"damage":0.0,"enemies":"Cultist","floor":5.0,"turns":5.0},{"damage":10.0,"enemies":"Gremlin Nob","floor":6.0,"turns":2.0},{"damage":29.0,"enemies":"Lagavulin","floor":8.0,"turns":4.0},{"damage":15,"enemies":"Gremlin Nob","floor":14,"turns":4},{"damage":13,"enemies":"Slime Boss","floor":16,"turns":4}],"seed_played":"1037538499620456758","potions_obtained":[{"floor":6.0,"key":"LiquidBronze"},{"floor":8.0,"key":"Explosive Potion"},{"floor":14,"key":"PowerPotion"}],"is_trial":false,"path_per_floor":["M","M","?","?","M","E","R","E","T","?","T","?","?","E","R","B",null],"character_chosen":"REMILIA","items_purchased":[],"campfire_rested":0,"item_purchase_floors":[],"current_hp_per_floor":[75,75,60,60,62,52,52,34,34,34,34,34,34,22,22,15,75,75],"gold":350,"neow_bonus":"RANDOM_COMMON_RELIC","is_daily":false,"chose_seed":false,"campfire_upgraded":2,"win_rate":0.0,"timestamp":1614249972,"path_taken":["M","M","?","?","?","E","R","E","T","?","?","?","?","E","R","BOSS"],"items_purchased_type":[],"build_version":"2020-12-22","purchased_purges":0,"victory":false,"max_hp_per_floor":[75,75,75,75,75,75,75,75,75,75,75,75,75,75,75,75,75,75],"card_choices":[{"not_picked":["CharismaGuard","NightDance"],"picked":"BombardNight","floor":1.0},{"not_picked":["BlasphemousPunishment","UnderTheZenith"],"picked":"DiffusionOfMisfortune","floor":2.0},{"not_picked":["EmergencyRegeneration","BlasphemousPunishment","UltimateOffering"],"picked":"SKIP","floor":5.0},{"not_picked":["BloodHunter","ScarletGensokyo"],"picked":"MastersStateliness","floor":6.0},{"not_picked":["Maim","DiffusionOfMisfortune","Stigmanizer"],"picked":"SKIP","floor":8.0},{"not_picked":["CurseOfVladTepes","ScarletDevil","UnderTheZenith"],"picked":"SKIP","floor":14}],"player_experience":277439,"relics_obtained":[{"floor":6.0,"key":"hubris:TenFootPole"},{"floor":8.0,"key":"Bag of Marbles"},{"floor":9.0,"key":"Oddly Smooth Stone"},{"floor":11,"key":"Tiny Chest"},{"floor":14,"key":"Centennial Puzzle"}],"event_choices":[{"damage_healed":0.0,"max_hp_gain":0.0,"max_hp_loss":0.0,"gold_gain":0.0,"event_name":"Shining Light","player_choice":"Entered Light","floor":3.0,"gold_loss":0.0,"damage_taken":15.0,"cards_upgraded":["Strike_RM","Strike_RM"]},{"damage_healed":0.0,"max_hp_gain":0.0,"max_hp_loss":0.0,"gold_gain":0.0,"cards_transformed":["Strike_RM"],"event_name":"Transmorgrifier","player_choice":"Transformed","floor":4.0,"gold_loss":0.0,"damage_taken":0.0,"cards_obtained":["BlasphemousPunishment"]},{"damage_healed":0,"gold_gain":0,"player_choice":"Box","damage_taken":0,"relics_obtained":["White Beast Statue"],"max_hp_gain":0,"max_hp_loss":0,"event_name":"Big Fish","floor":12,"gold_loss":0,"cards_obtained":["Regret"]},{"damage_healed":0,"gold_gain":0,"player_choice":"Bought 0 Potions","damage_taken":0,"max_hp_gain":0,"max_hp_loss":0,"event_name":"The Woman in Blue","floor":13,"gold_loss":0}],"is_beta":false,"boss_relics":[{"not_picked":["Coffee Dripper","Philosopher\u0027s Stone"],"picked":"Black Star"}],"items_purged_floors":[],"is_endless":false,"potions_floor_spawned":[6,8,14,16],"ascension_level":0}}