{"host":"uexz8m6e0pxi7xat","time":1614250228,"event":{"mods":["BaseMod","Bestiary","Minty Spire (QoL Compilation)","Relic Stats","ojb\u0027s Info Mod"],"gold_per_floor":[114,128,144,163,163,163,124,156,156,191,204,224,224,264,264,353,353,374,387,387,410,428,472,493,527,527,527,540,579,579,598,598,692,692,711,732,763,787,318,351,351,364,439,470,482,537,562,651,663,675,687,699,711,318,356,356],"floor_reached":57,"language":"ENG","playtime":5691,"items_purged":["Heavy Blade","Whirlwind"],"score":3327,"play_id":"475c5af4-a666-42dd-83a8-90fb9d3c2926","local_time":"20210225235028","is_ascension_mode":true,"campfire_choices":[{"data":"Bash","floor":6.0,"key":"SMITH"},{"data":"Armaments","floor":15.0,"key":"SMITH"},{"floor":30.0,"key":"REST"},{"data":"Barricade","floor":32,"key":"SMITH"},{"floor":49,"key":"RECALL"},{"data":"Feel No Pain","floor":53,"key":"SMITH"}],"circlet_count":0,"master_deck":["AscendersBane","Bash+1","Armaments+1","Twin Strike","Rampage","Cleave","Shrug It Off+1","True Grit+1","Headbutt","Ghostly Armor+1","Double Tap+1","Corruption","Searing Blow","Barricade","Barricade+1","Entrench+1","Flex+1","True Grit+1","Havoc+1","Disarm+1","Body Slam","Shrug It Off+1","Warcry+1","Feel No Pain+1","Offering+1","Master of Strategy+1","Shrug It Off+1","Disarm+1","Warcry+1","Shockwave+1","Entrench+1"],"relics":["SlaversCollar","Anchor","Self Forming Clay","Toxic Egg 2","Golden Idol","Pocketwatch","Pandora\u0027s Box","HornCleat","Prayer Wheel","Regal Pillow","PreservedInsect","Runic Dome","Champion Belt","Membership Card","Juzu Bracelet","Bronze Scales","Singing Bowl","MawBank","Eternal Feather","Pear","Cauldron","Letter Opener","White Beast Statue"],"acts_visited":["Exordium","TheCity","TheBeyond","TheEnding"],"potions_floor_usage":[56],"damage_taken":[{"damage":7.0,"enemies":"Cultist","floor":1.0,"turns":4.0},{"damage":5.0,"enemies":"2 Louse","floor":2.0,"turns":3.0},{"damage":0.0,"enemies":"Small Slimes","floor":3.0,"turns":4.0},{"damage":8.0,"enemies":"Blue Slaver","floor":4.0,"turns":6.0},{"damage":32.0,"enemies":"Gremlin Nob","floor":8.0,"turns":4.0},{"damage":0.0,"enemies":"3 Sentries","floor":10.0,"turns":5.0},{"damage":1.0,"enemies":"Looter","floor":11.0,"turns":4.0},{"damage":1.0,"enemies":"3 Louse","floor":12.0,"turns":3.0},{"damage":6.0,"enemies":"Gremlin Nob","floor":14.0,"turns":3.0},{"damage":7.0,"enemies":"The Guardian","floor":16.0,"turns":11.0},{"damage":0.0,"enemies":"Spheric Guardian","floor":18.0,"turns":9.0},{"damage":18.0,"enemies":"3 Byrds","floor":19.0,"turns":6.0},{"damage":29.0,"enemies":"Sentry and Sphere","floor":21.0,"turns":12.0},{"damage":0.0,"enemies":"Snake Plant","floor":22.0,"turns":10.0},{"damage":0.0,"enemies":"Gremlin Leader","floor":23.0,"turns":6.0},{"damage":0.0,"enemies":"Snecko","floor":24.0,"turns":5.0},{"damage":9.0,"enemies":"Slavers","floor":25.0,"turns":8.0},{"damage":0.0,"enemies":"Chosen and Byrds","floor":28.0,"turns":7.0},{"damage":0.0,"enemies":"Gremlin Leader","floor":29.0,"turns":4.0},{"damage":0.0,"enemies":"Snake Plant","floor":31.0,"turns":8.0},{"damage":0,"enemies":"Champ","floor":33,"turns":7},{"damage":0,"enemies":"3 Shapes","floor":35,"turns":6},{"damage":1,"enemies":"Orb Walker","floor":36,"turns":3},{"damage":0,"enemies":"Mind Bloom Boss Battle","floor":37,"turns":5},{"damage":0,"enemies":"Spire Growth","floor":38,"turns":6},{"damage":6,"enemies":"Nemesis","floor":40,"turns":3},{"damage":6,"enemies":"Maw","floor":42,"turns":7},{"damage":6,"enemies":"Reptomancer","floor":44,"turns":4},{"damage":0,"enemies":"Nemesis","floor":46,"turns":3},{"damage":35,"enemies":"Sphere and 2 Shapes","floor":47,"turns":7},{"damage":5,"enemies":"Time Eater","floor":50,"turns":10},{"damage":20,"enemies":"Donu and Deca","floor":51,"turns":9},{"damage":8,"enemies":"Shield and Spear","floor":55,"turns":3},{"damage":6,"enemies":"The Heart","floor":56,"turns":11}],"seed_played":"-4879434872304611400","potions_obtained":[{"floor":1.0,"key":"Explosive Potion"},{"floor":8.0,"key":"EntropicBrew"},{"floor":11.0,"key":"BloodPotion"},{"floor":12.0,"key":"SteroidPotion"},{"floor":16.0,"key":"BloodPotion"},{"floor":19.0,"key":"FearPotion"},{"floor":28.0,"key":"GamblersBrew"},{"floor":29.0,"key":"BlessingOfTheForge"},{"floor":31,"key":"Energy Potion"},{"floor":38,"key":"DuplicationPotion"}],"is_trial":false,"path_per_floor":["M","M","M","M","T","R","?","E","T","E","M","M","?","E","R","B",null,"M","M","?","M","M","E","M","E","T","?","M","E","R","M","R","B",null,"M","M","?","M","$","E","?","M","T","E","?","E","M","T","R","B","B",null,"R","$","E","B",null],"character_chosen":"IRONCLAD","items_purchased":["Membership Card","Offering+1","Master of Strategy+1","Juzu Bracelet","Cauldron","Letter Opener","White Beast Statue"],"campfire_rested":1,"item_purchase_floors":[39,39,39,39,54,54,54],"current_hp_per_floor":[61,56,56,48,48,48,48,16,16,16,15,29,29,23,23,16,55,55,50,50,21,21,21,21,12,12,12,12,12,47,47,47,47,63,63,62,62,62,62,56,56,50,50,44,46,48,17,27,45,40,20,67,83,83,75,69],"gold":356,"neow_bonus":"BOSS_RELIC","is_daily":false,"chose_seed":false,"campfire_upgraded":4,"win_rate":0.0,"timestamp":1614250228,"path_taken":["M","M","?","M","?","R","?","E","T","E","M","M","?","E","R","BOSS","M","M","?","M","M","E","M","E","T","?","M","E","R","M","R","BOSS","M","M","?","M","$","E","?","M","T","E","?","E","M","?","R","BOSS","BOSS","R","$","E","BOSS"],"items_purchased_type":["Relic","Card","Card","Relic","Relic","Relic","Relic"],"build_version":"2020-12-22","purchased_purges":2,"victory":true,"max_hp_per_floor":[75,75,75,75,75,75,75,75,75,75,75,75,68,68,68,68,68,68,68,68,68,68,68,68,68,68,68,68,68,68,68,68,68,68,68,68,68,68,68,68,65,65,65,65,67,69,73,83,83,83,83,83,83,83,83,83],"relic_stats":{"Regal Pillow":15,"Singing Bowl":8,"counters":[34,206],"Self Forming Clay":[108],"Golden Idol":212,"Eternal Feather":34,"PreservedInsect":238,"Juzu Bracelet":0,"Letter Opener":[25],"MawBank":120,"Bronze Scales":[250],"Pandora\u0027s Box":["Corruption","Searing Blow","Heavy Blade","Barricade","Barricade","Whirlwind","Entrench","Perfected Strike","Flex"],"Prayer Wheel":8,"Champion Belt":[10],"obtain_stats":[{"Regal Pillow":26,"Pear":48,"Singing Bowl":43,"Self Forming Clay":8,"Golden Idol":13,"Eternal Feather":46,"PreservedInsect":29,"Juzu Bracelet":39,"Letter Opener":54,"MawBank":44,"Burning Blood":0,"White Beast Statue":54,"SlaversCollar":0,"Runic Dome":34,"Cauldron":54,"Anchor":5,"HornCleat":23,"Bronze Scales":40,"Pandora\u0027s Box":17,"Prayer Wheel":25,"Champion Belt":37,"Membership Card":39,"Toxic Egg 2":10,"Pocketwatch":14},{"Regal Pillow":17,"Pear":30,"Singing Bowl":27,"Self Forming Clay":5,"Golden Idol":8,"Eternal Feather":29,"PreservedInsect":19,"Juzu Bracelet":25,"Letter Opener":32,"MawBank":28,"Burning Blood":0,"White Beast Statue":32,"SlaversCollar":0,"Runic Dome":21,"Cauldron":32,"Anchor":4,"HornCleat":15,"Bronze Scales":26,"Pandora\u0027s Box":10,"Prayer Wheel":17,"Champion Belt":24,"Membership Card":25,"Toxic Egg 2":6,"Pocketwatch":9},{"Regal Pillow":103,"Pear":173,"Singing Bowl":159,"Self Forming Clay":21,"Golden Idol":33,"Eternal Feather":166,"PreservedInsect":114,"Juzu Bracelet":149,"Letter Opener":192,"MawBank":163,"Burning Blood":0,"White Beast Statue":192,"SlaversCollar":0,"Runic Dome":129,"Cauldron":192,"Anchor":17,"HornCleat":90,"Bronze Scales":152,"Pandora\u0027s Box":47,"Prayer Wheel":103,"Champion Belt":143,"Membership Card":149,"Toxic Egg 2":26,"Pocketwatch":36}],"Pocketwatch":[339]},"card_choices":[{"not_picked":["Dark Embrace","Entrench"],"picked":"Armaments","floor":1.0},{"not_picked":["Flex","Second Wind","Havoc"],"picked":"SKIP","floor":2.0},{"not_picked":["Ghostly Armor","True Grit"],"picked":"Twin Strike","floor":3.0},{"not_picked":["Armaments","Pummel"],"picked":"Rampage","floor":4.0},{"not_picked":["Wild Strike","Sentinel"],"picked":"Cleave","floor":8.0},{"not_picked":["Iron Wave","Uppercut"],"picked":"Shrug It Off+1","floor":10.0},{"not_picked":["Heavy Blade","Juggernaut"],"picked":"True Grit+1","floor":11.0},{"not_picked":["Pommel Strike","Feel No Pain"],"picked":"Headbutt","floor":12.0},{"not_picked":["Armaments+1","Body Slam"],"picked":"Ghostly Armor+1","floor":14.0},{"not_picked":["Juggernaut","Brutality"],"picked":"Double Tap+1","floor":16.0},{"not_picked":["Infernal Blade+1","Iron Wave"],"picked":"True Grit+1","floor":18.0},{"not_picked":["Body Slam","Shockwave+1"],"picked":"Havoc+1","floor":19.0},{"not_picked":["Cleave","Uppercut"],"picked":"Disarm+1","floor":21.0},{"not_picked":["Heavy Blade","Pommel Strike"],"picked":"Body Slam","floor":22.0},{"not_picked":["Hemokinesis","Pummel"],"picked":"Shrug It Off+1","floor":23.0},{"not_picked":["Twin Strike","Fiend Fire","Uppercut"],"picked":"SKIP","floor":24.0},{"not_picked":["Pommel Strike","Body Slam","Heavy Blade"],"picked":"SKIP","floor":25.0},{"not_picked":["Perfected Strike","Cleave"],"picked":"Warcry+1","floor":28.0},{"not_picked":["Wild Strike","Uppercut","Metallicize+1"],"picked":"SKIP","floor":28.0},{"not_picked":["Body Slam","Perfected Strike","Headbutt"],"picked":"SKIP","floor":29.0},{"not_picked":["Havoc+1","Cleave","Berserk"],"picked":"SKIP","floor":31},{"not_picked":["Thunderclap","Anger","Havoc+1"],"picked":"SKIP","floor":31},{"not_picked":["Warcry+1","Thunderclap+1"],"picked":"Feel No Pain","floor":35},{"not_picked":["Sword Boomerang","Anger","Pummel"],"picked":"SKIP","floor":35},{"not_picked":["Perfected Strike","Anger","Twin Strike"],"picked":"SKIP","floor":36},{"not_picked":["Second Wind+1","Twin Strike","Hemokinesis"],"picked":"SKIP","floor":36},{"not_picked":["Twin Strike+1","Iron Wave","Second Wind+1"],"picked":"SKIP","floor":38},{"not_picked":["Body Slam","Power Through+1","Havoc+1"],"picked":"SKIP","floor":38},{"not_picked":["Twin Strike+1","Iron Wave","Second Wind+1"],"picked":"SKIP","floor":38},{"not_picked":["Body Slam","Power Through+1","Havoc+1"],"picked":"SKIP","floor":38},{"not_picked":["Spot Weakness+1","Bludgeon"],"picked":"Shrug It Off+1","floor":40},{"not_picked":["Inflame","Cleave"],"picked":"Disarm+1","floor":42},{"not_picked":["Metallicize+1","Combust"],"picked":"Warcry+1","floor":42},{"not_picked":["Searing Blow","Infernal Blade+1"],"picked":"Shockwave+1","floor":44},{"not_picked":["Swift Strike","Blind+1","Purity+1"],"picked":"Singing Bowl","floor":45},{"not_picked":["Brutality","Spot Weakness+1","Warcry+1"],"picked":"Singing Bowl","floor":46},{"not_picked":["Pummel","Cleave","Searing Blow"],"picked":"Singing Bowl","floor":47},{"not_picked":["Body Slam","Pommel Strike+1","Shrug It Off+1"],"picked":"Singing Bowl","floor":47},{"not_picked":["Power Through+1","Spot Weakness+1"],"picked":"Entrench+1","floor":55}],"player_experience":1121145,"relics_obtained":[{"floor":5.0,"key":"Anchor"},{"floor":8.0,"key":"Self Forming Clay"},{"floor":10.0,"key":"Toxic Egg 2"},{"floor":14.0,"key":"Pocketwatch"},{"floor":23.0,"key":"HornCleat"},{"floor":25.0,"key":"Prayer Wheel"},{"floor":26.0,"key":"Regal Pillow"},{"floor":29.0,"key":"PreservedInsect"},{"floor":37,"key":"Champion Belt"},{"floor":40,"key":"Bronze Scales"},{"floor":43,"key":"Singing Bowl"},{"floor":44,"key":"MawBank"},{"floor":46,"key":"Eternal Feather"},{"floor":48,"key":"Pear"}],"event_choices":[{"damage_healed":0.0,"max_hp_gain":0.0,"max_hp_loss":0.0,"gold_gain":0.0,"event_name":"World of Goop","player_choice":"Left Gold","floor":7.0,"gold_loss":39.0,"damage_taken":0.0},{"damage_healed":0.0,"max_hp_gain":0.0,"max_hp_loss":7.0,"gold_gain":0.0,"event_name":"Golden Idol","player_choice":"Lose Max HP","floor":13.0,"gold_loss":0.0,"damage_taken":0.0,"relics_obtained":["Golden Idol"]},{"cards_removed":["Perfected Strike"],"damage_healed":0.0,"max_hp_gain":0.0,"max_hp_loss":0.0,"gold_gain":0.0,"event_name":"Back to Basics","player_choice":"Elegance","floor":20.0,"gold_loss":0.0,"damage_taken":0.0},{"damage_healed":0.0,"max_hp_gain":0.0,"max_hp_loss":0.0,"gold_gain":0.0,"event_name":"Cursed Tome","player_choice":"Ignored","floor":27.0,"gold_loss":0.0,"damage_taken":0.0},{"damage_healed":0,"gold_gain":0,"player_choice":"Fight","damage_taken":0,"max_hp_gain":0,"max_hp_loss":0,"event_name":"MindBloom","floor":37,"gold_loss":0},{"damage_healed":0,"gold_gain":0,"player_choice":"Max HP","damage_taken":0,"max_hp_gain":0,"max_hp_loss":3,"event_name":"Winding Halls","floor":41,"gold_loss":0},{"damage_healed":0,"gold_gain":0,"player_choice":"Memory 1","damage_taken":0,"max_hp_gain":0,"max_hp_loss":0,"event_name":"SensoryStone","floor":45,"gold_loss":0}],"is_beta":false,"boss_relics":[{"not_picked":["Cursed Key","Empty Cage"],"picked":"Pandora\u0027s Box"},{"not_picked":["Coffee Dripper","Busted Crown"],"picked":"Runic Dome"}],"items_purged_floors":[39,54],"is_endless":false,"potions_floor_spawned":[1,8,11,12,16,19,21,22,28,29,31,38,40,42,55],"ascension_level":20}}