{"host":"q8ewzd1tf4mqkgtb","time":1614225948,"event":{"mods":["Ascension Unlocker","BaseMod","Colored Map","Faster Ascension Climbing","Minty Spire (QoL Compilation)","Relic Stats","StSLib","UnlockEverythingMod"],"gold_per_floor":[110,122,141,141,159,159,177,208,208,80,94,94,129,143,143,143,143],"floor_reached":16,"language":"ENG","playtime":2984,"items_purged":["Strike_R"],"score":278,"play_id":"441278e4-6651-4040-9545-4795b151b9e3","local_time":"20210224220548","is_ascension_mode":true,"campfire_choices":[{"data":"Bash","floor":6,"key":"SMITH"},{"floor":12,"key":"REST"},{"data":"Fiend Fire","floor":15,"key":"SMITH"}],"circlet_count":0,"master_deck":["AscendersBane","Strike_R","Strike_R","Strike_R","Defend_R","Defend_R","Defend_R","Defend_R","Bash+1","Clothesline","Metallicize","Demon Form","Feel No Pain","Fiend Fire+1","Shrug It Off","Reckless Charge","True Grit"],"relics":["Philosopher\u0027s Stone","Torii","Vajra","Boot"],"acts_visited":["Exordium"],"potions_floor_usage":[13,14],"damage_taken":[{"damage":3,"enemies":"Jaw Worm","floor":1,"turns":3},{"damage":0,"enemies":"Cultist","floor":2,"turns":3},{"damage":9,"enemies":"Small Slimes","floor":3,"turns":3},{"damage":13,"enemies":"Exordium Wildlife","floor":5,"turns":4},{"damage":15,"enemies":"Lots of Slimes","floor":7,"turns":6},{"damage":20,"enemies":"3 Sentries","floor":8,"turns":14},{"damage":0,"enemies":"2 Fungi Beasts","floor":11,"turns":3},{"damage":0,"enemies":"Gremlin Nob","floor":13,"turns":1},{"damage":2,"enemies":"Exordium Thugs","floor":14,"turns":3},{"damage":32,"enemies":"The Guardian","floor":16,"turns":6}],"seed_played":"-1985535236812780501","potions_obtained":[{"floor":5,"key":"SneckoOil"},{"floor":7,"key":"Explosive Potion"}],"is_trial":false,"path_per_floor":["M","M","M","?","M","R","M","E","T","$","M","R","E","M","R","B"],"character_chosen":"IRONCLAD","items_purchased":["Shrug It Off"],"campfire_rested":1,"item_purchase_floors":[10],"current_hp_per_floor":[65,65,56,56,43,43,28,8,8,8,8,30,30,28,28,0,0],"gold":143,"neow_bonus":"BOSS_RELIC","is_daily":false,"chose_seed":false,"campfire_upgraded":2,"win_rate":0.0,"timestamp":1614225948,"path_taken":["M","M","M","?","M","R","M","E","T","$","M","R","E","M","R","BOSS"],"items_purchased_type":["Card"],"build_version":"2020-12-22","purchased_purges":1,"victory":false,"max_hp_per_floor":[75,75,75,75,75,75,75,75,75,75,75,75,75,75,75,75,75],"relic_stats":{"Torii":7,"counters":[10,46],"Boot":[0],"obtain_stats":[{"Torii":8,"Vajra":9,"Philosopher\u0027s Stone":0,"Boot":13,"Burning Blood":0},{"Torii":6,"Vajra":6,"Philosopher\u0027s Stone":0,"Boot":8,"Burning Blood":0},{"Torii":33,"Vajra":33,"Philosopher\u0027s Stone":0,"Boot":37,"Burning Blood":0}]},"card_choices":[{"not_picked":["Headbutt","Iron Wave"],"picked":"Clothesline","floor":1},{"not_picked":["Havoc","Warcry"],"picked":"Metallicize","floor":2},{"not_picked":["Clothesline","Pummel"],"picked":"Demon Form","floor":3},{"not_picked":["Bloodletting","Headbutt"],"picked":"Feel No Pain","floor":5},{"not_picked":["Intimidate","Headbutt","Perfected Strike"],"picked":"SKIP","floor":7},{"not_picked":["Perfected Strike","Dual Wield"],"picked":"Fiend Fire","floor":8},{"not_picked":["Clash","Anger"],"picked":"Reckless Charge","floor":11},{"not_picked":["Shrug It Off","Flex"],"picked":"True Grit","floor":13},{"not_picked":["Havoc","Warcry","Wild Strike"],"picked":"SKIP","floor":14}],"player_experience":580692,"relics_obtained":[{"floor":8,"key":"Torii"},{"floor":9,"key":"Vajra"},{"floor":13,"key":"Boot"}],"event_choices":[{"cards_removed":["Strike_R"],"damage_healed":0,"gold_gain":0,"player_choice":"Purged","damage_taken":0,"max_hp_gain":0,"max_hp_loss":0,"event_name":"Purifier","floor":4,"gold_loss":0}],"is_beta":false,"boss_relics":[],"items_purged_floors":[10],"is_endless":false,"potions_floor_spawned":[5,7,8],"killed_by":"The Guardian","ascension_level":20}}