{"host":"5ffrjkuvgrxgllwx","time":1614278896,"event":{"mods":["AchievementEnabler","BaseMod","Colored Map","Colored Powertips","Minty Spire (QoL Compilation)","Quick Restart","Rare Cards Sparkle","StSLib","everything is the same but u backflip on backflip"],"gold_per_floor":[116,116,41,41,41,80,80,115,115,115,138,86,161,86,86,179,179,193,36,59,82,26,26,26,41,66,116,116,141,141,66,66,161,161,184,184,59,0,31,31,31],"floor_reached":40,"language":"ENG","playtime":1644,"items_purged":["Strike_R","Perfected Strike","Writhe"],"score":807,"play_id":"212801b5-dabc-401e-b696-ce053e77aae2","local_time":"20210225134816","is_ascension_mode":true,"campfire_choices":[{"data":"Thunderclap","floor":7,"key":"SMITH"},{"data":"Flame Barrier","floor":10,"key":"SMITH"},{"data":"Armaments","floor":15,"key":"SMITH"},{"floor":23,"key":"REST"},{"floor":28,"key":"REST"},{"data":"Flame Barrier","floor":30,"key":"SMITH"},{"floor":32,"key":"REST"}],"circlet_count":0,"master_deck":["AscendersBane","Bash","Thunderclap+1","Second Wind+1","Flame Barrier+1","Iron Wave","Armaments+1","Metallicize","Offering","Barricade","Shrug It Off","Offering","Pummel","Dropkick","Feel No Pain","Metallicize","Flame Barrier+1","Berserk","Shockwave+1"],"relics":["Burning Blood","NeowsBlessing","Golden Idol","Bottled Flame","War Paint","Paper Frog","Pandora\u0027s Box","Nunchaku","Runic Cube","Red Mask","FossilizedHelix"],"acts_visited":["Exordium","TheCity","TheBeyond"],"potions_floor_usage":[16,16,21,21,33,40],"damage_taken":[{"damage":0,"enemies":"Cultist","floor":1,"turns":1},{"damage":0,"enemies":"3 Sentries","floor":6,"turns":2},{"damage":0,"enemies":"Lagavulin","floor":8,"turns":1},{"damage":6,"enemies":"2 Louse","floor":11,"turns":2},{"damage":33,"enemies":"Hexaghost","floor":16,"turns":16},{"damage":23,"enemies":"Chosen","floor":18,"turns":6},{"damage":17,"enemies":"Shell Parasite","floor":20,"turns":9},{"damage":15,"enemies":"Snake Plant","floor":21,"turns":8},{"damage":17,"enemies":"Centurion and Healer","floor":25,"turns":7},{"damage":21,"enemies":"Chosen and Byrds","floor":29,"turns":8},{"damage":48,"enemies":"Collector","floor":33,"turns":20},{"damage":26,"enemies":"Orb Walker","floor":35,"turns":5},{"damage":23,"enemies":"Mind Bloom Boss Battle","floor":39,"turns":9},{"damage":96,"enemies":"Giant Head","floor":40,"turns":11}],"seed_played":"-6340016514858196683","potions_obtained":[{"floor":6,"key":"Weak Potion"},{"floor":11,"key":"LiquidBronze"},{"floor":20,"key":"HeartOfIron"},{"floor":21,"key":"Swift Potion"}],"is_trial":false,"path_per_floor":["M","?","$","?","?","E","R","E","T","R","M","$","?","$","R","B",null,"M","$","M","M","$","R","?","M","T","?","R","M","R","?","R","B",null,"M","?","$","?","?","E"],"character_chosen":"IRONCLAD","items_purchased":["Armaments","Metallicize","Weak Potion","BloodPotion"],"campfire_rested":3,"item_purchase_floors":[12,14,19,22],"current_hp_per_floor":[74,74,74,48,41,47,47,53,53,53,53,53,42,42,42,15,60,43,43,32,23,23,45,60,49,49,49,71,56,56,56,75,33,65,45,60,60,60,43,0,0],"gold":31,"neow_bonus":"THREE_ENEMY_KILL","is_daily":false,"chose_seed":false,"campfire_upgraded":4,"win_rate":0.0,"timestamp":1614278896,"path_taken":["M","?","$","?","?","E","R","E","T","R","M","?","?","$","R","BOSS","M","$","M","M","$","R","?","M","T","?","R","M","R","?","R","BOSS","M","?","$","?","?","E"],"items_purchased_type":["Card","Card","Potion","Potion"],"build_version":"2020-12-22","purchased_purges":3,"victory":false,"max_hp_per_floor":[75,75,75,75,75,75,75,75,75,75,75,75,75,75,75,75,75,75,75,75,75,75,75,75,75,75,75,75,75,75,75,75,75,75,75,75,75,75,75,75,75],"card_choices":[{"not_picked":["Rampage","Twin Strike"],"picked":"Thunderclap","floor":1},{"not_picked":["Heavy Blade","Ghostly Armor","Flex"],"picked":"SKIP","floor":6},{"not_picked":["Blood for Blood","Dual Wield"],"picked":"Flame Barrier","floor":8},{"not_picked":["Headbutt","Wild Strike"],"picked":"Iron Wave","floor":11},{"not_picked":["Impervious","Bludgeon"],"picked":"Offering","floor":16},{"not_picked":["Searing Blow+1","Iron Wave"],"picked":"Dropkick","floor":18},{"not_picked":["Havoc","Anger"],"picked":"Feel No Pain","floor":20},{"not_picked":["Havoc","Warcry"],"picked":"Metallicize","floor":21},{"not_picked":["Perfected Strike+1","Headbutt+1","Iron Wave"],"picked":"SKIP","floor":25},{"not_picked":["Heavy Blade","Body Slam"],"picked":"Flame Barrier","floor":29},{"not_picked":["Feed","Exhume"],"picked":"Berserk","floor":33},{"not_picked":["Reckless Charge","Armaments","Body Slam"],"picked":"SKIP","floor":35},{"not_picked":["Anger+1","Dual Wield"],"picked":"Shockwave+1","floor":39}],"player_experience":1407866,"relics_obtained":[{"floor":6,"key":"Bottled Flame"},{"floor":8,"key":"War Paint"},{"floor":9,"key":"Paper Frog"},{"floor":26,"key":"Nunchaku"},{"floor":39,"key":"FossilizedHelix"}],"event_choices":[{"damage_healed":0,"gold_gain":0,"cards_transformed":["Strike_R"],"player_choice":"Change","damage_taken":0,"max_hp_gain":0,"max_hp_loss":0,"event_name":"Living Wall","floor":2,"gold_loss":0,"cards_obtained":["Second Wind"]},{"damage_healed":0,"gold_gain":0,"player_choice":"Take Damage","damage_taken":26,"relics_obtained":["Golden Idol"],"max_hp_gain":0,"max_hp_loss":0,"event_name":"Golden Idol","floor":4,"gold_loss":0},{"cards_removed":["Strike_R"],"damage_healed":0,"gold_gain":0,"player_choice":"Card Removal","damage_taken":7,"max_hp_gain":0,"max_hp_loss":0,"event_name":"Golden Wing","floor":5,"gold_loss":0},{"damage_healed":0,"gold_gain":75,"player_choice":"Gather Gold","damage_taken":11,"max_hp_gain":0,"max_hp_loss":0,"event_name":"World of Goop","floor":13,"gold_loss":0},{"damage_healed":15,"gold_gain":0,"player_choice":"Heal","damage_taken":0,"max_hp_gain":0,"max_hp_loss":0,"event_name":"The Library","floor":24,"gold_loss":0},{"damage_healed":0,"gold_gain":50,"player_choice":"Stole From Cult","damage_taken":0,"max_hp_gain":0,"max_hp_loss":0,"event_name":"Nest","floor":27,"gold_loss":0},{"cards_removed":["Reckless Charge"],"damage_healed":0,"gold_gain":0,"player_choice":"Gave Gold","damage_taken":0,"max_hp_gain":0,"max_hp_loss":0,"event_name":"Beggar","floor":31,"gold_loss":75},{"damage_healed":15,"gold_gain":0,"player_choice":"Writhe","damage_taken":0,"max_hp_gain":0,"max_hp_loss":0,"event_name":"Winding Halls","floor":36,"gold_loss":0,"cards_obtained":["Writhe"]},{"damage_healed":0,"gold_gain":0,"player_choice":"Paid","damage_taken":0,"relics_obtained":["Red Mask"],"max_hp_gain":0,"max_hp_loss":0,"event_name":"Tomb of Lord Red Mask","floor":38,"gold_loss":59},{"damage_healed":0,"gold_gain":0,"player_choice":"Fight","damage_taken":0,"max_hp_gain":0,"max_hp_loss":0,"event_name":"MindBloom","floor":39,"gold_loss":0}],"is_beta":false,"boss_relics":[{"not_picked":["Tiny House","SacredBark"],"picked":"Pandora\u0027s Box"},{"not_picked":["Cursed Key","Empty Cage"],"picked":"Runic Cube"}],"items_purged_floors":[3,19,37],"is_endless":false,"potions_floor_spawned":[6,11,20,21,25],"killed_by":"Giant Head","ascension_level":17}}