{"host":"zksvs3x2ysy9npnz","time":1614278700,"event":{"mods":["Aspiration","BaseMod","Beaked The Cultist","BetterRewards","Clockwork Mod","Colored Map","Conspire","Downfall","Halation","Highlight Path","Hubris","Infinite Spire","Jedi Mod","Magitek Elite","Minty Spire (QoL Compilation)","Permanent Neow","Quick Restart","Relic Stats","Shop Mod","StSLib","The Runesmith","The Witch"],"gold_per_floor":[99,117,134,43,43,76,102,102,131,131,146,163,177,5,17,17,17,17],"floor_reached":16,"language":"FRA","playtime":1810,"items_purged":["hexamod:NightmareStrike"],"score":134,"play_id":"2c77382b-8169-4cf1-946b-9dd25a113aca","local_time":"20210225194500","is_ascension_mode":true,"campfire_choices":[{"data":"hexamod:Float","floor":1.0,"key":"SMITH"},{"data":"hexamod:NightmareGuise","floor":8.0,"key":"SMITH"},{"data":"hexamod:NightmareStrike","floor":10.0,"key":"SMITH"}],"circlet_count":0,"master_deck":["hexamod:Strike","hexamod:Strike","hexamod:Strike","hexamod:Strike","hexamod:Defend","hexamod:Defend","hexamod:Defend","hexamod:Defend","hexamod:Sear+1","hexamod:Float+1","hexamod:NightmareGuise+1","hexamod:Firestarter","hexamod:NightmareStrike+1","hexamod:Again","hexamod:GhostflameInferno","hexamod:CatchUp","hexamod:SwordOfDarkness","conspire:Banana","hexamod:SwordOfDarkness"],"relics":["hexamod:SpiritBrand","halation:SwordOfLegend","hubris:ToyBattleship","halation:KoshaPiece"],"acts_visited":["Exordium"],"potions_floor_usage":[16,16],"damage_taken":[{"damage":1.0,"enemies":"2 Louse","floor":2.0,"turns":4.0},{"damage":0.0,"enemies":"Cultist","floor":3.0,"turns":3.0},{"damage":0.0,"enemies":"downfall:FleeingMerchant","floor":4.0,"turns":4.0},{"damage":29.0,"enemies":"Lagavulin","floor":6.0,"turns":8.0},{"damage":10.0,"enemies":"3 Sentries","floor":9.0,"turns":9.0},{"damage":0.0,"enemies":"Jaw Worm","floor":11.0,"turns":3.0},{"damage":0.0,"enemies":"conspire:2 RoseBushes","floor":12.0,"turns":4.0},{"damage":0.0,"enemies":"2 Fungi Beasts","floor":13.0,"turns":3.0},{"damage":0.0,"enemies":"downfall:FleeingMerchant","floor":14.0,"turns":4.0},{"damage":10,"enemies":"Large Slime","floor":15,"turns":5},{"damage":35,"enemies":"WA_ARCHETYPE_RETAIN","floor":16,"turns":7}],"seed_played":"-8371106281325220585","potions_obtained":[{"floor":6.0,"key":"hexamod:SoulburnPotion"},{"floor":12.0,"key":"PowerPotion"},{"floor":13.0,"key":"Strength Potion"}],"is_trial":false,"path_per_floor":["R","M","M","$","?","E","T","R","E","R","M","M","M","$","M","B"],"character_chosen":"THE_SPIRIT","items_purchased":["hexamod:RainOfEmbers","conspire:Banana"],"campfire_rested":0,"item_purchase_floors":[4,14],"current_hp_per_floor":[70,69,69,69,70,41,41,40,30,33,33,33,33,33,24,0,0,0],"gold":17,"neow_bonus":"UPGRADE_CARD","is_daily":false,"chose_seed":false,"campfire_upgraded":3,"win_rate":0.0,"timestamp":1614278700,"path_taken":["R","M","M","$","?","E","T","R","E","R","?","M","M","$","M","BOSS"],"items_purchased_type":["Card","Card"],"build_version":"2020-12-22","purchased_purges":1,"victory":false,"max_hp_per_floor":[70,70,70,70,70,70,70,70,70,70,70,70,70,70,71,72,72,72],"relic_stats":{"counters":[11,54],"obtain_stats":[{"halation:SwordOfLegend":6,"hubris:ToyBattleship":7,"halation:KoshaPiece":9,"hexamod:SpiritBrand":0},{"halation:SwordOfLegend":4,"hubris:ToyBattleship":4,"halation:KoshaPiece":5,"hexamod:SpiritBrand":0},{"halation:SwordOfLegend":19,"hubris:ToyBattleship":19,"halation:KoshaPiece":28,"hexamod:SpiritBrand":0}]},"card_choices":[{"not_picked":["hexamod:NecessarySacrifice","hexamod:NightmareStrike"],"picked":"hexamod:NightmareGuise","floor":2.0},{"not_picked":["hexamod:ThermalTransfer","hexamod:PowerFromBeyond"],"picked":"hexamod:Firestarter","floor":3.0},{"not_picked":["hexamod:HeatShield","hexamod:SecondSeal"],"picked":"hexamod:NightmareStrike","floor":4.0},{"not_picked":["hexamod:HeatCrush","hexamod:GhostShield","hexamod:GhostLash"],"picked":"SKIP","floor":6.0},{"not_picked":["hexamod:BacktrackSmack","hexamod:SecondSeal"],"picked":"hexamod:NightmareStrike","floor":9.0},{"not_picked":["hexamod:FlamesFromBeyond","hexamod:NecessarySacrifice"],"picked":"hexamod:Again","floor":11.0},{"not_picked":["hexamod:GhostShield","hexamod:DynamicBlow"],"picked":"hexamod:GhostflameInferno","floor":12.0},{"not_picked":["hexamod:FastForward","hexamod:ExtraCrispy"],"picked":"hexamod:CatchUp","floor":13.0},{"not_picked":["hexamod:HexaLevel","hexamod:HauntingEcho"],"picked":"hexamod:SwordOfDarkness","floor":14.0},{"not_picked":["hexamod:NightmareGuise","hexamod:BacktrackSmack"],"picked":"hexamod:SwordOfDarkness","floor":15}],"player_experience":1951864,"relics_obtained":[{"floor":6.0,"key":"halation:SwordOfLegend"},{"floor":7.0,"key":"hubris:ToyBattleship"},{"floor":9.0,"key":"halation:KoshaPiece"}],"event_choices":[{"cards_removed":["hexamod:RainOfEmbers"],"damage_healed":1.0,"max_hp_gain":0.0,"max_hp_loss":0.0,"gold_gain":0.0,"event_name":"Bonfire Elementals","player_choice":"Offered Uncommon","floor":5.0,"gold_loss":0.0,"damage_taken":0.0}],"is_beta":false,"boss_relics":[],"items_purged_floors":[14],"is_endless":false,"potions_floor_spawned":[6,12,13],"killed_by":"WA_ARCHETYPE_RETAIN","ascension_level":4}}