{"host":"kejh1c9c53env2nx","time":1614215130,"event":{"mods":["BaseMod","Downfall","Minty Spire (QoL Compilation)","StSLib"],"gold_per_floor":[118,118,118,131,131,165,184,215,287,297,317,317,332,332,332,437,437,454,467,467,467],"floor_reached":20,"language":"ENG","playtime":1719,"items_purged":[],"score":211,"play_id":"94c09fb6-503b-48d3-bee1-773a3f321b65","local_time":"20210225010530","is_ascension_mode":false,"campfire_choices":[{"data":"Eruption","floor":12,"key":"SMITH"},{"floor":15,"key":"REST"}],"circlet_count":0,"master_deck":["Strike_P","Strike_P","Strike_P","Defend_P","Defend_P","Defend_P","Defend_P","Eruption+1","Vigilance","FlyingSleeves","WaveOfTheHand","Protect","EmptyFist","WreathOfFlame","CutThroughFate","Perseverance","FlyingSleeves","DevaForm","SandsOfTime","FlurryOfBlows"],"relics":["PureWater","NeowsBlessing","Calipers","Dream Catcher","Gremlin Horn","Black Star"],"acts_visited":["Exordium","TheCity"],"potions_floor_usage":[8,8,19],"damage_taken":[{"damage":0,"enemies":"Small Slimes","floor":1,"turns":1},{"damage":0,"enemies":"Jaw Worm","floor":4,"turns":1},{"damage":0,"enemies":"Lagavulin","floor":6,"turns":2},{"damage":0,"enemies":"Cultist","floor":7,"turns":5},{"damage":8,"enemies":"3 Sentries","floor":8,"turns":8},{"damage":2,"enemies":"Blue Slaver","floor":10,"turns":6},{"damage":0,"enemies":"2 Fungi Beasts","floor":11,"turns":3},{"damage":8,"enemies":"Exordium Thugs","floor":13,"turns":3},{"damage":49,"enemies":"The Guardian","floor":16,"turns":12},{"damage":55,"enemies":"3 Byrds","floor":18,"turns":8},{"damage":0,"enemies":"Spheric Guardian","floor":19,"turns":4},{"damage":0,"enemies":"Centurion and Healer","floor":20,"turns":1}],"seed_played":"-1550409713453584760","potions_obtained":[{"floor":4,"key":"SneckoOil"},{"floor":6,"key":"SneckoOil"},{"floor":18,"key":"Block Potion"}],"is_trial":false,"path_per_floor":["M","?","?","M","?","E","M","E","T","M","M","R","M","?","R","B",null,"M","M","M"],"character_chosen":"WATCHER","items_purchased":[],"campfire_rested":1,"item_purchase_floors":[],"current_hp_per_floor":[72,72,72,72,72,72,72,64,64,62,62,62,54,54,72,23,72,17,17,17,17],"gold":467,"neow_bonus":"THREE_ENEMY_KILL","is_daily":false,"chose_seed":false,"campfire_upgraded":1,"win_rate":0.0,"timestamp":1614215130,"path_taken":["M","?","?","?","?","E","M","E","T","M","M","R","M","?","R","BOSS","M","M","M"],"items_purchased_type":[],"build_version":"2020-12-22","purchased_purges":0,"victory":false,"max_hp_per_floor":[72,72,72,72,72,72,72,72,72,72,72,72,72,72,72,72,72,72,72,72,72],"card_choices":[{"not_picked":["FlurryOfBlows","Prostrate"],"picked":"FlyingSleeves","floor":1},{"not_picked":["CutThroughFate","JustLucky"],"picked":"WaveOfTheHand","floor":4},{"not_picked":["Evaluate","EmptyBody"],"picked":"Protect","floor":6},{"not_picked":["CutThroughFate","SignatureMove"],"picked":"EmptyFist","floor":7},{"not_picked":["Prostrate","ThirdEye"],"picked":"WreathOfFlame","floor":8},{"not_picked":["Prostrate","Pray"],"picked":"CutThroughFate","floor":10},{"not_picked":["Nirvana","SignatureMove","Brilliance"],"picked":"SKIP","floor":11},{"not_picked":["Halt","Evaluate"],"picked":"Perseverance","floor":13},{"not_picked":["FollowUp","ThirdEye"],"picked":"FlyingSleeves","floor":15},{"not_picked":["Blasphemy","Scrawl"],"picked":"DevaForm","floor":16},{"not_picked":["Consecrate","LikeWater+1"],"picked":"SandsOfTime","floor":18},{"not_picked":["CarveReality","LikeWater+1"],"picked":"FlurryOfBlows","floor":19}],"player_experience":100137,"relics_obtained":[{"floor":6,"key":"Calipers"},{"floor":8,"key":"Dream Catcher"},{"floor":9,"key":"Gremlin Horn"}],"event_choices":[{"damage_healed":0,"gold_gain":0,"player_choice":"Ignored","damage_taken":0,"max_hp_gain":0,"max_hp_loss":0,"event_name":"Liars Game","floor":2,"gold_loss":0},{"cards_removed":["Strike_P"],"damage_healed":0,"gold_gain":0,"player_choice":"Purged","damage_taken":0,"max_hp_gain":0,"max_hp_loss":0,"event_name":"Purifier","floor":3,"gold_loss":0},{"damage_healed":0,"gold_gain":0,"player_choice":"Leave","damage_taken":0,"max_hp_gain":0,"max_hp_loss":0,"event_name":"The Cleric","floor":5,"gold_loss":0},{"damage_healed":0,"gold_gain":0,"player_choice":"Ignored","damage_taken":0,"max_hp_gain":0,"max_hp_loss":0,"event_name":"NoteForYourself","floor":14,"gold_loss":0}],"is_beta":false,"boss_relics":[{"not_picked":["bronze:MakeshiftBattery","Calling Bell"],"picked":"Black Star"}],"items_purged_floors":[],"is_endless":false,"potions_floor_spawned":[4,6,18],"killed_by":"Centurion and Healer","ascension_level":0}}