{"host":"w7luwlzeuqu3cdo6","time":1614281963,"event":{"mods":["BaseMod","Downfall","Minty Spire (QoL Compilation)","StSLib"],"gold_per_floor":[99,113,133,133,145,159,159,159,188,27,27,53,53,70,88,193,193,93,112,123,123,137,218,242,242,276,295,325,342,342,362,382,484,484,484,494,494,505,515,546,573,587,605,640,648,668,668,696,711,711,711,711],"floor_reached":50,"language":"ENG","playtime":6565,"items_purged":["champ:Strike"],"score":739,"play_id":"d97f9eaf-5be5-4a32-a351-af9d422c4813","local_time":"20210225203923","is_ascension_mode":false,"campfire_choices":[{"data":"champ:Execute","floor":1,"key":"SMITH"},{"data":"champ:StanceDance","floor":8,"key":"SMITH"},{"data":"champ:LastStand","floor":11,"key":"SMITH"},{"data":"champ:ShieldThrow","floor":13,"key":"SMITH"},{"data":"champ:MurderStrike","floor":18,"key":"SMITH"},{"data":"champ:UltimateStance","floor":35,"key":"SMITH"}],"circlet_count":0,"master_deck":["champ:Strike","champ:Strike","champ:Strike","champ:Defend","champ:Defend","champ:Defend","champ:Defend","champ:Execute+1","champ:Taunt","champ:StanceDance+1","champ:IronFortress","champ:Endure","champ:ArenaPreparation","champ:LastStand+1","champ:ShieldThrow+1","champ:EnragedBash","champ:ShieldWall","champ:MurderStrike+1","champ:StanceDance+1","champ:FocusedBerserking","champ:RisingSlash","champ:EnGarde+1","champ:EndlessRage","champ:AdrenalArmor+1","champ:PreciseThrust+1","champ:UltimateStance+1","champ:FancyFootwork+1","champ:EnGarde+1","champ:RecklessLeap+1","champ:Lariat","champ:Improvising","expansioncontent:PrepareCrush","champ:AdrenalArmor+1","champ:Backstep+1"],"relics":["champ:ChampionCrownUpgraded","Shuriken","Mercury Hourglass","Lantern","Sozu","downfall:HeartBlessingGreen","Meat on the Bone","Tiny Chest","sneckomod:BabySnecko","Toy Ornithopter","Gambling Chip","Spirit Poop","HornCleat","Singing Bowl","Happy Flower","MealTicket","Chemical X","Ornamental Fan"],"acts_visited":["Exordium","TheCity","TheBeyond"],"potions_floor_usage":[16,50,50],"damage_taken":[{"damage":26,"enemies":"Jaw Worm","floor":2,"turns":4},{"damage":15,"enemies":"Cultist","floor":3,"turns":3},{"damage":10,"enemies":"Small Slimes","floor":5,"turns":2},{"damage":45,"enemies":"Exordium Wildlife","floor":6,"turns":6},{"damage":30,"enemies":"Lagavulin","floor":9,"turns":7},{"damage":20,"enemies":"downfall:FleeingMerchant","floor":10,"turns":4},{"damage":18,"enemies":"Gremlin Nob","floor":12,"turns":4},{"damage":5,"enemies":"Large Slime","floor":14,"turns":4},{"damage":15,"enemies":"3 Louse","floor":15,"turns":3},{"damage":32,"enemies":"IC_STATUS_ARCHETYPE","floor":16,"turns":7},{"damage":40,"enemies":"Shell Parasite","floor":19,"turns":4},{"damage":15,"enemies":"Spheric Guardian","floor":20,"turns":2},{"damage":24,"enemies":"Cultist and Chosen","floor":22,"turns":4},{"damage":30,"enemies":"Slavers","floor":26,"turns":5},{"damage":39,"enemies":"Shelled Parasite and Fungi","floor":27,"turns":4},{"damage":43,"enemies":"Book of Stabbing","floor":28,"turns":4},{"damage":10,"enemies":"Snake Plant","floor":29,"turns":3},{"damage":33,"enemies":"Snecko","floor":31,"turns":5},{"damage":46,"enemies":"Centurion and Healer","floor":32,"turns":4},{"damage":113,"enemies":"SI_MIRROR_ARCHETYPE","floor":33,"turns":7},{"damage":20,"enemies":"Orb Walker","floor":36,"turns":2},{"damage":45,"enemies":"3 Darklings","floor":38,"turns":4},{"damage":54,"enemies":"Writhing Mass","floor":39,"turns":4},{"damage":85,"enemies":"Nemesis","floor":40,"turns":5},{"damage":90,"enemies":"Maw","floor":42,"turns":5},{"damage":60,"enemies":"3 Darklings","floor":43,"turns":4},{"damage":70,"enemies":"Reptomancer","floor":44,"turns":4},{"damage":100,"enemies":"downfall:FleeingMerchant","floor":45,"turns":4},{"damage":60,"enemies":"Jaw Worm Horde","floor":46,"turns":2},{"damage":105,"enemies":"Giant Head","floor":48,"turns":4},{"damage":30,"enemies":"Spire Growth","floor":49,"turns":2},{"damage":132,"enemies":"WA_ARCHETYPE_DIVINITY","floor":50,"turns":7}],"seed_played":"8879702125909828964","potions_obtained":[{"floor":9,"key":"Block Potion"},{"floor":14,"key":"bronze:BurnAndBuffPotion"},{"floor":16,"key":"bronze:BurnAndBuffPotion"}],"is_trial":false,"path_per_floor":["R","M","M","?","M","M","T","R","E","$","R","E","R","M","M","B",null,"R","M","M","?","M","T","T","?","E","M","E","M","?","M","M","B",null,"R","M","T","M","M","E","T","M","M","E","$","M","?","E","M","B"],"character_chosen":"THE_CHAMP","items_purchased":["champ:ShieldThrow","Chemical X","expansioncontent:PrepareCrush"],"campfire_rested":0,"item_purchase_floors":[10,45,45],"current_hp_per_floor":[99,93,93,93,93,73,73,73,73,73,73,65,65,65,60,58,99,99,99,99,99,95,95,95,95,85,83,82,82,82,91,85,57,99,99,99,99,99,99,99,99,101,103,105,105,105,105,105,107,0,0,0],"gold":711,"neow_bonus":"TEN_PERCENT_HP_BONUS","is_daily":false,"chose_seed":false,"campfire_upgraded":6,"win_rate":0.0,"timestamp":1614281963,"path_taken":["R","M","M","?","M","M","T","R","E","$","R","E","R","?","M","BOSS","R","M","M","?","M","?","T","?","E","M","E","M","?","?","M","BOSS","R","M","?","M","M","E","T","M","M","E","$","M","?","E","M","BOSS"],"items_purchased_type":["Card","Relic","Card"],"build_version":"2020-12-22","purchased_purges":1,"victory":false,"max_hp_per_floor":[99,99,99,99,99,99,99,99,99,99,99,99,99,99,99,99,99,99,99,99,99,99,99,99,99,99,99,99,99,99,99,99,99,99,99,99,99,99,99,99,99,101,103,105,105,105,105,105,107,107,107,107],"card_choices":[{"not_picked":["champ:ShieldSlam","champ:EnGarde"],"picked":"champ:StanceDance","floor":2},{"not_picked":["champ:PreciseThrust","champ:FlashCut"],"picked":"champ:IronFortress","floor":3},{"not_picked":["champ:PerfectedStrike","champ:CrownThrow"],"picked":"champ:Endure","floor":5},{"not_picked":["champ:ShieldSlam","champ:Haymaker","champ:Shatter"],"picked":"SKIP","floor":6},{"not_picked":["champ:FanOfKnives","champ:BladeFlurry"],"picked":"champ:ArenaPreparation","floor":9},{"not_picked":["champ:BerserkersShout","champ:GladiatorStyle"],"picked":"champ:LastStand","floor":10},{"not_picked":["champ:Backstep","champ:Haymaker"],"picked":"champ:EnragedBash","floor":12},{"not_picked":["champ:GutPunch","champ:Encircle","champ:BladeFlurry"],"picked":"SKIP","floor":14},{"not_picked":["champ:EnGarde","champ:PerfectedStrike"],"picked":"champ:ShieldWall","floor":15},{"not_picked":["champ:CheapShot","champ:Devastate"],"picked":"champ:MurderStrike","floor":16},{"not_picked":["champ:CalledShot","champ:ArenaPreparation"],"picked":"champ:StanceDance+1","floor":19},{"not_picked":["champ:FalseCounter","champ:GladiatorStyle"],"picked":"champ:FocusedBerserking","floor":20},{"not_picked":["champ:FlashCut","champ:SetATrap"],"picked":"champ:RisingSlash","floor":22},{"not_picked":["champ:Haymaker","champ:DeathBlow"],"picked":"champ:EnGarde+1","floor":26},{"not_picked":["champ:Encircle+1","champ:PreemptiveStrike"],"picked":"champ:EndlessRage","floor":27},{"not_picked":["champ:Backstep","champ:GutPunch"],"picked":"champ:AdrenalArmor+1","floor":28},{"not_picked":["champ:BringItOn","champ:FanOfKnives"],"picked":"champ:PreciseThrust+1","floor":29},{"not_picked":["champ:Shatter","champ:ShieldSlam","champ:ArenaPreparation"],"picked":"SKIP","floor":31},{"not_picked":["champ:FlashCut","champ:FocusedBerserking","champ:PreemptiveStrike+1"],"picked":"SKIP","floor":32},{"not_picked":["champ:LastStand","champ:IgnorePain"],"picked":"champ:UltimateStance","floor":33},{"not_picked":["champ:PreciseThrust+1","champ:FocusedBerserking+1"],"picked":"champ:FancyFootwork+1","floor":36},{"not_picked":["champ:GutPunch+1","champ:Circumvent+1"],"picked":"champ:EnGarde+1","floor":38},{"not_picked":["champ:FanOfKnives","champ:SkillfulDodge"],"picked":"champ:RecklessLeap+1","floor":39},{"not_picked":["champ:Improvising","champ:Circumvent"],"picked":"champ:Lariat","floor":40},{"not_picked":["champ:SetATrap","champ:GutPunch+1","champ:FocusedBerserking+1"],"picked":"Singing Bowl","floor":42},{"not_picked":["champ:BringItOn","champ:FocusedDefense+1","champ:FaceSlap"],"picked":"Singing Bowl","floor":43},{"not_picked":["champ:FlashCut","champ:ShieldThrow","champ:SetATrap"],"picked":"Singing Bowl","floor":44},{"not_picked":["champ:Duel","champ:TornadoPunch+1"],"picked":"champ:Improvising","floor":45},{"not_picked":["champ:SetATrap","champ:EnGarde"],"picked":"champ:AdrenalArmor+1","floor":46},{"not_picked":["champ:Haymaker","champ:EnragedBash"],"picked":"champ:Backstep+1","floor":48},{"not_picked":["champ:TornadoPunch","champ:EnragedBash+1","champ:Endure"],"picked":"Singing Bowl","floor":49}],"player_experience":244281,"relics_obtained":[{"floor":7,"key":"Shuriken"},{"floor":9,"key":"Mercury Hourglass"},{"floor":12,"key":"Lantern"},{"floor":23,"key":"Meat on the Bone"},{"floor":24,"key":"Tiny Chest"},{"floor":26,"key":"Toy Ornithopter"},{"floor":28,"key":"Gambling Chip"},{"floor":37,"key":"HornCleat"},{"floor":40,"key":"Singing Bowl"},{"floor":41,"key":"Happy Flower"},{"floor":44,"key":"MealTicket"},{"floor":48,"key":"Ornamental Fan"}],"event_choices":[{"damage_healed":0,"gold_gain":0,"player_choice":"Ignored","damage_taken":0,"max_hp_gain":0,"max_hp_loss":0,"event_name":"NoteForYourself","floor":4,"gold_loss":0},{"damage_healed":0,"gold_gain":0,"player_choice":"Ignored","damage_taken":0,"max_hp_gain":0,"max_hp_loss":0,"event_name":"Vampires","floor":21,"gold_loss":0},{"cards_removed":["downfall:Bewildered"],"damage_healed":0,"gold_gain":0,"player_choice":"Offered Curse","damage_taken":0,"relics_obtained":["Spirit Poop"],"max_hp_gain":0,"max_hp_loss":0,"event_name":"Bonfire Elementals","floor":30,"gold_loss":0}],"is_beta":false,"boss_relics":[{"not_picked":["Snecko Eye","Busted Crown"],"picked":"Sozu"},{"not_picked":["Philosopher\u0027s Stone","Coffee Dripper"],"picked":"champ:ChampionCrownUpgraded"}],"items_purged_floors":[45],"is_endless":false,"potions_floor_spawned":[9,14,16,22,26,29,32,33,36,38,44,46,49],"killed_by":"WA_ARCHETYPE_DIVINITY","ascension_level":0}}