{"host":"0mk07bycsqo1qk03","time":1614242317,"event":{"mods":["BaseMod","Downfall","Hermit","Hubris","Minty Spire (QoL Compilation)","Reliquary","Replay The Spire","Spicy Shops","StSLib","The Hierophant"],"gold_per_floor":[115,115,115,131,131,131,157,157,157,188,188,188,188,6,6,12,12],"floor_reached":16,"language":"ENG","playtime":405,"items_purged":["Strike_R","Strike_R"],"score":176,"play_id":"9a6486c3-2c39-4e36-9503-a9c52db1cb97","local_time":"20210225093837","is_ascension_mode":true,"campfire_choices":[{"data":"Rupture","floor":8,"key":"SMITH"},{"data":"Battle Trance","floor":11,"key":"SMITH"},{"data":"Hemokinesis","floor":13,"key":"SMITH"},{"data":"Bash","floor":15,"key":"SMITH"}],"circlet_count":0,"master_deck":["AscendersBane","Strike_R","Strike_R","Strike_R","Defend_R","Defend_R","Defend_R","Bash+1","Panacea","Uppercut+1","Hemokinesis+1","Wild Strike+1","Rupture+1","Battle Trance+1"],"relics":["Burning Blood","hubris:Icosahedron","Replay:Bandana","reliquary:BallBearing","hubris:Towel","Omamori","ReplayTheSpireMod:CursedCoin"],"acts_visited":["Exordium"],"potions_floor_usage":[10],"damage_taken":[{"damage":11,"enemies":"Jaw Worm","floor":1,"turns":5},{"damage":7,"enemies":"Small Slimes","floor":4,"turns":3},{"damage":0,"enemies":"2 Louse","floor":7,"turns":2},{"damage":7,"enemies":"Gremlin Gang","floor":10,"turns":3},{"damage":71,"enemies":"Hexaghost","floor":16,"turns":9}],"seed_played":"-1713202031138138857","potions_obtained":[{"floor":4,"key":"AttackPotion"},{"floor":7,"key":"SteroidPotion"}],"is_trial":false,"path_per_floor":["M","?","?","M","?","T","M","R","T","M","R","?","R","$","R","B"],"character_chosen":"IRONCLAD","items_purchased":["Omamori","ReplayTheSpireMod:CursedCoin"],"campfire_rested":0,"item_purchase_floors":[14,14],"current_hp_per_floor":[63,63,63,62,62,62,68,68,68,67,67,67,67,67,67,0,0],"gold":12,"neow_bonus":"RANDOM_COLORLESS","is_daily":false,"chose_seed":false,"campfire_upgraded":4,"win_rate":0.0,"timestamp":1614242317,"path_taken":["M","?","?","M","?","?","?","R","T","?","R","?","R","$","R","BOSS"],"items_purchased_type":["Relic","Relic"],"build_version":"2020-12-22","purchased_purges":2,"victory":false,"max_hp_per_floor":[75,75,75,75,75,75,75,75,75,75,75,75,75,75,75,75,75],"card_choices":[{"not_picked":["PanicButton","Forethought"],"picked":"Panacea","floor":0},{"not_picked":["Replay:Undeath\u0027s Touch","Pommel Strike"],"picked":"Uppercut","floor":1},{"not_picked":["True Grit","Flex"],"picked":"Hemokinesis","floor":4},{"not_picked":["hubris:ReadiedAction","Cleave"],"picked":"Rupture","floor":7},{"not_picked":["Sentinel","Cleave"],"picked":"Battle Trance","floor":10}],"player_experience":1071806,"relics_obtained":[{"floor":6,"key":"Replay:Bandana"},{"floor":9,"key":"reliquary:BallBearing"}],"event_choices":[{"damage_healed":0,"gold_gain":0,"player_choice":"Grow","damage_taken":0,"max_hp_gain":0,"max_hp_loss":0,"event_name":"Living Wall","floor":3,"gold_loss":0,"cards_upgraded":["Uppercut"]}],"is_beta":false,"boss_relics":[],"items_purged_floors":[14,14],"is_endless":false,"potions_floor_spawned":[4,7],"killed_by":"Hexaghost","ascension_level":20}}