{"host":"emzatosnsokm6754","time":1614239427,"event":{"mods":["Act Like it!","BaseMod","Bossed Relics","Colored Powertips","Dota2Spire","Energized Spire","Minty Spire (QoL Compilation)","Rare Cards Sparkle","Replay The Spire","Ruina","Small Relic Pack","StSLib","The Hierophant","The Servant 0.9.4"],"gold_per_floor":[109,70,70,70,84,110,110,140,164,129,141,155,171,199,199,294,294,309,326,326,42,42,71,71,83,83,83,83],"floor_reached":27,"language":"ENG","playtime":1013,"items_purged":[],"score":304,"play_id":"95f2cfd0-10f7-422c-b24d-b08ed6eea51d","local_time":"20210225205027","is_ascension_mode":true,"campfire_choices":[{"data":"SignatureMove","floor":15,"key":"SMITH"},{"data":"Fasting2","floor":24,"key":"SMITH"}],"circlet_count":0,"master_deck":["Strike_P","Strike_P","Strike_P","Strike_P+1","Defend_P+1","Defend_P","Defend_P","Defend_P","Eruption","Vigilance","Collect","CrushJoints+1","SashWhip","InnerPeace","Prostrate","SignatureMove","Replay:LoomingThreat","Fasting2+1","SignatureMove+1","SpiritShield","Vengeance","JustLucky+1","ruina:Smile+1","ruina:Mimicry","Prostrate+1","FlyingSleeves+1"],"relics":["PureWater","NeowsBlessing","Dota2Spire:OctarineCore","Bottled Lightning","Replay:Baseball","Blue Doll","Potion Belt","energizedSpire:SpiderWeb","Replay:Wax Seal","Matryoshka"],"acts_visited":["Exordium","ruina:Briah"],"potions_floor_usage":[14,16,16,25,27],"damage_taken":[{"damage":0,"enemies":"Small Slimes","floor":1,"turns":1},{"damage":0,"enemies":"Jaw Worm","floor":5,"turns":1},{"damage":0,"enemies":"3 Sentries","floor":6,"turns":1},{"damage":4,"enemies":"2 Louse","floor":7,"turns":2},{"damage":15,"enemies":"Lagavulin","floor":8,"turns":5},{"damage":0,"enemies":"Exordium Thugs","floor":11,"turns":3},{"damage":3,"enemies":"Looter","floor":12,"turns":2},{"damage":0,"enemies":"2 Fungi Beasts","floor":13,"turns":3},{"damage":4,"enemies":"Gremlin Nob","floor":14,"turns":3},{"damage":8,"enemies":"The Guardian","floor":16,"turns":9},{"damage":14,"enemies":"ruina:2_Scarecrows","floor":18,"turns":5},{"damage":20,"enemies":"ruina:Nosferatu","floor":19,"turns":5},{"damage":2,"enemies":"ruina:ServantOfWrath","floor":23,"turns":3},{"damage":47,"enemies":"ruina:Woodsman","floor":25,"turns":6},{"damage":8,"enemies":"ruina:Mountain","floor":27,"turns":1}],"seed_played":"7113022371497336512","potions_obtained":[{"floor":5,"key":"CultistPotion"},{"floor":11,"key":"Block Potion"},{"floor":12,"key":"Languid Potion"},{"floor":14,"key":"Strength Potion"},{"floor":19,"key":"Dota2Spire:Clarity"}],"is_trial":false,"path_per_floor":["M","$","?","T","M","E","M","E","T","?","M","M","M","E","R","B",null,"M","M","?","$","?","E","R","M","T","E"],"character_chosen":"WATCHER","items_purchased":["CrushJoints+1","ruina:Smile+1","ruina:Mimicry"],"campfire_rested":0,"item_purchase_floors":[2,21,21],"current_hp_per_floor":[72,72,58,58,58,58,54,39,39,57,57,54,54,50,50,42,72,58,38,38,38,38,36,36,5,5,0,0],"gold":83,"neow_bonus":"THREE_ENEMY_KILL","is_daily":false,"chose_seed":false,"campfire_upgraded":2,"win_rate":0.0,"timestamp":1614239427,"path_taken":["M","$","?","?","M","E","M","E","T","?","M","M","M","E","R","BOSS","M","M","?","$","?","E","R","M","T","E"],"items_purchased_type":["Card","Card","Card"],"build_version":"2020-12-22","purchased_purges":0,"victory":false,"max_hp_per_floor":[72,72,72,72,72,72,72,72,72,72,72,72,72,72,72,72,72,72,72,72,72,72,72,72,72,72,72,72],"card_choices":[{"not_picked":["SashWhip","ClearTheMind"],"picked":"Collect","floor":1},{"not_picked":["CutThroughFate","Halt"],"picked":"SashWhip","floor":5},{"not_picked":["ThirdEye","LikeWater"],"picked":"InnerPeace","floor":6},{"not_picked":["Sanctity","FlurryOfBlows"],"picked":"Prostrate","floor":7},{"not_picked":["FlyingSleeves","EmptyMind"],"picked":"SignatureMove","floor":8},{"not_picked":["ThirdEye","Wallop"],"picked":"Replay:LoomingThreat","floor":11},{"not_picked":["Nirvana","Consecrate"],"picked":"Fasting2","floor":12},{"not_picked":["MentalFortress","ThirdEye","Halt"],"picked":"SKIP","floor":13},{"not_picked":["Collect","Consecrate"],"picked":"SignatureMove","floor":14},{"not_picked":["Replay:AllIn","Scrawl"],"picked":"SpiritShield","floor":16},{"not_picked":["JustLucky+1","CrushJoints"],"picked":"Vengeance","floor":18},{"not_picked":["Meditate","Evaluate"],"picked":"JustLucky+1","floor":19},{"not_picked":["PathToVictory","Protect+1"],"picked":"Prostrate+1","floor":23},{"not_picked":["Crescendo+1","FlurryOfBlows"],"picked":"FlyingSleeves+1","floor":25}],"player_experience":224718,"relics_obtained":[{"floor":4,"key":"Dota2Spire:OctarineCore"},{"floor":6,"key":"Bottled Lightning"},{"floor":8,"key":"Replay:Baseball"},{"floor":9,"key":"Blue Doll"},{"floor":14,"key":"Potion Belt"},{"floor":23,"key":"Replay:Wax Seal"},{"floor":26,"key":"Matryoshka"}],"event_choices":[{"damage_healed":0,"gold_gain":0,"player_choice":"Entered Light","damage_taken":14,"max_hp_gain":0,"max_hp_loss":0,"event_name":"Shining Light","floor":3,"gold_loss":0,"cards_upgraded":["Strike_P","Defend_P"]},{"damage_healed":18,"gold_gain":0,"player_choice":"Healed","damage_taken":0,"max_hp_gain":0,"max_hp_loss":0,"event_name":"The Cleric","floor":10,"gold_loss":35}],"is_beta":false,"boss_relics":[{"not_picked":["SlaversCollar","Ectoplasm"],"picked":"energizedSpire:SpiderWeb"}],"items_purged_floors":[],"is_endless":false,"potions_floor_spawned":[5,11,12,14,19],"killed_by":"ruina:Mountain","ascension_level":2}}