{"host":"b8coxh3nmoxcbj3m","time":1614231399,"event":{"mods":["AchievementEnabler","BaseMod","Colored Map","Downfall","Minty Spire (QoL Compilation)","Replay The Spire","StSLib","SuperFastMode"],"gold_per_floor":[99,9,26,46,46,46,101,101,117,130,230,155,105,105,115,215,215,165,179,197,279,279,279,279],"floor_reached":22,"language":"ZHS","playtime":923,"items_purged":["Slimebound:Defend_Slimebound"],"score":274,"play_id":"1c806030-c2a2-4642-9148-a9fbcae6edaf","local_time":"20210225133639","is_ascension_mode":false,"campfire_choices":[{"floor":1,"key":"DIG"},{"floor":8,"key":"REST"},{"floor":13,"key":"REST"},{"floor":18,"key":"REST"}],"circlet_count":0,"master_deck":["Slimebound:Strike_Slimebound","Slimebound:Strike_Slimebound","Slimebound:Defend_Slimebound","Slimebound:Defend_Slimebound","Slimebound:Split","Slimebound:CorrosiveSpit+1","Slimebound:SplitBruiser","Slimebound:ProtectTheBoss","Slimebound:SplitBruiser","Slimebound:SplitMire","Slimebound:SplitBruiser","ReplayTheSpireMod:Faulty Equipment","Overencumbered","ReplayTheSpireMod:Restless Dread","Slimebound:SelfFormingGoo","Slimebound:SpikyOuterGoop","Slimebound:DisruptingSlam","Sickly","Slimebound:DisruptingSlam","Slimebound:SplitLeeching","Slimebound:Overexert","Slimebound:GoopSpray+1","downfall:Haunted","Languid"],"relics":["Slimebound:AbsorbEndCombat","PreservedInsect","downfall:BrokenWingStatue","Dream Catcher","downfall:ExtraCursedKey","Slimebound:GreedOozeRelic","Sozu","Kunai"],"acts_visited":["Exordium","TheCity"],"potions_floor_usage":[16],"damage_taken":[{"damage":11,"enemies":"downfall:FleeingMerchant","floor":2,"turns":4},{"damage":13,"enemies":"Small Slimes","floor":3,"turns":2},{"damage":14,"enemies":"Jaw Worm","floor":4,"turns":2},{"damage":3,"enemies":"2 Louse","floor":9,"turns":2},{"damage":14,"enemies":"2 Fungi Beasts","floor":10,"turns":3},{"damage":18,"enemies":"Lots of Slimes","floor":15,"turns":3},{"damage":12,"enemies":"DF_ARCHETYPE_STREAMLINE","floor":16,"turns":8},{"damage":5,"enemies":"3 Byrds","floor":19,"turns":4},{"damage":15,"enemies":"Spheric Guardian","floor":20,"turns":4},{"damage":158,"enemies":"Centurion and Healer","floor":22,"turns":8}],"seed_played":"4568336557865565496","potions_obtained":[{"floor":4,"key":"ColorlessPotion"},{"floor":10,"key":"Guardian:BlockOnCardUsePotion"},{"floor":15,"key":"Milkshake"}],"is_trial":false,"path_per_floor":["R_BF","$","M","M","?","?","T","R","M","M","?","?","R","?","M","B",null,"R","M","M","T","M"],"character_chosen":"SLIMEBOUND","items_purchased":[],"campfire_rested":3,"item_purchase_floors":[],"current_hp_per_floor":[71,66,53,41,41,41,41,62,61,49,54,54,76,76,58,52,76,76,71,56,56,0,0,0],"gold":279,"neow_bonus":"TEN_PERCENT_HP_BONUS","is_daily":false,"chose_seed":false,"campfire_upgraded":0,"win_rate":0.0,"timestamp":1614231399,"path_taken":["R_BF","$","M","M","?","?","T","R","M","M","?","?","R","?","M","BOSS","R","M","?","?","M"],"items_purchased_type":[],"build_version":"2020-12-22","purchased_purges":1,"victory":false,"max_hp_per_floor":[71,71,71,71,71,71,71,71,71,71,76,76,76,76,76,76,76,76,76,76,76,76,76,76],"card_choices":[{"not_picked":["Slimebound:SamplingLick","Slimebound:DisruptingSlam"],"picked":"Slimebound:SplitBruiser","floor":2},{"not_picked":["Slimebound:PressTheAttack","Slimebound:Prepare"],"picked":"Slimebound:ProtectTheBoss","floor":3},{"not_picked":["Slimebound:GoopTackle","Slimebound:SlimeBarrage","Slimebound:SlimeBrawl"],"picked":"SKIP","floor":4},{"not_picked":["Slimebound:FinishingTackle","Slimebound:LeadByExample"],"picked":"Slimebound:SplitBruiser","floor":8},{"not_picked":["Slimebound:ForwardTackle","Slimebound:SamplingLick"],"picked":"Slimebound:SplitMire","floor":9},{"not_picked":["Slimebound:Gluttony","Slimebound:ItLooksTasty"],"picked":"Slimebound:SplitBruiser","floor":10},{"not_picked":["Slimebound:LeechEnergy","Slimebound:GoopSpray"],"picked":"Slimebound:SplitLeeching","floor":15},{"not_picked":["Slimebound:FirmFortitude","Slimebound:PrepareCrush"],"picked":"Slimebound:Overexert","floor":16},{"not_picked":["Slimebound:ForwardTackle","Slimebound:SamplingLick"],"picked":"Slimebound:GoopSpray+1","floor":18},{"not_picked":["Slimebound:LeechEnergy","Slimebound:ForwardTackle","Slimebound:RejuvenatingLick"],"picked":"SKIP","floor":19},{"not_picked":["Slimebound:FlameTackle+1","Slimebound:HauntingLick+1","Slimebound:GoopSpray+1"],"picked":"SKIP","floor":20}],"player_experience":42177,"relics_obtained":[{"floor":1,"key":"PreservedInsect"},{"floor":7,"key":"Dream Catcher"},{"floor":21,"key":"Kunai"}],"event_choices":[],"is_beta":false,"boss_relics":[{"not_picked":["bronze:MakeshiftBattery","Slimebound:TarBlob"],"picked":"Sozu"}],"items_purged_floors":[2],"is_endless":false,"potions_floor_spawned":[4,10,15],"killed_by":"Centurion and Healer","ascension_level":0}}