{"host":"742iv5syyyu8a2dy","time":1614294023,"event":{"mods":["BaseMod","Bestiary","Block Reminder","Colored Powertips","Downfall","Minty Spire (QoL Compilation)","Practice Mode","Quick Restart","Relic Stats","StSLib"],"gold_per_floor":[117,133,151,161,171,171,204,204,204,223,33,52,52,79,79,183,183,198,198,211,228,228,228,254,254,254,281,298,318,268,287,287,392,392,410,410,99,99,109,109,128,162,242,48,48,67,12,23,23,23,23,23,23,57,57],"floor_reached":56,"language":"ENG","playtime":5243,"items_purged":["Strike_R"],"score":1705,"play_id":"3f829a6c-1a21-46b6-be70-0856bb192e84","local_time":"20210225180023","is_ascension_mode":true,"campfire_choices":[{"data":"Fire Breathing","floor":6.0,"key":"SMITH"},{"floor":15.0,"key":"REST"},{"data":"Barricade","floor":23,"key":"SMITH"},{"floor":25,"key":"REST"},{"data":"Entrench","floor":32,"key":"SMITH"},{"floor":40,"key":"RECALL"},{"data":"Evolve","floor":49,"key":"SMITH"},{"data":"Offering","floor":52,"key":"SMITH"}],"circlet_count":0,"master_deck":["Strike_R","Strike_R","Strike_R","Defend_R","Defend_R","Defend_R","Defend_R","Bash","Offering","Power Through","Wild Strike","Fire Breathing+1","Sever Soul","Shrug It Off","Offering+1","Warcry","Offering","Battle Trance","Barricade+1","Entrench+1","Fire Breathing","Wild Strike","Metallicize","Fire Breathing+1","Immolate","Armaments","Panacea","Secret Technique","Deep Breath","Evolve+1","Juggernaut","Entrench+1","Fire Breathing","Body Slam+1","Headbutt+1","Havoc+1","Fiend Fire+1","Shrug It Off","Impervious"],"relics":["Black Blood","Bird Faced Urn","Anchor","Bronze Scales","Mercury Hourglass","Question Card","Gambling Chip","Mark of Pain","Oddly Smooth Stone","Molten Egg 2","Orrery","Pen Nib","Art of War"],"acts_visited":["Exordium","TheCity","TheBeyond","TheEnding"],"potions_floor_usage":[24,33,33,50,55],"damage_taken":[{"damage":7.0,"enemies":"Cultist","floor":1.0,"turns":3.0},{"damage":0.0,"enemies":"2 Louse","floor":2.0,"turns":2.0},{"damage":8.0,"enemies":"Jaw Worm","floor":3.0,"turns":4.0},{"damage":6.0,"enemies":"Large Slime","floor":4.0,"turns":5.0},{"damage":6.0,"enemies":"2 Fungi Beasts","floor":5.0,"turns":4.0},{"damage":26.0,"enemies":"3 Sentries","floor":7.0,"turns":4.0},{"damage":15.0,"enemies":"Gremlin Gang","floor":10.0,"turns":4.0},{"damage":12.0,"enemies":"Exordium Thugs","floor":12.0,"turns":3.0},{"damage":16.0,"enemies":"Gremlin Nob","floor":14.0,"turns":3.0},{"damage":42.0,"enemies":"The Guardian","floor":16.0,"turns":10.0},{"damage":26.0,"enemies":"Spheric Guardian","floor":18.0,"turns":4.0},{"damage":26.0,"enemies":"Shell Parasite","floor":20.0,"turns":5.0},{"damage":24,"enemies":"Snake Plant","floor":21,"turns":4},{"damage":55,"enemies":"Slavers","floor":24,"turns":4},{"damage":35,"enemies":"Gremlin Leader","floor":27,"turns":6},{"damage":17,"enemies":"Centurion and Healer","floor":28,"turns":8},{"damage":22,"enemies":"3 Cultists","floor":29,"turns":3},{"damage":34,"enemies":"Snecko","floor":31,"turns":5},{"damage":18,"enemies":"Collector","floor":33,"turns":8},{"damage":0,"enemies":"3 Shapes","floor":35,"turns":4},{"damage":18,"enemies":"Orb Walker","floor":39,"turns":1},{"damage":14,"enemies":"Spire Growth","floor":41,"turns":5},{"damage":18,"enemies":"Nemesis","floor":42,"turns":7},{"damage":18,"enemies":"4 Shapes","floor":46,"turns":4},{"damage":12,"enemies":"Jaw Worm Horde","floor":48,"turns":4},{"damage":58,"enemies":"Donu and Deca","floor":50,"turns":6},{"damage":18,"enemies":"Shield and Spear","floor":54,"turns":6},{"damage":18,"enemies":"The Heart","floor":55,"turns":7}],"seed_played":"2945324183463071260","potions_obtained":[{"floor":2.0,"key":"FearPotion"},{"floor":5.0,"key":"AttackPotion"},{"floor":7.0,"key":"ColorlessPotion"},{"floor":8.0,"key":"Fruit Juice"},{"floor":8.0,"key":"EssenceOfSteel"},{"floor":18.0,"key":"Fire Potion"},{"floor":21,"key":"DuplicationPotion"},{"floor":24,"key":"Explosive Potion"},{"floor":31,"key":"Explosive Potion"},{"floor":35,"key":"ColorlessPotion"},{"floor":46,"key":"Dexterity Potion"}],"is_trial":false,"path_per_floor":["M","M","M","M","M","R","E","?","T","M","$","M","?","E","R","B",null,"M","?","M","M","?","R","E","R","T","E","M","M","?","M","R","B",null,"M","?","$","?","M","R","M","E","T","$","$","M","?","M","R","B",null,"R","$","E","B",null],"character_chosen":"IRONCLAD","items_purchased":["Offering","Warcry","Oddly Smooth Stone","Evolve","Body Slam+1","Orrery"],"campfire_rested":2,"item_purchase_floors":[11,11,37,37,44,44],"current_hp_per_floor":[71,72,70,70,70,70,50,55,55,48,48,44,49,41,65,31,69,59,59,51,45,82,82,45,69,69,52,55,55,55,43,43,47,73,82,72,72,72,74,74,82,82,82,82,82,78,78,82,82,50,74,74,74,82,82],"gold":57,"neow_bonus":"THREE_RARE_CARDS","is_daily":false,"chose_seed":false,"campfire_upgraded":5,"win_rate":0.0,"timestamp":1614294023,"path_taken":["M","?","M","M","M","R","E","?","T","?","$","M","?","E","R","BOSS","M","?","M","M","?","R","E","R","T","E","?","M","?","M","R","BOSS","M","?","$","?","M","R","?","E","T","?","$","M","?","M","R","BOSS","R","$","E","BOSS"],"items_purchased_type":["Card","Card","Relic","Card","Card","Relic"],"build_version":"2020-12-22","purchased_purges":1,"victory":true,"max_hp_per_floor":[72,72,72,72,72,72,72,77,77,77,77,77,82,82,82,82,82,82,82,82,82,82,82,82,82,82,82,82,82,82,82,82,82,82,82,82,82,82,82,82,82,82,82,82,82,82,82,82,82,82,82,82,82,82,82],"relic_stats":{"counters":[28,132],"Bird Faced Urn":[170],"Bronze Scales":[378],"Gambling Chip":[27],"Black Blood":236,"Pen Nib":[2],"Art of War":[2],"Question Card":20,"obtain_stats":[{"Black Blood":17,"Oddly Smooth Stone":37,"Pen Nib":47,"Question Card":26,"Burning Blood":0,"Mercury Hourglass":24,"Anchor":9,"Bird Faced Urn":7,"Bronze Scales":14,"Gambling Chip":27,"Orrery":44,"Molten Egg 2":42,"Mark of Pain":34,"Art of War":54},{"Black Blood":10,"Oddly Smooth Stone":20,"Pen Nib":24,"Question Card":14,"Burning Blood":0,"Mercury Hourglass":14,"Anchor":6,"Bird Faced Urn":6,"Bronze Scales":9,"Gambling Chip":15,"Orrery":23,"Molten Egg 2":23,"Mark of Pain":19,"Art of War":27},{"Black Blood":42,"Oddly Smooth Stone":92,"Pen Nib":109,"Question Card":59,"Burning Blood":0,"Mercury Hourglass":59,"Anchor":22,"Bird Faced Urn":22,"Bronze Scales":32,"Gambling Chip":65,"Orrery":105,"Molten Egg 2":105,"Mark of Pain":88,"Art of War":125}],"Mercury Hourglass":[303]},"card_choices":[{"not_picked":["Corruption","Double Tap"],"picked":"Offering","floor":0.0},{"not_picked":["Anger","Warcry"],"picked":"Power Through","floor":1.0},{"not_picked":["Shrug It Off","Burning Pact"],"picked":"Disarm","floor":2.0},{"not_picked":["Feel No Pain","Rampage"],"picked":"Wild Strike","floor":3.0},{"not_picked":["Twin Strike","Sword Boomerang","Pommel Strike"],"picked":"SKIP","floor":4.0},{"not_picked":["Iron Wave","Wild Strike"],"picked":"Fire Breathing","floor":5.0},{"not_picked":["Intimidate","Dropkick"],"picked":"Sever Soul","floor":7.0},{"not_picked":["Entrench","Sword Boomerang"],"picked":"Shrug It Off","floor":10.0},{"not_picked":["Burning Pact","Armaments"],"picked":"Offering","floor":12.0},{"not_picked":["Clothesline","Havoc"],"picked":"Battle Trance","floor":14.0},{"not_picked":["Impervious","Reaper"],"picked":"Barricade","floor":16.0},{"not_picked":["Searing Blow","Sever Soul"],"picked":"Entrench","floor":18.0},{"not_picked":["Iron Wave","Body Slam+1","Perfected Strike+1"],"picked":"SKIP","floor":20.0},{"not_picked":["Thunderclap","Twin Strike"],"picked":"Wild Strike","floor":21},{"not_picked":["Flex","Perfected Strike","Clash"],"picked":"SKIP","floor":24},{"not_picked":["Spot Weakness","Iron Wave+1","Searing Blow"],"picked":"Metallicize","floor":27},{"not_picked":["Perfected Strike","Havoc","Cleave"],"picked":"Fire Breathing+1","floor":28},{"not_picked":["True Grit","Havoc","Combust","Perfected Strike"],"picked":"SKIP","floor":29},{"not_picked":["Burning Pact+1","Clash","Inflame+1","Flex"],"picked":"SKIP","floor":31},{"not_picked":["Bludgeon","Double Tap","Limit Break"],"picked":"Immolate","floor":33},{"not_picked":["Iron Wave","Heavy Blade","Twin Strike"],"picked":"Armaments","floor":35},{"not_picked":["Mind Blast","Swift Strike","Good Instincts"],"picked":"Panacea","floor":36},{"not_picked":["Finesse","Bandage Up","Discovery"],"picked":"Secret Technique","floor":36},{"not_picked":["Dark Shackles","The Bomb","Impatience"],"picked":"Deep Breath","floor":36},{"not_picked":["Havoc","Thunderclap+1","Uppercut","Wild Strike"],"picked":"SKIP","floor":39},{"not_picked":["Clash","Headbutt","Ghostly Armor+1"],"picked":"Entrench+1","floor":41},{"not_picked":["Immolate+1","Heavy Blade+1","Flame Barrier"],"picked":"Fire Breathing","floor":42},{"not_picked":["Cleave+1","Havoc+1","Clothesline+1"],"picked":"Headbutt+1","floor":44},{"not_picked":["Clothesline+1","Infernal Blade+1","Inflame+1"],"picked":"Havoc+1","floor":44},{"not_picked":["Rage","Shockwave","Heavy Blade+1"],"picked":"Fiend Fire+1","floor":44},{"not_picked":["Body Slam+1","Wild Strike+1","Flex"],"picked":"Shrug It Off","floor":46},{"not_picked":["Iron Wave+1","Dropkick+1","Pommel Strike+1"],"picked":"Impervious","floor":48},{"not_picked":["Uppercut+1","Spot Weakness","Thunderclap+1","Armaments+1"],"picked":"SKIP","floor":54}],"player_experience":256469,"relics_obtained":[{"floor":7.0,"key":"Bird Faced Urn"},{"floor":9.0,"key":"Anchor"},{"floor":14.0,"key":"Bronze Scales"},{"floor":24,"key":"Mercury Hourglass"},{"floor":26,"key":"Question Card"},{"floor":27,"key":"Gambling Chip"},{"floor":42,"key":"Molten Egg 2"},{"floor":54,"key":"Art of War"}],"event_choices":[{"damage_healed":0.0,"max_hp_gain":0.0,"max_hp_loss":0.0,"gold_gain":0.0,"event_name":"Lab","player_choice":"Got Potions","floor":8.0,"gold_loss":0.0,"damage_taken":0.0},{"damage_healed":0.0,"max_hp_gain":5.0,"max_hp_loss":0.0,"gold_gain":0.0,"event_name":"Big Fish","player_choice":"Donut","floor":13.0,"gold_loss":0.0,"damage_taken":0.0},{"damage_healed":0.0,"max_hp_gain":0.0,"max_hp_loss":0.0,"gold_gain":0.0,"event_name":"The Library","player_choice":"Read","floor":19.0,"gold_loss":0.0,"damage_taken":0.0,"cards_obtained":["Fire Breathing"]},{"cards_removed":["Disarm"],"damage_healed":37,"gold_gain":0,"player_choice":"Offered Uncommon","damage_taken":0,"max_hp_gain":0,"max_hp_loss":0,"event_name":"Bonfire Elementals","floor":22,"gold_loss":0},{"damage_healed":0,"gold_gain":0,"player_choice":"Bet on Murderer","damage_taken":0,"max_hp_gain":0,"max_hp_loss":0,"event_name":"The Joust","floor":30,"gold_loss":50},{"damage_healed":0,"gold_gain":0,"player_choice":"Memory 3","damage_taken":10,"max_hp_gain":0,"max_hp_loss":0,"event_name":"SensoryStone","floor":36,"gold_loss":0},{"damage_healed":0,"gold_gain":0,"cards_transformed":["Strike_R"],"player_choice":"Transformed","damage_taken":0,"max_hp_gain":0,"max_hp_loss":0,"event_name":"Transmorgrifier","floor":38,"gold_loss":0,"cards_obtained":["Juggernaut"]},{"damage_healed":0,"gold_gain":0,"player_choice":"Paid Gold","damage_taken":0,"relics_obtained":["Pen Nib"],"max_hp_gain":0,"max_hp_loss":0,"event_name":"WeMeetAgain","floor":47,"gold_loss":55}],"is_beta":false,"boss_relics":[{"not_picked":["Astrolabe","SacredBark"],"picked":"Black Blood"},{"not_picked":["Philosopher\u0027s Stone","Snecko Eye"],"picked":"Mark of Pain"}],"items_purged_floors":[37],"is_endless":false,"potions_floor_spawned":[2,5,7,10,18,21,24,31,35,46],"ascension_level":6}}