{"host":"q6l9o5ad25lrm2yj","time":1614254541,"event":{"mods":["BaseMod","BetterRewards","Colored Powertips","Lobotomy","LobotomyExtend","Minty Spire (QoL Compilation)","Quick Restart","Replay The Spire","StSLib","[IsaacMod]ÒÔÈö¼âËþ"],"gold_per_floor":[114,127,146,163,183,183,183,183,265,265,265,265,265,115,215,319,319,333,333,345,357,59,59,59,89,89,116,116,116,116,133,133,237,237,237,237,237,255,269,269,269,269,269,279,129,129,129,129,129,232,232,245,274,305,357,357,357],"floor_reached":39,"language":"ZHS","playtime":5755,"items_purged":[],"score":751,"play_id":"2666d037-3a3b-44d8-862f-a96dab843792","local_time":"20210225200221","daily_mods":["Hoarder","Vintage","Heirloom","Time Dilation","Flight","Elite Swarm","Binary"],"is_ascension_mode":false,"campfire_choices":[],"circlet_count":0,"master_deck":["SpecialBullet","SpecialBullet","SpecialBullet","SpecialBullet","SpecialBullet","SpecialBullet","SpecialBullet","BloodyBrimstone","BloodyBrimstone","ControlCode","ControlCode","ControlCode","TT2Protocol","TT2Protocol","TT2Protocol","InformationCode","InformationCode","InformationCode","OSAHOGD","OSAHOGD","OSAHOGD","SummonCall","SummonCall","SummonCall","Mercenary","Mercenary","SecurityCode","SecurityCode","SecurityCode","DisciplinaryCode","DisciplinaryCode","DisciplinaryCode","Bloodbath","Bloodbath","Bloodbath","WallGazer","WallGazer","WallGazer","SingingMachine","SingingMachine","SingingMachine","WelfareCode","WelfareCode","WelfareCode","CENSORED_ego+1","CENSORED_ego+1","CENSORED_ego+1","DreamingCurrent","DreamingCurrent","DreamingCurrent","SpecialBullet","SpecialBullet","SpecialBullet","SpecialBullet","SpecialBullet","SpecialBullet","SpecialBullet","SpecialBullet","SpecialBullet"],"relics":["CogitoBucket","Busted Crown","HushsDoor","DoctorsRemote","Busted Crown","StrikeDummy","BookOfRevelations","Question Card","DeadEye","Ancient Tea Set","Black Star","Unceasing Top","LetterFromLob","Meat on the Bone","ReplayTheSpireMod:TigerMarble","Torii","Garlic","Toxic Egg 2","Blue Doll","Incense Burner","Replay:Rubber Ducky","Fusion Hammer","Chameleon Ring","Golden Egg","Durian","Bronze Scales","Frozen Eye","Nilry\u0027s Codex","ChampionBelt","AtMidnight","Dream Catcher","ReplayFunnel","Tiny Chest","Happy Flower","Orichalcum","Calipers"],"acts_visited":["Exordium","TheCity","TheCity","TheBeyond"],"potions_floor_usage":[37],"damage_taken":[{"damage":0.0,"enemies":"Cultist","floor":1.0,"turns":2.0},{"damage":0.0,"enemies":"Small Slimes","floor":2.0,"turns":2.0},{"damage":5.0,"enemies":"2 Louse","floor":3.0,"turns":2.0},{"damage":7.0,"enemies":"Blue Slaver","floor":4.0,"turns":2.0},{"damage":0.0,"enemies":"3 Louse","floor":5.0,"turns":1.0},{"damage":16.0,"enemies":"Slime Boss","floor":16.0,"turns":5.0},{"damage":0.0,"enemies":"Jaw Worm","floor":1.0,"turns":1.0},{"damage":0.0,"enemies":"Cultist","floor":3.0,"turns":2.0},{"damage":0.0,"enemies":"Small Slimes","floor":4.0,"turns":1.0},{"damage":0.0,"enemies":"Lagavulin","floor":8.0,"turns":3.0},{"damage":33.0,"enemies":"3 Sentries","floor":10.0,"turns":6.0},{"damage":0.0,"enemies":"3 Louse","floor":14.0,"turns":2.0},{"damage":8.0,"enemies":"Slime Boss","floor":16.0,"turns":6.0},{"damage":16.0,"enemies":"Spheric Guardian","floor":21.0,"turns":17.0},{"damage":4.0,"enemies":"Chosen","floor":22.0,"turns":2.0},{"damage":15.0,"enemies":"Shelled Parasite and Fungi","floor":27.0,"turns":6.0},{"damage":25.0,"enemies":"Collector","floor":33.0,"turns":5.0},{"damage":32.0,"enemies":"Orb Walker","floor":35.0,"turns":9.0},{"damage":17.0,"enemies":"Reptomancer","floor":36.0,"turns":5.0},{"damage":18,"enemies":"R_Hoarder","floor":37,"turns":5},{"damage":38,"enemies":"2 Orb Walkers","floor":38,"turns":4},{"damage":2,"enemies":"Giant Head","floor":39,"turns":1}],"seed_played":"-8224111979711983213","potions_obtained":[{"floor":1.0,"key":"SteroidPotion"},{"floor":5.0,"key":"LiquidMemories"},{"floor":4.0,"key":"Regen Potion"},{"floor":10.0,"key":"Explosive Potion"},{"floor":14.0,"key":"Fire Potion"},{"floor":16.0,"key":"SteroidPotion"},{"floor":22.0,"key":"ColorlessPotion"},{"floor":36.0,"key":"LiquidBronze"},{"floor":38,"key":"FearPotion"}],"is_trial":true,"path_per_floor":["M","M","M","M","M","R","R","?","T","?","R","R","R","$","R","B",null,"M","M","?","M","M","$","R","R","E","T","E","R","$","R","M","R","B",null,"M","?","$","M","M","R","R","R","T","M","$","R","R","?","R","B",null,"M","M","M","?","M"],"character_chosen":"Angela","items_purchased":["Ancient Tea Set","Torii","Frozen Eye"],"campfire_rested":0,"item_purchase_floors":[14,5,28],"current_hp_per_floor":[70,70,65,58,58,58,58,58,58,51,51,51,51,51,51,35,61,58,58,55,52,52,52,52,53,53,53,53,53,53,47,47,48,48,48,48,48,45,43,43,43,43,48,52,52,52,52,36,36,52,52,56,53,50,50,50,50],"gold":357,"neow_bonus":"","is_daily":false,"chose_seed":false,"campfire_upgraded":0,"win_rate":0.0,"timestamp":1614254541,"path_taken":["M","M","M","M","M","R","R","?","T","?","R","R","R","$","R","BOSS","M","M","?","M","M","$","R","R","E","T","E","R","$","R","?","R","BOSS","M","?","$","M","M","R","R","R","T","M","$","R","R","?","R","BOSS","M","M","M","?","M"],"items_purchased_type":["Relic","Relic","Relic"],"build_version":"2020-12-22","purchased_purges":0,"victory":false,"max_hp_per_floor":[70,70,70,70,67,67,67,67,67,67,67,67,67,67,67,61,61,58,58,55,52,52,52,52,53,53,53,53,53,53,47,47,48,48,48,48,48,45,43,43,43,43,48,52,52,52,52,52,52,52,52,56,53,50,50,50,50],"card_choices":[{"not_picked":[],"picked":"BloodyBrimstone","floor":0.0},{"not_picked":["LongBird","BeautyBeast"],"picked":"OSAHOGD","floor":1.0},{"not_picked":["Scorched","QueenOfHatred"],"picked":"Mercenary","floor":8.0},{"not_picked":["HeroicMonk","SingingMachine"],"picked":"Bloodbath","floor":16.0},{"not_picked":["GalaxyChild","BigBadWolf"],"picked":"WallGazer","floor":22.0},{"not_picked":["GalaxyChild","Freischutz"],"picked":"SingingMachine","floor":27.0},{"not_picked":["WhiteNight","RedShoes"],"picked":"DreamingCurrent","floor":35.0}],"player_experience":34872,"relics_obtained":[{"floor":1.0,"key":"LetterFromLob"},{"floor":2.0,"key":"StrikeDummy"},{"floor":4.0,"key":"BookOfRevelations"},{"floor":5.0,"key":"Question Card"},{"floor":9.0,"key":"DeadEye"},{"floor":1.0,"key":"Unceasing Top"},{"floor":1.0,"key":"LetterFromLob"},{"floor":3.0,"key":"Meat on the Bone"},{"floor":4.0,"key":"ReplayTheSpireMod:TigerMarble"},{"floor":8.0,"key":"Garlic"},{"floor":9.0,"key":"Toxic Egg 2"},{"floor":10.0,"key":"Blue Doll"},{"floor":10.0,"key":"Incense Burner"},{"floor":14.0,"key":"Replay:Rubber Ducky"},{"floor":21.0,"key":"Chameleon Ring"},{"floor":22.0,"key":"Golden Egg"},{"floor":26.0,"key":"Durian"},{"floor":27.0,"key":"Bronze Scales"},{"floor":31.0,"key":"Nilry\u0027s Codex"},{"floor":35.0,"key":"AtMidnight"},{"floor":35.0,"key":"Dream Catcher"},{"floor":36.0,"key":"ReplayFunnel"},{"floor":36.0,"key":"Tiny Chest"},{"floor":37,"key":"Happy Flower"},{"floor":37,"key":"Orichalcum"},{"floor":38,"key":"Calipers"}],"event_choices":[{"cards_removed":["BloodyBrimstone"],"damage_healed":0.0,"max_hp_gain":0.0,"max_hp_loss":0.0,"gold_gain":0.0,"event_name":"Golden Wing","player_choice":"Card Removal","floor":10.0,"gold_loss":0.0,"damage_taken":7.0},{"damage_healed":0.0,"max_hp_gain":0.0,"max_hp_loss":0.0,"gold_gain":0.0,"event_name":"Vampires","player_choice":"Ignored","floor":19.0,"gold_loss":0.0,"damage_taken":0.0},{"damage_healed":0.0,"max_hp_gain":0.0,"max_hp_loss":0.0,"gold_gain":0.0,"event_name":"Cursed Tome","player_choice":"Obtained Book","floor":31.0,"gold_loss":0.0,"damage_taken":16.0},{"damage_healed":0,"gold_gain":0,"player_choice":"Fight","damage_taken":0,"max_hp_gain":0,"max_hp_loss":0,"event_name":"Mysterious Sphere","floor":38,"gold_loss":0}],"is_beta":false,"boss_relics":[{"not_picked":["Abe\u0027s Treasure","ReplayTheSpireMod:DimensionalGlitch"],"picked":"Black Star"},{"not_picked":[]},{"not_picked":["Runic Dome","Snecko Eye"],"picked":"Fusion Hammer"},{"not_picked":[]},{"not_picked":["Replay:Wanted Poster","Replay:Bronze Core"],"picked":"ChampionBelt"},{"not_picked":[]}],"items_purged_floors":[],"is_endless":true,"potions_floor_spawned":[1,5,4,10,14,16,22,33,36,38],"killed_by":"Giant Head","ascension_level":20}}