{"host":"3p4eynvdmgjf7qvn","time":1614246629,"event":{"mods":["Aspiration","BaseMod","Better Note","Better Skull","Colored Map","Colored Powertips","Downfall","Hermit","Hubris","Minty Spire (QoL Compilation)","Relic Stats","Robot Space Explorer","StSLib","The Bug Knight","The Disciple","The Forsaken","The Hierophant","The Jungle","The Marked","The Necromancer","TheBandit"],"gold_per_floor":[20,20,20,20,20,51,51,51,78,78,112,112,143,177,177,277,277,292,292,292,60,12,43,70,104,177,188,215,215,227,227,227,332,332,342,357,11,11,11,40,40,70,70,83,113,113,165,165,165,165,165,165,40,75,75,75],"floor_reached":55,"language":"ENG","playtime":4468,"items_purged":["hubris:Sloth","Defend_B","Defend_B"],"score":1259,"play_id":"973c7dce-d59a-40c6-bf19-df82c501e8a2","local_time":"20210225105029","is_ascension_mode":true,"campfire_choices":[{"data":"Defragment","floor":7,"key":"SMITH"},{"floor":10,"key":"REST"},{"data":"Storm","floor":12,"key":"SMITH"},{"data":"Zap","floor":15,"key":"SMITH"},{"data":"Defragment","floor":29,"key":"SMITH"},{"data":"Chaos","floor":32,"key":"SMITH"},{"floor":41,"key":"RECALL"},{"data":"Storm","floor":46,"key":"SMITH"},{"data":"Machine Learning","floor":49,"key":"SMITH"},{"data":"Echo Form","floor":52,"key":"SMITH"}],"circlet_count":0,"master_deck":["Strike_B","Strike_B","Strike_B","Defend_B","Zap+1","Dualcast","Gash","Defragment+1","Storm+1","Coolheaded","Cold Snap+1","Echo Form+1","FTL+1","Ball Lightning+1","Ball Lightning+1","Cold Snap+1","Defragment+1","Storm+1","Chaos+1","Machine Learning+1","FTL+1","Madness","Madness","Heatsinks+1","Coolheaded+1","Machine Learning"],"relics":["Cracked Core","WingedGreaves","Molten Egg 2","hubris:Icosahedron","Thread and Needle","Juzu Bracelet","Eternal Feather","Strawberry","hubris:TenFootPole","Sozu","hubris:BottledHeart","hubris:BallOfYels","hubris:PeanutButter","Bag of Preparation","Pantograph","Sundial","aspiration:PoetsPen_weak","Matryoshka","Orichalcum","Ancient Tea Set","Dream Catcher","aspiration:FrozenJewel","Gremlin Horn","Pocketwatch","Vajra"],"acts_visited":["Exordium","TheCity","TheBeyond","TheEnding"],"potions_floor_usage":[16,54],"damage_taken":[{"damage":1,"enemies":"Cultist","floor":1,"turns":3},{"damage":45,"enemies":"Lagavulin","floor":6,"turns":9},{"damage":15,"enemies":"3 Sentries","floor":11,"turns":6},{"damage":19,"enemies":"Lagavulin","floor":13,"turns":5},{"damage":7,"enemies":"3 Sentries","floor":14,"turns":8},{"damage":22,"enemies":"Slime Boss","floor":16,"turns":12},{"damage":48,"enemies":"3 Byrds","floor":18,"turns":5},{"damage":0,"enemies":"Gremlin Leader","floor":23,"turns":6},{"damage":0,"enemies":"HollowMod:Nosk","floor":24,"turns":6},{"damage":0,"enemies":"Book of Stabbing","floor":25,"turns":4},{"damage":0,"enemies":"Spheric Guardian","floor":27,"turns":1},{"damage":0,"enemies":"Slavers","floor":28,"turns":4},{"damage":0,"enemies":"Snake Plant","floor":30,"turns":3},{"damage":0,"enemies":"Automaton","floor":33,"turns":5},{"damage":0,"enemies":"3 Darklings","floor":35,"turns":3},{"damage":0,"enemies":"3 Shapes","floor":36,"turns":3},{"damage":0,"enemies":"Nemesis","floor":40,"turns":5},{"damage":0,"enemies":"Reptomancer","floor":42,"turns":3},{"damage":0,"enemies":"Spire Growth","floor":44,"turns":3},{"damage":0,"enemies":"HollowMod:StalkingDevout","floor":45,"turns":3},{"damage":0,"enemies":"2 Orb Walkers","floor":47,"turns":2},{"damage":0,"enemies":"Donu and Deca","floor":50,"turns":6},{"damage":0,"enemies":"Shield and Spear","floor":54,"turns":4},{"damage":18,"enemies":"The Heart","floor":55,"turns":3}],"seed_played":"-566405014477025098","potions_obtained":[{"floor":6,"key":"sneckomod:MuddlingPotion"},{"floor":14,"key":"ColorlessPotion"}],"is_trial":false,"path_per_floor":["M","?","?","$","?","E","R","R","T","R","E","R","E","E","R","B",null,"M","?","?","$","$","E","E","E","T","M","E","R","M","?","R","B",null,"M","M","$","?","?","E","R","E","T","M","E","R","?","?","R","B",null,"R","$","E","B"],"character_chosen":"DEFECT","items_purchased":["hubris:BallOfYels","Ball Lightning+1","Matryoshka"],"campfire_rested":1,"item_purchase_floors":[21,22,37],"current_hp_per_floor":[74,74,74,74,74,29,29,29,29,51,36,42,30,23,32,10,82,34,1,1,1,1,1,1,1,1,1,1,1,1,1,1,1,1,1,1,1,1,1,1,1,1,1,1,1,1,1,1,1,1,1,1,1,1,0,0],"gold":75,"neow_bonus":"ONE_RARE_RELIC","is_daily":false,"chose_seed":false,"campfire_upgraded":8,"win_rate":0.0,"timestamp":1614246629,"path_taken":["M","?","?","$","?","E","R","R","T","R","E","R","E","E","R","BOSS","M","?","?","?","$","E","E","E","T","M","E","R","M","?","R","BOSS","M","M","$","?","?","E","R","E","T","M","E","R","?","?","R","BOSS","R","$","E","BOSS"],"items_purchased_type":["Relic","Card","Relic"],"build_version":"2020-12-22","purchased_purges":3,"victory":false,"max_hp_per_floor":[75,75,75,75,75,75,75,75,75,75,75,75,82,82,82,82,82,82,1,1,1,1,1,1,1,1,1,1,1,1,1,1,1,1,1,1,1,1,1,1,1,1,1,1,1,1,1,1,1,1,1,1,1,1,1,1],"relic_stats":{"Sozu":8,"Dream Catcher":0,"Gremlin Horn":[3,3],"counters":[24,112],"Sundial":[8],"Pantograph":0,"Eternal Feather":15,"Juzu Bracelet":0,"Bag of Preparation":[30],"Orichalcum":[66],"obtain_stats":[{"hubris:BallOfYels":21,"Gremlin Horn":45,"Vajra":54,"aspiration:PoetsPen_weak":34,"Juzu Bracelet":9,"Bag of Preparation":24,"Ancient Tea Set":42,"Sozu":17,"Dream Catcher":43,"hubris:Icosahedron":3,"Matryoshka":37,"Sundial":28,"Strawberry":13,"Pantograph":25,"WingedGreaves":0,"Cracked Core":0,"Thread and Needle":6,"Eternal Feather":11,"Orichalcum":40,"aspiration:FrozenJewel":43,"hubris:BottledHeart":19,"Molten Egg 2":2,"hubris:PeanutButter":23,"hubris:TenFootPole":14,"Pocketwatch":47},{"hubris:BallOfYels":7,"Gremlin Horn":20,"Vajra":23,"aspiration:PoetsPen_weak":14,"Juzu Bracelet":2,"Bag of Preparation":9,"Ancient Tea Set":18,"Sozu":6,"Dream Catcher":18,"hubris:Icosahedron":1,"Matryoshka":16,"Sundial":12,"Strawberry":4,"Pantograph":10,"WingedGreaves":0,"Cracked Core":0,"Thread and Needle":2,"Eternal Feather":3,"Orichalcum":17,"aspiration:FrozenJewel":18,"hubris:BottledHeart":7,"Molten Egg 2":1,"hubris:PeanutButter":8,"hubris:TenFootPole":5,"Pocketwatch":21},{"hubris:BallOfYels":48,"Gremlin Horn":97,"Vajra":109,"aspiration:PoetsPen_weak":77,"Juzu Bracelet":12,"Bag of Preparation":60,"Ancient Tea Set":91,"Sozu":43,"Dream Catcher":91,"hubris:Icosahedron":3,"Matryoshka":83,"Sundial":69,"Strawberry":23,"Pantograph":64,"WingedGreaves":0,"Cracked Core":0,"Thread and Needle":12,"Eternal Feather":18,"Orichalcum":88,"aspiration:FrozenJewel":91,"hubris:BottledHeart":48,"Molten Egg 2":3,"hubris:PeanutButter":54,"hubris:TenFootPole":31,"Pocketwatch":99}],"Pocketwatch":[0]},"card_choices":[{"not_picked":["Compile Driver","Auto Shields"],"picked":"Gash","floor":1},{"not_picked":["Hologram","Reinforced Body"],"picked":"Storm","floor":6},{"not_picked":["Streamline+1","Stack","hubris:PowerSurge"],"picked":"SKIP","floor":11},{"not_picked":["Streamline+1","Stack","hubris:PowerSurge"],"picked":"SKIP","floor":11},{"not_picked":["Leap","Scrape+1"],"picked":"Coolheaded","floor":13},{"not_picked":["hubris:Ukulele+1","Leap"],"picked":"Cold Snap+1","floor":14},{"not_picked":["Electrodynamics","Amplify"],"picked":"Echo Form","floor":16},{"not_picked":["Hello World","aspiration:Polymerization","Streamline+1"],"picked":"SKIP","floor":18},{"not_picked":["Rebound+1","Conserve Battery"],"picked":"Ball Lightning+1","floor":23},{"not_picked":["Gash+1","Genetic Algorithm+1"],"picked":"Cold Snap+1","floor":24},{"not_picked":["Steam+1","Reprogram","hubris:Prefetch"],"picked":"SKIP","floor":25},{"not_picked":["Sweeping Beam+1","Turbo"],"picked":"Defragment","floor":27},{"not_picked":["Streamline+1","Heatsinks+1"],"picked":"Storm","floor":28},{"not_picked":["Beam Cell+1","Gash+1"],"picked":"Chaos","floor":30},{"not_picked":["Meteor Strike+1","Fission"],"picked":"Machine Learning","floor":33},{"not_picked":["Barrage+1","Go for the Eyes+1"],"picked":"FTL+1","floor":35},{"not_picked":["Go for the Eyes+1","Gash+1","Conserve Battery+1"],"picked":"SKIP","floor":36},{"not_picked":["Biased Cognition","Compile Driver+1","Auto Shields"],"picked":"SKIP","floor":40},{"not_picked":["Compile Driver+1","Beam Cell+1","Rebound+1"],"picked":"SKIP","floor":42},{"not_picked":["Rebound+1","Undo+1","Sunder+1"],"picked":"SKIP","floor":44},{"not_picked":["Sunder+1","Gash+1"],"picked":"Heatsinks+1","floor":45},{"not_picked":["Cold Snap+1","Stack+1"],"picked":"Coolheaded+1","floor":47},{"not_picked":["Cold Snap+1","Streamline+1"],"picked":"Machine Learning","floor":54}],"player_experience":361667,"relics_obtained":[{"floor":6,"key":"Thread and Needle"},{"floor":9,"key":"Juzu Bracelet"},{"floor":11,"key":"Eternal Feather"},{"floor":13,"key":"Strawberry"},{"floor":14,"key":"hubris:TenFootPole"},{"floor":23,"key":"hubris:PeanutButter"},{"floor":24,"key":"Bag of Preparation"},{"floor":25,"key":"Pantograph"},{"floor":28,"key":"Sundial"},{"floor":40,"key":"Orichalcum"},{"floor":42,"key":"Ancient Tea Set"},{"floor":43,"key":"Dream Catcher"},{"floor":43,"key":"aspiration:FrozenJewel"},{"floor":45,"key":"Gremlin Horn"},{"floor":47,"key":"Pocketwatch"},{"floor":54,"key":"Vajra"}],"event_choices":[{"damage_healed":0,"gold_gain":0,"cards_transformed":["Injury","Strike_B"],"player_choice":"Became Test Subject","damage_taken":0,"max_hp_gain":0,"max_hp_loss":0,"event_name":"Drug Dealer","floor":20,"gold_loss":0,"cards_obtained":["hubris:Sloth","FTL"]},{"cards_removed":["Defend_B"],"damage_healed":0,"gold_gain":0,"player_choice":"Removed Skill","damage_taken":0,"max_hp_gain":0,"max_hp_loss":0,"event_name":"Falling","floor":38,"gold_loss":0},{"damage_healed":0,"gold_gain":0,"player_choice":"Embrace Madness","damage_taken":0,"max_hp_gain":0,"max_hp_loss":0,"event_name":"Winding Halls","floor":39,"gold_loss":0,"cards_obtained":["Madness","Madness"]},{"damage_healed":0,"gold_gain":0,"player_choice":"Fight","damage_taken":0,"max_hp_gain":0,"max_hp_loss":0,"event_name":"Mysterious Sphere","floor":47,"gold_loss":0}],"is_beta":false,"boss_relics":[{"not_picked":["Runic Pyramid","aspiration:RunicSpoon"],"picked":"Sozu"},{"not_picked":["Empty Cage","Cursed Key"],"picked":"aspiration:PoetsPen_weak"}],"items_purged_floors":[21,37,53],"is_endless":false,"potions_floor_spawned":[6,14,24,28,30,33,35,40,44,47],"killed_by":"The Heart","ascension_level":2}}