{"host":"y0i0tbisecj7yjyn","time":1614242982,"event":{"mods":["2.2 Compatiblity","AchievementEnabler","AlwaysNeverKeys","BaseMod","Better Third Choice","BetterRewards","Colored Map","Curses Come First","Disable Question Mark Monsters","Displayed Cursed Tome","Highlight Path","Keyboard Shortcuts","Minty Spire (QoL Compilation)","Quick Restart","Random Character Button","Rare Cards Sparkle","Reliquary","Smile Girya","StSLib","Transform Curses","Weighted Paths"],"gold_per_floor":[112,112,122,133,148,176,176,208,283,283,458,458,733,759,759,859,859,878,878,646,745,745,777,777,808,808,820,850,862,879,907,907,1002,1002,1019,1029,1029,1046,1346,1372,1372,104,131,143,168,178,188,215,215,215,215,215,15,40,40],"floor_reached":56,"language":"ENG","playtime":6085,"items_purged":["Regret","Doubt","Parasite"],"score":1937,"play_id":"53a11514-1b15-41d7-a3a5-f1f01f2a9334","local_time":"20210225024942","is_ascension_mode":true,"campfire_choices":[{"data":"Terror","floor":7.0,"key":"SMITH"},{"data":"Blur","floor":10.0,"key":"SMITH"},{"data":"Blur","floor":12.0,"key":"SMITH"},{"data":"Blur","floor":15.0,"key":"SMITH"},{"data":"Blur","floor":24,"key":"SMITH"},{"data":"Blur","floor":32,"key":"SMITH"},{"floor":41,"key":"REST"},{"floor":49,"key":"REST"},{"floor":52,"key":"REST"}],"circlet_count":0,"master_deck":["Strike_G","Strike_G","Strike_G","Strike_G","Strike_G","Defend_G","Defend_G","Defend_G","Defend_G","Defend_G","Survivor","Bandage Up+1","Backstab+1","Terror+1","Blur+1","Flying Knee","Die Die Die","Blur+1","Sucker Punch","Blur+1","A Thousand Cuts","Phantasmal Killer","Blur+1","Flying Knee","Leg Sweep","Bandage Up","Noxious Fumes","Noxious Fumes","Blur+1","Caltrops","After Image","Good Instincts","Footwork","Mayhem+1","Good Instincts","Dodge and Roll","Dash","Backflip","Dagger Throw","Deflect+1","Dodge and Roll","Concentrate+1","Blur+1","A Thousand Cuts"],"relics":["Ring of the Snake","FossilizedHelix","Art of War","Thread and Needle","reliquary:Vitrine","Bronze Scales","Black Star","MutagenicStrength","Orichalcum","Blood Vial","Strawberry","Blood Vial","Gremlin Horn","TungstenRod","Bottled Lightning","reliquary:PartyBalloon","Kunai","Fusion Hammer","Mercury Hourglass","Dead Branch","Pen Nib","Lantern","OrangePellets","PreservedInsect","Boot","Smiling Mask","Dream Catcher","reliquary:PrincelyHelmet","reliquary:Buckler","Blue Candle","White Beast Statue"],"acts_visited":["Exordium","TheCity","TheBeyond","TheEnding"],"potions_floor_usage":[23,23,27,28,30,33,40,44,47,50,50],"damage_taken":[{"damage":0.0,"enemies":"Small Slimes","floor":1.0,"turns":3.0},{"damage":0.0,"enemies":"Cultist","floor":3.0,"turns":4.0},{"damage":0.0,"enemies":"Jaw Worm","floor":4.0,"turns":2.0},{"damage":0.0,"enemies":"3 Louse","floor":5.0,"turns":3.0},{"damage":7.0,"enemies":"Lagavulin","floor":6.0,"turns":9.0},{"damage":5.0,"enemies":"3 Sentries","floor":8.0,"turns":8.0},{"damage":8.0,"enemies":"Lagavulin","floor":14.0,"turns":8.0},{"damage":2.0,"enemies":"The Guardian","floor":16.0,"turns":13.0},{"damage":0.0,"enemies":"Shell Parasite","floor":18.0,"turns":8.0},{"damage":7,"enemies":"Slavers","floor":23,"turns":5},{"damage":26,"enemies":"Gremlin Leader","floor":25,"turns":11},{"damage":0,"enemies":"Chosen","floor":27,"turns":5},{"damage":21,"enemies":"Slavers","floor":28,"turns":7},{"damage":0,"enemies":"Snecko","floor":29,"turns":6},{"damage":0,"enemies":"Centurion and Healer","floor":30,"turns":6},{"damage":20,"enemies":"Book of Stabbing","floor":31,"turns":6},{"damage":16,"enemies":"Collector","floor":33,"turns":10},{"damage":0,"enemies":"Orb Walker","floor":35,"turns":4},{"damage":0,"enemies":"3 Shapes","floor":36,"turns":6},{"damage":28,"enemies":"Writhing Mass","floor":38,"turns":7},{"damage":26,"enemies":"Reptomancer","floor":40,"turns":7},{"damage":0,"enemies":"Transient","floor":44,"turns":5},{"damage":0,"enemies":"Nemesis","floor":45,"turns":5},{"damage":0,"enemies":"Maw","floor":46,"turns":7},{"damage":0,"enemies":"Writhing Mass","floor":47,"turns":5},{"damage":0,"enemies":"Giant Head","floor":48,"turns":8},{"damage":4,"enemies":"Time Eater","floor":50,"turns":13},{"damage":40,"enemies":"Shield and Spear","floor":54,"turns":6},{"damage":22,"enemies":"The Heart","floor":55,"turns":11}],"seed_played":"4963660545871908253","potions_obtained":[{"floor":5.0,"key":"Fire Potion"},{"floor":8.0,"key":"AttackPotion"},{"floor":14.0,"key":"SkillPotion"},{"floor":16.0,"key":"FearPotion"},{"floor":18.0,"key":"GamblersBrew"},{"floor":27,"key":"GhostInAJar"},{"floor":28,"key":"EssenceOfSteel"},{"floor":30,"key":"Energy Potion"},{"floor":38,"key":"GhostInAJar"},{"floor":40,"key":"FearPotion"},{"floor":44,"key":"SneckoOil"},{"floor":48,"key":"Dexterity Potion"}],"is_trial":false,"path_per_floor":["M","?","M","M","M","E","R","E","T","R","?","R","?","E","R","B",null,"M","?","$","?","?","E","R","E","T","M","E","M","M","E","R","B",null,"M","M","?","M","?","E","R","$","T","M","E","M","M","E","R","B",null,"R","$","E","B",null],"character_chosen":"THE_SILENT","items_purchased":["Backstab","Terror","Blur","Flying Knee","Leg Sweep","Pen Nib","Lantern","OrangePellets","Footwork","Mayhem","PowerPotion","Good Instincts","Dodge and Roll","Dash","Backflip","Dagger Throw","Ancient Potion","Weak Potion","reliquary:Buckler"],"campfire_rested":3,"item_purchase_floors":[0,0,20,20,20,42,42,42,42,42,42,42,42,42,42,42,42,42,53],"current_hp_per_floor":[54,54,60,60,66,63,63,64,64,64,64,64,64,62,62,66,70,70,70,70,70,70,69,69,55,55,69,56,70,77,63,63,61,77,77,77,77,55,55,43,66,66,66,76,77,77,77,77,77,77,77,77,74,44,36],"gold":40,"neow_bonus":"","is_daily":false,"chose_seed":false,"campfire_upgraded":6,"win_rate":0.0,"timestamp":1614242982,"path_taken":["M","?","M","M","M","E","R","E","T","R","?","R","?","E","R","BOSS","M","?","$","?","?","E","R","E","T","M","E","M","?","E","R","BOSS","M","M","?","M","?","E","R","$","T","M","E","M","M","E","R","BOSS","R","$","E","BOSS"],"items_purchased_type":["Card","Card","Card","Card","Card","Relic","Relic","Relic","Card","Card","Potion","Card","Card","Card","Card","Card","Potion","Potion","Relic"],"build_version":"2020-12-22","purchased_purges":3,"victory":true,"max_hp_per_floor":[70,70,70,70,70,70,70,70,70,70,70,70,70,70,70,70,70,70,70,70,70,70,70,70,77,77,77,77,77,77,77,77,77,77,77,77,77,77,77,77,77,77,77,77,77,77,77,77,77,77,77,77,74,74,74],"card_choices":[{"not_picked":["Quick Slash","Calculated Gamble"],"picked":"Blur","floor":1.0},{"not_picked":["Dagger Throw","Masterful Stab"],"picked":"Flying Knee","floor":3.0},{"not_picked":["Slice","PiercingWail"],"picked":"Die Die Die","floor":4.0},{"not_picked":["Quick Slash","Setup"],"picked":"Blur","floor":5.0},{"not_picked":["Deadly Poison","Masterful Stab"],"picked":"Sucker Punch","floor":6.0},{"not_picked":["Poisoned Stab","Dodge and Roll"],"picked":"Blur","floor":8.0},{"not_picked":["Blade Dance","Flying Knee"],"picked":"A Thousand Cuts","floor":14.0},{"not_picked":["Envenom","Burst"],"picked":"Phantasmal Killer","floor":16.0},{"not_picked":["Calculated Gamble+1","Finisher+1","Poisoned Stab"],"picked":"SKIP","floor":18.0},{"not_picked":["Bane+1","Choke+1","Flechettes"],"picked":"SKIP","floor":23},{"not_picked":["Deflect","Infinite Blades"],"picked":"Noxious Fumes","floor":25},{"not_picked":["Riddle With Holes","Heel Hook","Dagger Throw+1"],"picked":"SKIP","floor":27},{"not_picked":["Adrenaline","Prepared"],"picked":"Noxious Fumes","floor":28},{"not_picked":["Catalyst","Well Laid Plans","Deadly Poison"],"picked":"SKIP","floor":29},{"not_picked":["Outmaneuver","Deadly Poison"],"picked":"Blur","floor":30},{"not_picked":["Deflect","Riddle With Holes"],"picked":"Caltrops","floor":31},{"not_picked":["Grand Finale","Glass Knife"],"picked":"After Image","floor":33},{"not_picked":["Deadly Poison","Dagger Throw+1","Accuracy+1"],"picked":"SKIP","floor":35},{"not_picked":["Deflect","Well Laid Plans","Bane+1"],"picked":"SKIP","floor":36},{"not_picked":["Dark Shackles","The Bomb"],"picked":"Good Instincts","floor":37},{"not_picked":["Outmaneuver+1","Bane+1","Deadly Poison+1"],"picked":"SKIP","floor":38},{"not_picked":["Terror+1","Endless Agony","Wraith Form v2"],"picked":"SKIP","floor":40},{"not_picked":["Prepared+1","Setup+1","Deflect+1"],"picked":"SKIP","floor":44},{"not_picked":["Deadly Poison","Cloak And Dagger"],"picked":"Deflect+1","floor":45},{"not_picked":["Flying Knee+1","Dagger Spray+1"],"picked":"Dodge and Roll","floor":46},{"not_picked":["Flying Knee","Blade Dance","Poisoned Stab+1"],"picked":"SKIP","floor":47},{"not_picked":["Glass Knife","Backflip","Dagger Spray+1"],"picked":"SKIP","floor":48},{"not_picked":["Finisher","Catalyst"],"picked":"Concentrate+1","floor":49},{"not_picked":["Dagger Throw+1","Reflex+1"],"picked":"Blur+1","floor":52},{"not_picked":["Quick Slash+1","Outmaneuver+1"],"picked":"A Thousand Cuts","floor":54}],"player_experience":558331,"relics_obtained":[{"floor":6.0,"key":"Art of War"},{"floor":8.0,"key":"Thread and Needle"},{"floor":9.0,"key":"reliquary:Vitrine"},{"floor":14.0,"key":"Bronze Scales"},{"floor":23,"key":"Orichalcum"},{"floor":23,"key":"Blood Vial"},{"floor":25,"key":"Strawberry"},{"floor":25,"key":"reliquary:SculptingSteel"},{"floor":26,"key":"Gremlin Horn"},{"floor":28,"key":"TungstenRod"},{"floor":28,"key":"Bottled Lightning"},{"floor":31,"key":"reliquary:PartyBalloon"},{"floor":31,"key":"Kunai"},{"floor":40,"key":"Mercury Hourglass"},{"floor":40,"key":"Dead Branch"},{"floor":43,"key":"PreservedInsect"},{"floor":45,"key":"Boot"},{"floor":45,"key":"Smiling Mask"},{"floor":48,"key":"Dream Catcher"},{"floor":48,"key":"reliquary:PrincelyHelmet"},{"floor":54,"key":"Blue Candle"},{"floor":54,"key":"White Beast Statue"}],"event_choices":[{"damage_healed":0.0,"max_hp_gain":0.0,"max_hp_loss":0.0,"gold_gain":0.0,"event_name":"Living Wall","player_choice":"Grow","floor":2.0,"gold_loss":0.0,"damage_taken":0.0,"cards_upgraded":["Bandage Up"]},{"damage_healed":0.0,"max_hp_gain":0.0,"max_hp_loss":0.0,"gold_gain":175.0,"event_name":"betterThird:BetterSerpent","player_choice":"AGREE","floor":11.0,"gold_loss":0.0,"damage_taken":283.0},{"damage_healed":0.0,"max_hp_gain":0.0,"max_hp_loss":0.0,"gold_gain":275.0,"event_name":"Golden Shrine","player_choice":"Desecrate","floor":13.0,"gold_loss":0.0,"damage_taken":0.0,"cards_obtained":["Regret"]},{"damage_healed":0.0,"max_hp_gain":0.0,"max_hp_loss":0.0,"gold_gain":0.0,"event_name":"Drug Dealer","player_choice":"Inject Mutagens","floor":19.0,"gold_loss":0.0,"damage_taken":0.0,"relics_obtained":["MutagenicStrength"]},{"damage_healed":0.0,"max_hp_gain":0.0,"max_hp_loss":0.0,"gold_gain":99.0,"event_name":"betterThird:BetterNest","player_choice":"Steal","floor":21.0,"gold_loss":0.0,"damage_taken":0.0},{"damage_healed":0.0,"max_hp_gain":0.0,"max_hp_loss":0.0,"gold_gain":0.0,"event_name":"Match and Keep!","player_choice":"1 cards matched","floor":22.0,"gold_loss":0.0,"damage_taken":0.0,"cards_obtained":["Bandage Up"]},{"damage_healed":0,"gold_gain":0,"player_choice":"Memory 1","damage_taken":0,"max_hp_gain":0,"max_hp_loss":0,"event_name":"SensoryStone","floor":37,"gold_loss":0},{"damage_healed":0,"gold_gain":300,"player_choice":"Gold","damage_taken":0,"max_hp_gain":0,"max_hp_loss":0,"event_name":"Wheel of Change","floor":39,"gold_loss":0}],"is_beta":false,"boss_relics":[{"not_picked":["reliquary:RustamsPendant","Velvet Choker"],"picked":"Black Star"},{"not_picked":["Astrolabe","Runic Dome"],"picked":"Fusion Hammer"}],"items_purged_floors":[20,42,53],"is_endless":false,"potions_floor_spawned":[5,8,14,16,18,27,28,30,38,40,44,45,48],"ascension_level":3}}