{"host":"cd7awanv0x2msn9z","time":1614252433,"event":{"mods":["BaseMod","Downfall","Minty Spire (QoL Compilation)","Replay The Spire","StSLib","SuperFastMode"],"gold_per_floor":[113,113,113,38,38,66,66,80,130,183,202,246,271,290,290,419,419,457,457,43,74,74,74,102,131,213,213,343,395,395,420,420,534,534,563,563,651,168,248,248,271,320,344,419,481,513,566,612,624,662],"floor_reached":51,"language":"ZHS","playtime":4721,"items_purged":["Normality","downfall:Bewildered","Clumsy"],"score":1215,"play_id":"c8f4f65c-a17b-4326-bae8-55e42599e13f","local_time":"20210225192713","is_ascension_mode":true,"campfire_choices":[{"data":"Neutralize","floor":7.0,"key":"SMITH"},{"data":"Masterful Stab","floor":15.0,"key":"SMITH"},{"data":"Catalyst","floor":23.0,"key":"SMITH"},{"data":"Unload","floor":27,"key":"SMITH"},{"data":"Glass Knife","floor":32,"key":"SMITH"},{"data":"Corpse Explosion","floor":40,"key":"SMITH"},{"data":"Phantasmal Killer","floor":49,"key":"SMITH"}],"circlet_count":0,"master_deck":["Neutralize+1","Calculated Gamble+1","Backflip","Dagger Spray+1","Choke","Backstab+1","Masterful Stab+1","Glass Knife+1","Catalyst+1","Escape Plan","Heel Hook","Replay:Bag of Tricks","Poison Darts","Grand Finale","Bouncing Flask","Poison Darts","Doppelganger","Wraith Form v2","Underhanded Strike+1","Crippling Poison+1","Shame","downfall:Haunted","Finisher+1","Unload+1","Doubt","CommonCold","All Out Attack+1","ReplayTheSpireMod:Splinters","Corpse Explosion+1","CurseOfTheBell","Skewer+1","Overencumbered","Backflip","Fluid Movement+1","downfall:Haunted","Shame","Sucker Punch+1","Deadly Poison+1","Normality","Dagger Spray+1","Phantasmal Killer+1"],"relics":["Ring of the Snake","NeowsBlessing","ReplayTheSpireMod:Ring of Collecting","Ring of Hypnosis","Meat on the Bone","Replay:Rubber Ducky","Ring of Greed","Replay:Wax Seal","Replay:Bandana","Onion Ring","Mercury Hourglass","Vajra","Pandora\u0027s Box","sneckomod:BabySnecko","Turnip","Pen Nib","Ring of Misfortune","Replay:Bottled Flurry","Replay:Kaleidoscope","Replay:Bottled Steam","Bronze Scales","Replay:Grab Bag","Coffee Dripper","SlaversCollar","Calling Bell","Dream Catcher","Question Card","Replay:Towering Pillar of Hats","Blue Candle","Anchor","FossilizedHelix","Byrd Skull","Gambling Chip","Ring of Fangs","MawBank","Counterbalance","Blood Vial","Whetstone"],"acts_visited":["Exordium","TheCity","TheBeyond"],"potions_floor_usage":[29,33,33,42,44,50],"damage_taken":[{"damage":0.0,"enemies":"Small Slimes","floor":1.0,"turns":1.0},{"damage":0.0,"enemies":"Gremlin Nob","floor":6.0,"turns":1.0},{"damage":0.0,"enemies":"Jaw Worm","floor":8.0,"turns":1.0},{"damage":23.0,"enemies":"3 Sentries","floor":10.0,"turns":8.0},{"damage":0.0,"enemies":"2 Louse","floor":11.0,"turns":1.0},{"damage":28.0,"enemies":"Lagavulin","floor":12.0,"turns":4.0},{"damage":0.0,"enemies":"Exordium Thugs","floor":13.0,"turns":1.0},{"damage":0.0,"enemies":"2 Fungi Beasts","floor":14.0,"turns":2.0},{"damage":12.0,"enemies":"Fading Forest","floor":16.0,"turns":11.0},{"damage":0.0,"enemies":"3 Byrds","floor":18.0,"turns":3.0},{"damage":2.0,"enemies":"2 Thieves","floor":21.0,"turns":2.0},{"damage":2.0,"enemies":"Centurion and Healer","floor":24.0,"turns":3.0},{"damage":12.0,"enemies":"Chosen and Byrds","floor":25.0,"turns":2.0},{"damage":4,"enemies":"Colosseum Slavers","floor":28,"turns":2},{"damage":0,"enemies":"Colosseum Nobs","floor":28,"turns":2},{"damage":0,"enemies":"Gremlin Leader","floor":29,"turns":3},{"damage":0,"enemies":"3 Cultists","floor":31,"turns":2},{"damage":0,"enemies":"Champ","floor":33,"turns":6},{"damage":0,"enemies":"3 Shapes","floor":35,"turns":2},{"damage":0,"enemies":"Mind Bloom Boss Battle","floor":39,"turns":3},{"damage":0,"enemies":"Orb Walker","floor":41,"turns":2},{"damage":0,"enemies":"Reptomancer","floor":42,"turns":2},{"damage":0,"enemies":"2 Orb Walkers","floor":44,"turns":2},{"damage":0,"enemies":"R_Hoarder","floor":45,"turns":4},{"damage":0,"enemies":"Jaw Worm Horde","floor":46,"turns":1},{"damage":0,"enemies":"Nemesis","floor":47,"turns":1},{"damage":0,"enemies":"3 Darklings","floor":48,"turns":2},{"damage":1,"enemies":"Awakened One","floor":50,"turns":7}],"seed_played":"3655890704475982273","potions_obtained":[{"floor":8.0,"key":"Fire Potion"},{"floor":12.0,"key":"SpeedPotion"},{"floor":13.0,"key":"SneckoOil"},{"floor":24.0,"key":"Swift Potion"},{"floor":29,"key":"BlessingOfTheForge"},{"floor":31,"key":"LifebloodPotion"},{"floor":41,"key":"GhostInAJar"},{"floor":42,"key":"Block Potion"},{"floor":45,"key":"BlessingOfTheForge"},{"floor":46,"key":"FearPotion"}],"is_trial":false,"path_per_floor":["M","?","?","$","?","E","R","M","T","E","M","E","M","M","R","B",null,"M","?","$","M","?","R","M","M","T","R","?","E","?","M","R","B",null,"M","?","?","$","?","R","M","E","T","?","E","M","E","M","R","B",null],"character_chosen":"THE_SILENT","items_purchased":["Turnip","FossilizedHelix","Fluid Movement+1"],"campfire_rested":0,"item_purchase_floors":[20,38,38],"current_hp_per_floor":[70,70,70,70,70,70,70,70,70,47,47,31,43,43,43,43,70,70,70,70,68,68,68,66,54,54,54,50,50,50,50,50,50,70,70,65,48,48,48,48,48,48,48,48,48,50,52,54,54,55],"gold":674,"neow_bonus":"THREE_ENEMY_KILL","is_daily":false,"chose_seed":false,"campfire_upgraded":7,"win_rate":0.0,"timestamp":1614252433,"path_taken":["M","?","?","?","?","E","R","M","T","E","M","E","?","M","R","BOSS","M","?","$","M","?","R","M","M","T","R","?","E","?","M","R","BOSS","M","?","?","$","?","R","?","E","T","?","E","M","E","M","R","BOSS"],"items_purchased_type":["Relic","Relic","Card"],"build_version":"2020-12-22","purchased_purges":3,"victory":true,"max_hp_per_floor":[70,70,70,70,70,70,70,70,70,70,70,70,70,70,70,70,70,70,70,70,70,70,70,70,70,70,70,70,70,70,70,70,70,70,70,70,70,70,70,70,70,70,70,70,70,70,70,70,70,70],"card_choices":[{"not_picked":["PiercingWail","Poisoned Stab"],"picked":"Bouncing Flask","floor":1.0},{"not_picked":["Bane","Dagger Throw","Hidden Blade"],"picked":"SKIP","floor":6.0},{"not_picked":["Endless Agony","Prepared"],"picked":"Backflip","floor":8.0},{"not_picked":["Poisoned Stab","Well Laid Plans"],"picked":"Dagger Spray","floor":10.0},{"not_picked":["Dodge and Roll","Sneak Up"],"picked":"Choke","floor":11.0},{"not_picked":["ReplayTheSpireMod:Scrap Shanks","Choke"],"picked":"Backstab","floor":12.0},{"not_picked":["Cloak And Dagger","Toxin Wave"],"picked":"Masterful Stab","floor":13.0},{"not_picked":["Deadly Poison","Underhanded Strike","Envenom"],"picked":"SKIP","floor":14.0},{"not_picked":["Grand Finale","Night Terror"],"picked":"Glass Knife","floor":16.0},{"not_picked":["Outmaneuver+1","Choke"],"picked":"Underhanded Strike+1","floor":18.0},{"not_picked":["Slice","Blur"],"picked":"Crippling Poison+1","floor":21.0},{"not_picked":["ReplayTheSpireMod:Speed Training+1","Slice"],"picked":"Finisher+1","floor":24.0},{"not_picked":["PiercingWail","Outmaneuver"],"picked":"Unload","floor":25},{"not_picked":["Hidden Blade+1","Malaise"],"picked":"All Out Attack+1","floor":29},{"not_picked":["Outmaneuver+1","Bane+1","Sucker Punch"],"picked":"SKIP","floor":31},{"not_picked":["Adrenaline","Envenom"],"picked":"Corpse Explosion","floor":33},{"not_picked":["Deadly Poison+1","Infinite Blades","Deflect"],"picked":"Skewer+1","floor":35},{"not_picked":["Draining Mist","Flying Knee","Prepared+1"],"picked":"Backflip","floor":37},{"not_picked":["Catalyst","Prepared+1","Reflex+1","Slice+1"],"picked":"SKIP","floor":41},{"not_picked":["Acrobatics","PiercingWail","Storm of Steel","ReplayTheSpireMod:Speed Training"],"picked":"SKIP","floor":42},{"not_picked":["Blur","Dodge and Roll","Skewer"],"picked":"Sucker Punch+1","floor":44},{"not_picked":["Acrobatics","Choke","PiercingWail","Envenom"],"picked":"SKIP","floor":45},{"not_picked":["Underhanded Strike+1","Quick Slash+1","Fluid Movement"],"picked":"Deadly Poison+1","floor":46},{"not_picked":["ReplayTheSpireMod:Tripwire","Dagger Throw+1","Sneak Up"],"picked":"Dagger Spray+1","floor":47},{"not_picked":["Dagger Throw+1","Hidden Blade","Heel Hook+1"],"picked":"Phantasmal Killer","floor":48}],"player_experience":142762,"relics_obtained":[{"floor":2.0,"key":"ReplayTheSpireMod:Ring of Collecting"},{"floor":2.0,"key":"Ring of Hypnosis"},{"floor":6.0,"key":"Replay:Rubber Ducky"},{"floor":9.0,"key":"Ring of Greed"},{"floor":9.0,"key":"Replay:Wax Seal"},{"floor":9.0,"key":"Replay:Bandana"},{"floor":9.0,"key":"Onion Ring"},{"floor":10.0,"key":"Mercury Hourglass"},{"floor":12.0,"key":"Vajra"},{"floor":26,"key":"Ring of Misfortune"},{"floor":26,"key":"Replay:Bottled Flurry"},{"floor":28,"key":"Replay:Kaleidoscope"},{"floor":28,"key":"Replay:Bottled Steam"},{"floor":29,"key":"Bronze Scales"},{"floor":34,"key":"Dream Catcher"},{"floor":34,"key":"Question Card"},{"floor":34,"key":"Replay:Towering Pillar of Hats"},{"floor":37,"key":"Anchor"},{"floor":39,"key":"Byrd Skull"},{"floor":42,"key":"Gambling Chip"},{"floor":43,"key":"Ring of Fangs"},{"floor":43,"key":"MawBank"},{"floor":44,"key":"Counterbalance"},{"floor":45,"key":"Blood Vial"},{"floor":47,"key":"Whetstone"}],"event_choices":[{"cards_removed":["Bouncing Flask"],"damage_healed":0.0,"max_hp_gain":0.0,"max_hp_loss":0.0,"gold_gain":0.0,"event_name":"WeMeetAgain","player_choice":"Gave Card","floor":5.0,"gold_loss":0.0,"damage_taken":0.0,"relics_obtained":["Meat on the Bone"]},{"damage_healed":0.0,"max_hp_gain":0.0,"max_hp_loss":0.0,"gold_gain":0.0,"event_name":"Addict","player_choice":"Stole Relic","floor":22.0,"gold_loss":0.0,"damage_taken":0.0,"relics_obtained":["Pen Nib"],"cards_obtained":["Shame"]},{"damage_healed":0,"gold_gain":0,"player_choice":"Fight","damage_taken":0,"max_hp_gain":0,"max_hp_loss":0,"event_name":"Colosseum","floor":28,"gold_loss":0},{"damage_healed":0,"gold_gain":0,"player_choice":"Fought Nobs","damage_taken":0,"max_hp_gain":0,"max_hp_loss":0,"event_name":"Colosseum","floor":28,"gold_loss":0},{"cards_removed":["Writhe"],"damage_healed":0,"gold_gain":0,"player_choice":"Elegance","damage_taken":0,"max_hp_gain":0,"max_hp_loss":0,"event_name":"Back to Basics","floor":30,"gold_loss":0},{"damage_healed":0,"gold_gain":0,"player_choice":"Fight","damage_taken":0,"max_hp_gain":0,"max_hp_loss":0,"event_name":"MindBloom","floor":39,"gold_loss":0},{"damage_healed":0,"gold_gain":0,"player_choice":"Fight","damage_taken":0,"max_hp_gain":0,"max_hp_loss":0,"event_name":"Mysterious Sphere","floor":44,"gold_loss":0}],"is_beta":false,"boss_relics":[{"not_picked":["Cursed Key","Snecko Scales"],"picked":"Pandora\u0027s Box"},{"not_picked":["Tiny House","Replay:Wanted Poster"],"picked":"Replay:Grab Bag"},{"not_picked":["ChewingGum","Fusion Hammer"],"picked":"Coffee Dripper"},{"not_picked":["Philosopher\u0027s Stone","Velvet Choker"],"picked":"SlaversCollar"},{"not_picked":["Honey Jar","Empty Cage"],"picked":"Calling Bell"}],"items_purged_floors":[4,20,38],"is_endless":false,"potions_floor_spawned":[8,12,13,24,28,29,31,41,42,45,46,48],"ascension_level":2}}