{"host":"6h0diz2ap0m56grs","time":1614281422,"event":{"mods":["2.2 Compatiblity","BaseMod","Colored Map","Marisa????????","Minty Spire (QoL Compilation)","Quick Restart","Replay The Spire","Shop Mod","StSLib","The Cursed","The Exalted","The Necromancer","The Servant 0.9.4"],"gold_per_floor":[118,135,191,33,33,60,60,91,91,108,108,108,142,176,176,281,281,281,281],"floor_reached":18,"language":"ENG","playtime":509,"items_purged":[],"score":222,"play_id":"4099719b-f76a-4c22-b547-50ea0ff74554","local_time":"20210225133022","daily_mods":["SealedDeck","Heirloom","Time Dilation","Flight"],"is_ascension_mode":true,"campfire_choices":[{"data":"Consume","floor":7,"key":"SMITH"},{"data":"BasicCrystalCard","floor":11,"key":"SMITH"},{"data":"BasicCrystalCard","floor":12,"key":"SMITH"},{"data":"Rainbow","floor":15,"key":"SMITH"}],"circlet_count":0,"master_deck":["Beam Cell","Barrage","Loop","Leap","BasicCrystalCard+1","Consume+1","Ball Lightning","BasicCrystalCard+1","BasicCrystalCard+1","Conserve Battery","Conserve Battery","Ball Lightning","Core Surge","Electrodynamics","Conserve Battery","Rainbow+1","Core Surge","Buffer+1"],"relics":["Cracked Core","replay:Trail_Library","Unceasing Top","Mirror","Shuriken","Singing Bowl","Lantern","Frozen Egg 2","Oddly Smooth Stone","Snecko Eye"],"acts_visited":["Exordium","TheCity"],"potions_floor_usage":[],"damage_taken":[{"damage":0,"enemies":"Small Slimes","floor":1,"turns":2},{"damage":0,"enemies":"Jaw Worm","floor":2,"turns":3},{"damage":13,"enemies":"Gremlin Nob","floor":6,"turns":4},{"damage":0,"enemies":"Lagavulin","floor":8,"turns":4},{"damage":0,"enemies":"Cultist","floor":10,"turns":2},{"damage":2,"enemies":"3 Sentries","floor":13,"turns":4},{"damage":2,"enemies":"Gremlin Nob","floor":14,"turns":3},{"damage":16,"enemies":"Hexaghost","floor":16,"turns":7},{"damage":0,"enemies":"Spheric Guardian","floor":18,"turns":2}],"seed_played":"6569162978061747597","potions_obtained":[{"floor":2,"key":"SkillPotion"},{"floor":6,"key":"Toxic Potion"},{"floor":8,"key":"Dexterity Potion"}],"is_trial":true,"path_per_floor":["M","M","?","$","?","E","R","E","T","M","R","R","E","E","R","B",null,"M"],"character_chosen":"DEFECT","items_purchased":["Electrodynamics"],"campfire_rested":0,"item_purchase_floors":[4],"current_hp_per_floor":[75,75,57,57,57,44,44,46,46,48,48,48,46,46,46,30,81,81,81],"gold":281,"neow_bonus":"","is_daily":false,"chose_seed":false,"campfire_upgraded":4,"win_rate":0.0,"timestamp":1614281422,"path_taken":["M","M","?","$","?","E","R","E","T","?","R","R","E","E","R","BOSS","M"],"items_purchased_type":["Card"],"build_version":"2020-12-22","purchased_purges":0,"victory":false,"max_hp_per_floor":[75,75,75,75,75,75,75,77,77,79,79,79,79,81,81,81,81,81,81],"card_choices":[{"not_picked":["Panic Button","Beam Cell","Heatsinks"],"picked":"SKIP","floor":1},{"not_picked":["Auto Shields","Barrage"],"picked":"Conserve Battery","floor":2},{"not_picked":["Hologram","Redo"],"picked":"Ball Lightning","floor":3},{"not_picked":["Go for the Eyes","Sweeping Beam"],"picked":"Core Surge","floor":3},{"not_picked":["Darkness","Beam Cell"],"picked":"Conserve Battery","floor":6},{"not_picked":["Gash","Redo","Hello World"],"picked":"Singing Bowl","floor":8},{"not_picked":["BasicCrystalCard","ReplayTheSpireMod:Reroute Power","Storm"],"picked":"Singing Bowl","floor":10},{"not_picked":["Ball Lightning","Conserve Battery"],"picked":"Core Surge","floor":13},{"not_picked":["Stack","Turbo","Beam Cell"],"picked":"Singing Bowl","floor":14},{"not_picked":["Creative AI+1","Reboot"],"picked":"Buffer+1","floor":16}],"player_experience":574825,"relics_obtained":[{"floor":3,"key":"Mirror"},{"floor":6,"key":"Shuriken"},{"floor":8,"key":"Singing Bowl"},{"floor":9,"key":"Lantern"},{"floor":13,"key":"Frozen Egg 2"},{"floor":14,"key":"Oddly Smooth Stone"}],"event_choices":[{"damage_healed":0,"gold_gain":0,"player_choice":"Forge","damage_taken":0,"max_hp_gain":0,"max_hp_loss":0,"event_name":"Accursed Blacksmith","floor":5,"gold_loss":0,"cards_upgraded":["BasicCrystalCard"]}],"is_beta":false,"boss_relics":[{"not_picked":["Bromod:ArcaneGrace","ChewingGum"],"picked":"Snecko Eye"}],"items_purged_floors":[],"is_endless":false,"potions_floor_spawned":[2,6,8,16],"killed_by":"Spheric Guardian","ascension_level":1}}