{"host":"ttzdpsscxkem3xrs","time":1614286143,"event":{"mods":["BaseMod","Colored Map","Downfall","Hermit","Minty Spire (QoL Compilation)","Replay The Spire","StSLib","The Cursed","The Hierophant"],"gold_per_floor":[113,132,151,36,36,64,64,64,64],"floor_reached":8,"language":"ENG","playtime":280,"items_purged":["hermit:Defend_Hermit"],"score":67,"play_id":"2f01e696-e06d-4555-8870-225df1e7de75","local_time":"20210225124902","is_ascension_mode":true,"campfire_choices":[],"circlet_count":0,"master_deck":["hermit:Strike_Hermit","hermit:Strike_Hermit","hermit:Strike_Hermit","hermit:Strike_Hermit","hermit:Defend_Hermit","hermit:Defend_Hermit","hermit:Defend_Hermit","hermit:Snapshot","hermit:Covet","hermit:EyeOfTheStorm","hermit:Vantage","hermit:WideOpen","hermit:Glare+1"],"relics":["hermit:Momento","Bag of Marbles","Replay:Multitool"],"acts_visited":["Exordium"],"potions_floor_usage":[],"damage_taken":[{"damage":1,"enemies":"Cultist","floor":1,"turns":3},{"damage":3,"enemies":"Small Slimes","floor":2,"turns":4},{"damage":6,"enemies":"Jaw Worm","floor":3,"turns":4},{"damage":25,"enemies":"Gremlin Nob","floor":6,"turns":4},{"damage":0,"enemies":"Lagavulin","floor":8,"turns":1}],"seed_played":"-8442042402899597023","potions_obtained":[{"floor":3,"key":"Explosive Potion"}],"is_trial":false,"path_per_floor":["M","M","M","$","?","E","$","E"],"character_chosen":"HERMIT","items_purchased":["hermit:Glare+1"],"campfire_rested":0,"item_purchase_floors":[4],"current_hp_per_floor":[74,71,65,65,65,40,40,40,40],"gold":64,"neow_bonus":"RANDOM_COMMON_RELIC","is_daily":false,"chose_seed":false,"campfire_upgraded":0,"win_rate":0.0,"timestamp":1614286142,"path_taken":["M","?","M","?","?","E","?","E"],"items_purchased_type":["Card"],"build_version":"2020-12-22","purchased_purges":1,"victory":false,"max_hp_per_floor":[75,75,75,75,75,75,75,75,75],"card_choices":[{"not_picked":["hermit:Quickdraw","hermit:HoleUp"],"picked":"hermit:EyeOfTheStorm","floor":1},{"not_picked":["hermit:Snipe","hermit:LuckOfTheDraw"],"picked":"hermit:Vantage","floor":2},{"not_picked":["hermit:ItchyTrigger","hermit:HoleUp"],"picked":"hermit:WideOpen","floor":3},{"not_picked":["hermit:HoleUp","hermit:Manifest","hermit:WideOpen"],"picked":"SKIP","floor":6}],"player_experience":1458750,"relics_obtained":[{"floor":6,"key":"Replay:Multitool"}],"event_choices":[{"damage_healed":0,"gold_gain":0,"player_choice":"Ignored","damage_taken":0,"max_hp_gain":0,"max_hp_loss":0,"event_name":"Shining Light","floor":5,"gold_loss":0}],"is_beta":false,"boss_relics":[],"items_purged_floors":[4],"is_endless":false,"potions_floor_spawned":[3],"killed_by":"Lagavulin","ascension_level":4}}