{"host":"f5n4tidiz2n5sooh","time":1614226905,"event":{"mods":["BaseMod","Colored Map","Minty Spire (QoL Compilation)","Relic Stats","StSLib"],"gold_per_floor":[15,15,29,47,59,89,89,119,119,119,194,213,51,51,51,129,129,129,44,44,44,0,0,0,0,0,0,0,0,0,0,0,0,0,0,0,0,0,0,0,0,0,0,0,0],"floor_reached":44,"language":"ENG","playtime":2341,"items_purged":[],"score":1034,"play_id":"70ad18d0-c483-4e84-9b64-15c7b142e14f","local_time":"20210224222145","is_ascension_mode":true,"campfire_choices":[{"floor":7.0,"key":"REST"},{"data":"Apotheosis","floor":10,"key":"SMITH"},{"floor":15,"key":"REST"},{"floor":24,"key":"REST"},{"floor":32,"key":"REST"},{"floor":41,"key":"REST"}],"circlet_count":0,"master_deck":["AscendersBane","Strike_G","Defend_G","Defend_G","Defend_G","Defend_G","Defend_G","Survivor","Neutralize","Apotheosis+1","Quick Slash","PiercingWail","Blade Dance","All Out Attack","Leg Sweep","Dash","Dagger Throw","Dagger Throw","Corpse Explosion","Dodge and Roll","Bouncing Flask+1","Crippling Poison+1","Dodge and Roll","Night Terror","PiercingWail","Bullet Time","Noxious Fumes","PiercingWail+1","Footwork+1","Bullet Time","PiercingWail+1"],"relics":["Ring of the Snake","FaceOfCleric","Mercury Hourglass","Eternal Feather","Bottled Lightning","OrangePellets","Ectoplasm","Nunchaku","White Beast Statue","Du-Vu Doll","Empty Cage","Frozen Egg 2"],"acts_visited":["Exordium","TheCity","TheBeyond"],"potions_floor_usage":[22,25,28,31,33,40,40,44],"damage_taken":[{"damage":0.0,"enemies":"Cultist","floor":1.0,"turns":4.0},{"damage":1.0,"enemies":"2 Louse","floor":3.0,"turns":3.0},{"damage":9.0,"enemies":"Jaw Worm","floor":4.0,"turns":4.0},{"damage":10.0,"enemies":"Gremlin Gang","floor":5.0,"turns":5.0},{"damage":30.0,"enemies":"Gremlin Nob","floor":6.0,"turns":4.0},{"damage":9.0,"enemies":"Lagavulin","floor":8.0,"turns":7.0},{"damage":0,"enemies":"2 Fungi Beasts","floor":12,"turns":2},{"damage":20,"enemies":"The Guardian","floor":16,"turns":13},{"damage":6,"enemies":"Shell Parasite","floor":18,"turns":4},{"damage":0,"enemies":"2 Thieves","floor":22,"turns":3},{"damage":40,"enemies":"Gremlin Leader","floor":23,"turns":6},{"damage":0,"enemies":"Cultist and Chosen","floor":25,"turns":3},{"damage":28,"enemies":"Book of Stabbing","floor":28,"turns":6},{"damage":0,"enemies":"Snecko","floor":29,"turns":4},{"damage":10,"enemies":"Snake Plant","floor":31,"turns":3},{"damage":37,"enemies":"Collector","floor":33,"turns":9},{"damage":1,"enemies":"3 Shapes","floor":35,"turns":2},{"damage":0,"enemies":"3 Darklings","floor":36,"turns":3},{"damage":19,"enemies":"Sphere and 2 Shapes","floor":37,"turns":6},{"damage":0,"enemies":"4 Shapes","floor":38,"turns":3},{"damage":10,"enemies":"Maw","floor":39,"turns":8},{"damage":34,"enemies":"Nemesis","floor":40,"turns":9},{"damage":12,"enemies":"3 Darklings","floor":42,"turns":3},{"damage":51,"enemies":"Reptomancer","floor":44,"turns":2}],"seed_played":"-7885341586704622344","potions_obtained":[{"floor":3.0,"key":"Energy Potion"},{"floor":6.0,"key":"Ancient Potion"},{"floor":12,"key":"Explosive Potion"},{"floor":18,"key":"DuplicationPotion"},{"floor":22,"key":"Regen Potion"},{"floor":25,"key":"Fruit Juice"},{"floor":28,"key":"AttackPotion"},{"floor":31,"key":"Energy Potion"},{"floor":33,"key":"FearPotion"},{"floor":35,"key":"Strength Potion"},{"floor":40,"key":"PowerPotion"},{"floor":42,"key":"Fruit Juice"}],"is_trial":false,"path_per_floor":["M","?","M","M","M","E","R","E","T","R","?","M","$","?","R","B",null,"M","?","?","$","M","E","R","M","T","?","E","M","$","M","R","B",null,"M","M","M","M","M","E","R","M","T","E"],"character_chosen":"THE_SILENT","items_purchased":["OrangePellets"],"campfire_rested":5,"item_purchase_floors":[13],"current_hp_per_floor":[59,59,59,51,42,13,34,26,26,38,27,28,28,28,61,42,65,60,60,60,60,61,22,59,69,69,69,47,48,48,39,79,43,75,75,76,58,59,50,17,62,51,51,0,0],"gold":0,"neow_bonus":"RANDOM_COLORLESS_2","is_daily":false,"chose_seed":false,"campfire_upgraded":1,"win_rate":0.0,"timestamp":1614226905,"path_taken":["M","?","M","M","?","E","R","E","T","R","?","M","$","?","R","BOSS","M","?","?","$","M","E","R","?","T","?","E","M","$","M","R","BOSS","M","M","M","M","M","E","R","M","T","E"],"items_purchased_type":["Relic"],"build_version":"2020-12-22","purchased_purges":0,"victory":false,"max_hp_per_floor":[66,66,67,68,69,70,70,71,71,71,71,72,72,72,72,73,73,74,74,74,74,75,76,76,77,77,77,83,84,84,85,85,86,86,87,88,89,90,91,92,92,93,93,93,93],"relic_stats":{"OrangePellets":[4],"Nunchaku":[12],"FaceOfCleric":22,"counters":[24,116],"Eternal Feather":72,"Ectoplasm":376,"obtain_stats":[{"Du-Vu Doll":28,"OrangePellets":13,"Nunchaku":19,"FaceOfCleric":2,"Eternal Feather":8,"Ectoplasm":17,"Bottled Lightning":9,"Frozen Egg 2":43,"Empty Cage":34,"White Beast Statue":23,"Ring of the Snake":0,"Mercury Hourglass":6},{"Du-Vu Doll":13,"OrangePellets":7,"Nunchaku":9,"FaceOfCleric":1,"Eternal Feather":6,"Ectoplasm":8,"Bottled Lightning":6,"Frozen Egg 2":23,"Empty Cage":16,"White Beast Statue":11,"Ring of the Snake":0,"Mercury Hourglass":5},{"Du-Vu Doll":64,"OrangePellets":29,"Nunchaku":46,"FaceOfCleric":4,"Eternal Feather":27,"Ectoplasm":42,"Bottled Lightning":27,"Frozen Egg 2":114,"Empty Cage":80,"White Beast Statue":55,"Ring of the Snake":0,"Mercury Hourglass":20}],"Ring of the Snake":[48],"Mercury Hourglass":[378]},"card_choices":[{"not_picked":["Metamorphosis","Mayhem"],"picked":"Apotheosis","floor":0.0},{"not_picked":["Outmaneuver","Dodge and Roll"],"picked":"Quick Slash","floor":1.0},{"not_picked":["Deadly Poison","Distraction"],"picked":"PiercingWail","floor":3.0},{"not_picked":["Finisher","Acrobatics"],"picked":"Blade Dance","floor":4.0},{"not_picked":["Grand Finale","Sucker Punch"],"picked":"All Out Attack","floor":5.0},{"not_picked":["Slice","All Out Attack"],"picked":"Leg Sweep","floor":6.0},{"not_picked":["Cloak And Dagger","Acrobatics"],"picked":"Dash","floor":8.0},{"not_picked":["Poisoned Stab","Flying Knee"],"picked":"Dagger Throw","floor":12},{"not_picked":["Glass Knife","Envenom"],"picked":"Corpse Explosion","floor":16},{"not_picked":["Dagger Throw","Acrobatics","Bane"],"picked":"SKIP","floor":18},{"not_picked":["Deflect","Dagger Spray"],"picked":"Bouncing Flask+1","floor":22},{"not_picked":["Masterful Stab","Predator+1"],"picked":"Crippling Poison+1","floor":23},{"not_picked":["Reflex","Tactician","Escape Plan"],"picked":"SKIP","floor":25},{"not_picked":["Prepared","Blade Dance"],"picked":"Night Terror","floor":28},{"not_picked":["Acrobatics","Setup"],"picked":"PiercingWail","floor":29},{"not_picked":["Bane","Distraction","Expertise"],"picked":"SKIP","floor":31},{"not_picked":["Adrenaline","Tools of the Trade"],"picked":"Bullet Time","floor":33},{"not_picked":["Flechettes+1","Dagger Throw+1"],"picked":"Noxious Fumes","floor":35},{"not_picked":["Prepared","Bane"],"picked":"PiercingWail+1","floor":36},{"not_picked":["Cloak And Dagger","Backstab"],"picked":"Footwork+1","floor":37},{"not_picked":["Accuracy","Outmaneuver","Bane+1"],"picked":"SKIP","floor":38},{"not_picked":["Finisher","Dagger Spray","Prepared"],"picked":"SKIP","floor":39},{"not_picked":["Leg Sweep","All Out Attack"],"picked":"Bullet Time","floor":40},{"not_picked":["Dodge and Roll+1","Dagger Throw+1"],"picked":"PiercingWail+1","floor":42}],"player_experience":2086033,"relics_obtained":[{"floor":6.0,"key":"Mercury Hourglass"},{"floor":8.0,"key":"Eternal Feather"},{"floor":9.0,"key":"Bottled Lightning"},{"floor":23,"key":"White Beast Statue"},{"floor":28,"key":"Du-Vu Doll"},{"floor":43,"key":"Frozen Egg 2"}],"event_choices":[{"damage_healed":0.0,"max_hp_gain":0.0,"max_hp_loss":0.0,"gold_gain":0.0,"event_name":"FaceTrader","player_choice":"Trade","floor":2.0,"gold_loss":0.0,"damage_taken":0.0,"relics_obtained":["FaceOfCleric"]},{"damage_healed":0,"gold_gain":75,"player_choice":"Gather Gold","damage_taken":11,"max_hp_gain":0,"max_hp_loss":0,"event_name":"World of Goop","floor":11,"gold_loss":0},{"damage_healed":0,"gold_gain":0,"cards_transformed":["Strike_G"],"player_choice":"Change","damage_taken":0,"max_hp_gain":0,"max_hp_loss":0,"event_name":"Living Wall","floor":14,"gold_loss":0,"cards_obtained":["Dagger Throw"]},{"damage_healed":0,"gold_gain":0,"player_choice":"Obtained Relic","damage_taken":0,"relics_obtained":["Nunchaku"],"max_hp_gain":0,"max_hp_loss":0,"event_name":"Addict","floor":19,"gold_loss":85},{"damage_healed":0,"gold_gain":0,"player_choice":"1 cards matched","damage_taken":0,"max_hp_gain":0,"max_hp_loss":0,"event_name":"Match and Keep!","floor":20,"gold_loss":0,"cards_obtained":["Dodge and Roll"]},{"damage_healed":0,"gold_gain":0,"cards_transformed":["Strike_G"],"player_choice":"Transformed","damage_taken":0,"max_hp_gain":0,"max_hp_loss":0,"event_name":"Transmorgrifier","floor":27,"gold_loss":0,"cards_obtained":["Dodge and Roll"]}],"is_beta":false,"boss_relics":[{"not_picked":["Velvet Choker","Sozu"],"picked":"Ectoplasm"},{"not_picked":["SlaversCollar","Snecko Eye"],"picked":"Empty Cage"}],"items_purged_floors":[],"is_endless":false,"potions_floor_spawned":[3,6,12,18,22,25,28,29,31,33,35,36,37,38,39,40,42],"killed_by":"Reptomancer","ascension_level":20}}