{"host":"zcytydgb505ghzux","time":1614218319,"event":{"mods":["Act Like it!","BaseMod","Colored Powertips","Downfall","Highlight Path","Infinite Spire","Jorbs\u0027s Wanderer Trilogy","Marisa????????","Minty Spire (QoL Compilation)","Replay The Spire","StSLib","The Construct","The Mystic","The Wild Card"],"gold_per_floor":[118,136,148,161,176,176,176,206,206,79,96,96,96,46,46,142,142,156,156,156,171,183,183,202,11,11,11,11,42,52,100,100,202,202,233,263,113,113,139,139,167,167,167,167,10,23,0,28,28,28,28],"floor_reached":50,"language":"ENG","playtime":2780,"items_purged":[],"score":699,"play_id":"26c99492-a46b-4cc3-8208-4d3b23647387","local_time":"20210224205839","is_ascension_mode":true,"campfire_choices":[{"data":"Dualcast","floor":6,"key":"SMITH"},{"floor":13,"key":"REST"},{"floor":15,"key":"REST"},{"floor":23,"key":"REST"},{"floor":27,"key":"REST"},{"floor":32,"key":"REST"},{"data":"Rainbow","floor":40,"key":"SMITH"},{"data":"Mirror Shield","floor":42,"key":"SMITH"},{"floor":44,"key":"REST"},{"floor":49,"key":"REST"}],"circlet_count":0,"master_deck":["Strike_B+1","Strike_B+1","Strike_B+1","Strike_B+1","Defend_B+1","Defend_B+1","Defend_B+1","Defend_B+1","Zap","Dualcast+1","Ball Lightning","Leap","Melter","Barrage","Gash","Doom and Gloom","Finesse","Rainbow+1","Self Repair","Reinforced Body","stsjorbsmod:Withering","infinitespire:NeuralNetwork","Mirror Shield+1","ReplayTheSpireMod:Calculation Training","Gash","Stack+1","Genetic Algorithm+1","Chill+1","Go for the Eyes","Panic Button","Gash","Conserve Battery","Redo+1","FTL+1","Conserve Battery+1","ReplayGash","Loop","Blizzard","Barrage+1","Sweeping Beam","Conserve Battery"],"relics":["Cracked Core","NeowsBlessing","Vajra","Iron Hammer","Prayer Wheel","Raider\u0027s Mask","ReplayTheSpireMod:Ninjato","Replay:Baseball","Lantern","Inserter","infinitespire:EvilPickle","Chemical X","infinitespire:Eraser","Red Mask","infinitespire:FocusingShard"],"acts_visited":["Exordium","TheCity","TheBeyond"],"potions_floor_usage":[16,16,39,50,50],"damage_taken":[{"damage":0,"enemies":"Cultist","floor":1,"turns":1},{"damage":0,"enemies":"Jaw Worm","floor":2,"turns":1},{"damage":0,"enemies":"Small Slimes","floor":3,"turns":1},{"damage":17,"enemies":"3 Louse","floor":4,"turns":4},{"damage":1,"enemies":"2 Fungi Beasts","floor":5,"turns":3},{"damage":36,"enemies":"Gremlin Nob","floor":8,"turns":4},{"damage":14,"enemies":"Gremlin Gang","floor":11,"turns":5},{"damage":76,"enemies":"Fading Forest","floor":16,"turns":11},{"damage":7,"enemies":"Chosen","floor":18,"turns":5},{"damage":6,"enemies":"2 Thieves","floor":21,"turns":5},{"damage":44,"enemies":"3 Cultists","floor":22,"turns":7},{"damage":34,"enemies":"Cultist and Chosen","floor":24,"turns":7},{"damage":27,"enemies":"Slavers","floor":29,"turns":7},{"damage":0,"enemies":"Centurion and Healer","floor":30,"turns":7},{"damage":11,"enemies":"Pondfish","floor":33,"turns":14},{"damage":0,"enemies":"3 Shapes","floor":35,"turns":7},{"damage":2,"enemies":"3 Darklings","floor":36,"turns":6},{"damage":10,"enemies":"Jaw Worm Horde","floor":39,"turns":6},{"damage":17,"enemies":"Writhing Mass","floor":41,"turns":8},{"damage":0,"enemies":"Sphere and 2 Shapes","floor":46,"turns":3},{"damage":49,"enemies":"Giant Head","floor":48,"turns":9},{"damage":78,"enemies":"Replay:Hell Engine","floor":50,"turns":12}],"seed_played":"-279485704339819902","potions_obtained":[{"floor":3,"key":"Languid Potion"},{"floor":4,"key":"DuplicationPotion"},{"floor":8,"key":"Energy Potion"},{"floor":21,"key":"Toxic Potion"},{"floor":22,"key":"construct:ShiftPotion"},{"floor":35,"key":"Strength Potion"},{"floor":36,"key":"Adrenaline Potion"},{"floor":48,"key":"BlessingOfTheForge"}],"is_trial":false,"path_per_floor":["M","M","M","M","M","R","?","E","T","$","M","?","R","?","R","B",null,"M","?","?","M","M","R","M","$","T","R","?","E","M","T","R","B",null,"M","M","$","?","M","R","M","R","T","R","$","M","?","E","R","B"],"character_chosen":"DEFECT","items_purchased":["Doom and Gloom","Finesse","Raider\u0027s Mask","Panic Button","Chemical X","Loop","Blizzard"],"campfire_rested":7,"item_purchase_floors":[10,10,25,25,37,45,45],"current_hp_per_floor":[75,75,75,58,57,57,62,26,26,26,12,12,36,36,60,15,80,80,80,80,80,36,60,33,33,33,57,57,30,37,37,61,57,80,80,80,80,80,77,77,60,60,60,80,80,80,80,38,62,0,0],"gold":28,"neow_bonus":"THREE_ENEMY_KILL","is_daily":false,"chose_seed":false,"campfire_upgraded":3,"win_rate":0.0,"timestamp":1614218319,"path_taken":["M","?","M","M","M","R","?","E","T","$","M","?","R","?","R","BOSS","M","?","?","M","?","R","M","$","T","R","?","E","M","?","R","BOSS","M","M","$","?","M","R","M","R","T","R","$","M","?","E","R","BOSS"],"items_purchased_type":["Card","Card","Relic","Card","Relic","Card","Card"],"build_version":"2020-12-22","purchased_purges":0,"victory":false,"max_hp_per_floor":[75,75,75,75,75,75,80,80,80,80,80,80,80,80,80,80,80,80,80,80,80,80,80,80,80,80,80,80,80,80,80,80,80,80,80,80,80,80,80,80,80,80,80,80,80,80,80,80,80,80,80],"card_choices":[{"not_picked":["Barrage","Beam Cell"],"picked":"Ball Lightning","floor":1},{"not_picked":["ReplayTheSpireMod:Reroute Power","Cold Snap"],"picked":"Leap","floor":2},{"not_picked":["Steam","Cold Snap"],"picked":"Melter","floor":3},{"not_picked":["Streamline","Aggregate"],"picked":"Barrage","floor":4},{"not_picked":["Compile Driver","Hologram"],"picked":"Gash","floor":5},{"not_picked":["Compile Driver","ReplayTheSpireMod:Repulse"],"picked":"ReplayTheSpireMod:Fabricate Wheel","floor":8},{"not_picked":["BasicCrystalCard","Doom and Gloom"],"picked":"Self Repair","floor":11},{"not_picked":["Redo","Force Field"],"picked":"Reinforced Body","floor":11},{"not_picked":["ReplayTheSpireMod:Book of Names","infinitespire:DeathsTouch"],"picked":"infinitespire:NeuralNetwork","floor":12},{"not_picked":["Amplify","Buffer"],"picked":"Mirror Shield","floor":16},{"not_picked":["Gash+1","Coolheaded"],"picked":"ReplayTheSpireMod:Calculation Training","floor":18},{"not_picked":["Stack","Steam"],"picked":"Gash","floor":18},{"not_picked":["Coolheaded","Leap"],"picked":"Stack+1","floor":21},{"not_picked":["Storm+1","BasicCrystalCard"],"picked":"Genetic Algorithm+1","floor":21},{"not_picked":["Compile Driver","Loop"],"picked":"Chill+1","floor":22},{"not_picked":["All For One","Scrape","White Noise"],"picked":"SKIP","floor":22},{"not_picked":["Aggregate","Redo"],"picked":"Go for the Eyes","floor":24},{"not_picked":["Lockon","White Noise","Tempest"],"picked":"SKIP","floor":24},{"not_picked":["Doom and Gloom","ReplayTheSpireMod:Reroute Power"],"picked":"Gash","floor":29},{"not_picked":["Echo Form","Rebound+1"],"picked":"Conserve Battery","floor":30},{"not_picked":["ReplayTheSpireMod:Repulse","Beam Cell+1","Consume"],"picked":"SKIP","floor":30},{"not_picked":["Coolheaded","Cold Snap+1"],"picked":"Redo+1","floor":35},{"not_picked":["Go for the Eyes","Melter+1"],"picked":"FTL+1","floor":35},{"not_picked":["Barrage","Leap+1"],"picked":"Conserve Battery+1","floor":36},{"not_picked":["Seek","ReplayTheSpireMod:Reroute Power+1","Lockon"],"picked":"SKIP","floor":36},{"not_picked":["Panic Button","Static Discharge","ReplayTheSpireMod:Calculation Training+1"],"picked":"SKIP","floor":39},{"not_picked":["Steam+1","Coolheaded","Redo+1"],"picked":"SKIP","floor":39},{"not_picked":["Hologram+1","BasicCrystalCard+1"],"picked":"ReplayGash","floor":41},{"not_picked":["Steam","Ball Lightning+1","Cold Snap+1"],"picked":"SKIP","floor":41},{"not_picked":["Stack","Gash"],"picked":"Barrage+1","floor":46},{"not_picked":["ReplayTheSpireMod:Reroute Power","Auto Shields"],"picked":"Sweeping Beam","floor":46},{"not_picked":["Seek","BasicCrystalCard+1"],"picked":"Conserve Battery","floor":48}],"player_experience":92232,"relics_obtained":[{"floor":8,"key":"Vajra"},{"floor":9,"key":"Iron Hammer"},{"floor":26,"key":"ReplayTheSpireMod:Ninjato"},{"floor":29,"key":"Replay:Baseball"},{"floor":31,"key":"Lantern"},{"floor":43,"key":"infinitespire:Eraser"},{"floor":48,"key":"infinitespire:FocusingShard"}],"event_choices":[{"damage_healed":0,"gold_gain":0,"player_choice":"Donut","damage_taken":0,"max_hp_gain":5,"max_hp_loss":0,"event_name":"Big Fish","floor":7,"gold_loss":0},{"damage_healed":0,"gold_gain":0,"player_choice":"Left Gold","damage_taken":0,"max_hp_gain":0,"max_hp_loss":0,"event_name":"World of Goop","floor":14,"gold_loss":50},{"damage_healed":0,"gold_gain":0,"player_choice":"Simplicity","damage_taken":0,"max_hp_gain":0,"max_hp_loss":0,"event_name":"Back to Basics","floor":19,"gold_loss":0,"cards_upgraded":["Strike_B","Strike_B","Strike_B","Strike_B","Defend_B","Defend_B","Defend_B","Defend_B"]},{"cards_removed":["ReplayTheSpireMod:Restless Dread"],"damage_healed":0,"gold_gain":0,"player_choice":"Removed Curses","damage_taken":0,"max_hp_gain":0,"max_hp_loss":0,"event_name":"Fountain of Cleansing","floor":20,"gold_loss":0},{"damage_healed":0,"gold_gain":0,"player_choice":"Ignored","damage_taken":0,"max_hp_gain":0,"max_hp_loss":0,"event_name":"Cursed Tome","floor":28,"gold_loss":0},{"damage_healed":0,"gold_gain":0,"player_choice":"Ignored","damage_taken":0,"max_hp_gain":0,"max_hp_loss":0,"event_name":"Mysterious Sphere","floor":38,"gold_loss":0},{"damage_healed":0,"gold_gain":0,"player_choice":"Paid","damage_taken":0,"relics_obtained":["Red Mask"],"max_hp_gain":0,"max_hp_loss":0,"event_name":"Tomb of Lord Red Mask","floor":47,"gold_loss":23}],"is_beta":false,"boss_relics":[{"not_picked":["Replay:Grab Bag","Fusion Hammer","Sozu"]},{"not_picked":["Tiny House","Abe\u0027s Treasure"],"picked":"Inserter"}],"items_purged_floors":[],"is_endless":false,"potions_floor_spawned":[3,4,8,21,22,30,35,36,48],"killed_by":"Replay:Hell Engine","ascension_level":1}}