{"host":"8ps3pfk2b2drr3ex","time":1614288226,"event":{"mods":["2.2 Compatiblity","AchievementEnabler","Act Like it!","BaseMod","Bestiary","Better Match","BetterRewards","Colored Map","Colored Powertips","Conspire","Downfall","Evolution","Gensokyo","GifTheSpireLib","Gold Saver","Hallownest","Hubris","Minty Spire (QoL Compilation)","Permanent Neow","Relic Filter","Replay The Spire","Shop Mod","StSLib","Stuff the Spire","The Bug Knight"],"gold_per_floor":[494,510,528,544,558,558,584,596,214,246,256,256,56,87,98,196,196,196,214,280,291,103,103,103,135,35,49,82,82,102,87,107,206,206,206,206,206,226,242,242,102,128,153,153,182,182,98,116,116,116,130,130,130,162,35,35,35,35],"floor_reached":59,"language":"ENG","playtime":6860,"items_purged":["bronze:Strike","ReplayTheSpireMod:Splinters","bronze:Defend","bronze:Strike"],"score":1401,"play_id":"67d61bc8-437c-4c92-bfed-430fed744841","local_time":"20210225162346","is_ascension_mode":true,"campfire_choices":[{"floor":1.0,"key":"RECALL"},{"floor":13.0,"key":"REST"},{"data":"bronze:Verify","floor":18.0,"key":"SMITH"},{"data":"bronze:Repulsor","floor":26.0,"key":"SMITH"},{"data":"bronze:HardenedForm","floor":29.0,"key":"SMITH"},{"data":"bronze:HardenedForm+1","floor":46,"key":"SMITH"},{"data":"bronze:HardenedForm+2","floor":49,"key":"SMITH"},{"data":"bronze:Iterate+1","floor":56,"key":"SMITH"}],"circlet_count":0,"master_deck":["bronze:Strike","bronze:Defend","bronze:Defend","bronze:Replicate","bronze:Goto","bronze:WhirlingStrike","bronze:Branch","bronze:Optimize","bronze:Constructor+1","bronze:Verify+1","bronze:HardenedForm+3","bronze:FineTuning+1","bronze:ItsAFeature+1","bronze:Repair+1","bronze:Repulsor+1","bronze:Mutator","bronze:Constructor+1","bronze:Virus","bronze:Frontload+1","bronze:Shell+1","StuffTheSpire:BrainWave","bronze:Shell+1","bronze:Shell+1","Parasite","bronze:ItsAFeature","expansioncontent:GuardianWhirl","expansioncontent:GuardianWhirl","expansioncontent:Chronoboost","bronze:Iterate+2","bronze:ClassDefault","bronze:FineTuning+1"],"relics":["bronze:BronzeCore","EVO:Axolotl","Toxic Egg 2","Vajra","conspire:InfiniteJournal","Pen Nib","Blood Vial","downfall:HeartBlessingRed","downfall:HeartBlessingGreen","CaptainsWheel","Philosopher\u0027s Stone","Meat on the Bone","Ginger","downfall:HeartBlessingBlue","Letter Opener","Snecko Eye","hubris:SphereOfDissonance","Happy Flower","sneckomod:BlankCard","Mummified Hand","Pet Ghost"],"acts_visited":["Exordium","TheCity","TheBeyond","TheEnding"],"potions_floor_usage":[48,52,58,58,58],"damage_taken":[{"damage":1.0,"enemies":"Cultist","floor":2.0,"turns":3.0},{"damage":4.0,"enemies":"2 Louse","floor":3.0,"turns":2.0},{"damage":3.0,"enemies":"Jaw Worm","floor":4.0,"turns":3.0},{"damage":2.0,"enemies":"2 Fungi Beasts","floor":5.0,"turns":2.0},{"damage":4.0,"enemies":"Gremlin Gang","floor":8.0,"turns":4.0},{"damage":0.0,"enemies":"downfall:FleeingMerchant","floor":9.0,"turns":4.0},{"damage":13.0,"enemies":"3 Sentries","floor":10.0,"turns":6.0},{"damage":5.0,"enemies":"downfall:LooterAlt","floor":11.0,"turns":3.0},{"damage":0.0,"enemies":"Gremlin Nob","floor":14.0,"turns":3.0},{"damage":0.0,"enemies":"Red Slaver","floor":15.0,"turns":2.0},{"damage":22.0,"enemies":"IC_STATUS_ARCHETYPE","floor":16.0,"turns":10.0},{"damage":0.0,"enemies":"3 Byrds","floor":19.0,"turns":4.0},{"damage":24.0,"enemies":"Chosen","floor":21.0,"turns":6.0},{"damage":0.0,"enemies":"downfall:FleeingMerchant","floor":22.0,"turns":4.0},{"damage":0.0,"enemies":"HollowMod:Nosk","floor":25.0,"turns":6.0},{"damage":22.0,"enemies":"Centurion and Healer","floor":27.0,"turns":5.0},{"damage":33.0,"enemies":"Gremlin Leader","floor":28.0,"turns":7.0},{"damage":10.0,"enemies":"Snecko","floor":30.0,"turns":6.0},{"damage":4.0,"enemies":"downfall:FleeingMerchant","floor":31.0,"turns":4.0},{"damage":4.0,"enemies":"Cultist and Chosen","floor":32.0,"turns":6.0},{"damage":35.0,"enemies":"SI_MIRROR_ARCHETYPE","floor":33.0,"turns":8.0},{"damage":0,"enemies":"3 Darklings","floor":38,"turns":5},{"damage":0,"enemies":"Orb Walker","floor":39,"turns":5},{"damage":0,"enemies":"downfall:FleeingMerchant","floor":41,"turns":4},{"damage":0,"enemies":"HollowMod:StalkingDevout","floor":42,"turns":10},{"damage":0,"enemies":"R_Hoarder","floor":45,"turns":6},{"damage":0,"enemies":"downfall:FleeingMerchant","floor":47,"turns":1},{"damage":0,"enemies":"Writhing Mass","floor":48,"turns":6},{"damage":7,"enemies":"Transient","floor":51,"turns":5},{"damage":22,"enemies":"DF_ARCHETYPE_ORBS","floor":52,"turns":8},{"damage":0,"enemies":"downfall:CharBossMerchant","floor":54,"turns":9},{"damage":3,"enemies":"downfall:NeowBoss","floor":57,"turns":11},{"damage":27,"enemies":"downfall:NeowBossFinal","floor":58,"turns":7}],"seed_played":"1601276845867305041","potions_obtained":[{"floor":2.0,"key":"LifebloodPotion"},{"floor":4.0,"key":"BlessingOfTheForge"},{"floor":5.0,"key":"hexamod:SoulburnPotion"},{"floor":15.0,"key":"Fire Potion"},{"floor":16.0,"key":"AttackPotion"},{"floor":20.0,"key":"Explosive Potion"},{"floor":25.0,"key":"hexamod:SoulburnPotion"},{"floor":27.0,"key":"Strength Potion"},{"floor":30.0,"key":"AttackPotion"},{"floor":33.0,"key":"Strength Potion"},{"floor":48,"key":"ColorlessPotion"},{"floor":54,"key":"Strength Potion"}],"is_trial":false,"path_per_floor":["R","M","M","M","M","T","T","M","$","E","M","?","R","E","M","B",null,"R","M","?","M","$","?","T","E","R","M","E","R","M","$","M","B",null,"PTL","R_BF","PTL","M","M","?","$","E","T","?","E","R","$","M","R","?","M","B",null,"E","$","R","B","B",null],"character_chosen":"THE_AUTOMATON","items_purchased":["conspire:InfiniteJournal","bronze:Repair+1","Mummified Hand","bronze:Shell+1","bronze:ClassDefault","bronze:FineTuning+1"],"campfire_rested":1,"item_purchase_floors":[9,22,47,47,55,55],"current_hp_per_floor":[70,69,65,62,60,60,60,56,56,43,38,35,56,58,60,40,70,70,70,70,46,48,48,48,60,70,60,51,51,54,63,71,48,80,80,80,80,80,80,80,80,80,80,72,72,72,72,72,72,62,67,50,72,72,72,72,72,45],"gold":35,"neow_bonus":"REMOVE_CARD","is_daily":false,"chose_seed":false,"campfire_upgraded":6,"win_rate":0.0,"timestamp":1614288226,"path_taken":["R","M","M","M","M","?","T","M","$","E","M","?","R","E","M","BOSS","R","M","?","?","$","?","T","E","R","?","E","R","M","$","M","BOSS","BOSS","PTL","R_BF","PTL","M","M","?","$","E","T","?","E","R","$","M","R","?","M","BOSS","E","$","R","BOSS","BOSS"],"items_purchased_type":["Relic","Card","Relic","Card","Card","Card"],"build_version":"2020-12-22","purchased_purges":4,"victory":true,"max_hp_per_floor":[70,70,70,70,70,70,70,70,70,70,70,70,70,70,70,70,70,70,70,70,70,70,70,70,70,80,80,80,80,80,80,80,80,80,80,80,80,80,80,80,80,80,80,72,72,72,72,72,72,72,72,72,72,72,72,72,72,72],"card_choices":[{"not_picked":["bronze:ForceShield","bronze:CutThrough"],"picked":"bronze:WhirlingStrike","floor":2.0},{"not_picked":["bronze:Overheat","bronze:BronzeOrb","bronze:Constructor"],"picked":"SKIP","floor":3.0},{"not_picked":["bronze:Allocate","bronze:DelayedSlice"],"picked":"bronze:Branch","floor":4.0},{"not_picked":["bronze:DelayedGuard","bronze:Overheat","bronze:Shield"],"picked":"SKIP","floor":5.0},{"not_picked":["bronze:Fortify","bronze:ChildClass+1"],"picked":"bronze:Optimize","floor":8.0},{"not_picked":["bronze:Return+1","bronze:BitShift+1","bronze:Separator"],"picked":"SKIP","floor":9.0},{"not_picked":["bronze:Boost+1","bronze:Allocate+1"],"picked":"bronze:Constructor+1","floor":10.0},{"not_picked":["bronze:Invalidate+1","bronze:Separator","bronze:ChildClass+1"],"picked":"SKIP","floor":11.0},{"not_picked":["bronze:CloningBeam","bronze:FollowUp"],"picked":"bronze:Verify","floor":14.0},{"not_picked":["bronze:Flail","bronze:BugBarrage","bronze:InfiniteBeams"],"picked":"SKIP","floor":15.0},{"not_picked":["bronze:Mutator","bronze:HyperBeam"],"picked":"bronze:HardenedForm","floor":16.0},{"not_picked":["bronze:BronzeArmor+1","bronze:Allocate+1","bronze:Return+1"],"picked":"SKIP","floor":19.0},{"not_picked":["bronze:CutThrough","bronze:FindAndReplace+1"],"picked":"bronze:FineTuning+1","floor":21.0},{"not_picked":["bronze:Frontload+1","bronze:Optimize"],"picked":"bronze:ItsAFeature+1","floor":22.0},{"not_picked":["bronze:BitShift+1","bronze:Invalidate+1","bronze:BugBarrage"],"picked":"SKIP","floor":25.0},{"not_picked":["bronze:Overheat","bronze:DigitalCarnage","bronze:DelayedGuard+1"],"picked":"SKIP","floor":27.0},{"not_picked":["bronze:CleanCode","bronze:Flail"],"picked":"bronze:Mutator","floor":28.0},{"not_picked":["bronze:OilSpill","bronze:BugBarrage"],"picked":"bronze:Constructor+1","floor":30.0},{"not_picked":["bronze:BitShift+1","bronze:NullPointer","bronze:DarkDash+1"],"picked":"SKIP","floor":31.0},{"not_picked":["bronze:Deprecate+1","bronze:DarkDash","bronze:Boost+1"],"picked":"SKIP","floor":32.0},{"not_picked":["bronze:CleanCode","bronze:Assembly+1"],"picked":"bronze:Virus","floor":33.0},{"not_picked":["bronze:DelayedGuard+1","bronze:ChildClass+1"],"picked":"bronze:Frontload+1","floor":38},{"not_picked":["bronze:Fortify+1","bronze:OilSpill","bronze:Refactor+1"],"picked":"SKIP","floor":39},{"not_picked":["bronze:Backtrace","bronze:Turbo+1","bronze:DigitalCarnage"],"picked":"SKIP","floor":41},{"not_picked":["bronze:ForLoop+1","bronze:Return+1","bronze:Assembly+1"],"picked":"SKIP","floor":42},{"not_picked":["bronze:Invalidate+1","bronze:Overheat+1"],"picked":"bronze:Shell+1","floor":45},{"not_picked":["bronze:Virus","bronze:Fortify+1","bronze:DelayedGuard+1"],"picked":"SKIP","floor":47},{"not_picked":["bronze:Overheat","bronze:Shield+1"],"picked":"bronze:ItsAFeature","floor":48},{"not_picked":["expansioncontent:InvincibleStrength","expansioncontent:PrepareCrush"],"picked":"expansioncontent:GuardianWhirl","floor":50},{"not_picked":["expansioncontent:InvincibleStrength","expansioncontent:PolyBeam"],"picked":"expansioncontent:GuardianWhirl","floor":50},{"not_picked":["expansioncontent:PolyBeam","Replay:SS_fish_1"],"picked":"expansioncontent:Chronoboost","floor":50},{"not_picked":["bronze:InfiniteBeams+1","bronze:DelayedGuard+1","bronze:Constructor+1"],"picked":"SKIP","floor":51},{"not_picked":["bronze:Backtrace","bronze:OilSpill+1"],"picked":"bronze:Iterate+1","floor":54}],"player_experience":1133217,"relics_obtained":[{"floor":6.0,"key":"Toxic Egg 2"},{"floor":7.0,"key":"Vajra"},{"floor":10.0,"key":"Pen Nib"},{"floor":14.0,"key":"CaptainsWheel"},{"floor":20.0,"key":"Meat on the Bone"},{"floor":25.0,"key":"Ginger"},{"floor":28.0,"key":"Letter Opener"},{"floor":42,"key":"hubris:SphereOfDissonance"},{"floor":43,"key":"Happy Flower"},{"floor":45,"key":"sneckomod:BlankCard"},{"floor":54,"key":"Pet Ghost"}],"event_choices":[{"damage_healed":0.0,"max_hp_gain":0.0,"max_hp_loss":0.0,"gold_gain":0.0,"event_name":"Scrap Ooze","player_choice":"Success","floor":12.0,"gold_loss":0.0,"damage_taken":3.0,"relics_obtained":["Blood Vial"]}],"is_beta":false,"boss_relics":[{"not_picked":["hubris:TerracottaHorce","Ectoplasm"],"picked":"Philosopher\u0027s Stone"},{"not_picked":["Busted Crown","Velvet Choker"],"picked":"Snecko Eye"}],"items_purged_floors":[9,22,41,47],"is_endless":false,"potions_floor_spawned":[2,4,5,14,15,16,25,27,30,33,38,48,51,54],"ascension_level":1}}