{"host":"qeogwbudlaqzb6hy","time":1614219230,"event":{"mods":["BaseMod","Downfall","Minty Spire (QoL Compilation)","Reliquary","StSLib"],"gold_per_floor":[99,117,133,153,173,505,579,579,591,591,609,609,609,619,635,736,736,736,746,746,765,253,273,297,497,497,509,522,536,536,536,551,655,655,655,674,697,717,502,516,516,516,533,558,572,572,572,572,583,583,583,583],"floor_reached":50,"language":"ENG","playtime":6409,"items_purged":["Parasite","Pride"],"score":532,"play_id":"309f6203-9b79-4314-93dc-88b3f429f3db","local_time":"20210225121350","is_ascension_mode":false,"campfire_choices":[{"data":"bronze:Replicate","floor":1.0,"key":"SMITH"},{"data":"bronze:Flail","floor":8.0,"key":"SMITH"},{"data":"bronze:Assembly","floor":10.0,"key":"SMITH"},{"data":"bronze:Optimize","floor":12,"key":"SMITH"},{"data":"bronze:Mutator","floor":18,"key":"SMITH"},{"floor":26,"key":"REST"},{"floor":30,"key":"REST"},{"data":"bronze:BitShift","floor":35,"key":"SMITH"},{"data":"bronze:HardenedForm","floor":42,"key":"SMITH"},{"floor":46,"key":"REST"}],"circlet_count":0,"master_deck":["bronze:Strike","bronze:Strike","bronze:Strike","bronze:Strike","bronze:Defend","bronze:Defend","bronze:Defend","bronze:Defend","bronze:Replicate+1","bronze:Goto","bronze:DelayedSlice","bronze:WildBeam","bronze:Flail+1","bronze:BitShift+1","bronze:WhirlingStrike","bronze:Assembly+1","bronze:Optimize+1","bronze:Branch","bronze:Terminator","bronze:Mutator+1","bronze:Flail+1","Necronomicurse","bronze:GetLatest","bronze:DigitalCarnage","bronze:DelayedGuard","bronze:Repair","bronze:Constructor","bronze:HardenedForm+1","bronze:ClassDefault+1","bronze:FollowUp+1","bronze:MaxOutput","bronze:Frontload","bronze:MaxOutput","bronze:CutThrough+1","bronze:Separator","bronze:Terminator","bronze:ClassDefault+1","expansioncontent:Chronoboost","bronze:Constructor"],"relics":["bronze:BronzeCore","Old Coin","reliquary:TridentHead","SlaversCollar","Necronomicon","Thread and Needle","reliquary:Aerogel","reliquary:Spinner","Velvet Choker","Bag of Preparation","reliquary:BallBearing","Omamori","Shovel"],"acts_visited":["Exordium","TheCity","TheBeyond"],"potions_floor_usage":[16,19,23,28,33,43,50],"damage_taken":[{"damage":0.0,"enemies":"2 Louse","floor":2.0,"turns":2.0},{"damage":0.0,"enemies":"Small Slimes","floor":3.0,"turns":2.0},{"damage":0.0,"enemies":"Cultist","floor":4.0,"turns":3.0},{"damage":0.0,"enemies":"downfall:LooterAlt","floor":5.0,"turns":3.0},{"damage":16.0,"enemies":"Gremlin Nob","floor":6.0,"turns":3.0},{"damage":1.0,"enemies":"Exordium Wildlife","floor":9.0,"turns":2.0},{"damage":7.0,"enemies":"Blue Slaver","floor":11.0,"turns":3.0},{"damage":4,"enemies":"Large Slime","floor":14,"turns":6},{"damage":2,"enemies":"Exordium Wildlife","floor":15,"turns":2},{"damage":53,"enemies":"DF_ARCHETYPE_STREAMLINE","floor":16,"turns":9},{"damage":31,"enemies":"Shell Parasite","floor":19,"turns":7},{"damage":2,"enemies":"Chosen","floor":21,"turns":2},{"damage":5,"enemies":"downfall:FleeingMerchant","floor":22,"turns":4},{"damage":4,"enemies":"Centurion and Healer","floor":23,"turns":4},{"damage":1,"enemies":"Chosen and Byrds","floor":27,"turns":3},{"damage":23,"enemies":"Snecko","floor":28,"turns":5},{"damage":1,"enemies":"Cultist and Chosen","floor":29,"turns":3},{"damage":0,"enemies":"Centurion and Healer","floor":32,"turns":6},{"damage":7,"enemies":"SI_MIRROR_ARCHETYPE","floor":33,"turns":7},{"damage":7,"enemies":"3 Darklings","floor":36,"turns":4},{"damage":27,"enemies":"3 Shapes","floor":38,"turns":2},{"damage":0,"enemies":"downfall:FleeingMerchant","floor":39,"turns":4},{"damage":0,"enemies":"3 Darklings","floor":40,"turns":3},{"damage":4,"enemies":"Maw","floor":43,"turns":8},{"damage":28,"enemies":"Nemesis","floor":44,"turns":7},{"damage":17,"enemies":"Jaw Worm Horde","floor":45,"turns":2},{"damage":22,"enemies":"Sphere and 2 Shapes","floor":49,"turns":3},{"damage":37,"enemies":"IC_BLOCK_ARCHETYPE","floor":50,"turns":2}],"seed_played":"26122715184041520","potions_obtained":[{"floor":3.0,"key":"CultistPotion"},{"floor":6.0,"key":"DistilledChaos"},{"floor":9.0,"key":"EssenceOfSteel"},{"floor":15,"key":"bronze:FreeFunctionsPotion"},{"floor":19,"key":"PowerPotion"},{"floor":23,"key":"Swift Potion"},{"floor":32,"key":"Guardian:BlockOnCardUsePotion"},{"floor":40,"key":"SteroidPotion"},{"floor":43,"key":"GamblersBrew"}],"is_trial":false,"path_per_floor":["R","M","M","M","M","E","T","R","M","R","M","R","?","M","M","B",null,"R","M","?","M","$","M","T","?","R","M","M","M","R","?","M","B",null,"R","M","?","M","$","M","T","R","M","E","M","R","T","?","M","B"],"character_chosen":"THE_AUTOMATON","items_purchased":["Thread and Needle","bronze:DigitalCarnage","Regen Potion","bronze:Frontload","bronze:MaxOutput"],"campfire_rested":3,"item_purchase_floors":[22,22,22,39,39],"current_hp_per_floor":[77,77,77,77,77,61,61,61,60,60,53,53,72,68,66,13,77,77,46,30,28,23,31,31,31,53,52,29,35,57,57,67,70,74,74,67,67,50,57,64,64,64,67,46,29,51,51,51,29,0,0,0],"gold":583,"neow_bonus":"TEN_PERCENT_HP_BONUS","is_daily":false,"chose_seed":false,"campfire_upgraded":7,"win_rate":0.0,"timestamp":1614219230,"path_taken":["R","M","M","M","M","E","T","R","M","R","M","R","?","M","M","BOSS","R","M","?","M","$","M","T","?","R","M","M","?","R","?","M","BOSS","R","M","?","M","$","M","T","R","M","E","M","R","?","?","M","BOSS"],"items_purchased_type":["Relic","Card","Potion","Card","Card"],"build_version":"2020-12-22","purchased_purges":2,"victory":false,"max_hp_per_floor":[77,77,77,77,77,77,77,77,77,77,77,77,77,77,77,77,77,77,77,77,77,74,74,74,74,74,74,74,74,74,74,74,74,74,74,74,74,74,74,74,74,74,74,74,74,74,74,74,74,74,74,74],"card_choices":[{"not_picked":["bronze:OilSpill","bronze:BuggyMess"],"picked":"bronze:DelayedSlice","floor":2.0},{"not_picked":["bronze:FineTuning","bronze:Turbo"],"picked":"bronze:WildBeam","floor":3.0},{"not_picked":["bronze:OilSpill","bronze:BugBarrage"],"picked":"bronze:Flail","floor":4.0},{"not_picked":["bronze:Turbo","bronze:OilSpill"],"picked":"bronze:BitShift","floor":5.0},{"not_picked":["bronze:Invalidate","bronze:BronzeArmor"],"picked":"bronze:WhirlingStrike","floor":6.0},{"not_picked":["bronze:Philosophize","bronze:GetLatest"],"picked":"bronze:Assembly","floor":9.0},{"not_picked":["bronze:Flail","bronze:CutThrough"],"picked":"bronze:Optimize","floor":11.0},{"not_picked":["bronze:FineTuning","bronze:OilSpill"],"picked":"bronze:Branch","floor":14},{"not_picked":["bronze:Invalidate","bronze:BronzeOrb"],"picked":"bronze:Terminator","floor":15},{"not_picked":["bronze:HardenedForm","bronze:RecursiveStrike"],"picked":"bronze:Mutator","floor":16},{"not_picked":["bronze:Safeguard","bronze:WhirlingStrike+1"],"picked":"bronze:Flail+1","floor":19},{"not_picked":["bronze:Deprecate","bronze:Optimize"],"picked":"bronze:GetLatest","floor":21},{"not_picked":["bronze:Deprecate","bronze:Backtrace","bronze:BronzeArmor"],"picked":"SKIP","floor":22},{"not_picked":["bronze:BronzeArmor","bronze:Backtrace","bronze:BugBarrage"],"picked":"SKIP","floor":23},{"not_picked":["bronze:WildBeam","bronze:DigitalCarnage"],"picked":"bronze:DelayedGuard","floor":27},{"not_picked":["bronze:DarkDash","bronze:BronzeArmor"],"picked":"bronze:Repair","floor":28},{"not_picked":["bronze:Repulsor","bronze:WhirlingStrike+1","bronze:DelayedSlice"],"picked":"SKIP","floor":29},{"not_picked":["bronze:WhirlingStrike","bronze:Shield"],"picked":"bronze:Constructor","floor":32},{"not_picked":["bronze:SpaghettiCode","bronze:InfiniteLoop"],"picked":"bronze:HardenedForm","floor":33},{"not_picked":["bronze:Constructor+1","bronze:ChildClass"],"picked":"bronze:ClassDefault+1","floor":36},{"not_picked":["bronze:Backtrace+1","bronze:Turbo+1"],"picked":"bronze:FollowUp+1","floor":38},{"not_picked":["bronze:Format","bronze:Shield+1"],"picked":"bronze:MaxOutput","floor":39},{"not_picked":["bronze:Branch","bronze:Philosophize+1"],"picked":"bronze:CutThrough+1","floor":40},{"not_picked":["bronze:DelayedGuard","bronze:Turbo+1"],"picked":"bronze:Separator","floor":43},{"not_picked":["bronze:DelayedGuard","bronze:FineTuning"],"picked":"bronze:Terminator","floor":44},{"not_picked":["bronze:DigitalCarnage+1","bronze:Flail+1"],"picked":"bronze:ClassDefault+1","floor":45},{"not_picked":["expansioncontent:GuardianWhirl","expansioncontent:LastStand"],"picked":"expansioncontent:Chronoboost","floor":48},{"not_picked":["bronze:WildBeam","bronze:BronzeArmor+1"],"picked":"bronze:Constructor","floor":49}],"player_experience":365774,"relics_obtained":[{"floor":6.0,"key":"Old Coin"},{"floor":7.0,"key":"reliquary:TridentHead"},{"floor":20,"key":"Necronomicon"},{"floor":24,"key":"reliquary:Aerogel"},{"floor":37,"key":"Bag of Preparation"},{"floor":41,"key":"reliquary:BallBearing"},{"floor":44,"key":"Omamori"},{"floor":47,"key":"Shovel"}],"event_choices":[{"damage_healed":19,"gold_gain":0,"player_choice":"Healed and dodged fight","damage_taken":0,"max_hp_gain":0,"max_hp_loss":0,"event_name":"Mushrooms","floor":13,"gold_loss":0,"cards_obtained":["Parasite"]},{"damage_healed":0,"gold_gain":200,"player_choice":"Gold","damage_taken":0,"max_hp_gain":0,"max_hp_loss":0,"event_name":"Wheel of Change","floor":25,"gold_loss":0},{"damage_healed":0,"gold_gain":0,"player_choice":"Stole Relic","damage_taken":0,"relics_obtained":["reliquary:Spinner"],"max_hp_gain":0,"max_hp_loss":0,"event_name":"Addict","floor":31,"gold_loss":0,"cards_obtained":["Pride"]}],"is_beta":false,"boss_relics":[{"not_picked":["Calling Bell","SacredBark"],"picked":"SlaversCollar"},{"not_picked":["reliquary:Craggleroot","reliquary:Ember"],"picked":"Velvet Choker"}],"items_purged_floors":[22,39],"is_endless":false,"potions_floor_spawned":[3,6,9,15,19,23,27,32,40,43,45,49],"killed_by":"IC_BLOCK_ARCHETYPE","ascension_level":0}}