{"host":"lvs2wt6hnb8ekxok","time":1614239717,"event":{"mods":["Act Like it!","Arknights","Ascension Reborn","Bartender","BaseMod","BetterRewards","Card Forge","Challenge The Spire","Custom Start","Downfall","Elementarium","Friendly Minions","Gensokyo","GifTheSpireLib","Halation","Hallownest","Hero for Fun","Hubris","Infinite Spire","Kiyohime????","Lobotomy","Menagerie","Minty Spire (QoL Compilation)","Relic Filter","Relic Stats","Replay The Spire","Reworked Bosses","Ruina","SOS???????","StSLib","Stuff the Spire","Td1madao Mod","The Animator","The Bladedancer","The Bug Knight","The Death Knight","The Exalted","The Forsaken","The Servant 0.9.4","Wandering Minibosses","???Mod??????Boss","???mod?????"],"gold_per_floor":[99,109,209,209,24,52,52,70,70,81,115,115,141,160,178,281,281,281,301,401,401,55,84,111,111,111,126,146,156,156,156,156],"floor_reached":30,"language":"ENG","playtime":1569,"items_purged":[],"score":268,"play_id":"39bda853-efa3-4a4f-baa3-bd62fbd43028","local_time":"20210224235517","is_ascension_mode":true,"campfire_choices":[{"floor":1,"key":"RECALL"},{"floor":12,"key":"REST"},{"data":"Slimebound:MassFeed","floor":18,"key":"SMITH"},{"floor":26,"key":"REST"}],"circlet_count":0,"master_deck":["Slimebound:Strike_Slimebound+1","Slimebound:Strike_Slimebound+1","Slimebound:Strike_Slimebound+1","Slimebound:Tackle+1","Slimebound:Defend_Slimebound+1","Slimebound:Defend_Slimebound+1","Slimebound:Defend_Slimebound+1","Slimebound:Defend_Slimebound+1","Slimebound:Split+1","Slimebound:CorrosiveSpit+1","Slimebound:GoopSpray+1","Slimebound:HauntingLick+1","Slimebound:Overexert+1","Slimebound:LevelUp+1","Replay:SS_fish_1+1","Slimebound:FinishingTackle+1","Slimebound:LivingWall+1","Slimebound:SlimeBrawl+1","Slimebound:PrepareCrush+1","Slimebound:DisruptingSlam+1","Slimebound:PressTheAttack+1","Slimebound:SpikyOuterGoop+1","Slimebound:MassFeed+1","Slimebound:GoopTackle+1","Slimebound:FlameTackle+1","Specialist+1","Slimebound:LeadByExample+1","ReplayTheSpireMod:Book of Names+1","infinitespire:Fortify+1","ReplayTheSpireMod:Black Plague+1","Slimebound:SlimeBarrage+1","Slimebound:TongueLash+1","Slimebound:MassRepurpose+1"],"relics":["Slimebound:AbsorbEndCombat","Hammer of Thor","Seething Fire","Anvil of the Gods","Replay:Accelerometer","Frozen Egg 2","StuffTheSpire:Gunfinga","Darkstone Periapt","hubris:ScarierMask","Nloth\u0027s Gift","hubris:Metronome","StuffTheSpire:OldFever","ReplayTheSpireMod:Lightbulb","Pet Ghost"],"acts_visited":["Exordium","TheCity"],"potions_floor_usage":[23,30],"damage_taken":[{"damage":2,"enemies":"Jaw Worm","floor":2,"turns":3},{"damage":3,"enemies":"downfall:FleeingMerchant","floor":5,"turns":4},{"damage":13,"enemies":"Gremlin Nob","floor":6,"turns":4},{"damage":10,"enemies":"ats:Genji","floor":8,"turns":3},{"damage":0,"enemies":"Cultist","floor":10,"turns":4},{"damage":3,"enemies":"HollowMod:MossKnight","floor":11,"turns":6},{"damage":10,"enemies":"3 Sentries","floor":13,"turns":5},{"damage":2,"enemies":"downfall:LooterAlt","floor":14,"turns":2},{"damage":9,"enemies":"Exordium Wildlife","floor":15,"turns":4},{"damage":19,"enemies":"IC_STATUS_ARCHETYPE","floor":16,"turns":6},{"damage":24,"enemies":"Shell Parasite","floor":19,"turns":6},{"damage":15,"enemies":"downfall:FleeingMerchant","floor":22,"turns":4},{"damage":25,"enemies":"HollowMod:Nosk","floor":23,"turns":7},{"damage":6,"enemies":"Chosen","floor":27,"turns":4},{"damage":0,"enemies":"3 Cultists","floor":28,"turns":3},{"damage":23,"enemies":"Centurion and Healer","floor":29,"turns":6},{"damage":20,"enemies":"Snake Plant","floor":30,"turns":5}],"seed_played":"5009230304038097472","potions_obtained":[{"floor":6,"key":"Weak Potion"},{"floor":11,"key":"Ancient Potion"},{"floor":23,"key":"FearPotion"}],"is_trial":false,"path_per_floor":["R","M","?","?","$","E","T","M","?","M","E","R","E","M","M","B",null,"R","M","?","?","$","E","T","AVR","R","M","M","M","M"],"character_chosen":"SLIMEBOUND","items_purchased":["Slimebound:LevelUp","Replay:SS_fish_1","hubris:Metronome","Specialist+1"],"campfire_rested":2,"item_purchase_floors":[5,5,22,22],"current_hp_per_floor":[65,65,65,65,64,54,54,46,46,48,53,65,59,59,52,39,65,65,45,45,45,32,13,13,13,32,30,34,15,0,0,0],"gold":156,"neow_bonus":"THREE_CARDS","is_daily":false,"chose_seed":false,"campfire_upgraded":1,"win_rate":0.0,"timestamp":1614239717,"path_taken":["R","M","?","?","$","E","T","M","?","?","E","R","E","M","M","BOSS","R","M","?","?","$","E","T","AVR","R","M","M","M","M"],"items_purchased_type":["Card","Card","Relic","Card"],"build_version":"2020-12-22","purchased_purges":0,"victory":false,"max_hp_per_floor":[65,65,65,65,65,65,65,65,65,65,65,65,65,65,65,65,65,65,65,65,65,65,65,65,65,65,65,65,65,65,65,65],"relic_stats":{"Darkstone Periapt":0,"counters":[17,72],"Nloth\u0027s Gift":1,"obtain_stats":[{"Darkstone Periapt":13,"Replay:Accelerometer":6,"hubris:Metronome":22,"Hammer of Thor":0,"Seething Fire":0,"Frozen Egg 2":7,"Pet Ghost":25,"WarpedTongs":9,"StuffTheSpire:Gunfinga":11,"Anvil of the Gods":0,"hubris:ScarierMask":17,"Slimebound:AbsorbEndCombat":0,"Nloth\u0027s Gift":21,"ReplayTheSpireMod:Lightbulb":24,"StuffTheSpire:OldFever":23},{"Darkstone Periapt":7,"Replay:Accelerometer":3,"hubris:Metronome":12,"Hammer of Thor":0,"Seething Fire":0,"Frozen Egg 2":3,"Pet Ghost":13,"WarpedTongs":4,"StuffTheSpire:Gunfinga":6,"Anvil of the Gods":0,"hubris:ScarierMask":10,"Slimebound:AbsorbEndCombat":0,"Nloth\u0027s Gift":11,"ReplayTheSpireMod:Lightbulb":13,"StuffTheSpire:OldFever":13},{"Darkstone Periapt":27,"Replay:Accelerometer":10,"hubris:Metronome":48,"Hammer of Thor":0,"Seething Fire":0,"Frozen Egg 2":10,"Pet Ghost":55,"WarpedTongs":13,"StuffTheSpire:Gunfinga":22,"Anvil of the Gods":0,"hubris:ScarierMask":38,"Slimebound:AbsorbEndCombat":0,"Nloth\u0027s Gift":44,"ReplayTheSpireMod:Lightbulb":55,"StuffTheSpire:OldFever":55}]},"card_choices":[{"not_picked":["Slimebound:GoopTackle","Slimebound:SlimeSpikes"],"picked":"Slimebound:GoopSpray","floor":0},{"not_picked":["Slimebound:TongueLash","Slimebound:RollThrough"],"picked":"Slimebound:HauntingLick","floor":2},{"not_picked":["Slimebound:LeechingTouch","Slimebound:RainOfGoop"],"picked":"Slimebound:Overexert","floor":5},{"not_picked":["Slimebound:HauntingLick","Slimebound:GoopTackle"],"picked":"Slimebound:FinishingTackle","floor":6},{"not_picked":["Slimebound:RollThrough","Slimebound:GoopSpray"],"picked":"Slimebound:LivingWall","floor":8},{"not_picked":["Slimebound:Schlurp","Slimebound:GrowthPunch"],"picked":"Slimebound:SlimeBrawl","floor":10},{"not_picked":["Slimebound:SplitAcid","Slimebound:SplitLeeching"],"picked":"Slimebound:PrepareCrush","floor":11},{"not_picked":["Slimebound:TongueLash","Slimebound:ItLooksTasty"],"picked":"Slimebound:DisruptingSlam","floor":13},{"not_picked":["Slimebound:SplitAcid","Slimebound:BestDefense+1"],"picked":"Slimebound:PressTheAttack","floor":14},{"not_picked":["Slimebound:SplitMire","Slimebound:FlameTackle"],"picked":"Slimebound:SpikyOuterGoop+1","floor":15},{"not_picked":["Slimebound:PrepareCrush","Slimebound:SlimeSlap"],"picked":"Slimebound:MassFeed","floor":16},{"not_picked":["Slimebound:HauntingLick+1","Slimebound:LivingWall"],"picked":"Slimebound:GoopTackle+1","floor":19},{"not_picked":["Slimebound:ForwardTackle","Slimebound:ComboTackle"],"picked":"Slimebound:FlameTackle","floor":22},{"not_picked":["Slimebound:LivingWall","Slimebound:RollThrough"],"picked":"Slimebound:LeadByExample+1","floor":23},{"not_picked":["Slimebound:LivingWall+1","Slimebound:FlameTackle"],"picked":"Slimebound:SlimeBarrage","floor":27},{"not_picked":["Slimebound:LeechEnergy","Slimebound:GoopSpray+1"],"picked":"Slimebound:TongueLash","floor":28},{"not_picked":["Slimebound:SlimeBrawl","Slimebound:RejuvenatingLick"],"picked":"Slimebound:MassRepurpose","floor":29}],"player_experience":112469,"relics_obtained":[{"floor":6,"key":"Replay:Accelerometer"},{"floor":7,"key":"Frozen Egg 2"},{"floor":11,"key":"StuffTheSpire:Gunfinga"},{"floor":13,"key":"Darkstone Periapt"},{"floor":23,"key":"StuffTheSpire:OldFever"},{"floor":24,"key":"ReplayTheSpireMod:Lightbulb"}],"event_choices":[{"damage_healed":0,"gold_gain":0,"player_choice":"Rummage","damage_taken":0,"relics_obtained":["WarpedTongs"],"max_hp_gain":0,"max_hp_loss":0,"event_name":"Accursed Blacksmith","floor":9,"gold_loss":0,"cards_obtained":["Pain"]}],"is_beta":false,"boss_relics":[{"not_picked":["Slimebound:TarBlob","halation:HeavySnake"],"picked":"hubris:ScarierMask"}],"items_purged_floors":[],"is_endless":false,"potions_floor_spawned":[6,11,13,16,23,27,28],"killed_by":"Snake Plant","ascension_level":0}}