{"host":"w2kjv12xyhtt0cv2","time":1614275344,"event":{"mods":["10 clothes from DAL","100% Spire Juice","Act Like it!","BaseMod","Colored Map","Friendly Minions","Gensokyo","GifTheSpireLib","Highlight Path","Hubris","Library of Ruina","Minty Spire (QoL Compilation)","Quick Restart","Relic Stats","Reliquary","Replay The Spire","Ring Of Destiny","Robot Space Explorer","Shop Mod","Spicy Shops","StSLib","The Dragon Tamer","UnlockEverythingMod","Waifu the Spire","[IsaacMod]以撒尖塔","[功能]功能增强和修复MOD","【功能Mod】Neow奖励","【功能Mod】聪明的最终Boss","【遗物卡牌】REMEMod","没有小屋子和绿帽子啦"],"gold_per_floor":[112,168,245,124,149,198,432,450,450,450,486,493,540,557,557,761,761,803,882,910,835,835,896,896,943,943,943,1039,314,360,459,459,582,582,875,914,124,131,335,335,483,483,539,19,51,51,92,92,155],"floor_reached":51,"language":"ZHS","playtime":3735,"items_purged":["Injury","RingOfDestiny:Strike_SF","RingOfDestiny:Defend_SF","Amnesia","RingOfDestiny:Defend_SF"],"score":1206,"play_id":"dec272b5-9110-407a-861e-d2e04ad7b1a7","local_time":"20210226014904","is_ascension_mode":true,"campfire_choices":[{"data":"RobotSpaceExplorer:Multitool","floor":10.0,"key":"SMITH"},{"data":"RingOfDestiny:BottlePoison","floor":15.0,"key":"SMITH"},{"data":"RingOfDestiny:NinjutsuScroll","floor":24.0,"key":"SMITH"},{"data":"RingOfDestiny:StaminaBook","floor":27.0,"key":"SMITH"},{"floor":32.0,"key":"REST"},{"data":"RingOfDestiny:WoodRelease","floor":47.0,"key":"SMITH"},{"data":"REME_ProfessionalPlagiarism","floor":49.0,"key":"SMITH"}],"circlet_count":0,"master_deck":["RingOfDestiny:Defend_SF","RingOfDestiny:ShadowCard","RingOfDestiny:PoisonedShiv","RingOfDestiny:FallenFlower","RingOfDestiny:RattanBeetle","BettingIsNotGood","RobotSpaceExplorer:Multitool+1","RingOfDestiny:WorldOfFloweringTree","RingOfDestiny:ButaMudra","RingOfDestiny:ShadowBlossom","RingOfDestiny:BottlePoison+1","RingOfDestiny:RattanBeetle","RingOfDestiny:WoodRelease+1","RingOfDestiny:StaminaBook+1","RingOfDestiny:PerfectExecution","RingOfDestiny:ButaMudra+1","RingOfDestiny:KunaiSpray+1","RingOfDestiny:NinjutsuScroll+1","RingOfDestiny:EarthRelease","RingOfDestiny:WorldOfFloweringTree","RingOfDestiny:InfectMark","RingOfDestiny:FallenFlower","ReplayTheSpireMod:Private Reserves","Jack Of All Trades","REME_ProfessionalPlagiarism+1","ToOvercomeCrisis","RingOfDestiny:NinjutsuScroll+1","RingOfDestiny:NinjutsuScroll+1","RobotSpaceExplorer:ScrapMissile+1","Replay:Sssssssssshield"],"relics":["RingOfDestiny:ShadowKunai","REME_ComplimentaryCards","HushsDoor","BookOfRevelations","SalivaCoin","Lantern","reliquary:RoseTintedGlasses","reliquary:Sod","Black Star","Enchiridion","ReplayTheSpireMod:Ring of Collecting","ReplayTheSpireMod:Ring of Challenge","PageOfLumberjack","Dream Catcher","reliquary:Firecrackers","Sundial","PageOfPinocchio","Bag of Preparation","Mango","Matryoshka","Pondfish Scales","DALC_THREE","hubris:Teleporter","hubris:Stopwatch","GuppysCollar","PrismaticShard","Lizard Tail","Bag of Marbles","TheBattery","reliquary:PartyBalloon","Pear","hubris:Towel","BloodBag","Blue Doll","ReplayTheSpireMod:Lightbulb","Ancient Tea Set","Mummified Hand","reliquary:BoilingFlask","Pet Ghost","reliquary:IridiumChain","DollysMirror","Replay:Wax Seal","PageOfNothingThere","Question Card","ReplayTheSpireMod:TigerMarble","reliquary:Boomerang"],"acts_visited":["Exordium","TheCity","TheBeyond"],"potions_floor_usage":[50,50],"damage_taken":[{"damage":0.0,"enemies":"Small Slimes","floor":1.0,"turns":2.0},{"damage":3.0,"enemies":"Jaw Worm","floor":5.0,"turns":2.0},{"damage":5.0,"enemies":"Lagavulin","floor":6.0,"turns":5.0},{"damage":6.0,"enemies":"Cultist","floor":7.0,"turns":3.0},{"damage":0.0,"enemies":"2 Fungi Beasts","floor":8.0,"turns":1.0},{"damage":9.0,"enemies":"3 Sentries","floor":11.0,"turns":2.0},{"damage":18.0,"enemies":"Lagavulin","floor":13.0,"turns":4.0},{"damage":0.0,"enemies":"Lots of Slimes","floor":14.0,"turns":1.0},{"damage":49.0,"enemies":"Hexaghost","floor":16.0,"turns":5.0},{"damage":28.0,"enemies":"Shell Parasite","floor":18.0,"turns":3.0},{"damage":11.0,"enemies":"3 Byrds","floor":19.0,"turns":2.0},{"damage":0.0,"enemies":"Gremlin Leader","floor":23.0,"turns":3.0},{"damage":34.0,"enemies":"Slavers","floor":25.0,"turns":2.0},{"damage":26.0,"enemies":"Replay:Snechameleon","floor":28.0,"turns":4.0},{"damage":22.0,"enemies":"Slavers","floor":30.0,"turns":3.0},{"damage":41.0,"enemies":"Collector","floor":33.0,"turns":5.0},{"damage":10.0,"enemies":"3 Shapes","floor":35.0,"turns":3.0},{"damage":6.0,"enemies":"3 Darklings","floor":36.0,"turns":2.0},{"damage":0.0,"enemies":"Reptomancer","floor":40.0,"turns":3.0},{"damage":3.0,"enemies":"R_Hoarder","floor":42.0,"turns":4.0},{"damage":15.0,"enemies":"Reptomancer","floor":44.0,"turns":3.0},{"damage":0.0,"enemies":"Giant Head","floor":46.0,"turns":3.0},{"damage":1.0,"enemies":"R_Hoarder","floor":48.0,"turns":3.0},{"damage":62,"enemies":"Awakened One","floor":50,"turns":21}],"seed_played":"4804485895493889432","potions_obtained":[{"floor":1.0,"key":"SkillPotion"},{"floor":2.0,"key":"DistilledChaos"},{"floor":2.0,"key":"GamblersBrew"},{"floor":2.0,"key":"Strength Potion"},{"floor":8.0,"key":"BlessingOfTheForge"},{"floor":11.0,"key":"Toxic Potion"},{"floor":14.0,"key":"REME_GoldPotion"},{"floor":16.0,"key":"Explosive Potion"},{"floor":18.0,"key":"EssenceOfSteel"},{"floor":19.0,"key":"REME_GoldPotion"},{"floor":28.0,"key":"Swift Potion"},{"floor":30.0,"key":"Energy Potion"},{"floor":35.0,"key":"SteroidPotion"},{"floor":40.0,"key":"Venom Potion"}],"is_trial":false,"path_per_floor":["M","?","?","$","M","E","M","M","T","R","E","?","E","M","R","B",null,"M","M","?","?","?","E","R","E","T","R","E","$","E","?","R","B",null,"M","M","$","?","E","?","E","T","E","$","E","R","E","R","B",null],"character_chosen":"ShadowFlower","items_purchased":["SalivaCoin","Matryoshka","Pondfish Scales","GuppysCollar","PrismaticShard","Lizard Tail","Bag of Marbles","TheBattery","reliquary:IridiumChain","RingOfDestiny:NinjutsuScroll+1","DollysMirror","Replay:Wax Seal"],"campfire_rested":1,"item_purchase_floors":[4,29,29,34,37,37,37,37,45,45,45,45],"current_hp_per_floor":[86,86,71,71,70,75,56,62,62,62,67,60,55,61,61,22,86,62,51,35,35,35,47,47,19,19,19,19,19,5,5,35,10,87,71,65,65,55,84,84,104,104,98,98,104,104,104,104,104],"gold":155,"neow_bonus":"ONE_RANDOM_RARE_CARD","is_daily":false,"chose_seed":false,"campfire_upgraded":6,"win_rate":0.0,"timestamp":1614275344,"path_taken":["M","?","?","$","?","E","M","M","T","R","E","?","E","?","R","BOSS","M","M","?","?","?","E","R","E","T","R","E","$","E","?","R","BOSS","M","M","$","?","E","?","E","T","E","?","E","R","E","R","BOSS"],"items_purchased_type":["Relic","Relic","Relic","Relic","Relic","Relic","Relic","Relic","Relic","Card","Relic","Relic"],"build_version":"2020-12-22","purchased_purges":5,"victory":true,"max_hp_per_floor":[86,86,86,86,86,86,86,86,86,86,86,86,86,86,86,86,86,86,86,86,86,86,86,86,86,86,86,100,100,100,100,100,100,87,87,87,87,87,97,97,104,104,104,104,104,104,104,104,104],"relic_stats":{"Dream Catcher":1,"Lizard Tail":0,"counters":[24,89],"Sundial":[4],"Mummified Hand":[161],"Black Star":9,"Bag of Preparation":[20],"Question Card":4,"obtain_stats":[{"Lantern":9,"reliquary:Boomerang":48,"reliquary:PartyBalloon":40,"reliquary:Firecrackers":25,"reliquary:BoilingFlask":44,"Enchiridion":20,"Mango":28,"Blue Doll":42,"PageOfNothingThere":46,"Bag of Preparation":28,"TheBattery":37,"PrismaticShard":37,"Ancient Tea Set":43,"Pet Ghost":44,"Dream Catcher":23,"Lizard Tail":37,"Matryoshka":29,"Sundial":25,"Mummified Hand":43,"DollysMirror":45,"hubris:Stopwatch":34,"reliquary:RoseTintedGlasses":11,"PageOfPinocchio":26,"Replay:Wax Seal":45,"KeepersGift":0,"hubris:Teleporter":30,"Pear":40,"BookOfRevelations":1,"RingOfDestiny:ShadowKunai":0,"DALC_THREE":30,"hubris:Towel":41,"BloodBag":42,"Question Card":46,"reliquary:IridiumChain":45,"reliquary:Sod":13,"PageOfLumberjack":23,"Pondfish Scales":29,"ReplayTheSpireMod:Ring of Collecting":22,"SalivaCoin":4,"Black Star":17,"Bag of Marbles":37,"ReplayTheSpireMod:TigerMarble":48,"ReplayTheSpireMod:Ring of Challenge":22,"HushsDoor":0,"ReplayTheSpireMod:Lightbulb":42,"GuppysCollar":34,"REME_ComplimentaryCards":0,"BloodDonationMachine":6},{"Lantern":5,"reliquary:Boomerang":23,"reliquary:PartyBalloon":19,"reliquary:Firecrackers":13,"reliquary:BoilingFlask":21,"Enchiridion":11,"Mango":14,"Blue Doll":20,"PageOfNothingThere":22,"Bag of Preparation":14,"TheBattery":18,"PrismaticShard":18,"Ancient Tea Set":20,"Pet Ghost":21,"Dream Catcher":12,"Lizard Tail":18,"Matryoshka":14,"Sundial":13,"Mummified Hand":20,"DollysMirror":21,"hubris:Stopwatch":16,"reliquary:RoseTintedGlasses":6,"PageOfPinocchio":13,"Replay:Wax Seal":21,"KeepersGift":0,"hubris:Teleporter":15,"Pear":19,"BookOfRevelations":1,"RingOfDestiny:ShadowKunai":0,"DALC_THREE":15,"hubris:Towel":19,"BloodBag":20,"Question Card":22,"reliquary:IridiumChain":21,"reliquary:Sod":7,"PageOfLumberjack":12,"Pondfish Scales":14,"ReplayTheSpireMod:Ring of Collecting":11,"SalivaCoin":1,"Black Star":9,"Bag of Marbles":18,"ReplayTheSpireMod:TigerMarble":23,"ReplayTheSpireMod:Ring of Challenge":11,"HushsDoor":0,"ReplayTheSpireMod:Lightbulb":20,"GuppysCollar":16,"REME_ComplimentaryCards":0,"BloodDonationMachine":3},{"Lantern":13,"reliquary:Boomerang":68,"reliquary:PartyBalloon":55,"reliquary:Firecrackers":35,"reliquary:BoilingFlask":62,"Enchiridion":30,"Mango":39,"Blue Doll":59,"PageOfNothingThere":65,"Bag of Preparation":39,"TheBattery":52,"PrismaticShard":52,"Ancient Tea Set":59,"Pet Ghost":62,"Dream Catcher":33,"Lizard Tail":52,"Matryoshka":39,"Sundial":35,"Mummified Hand":59,"DollysMirror":62,"hubris:Stopwatch":47,"reliquary:RoseTintedGlasses":15,"PageOfPinocchio":35,"Replay:Wax Seal":62,"KeepersGift":0,"hubris:Teleporter":42,"Pear":55,"BookOfRevelations":1,"RingOfDestiny:ShadowKunai":0,"DALC_THREE":42,"hubris:Towel":55,"BloodBag":57,"Question Card":65,"reliquary:IridiumChain":62,"reliquary:Sod":19,"PageOfLumberjack":33,"Pondfish Scales":39,"ReplayTheSpireMod:Ring of Collecting":30,"SalivaCoin":2,"Black Star":25,"Bag of Marbles":52,"ReplayTheSpireMod:TigerMarble":68,"ReplayTheSpireMod:Ring of Challenge":30,"HushsDoor":0,"ReplayTheSpireMod:Lightbulb":59,"GuppysCollar":47,"REME_ComplimentaryCards":0,"BloodDonationMachine":9}]},"card_choices":[{"not_picked":[],"picked":"BettingIsNotGood","floor":0.0},{"not_picked":["RingOfDestiny:FlashOfSlash","RingOfDestiny:Onikiri"],"picked":"RingOfDestiny:ButaMudra","floor":1.0},{"not_picked":["RingOfDestiny:HeptMudra","RingOfDestiny:DarkLight"],"picked":"RingOfDestiny:ShadowBlossom","floor":2.0},{"not_picked":["RingOfDestiny:PoisonedShiv","RingOfDestiny:ShadowRose"],"picked":"RingOfDestiny:BottlePoison","floor":5.0},{"not_picked":["RingOfDestiny:EarthRelease","RingOfDestiny:MetalRelease"],"picked":"RingOfDestiny:RattanBeetle","floor":6.0},{"not_picked":["RingOfDestiny:Spur","RingOfDestiny:FrozenDark","RingOfDestiny:OctMudra"],"picked":"SKIP","floor":7.0},{"not_picked":["RingOfDestiny:DeadlyShadow","RingOfDestiny:ShadowCutter","RingOfDestiny:Conspiracy"],"picked":"SKIP","floor":8.0},{"not_picked":["RingOfDestiny:FlashOfSlash","RingOfDestiny:DecaMudra","RingOfDestiny:FrozenDark"],"picked":"SKIP","floor":11.0},{"not_picked":["RingOfDestiny:Ridicule","RingOfDestiny:Recollection"],"picked":"RingOfDestiny:WoodRelease","floor":13.0},{"not_picked":["RingOfDestiny:Spur","RingOfDestiny:NonMudra"],"picked":"RingOfDestiny:StaminaBook","floor":14.0},{"not_picked":["RingOfDestiny:PropMudra","RingOfDestiny:DodeMudra"],"picked":"RingOfDestiny:PerfectExecution","floor":16.0},{"not_picked":["RingOfDestiny:FrozenDark+1","RingOfDestiny:DarkLight"],"picked":"RingOfDestiny:ButaMudra+1","floor":18.0},{"not_picked":["RingOfDestiny:PentMudra","RingOfDestiny:FinalAttack"],"picked":"RingOfDestiny:KunaiSpray+1","floor":19.0},{"not_picked":["RingOfDestiny:DeadlyShadow+1","RingOfDestiny:DeadlyArts+1"],"picked":"RingOfDestiny:NinjutsuScroll","floor":23.0},{"not_picked":["RingOfDestiny:ShadowCorrosion","RingOfDestiny:ShadowBlossom","RingOfDestiny:FrozenDark"],"picked":"SKIP","floor":25.0},{"not_picked":["RingOfDestiny:Ridicule","RingOfDestiny:ShadowCorrosion","RingOfDestiny:EarthRelease"],"picked":"SKIP","floor":28.0},{"not_picked":["RingOfDestiny:Ridicule","RingOfDestiny:ShadowCorrosion"],"picked":"RingOfDestiny:EarthRelease","floor":28.0},{"not_picked":["RingOfDestiny:ShadowStab+1","RingOfDestiny:PentMudra+1"],"picked":"RingOfDestiny:WorldOfFloweringTree","floor":30.0},{"not_picked":["RingOfDestiny:RepeatOffender","RingOfDestiny:DodeMudra"],"picked":"RingOfDestiny:InfectMark","floor":33.0},{"not_picked":["RingOfDestiny:ShadowStab","RingOfDestiny:PentMudra","RingOfDestiny:DecaMudra+1"],"picked":"SKIP","floor":35.0},{"not_picked":["RingOfDestiny:OctMudra+1","RingOfDestiny:HexaMudra"],"picked":"RingOfDestiny:FallenFlower","floor":36.0},{"not_picked":["HandOfGreed","Flash of Steel"],"picked":"ReplayTheSpireMod:Private Reserves","floor":39.0},{"not_picked":["Deep Breath","PanicButton"],"picked":"Jack Of All Trades","floor":39.0},{"not_picked":["ThunderHit","Flash of Steel"],"picked":"REME_ProfessionalPlagiarism","floor":39.0},{"not_picked":["Power Through+1","RingOfDestiny:TestBullet+1"],"picked":"ToOvercomeCrisis","floor":40.0},{"not_picked":["Iron Wave+1","RingOfDestiny:PowerOfGreed+1","Disposal"],"picked":"SKIP","floor":42.0},{"not_picked":["Sucker Punch+1","DTMod:Outburst","RobotSpaceExplorer:StarDust"],"picked":"SKIP","floor":44.0},{"not_picked":["Twin Strike","DTMod:FlameSlash"],"picked":"RobotSpaceExplorer:ScrapMissile+1","floor":46.0},{"not_picked":["RingOfDestiny:PowerOfGreed","HeavyPeaks+1","Specialist"],"picked":"Replay:Sssssssssshield","floor":48.0}],"player_experience":68523,"relics_obtained":[{"floor":6.0,"key":"BloodDonationMachine"},{"floor":9.0,"key":"Lantern"},{"floor":11.0,"key":"reliquary:RoseTintedGlasses"},{"floor":13.0,"key":"reliquary:Sod"},{"floor":20.0,"key":"Enchiridion"},{"floor":22.0,"key":"ReplayTheSpireMod:Ring of Collecting"},{"floor":22.0,"key":"ReplayTheSpireMod:Ring of Challenge"},{"floor":23.0,"key":"PageOfLumberjack"},{"floor":23.0,"key":"Dream Catcher"},{"floor":25.0,"key":"reliquary:Firecrackers"},{"floor":25.0,"key":"Sundial"},{"floor":26.0,"key":"PageOfPinocchio"},{"floor":28.0,"key":"Bag of Preparation"},{"floor":28.0,"key":"Mango"},{"floor":30.0,"key":"DALC_THREE"},{"floor":30.0,"key":"hubris:Teleporter"},{"floor":40.0,"key":"reliquary:PartyBalloon"},{"floor":40.0,"key":"Pear"},{"floor":42.0,"key":"Blue Doll"},{"floor":42.0,"key":"ReplayTheSpireMod:Lightbulb"},{"floor":43.0,"key":"Ancient Tea Set"},{"floor":43.0,"key":"Mummified Hand"},{"floor":44.0,"key":"reliquary:BoilingFlask"},{"floor":44.0,"key":"Pet Ghost"},{"floor":46.0,"key":"PageOfNothingThere"},{"floor":46.0,"key":"Question Card"},{"floor":48.0,"key":"ReplayTheSpireMod:TigerMarble"},{"floor":48.0,"key":"reliquary:Boomerang"}],"event_choices":[{"cards_removed":["RingOfDestiny:Strike_SF"],"damage_healed":0.0,"max_hp_gain":0.0,"max_hp_loss":0.0,"gold_gain":0.0,"event_name":"Golden Wing","player_choice":"Card Removal","floor":12.0,"gold_loss":0.0,"damage_taken":7.0},{"damage_healed":0.0,"max_hp_gain":0.0,"max_hp_loss":0.0,"gold_gain":0.0,"event_name":"Cursed Tome","player_choice":"Obtained Book","floor":20.0,"gold_loss":0.0,"damage_taken":16.0},{"cards_removed":["RingOfDestiny:Strike_SF"],"damage_healed":0.0,"max_hp_gain":0.0,"max_hp_loss":0.0,"gold_gain":0.0,"event_name":"Beggar","player_choice":"Gave Gold","floor":21.0,"gold_loss":75.0,"damage_taken":0.0},{"damage_healed":0.0,"max_hp_gain":0.0,"max_hp_loss":0.0,"gold_gain":99.0,"event_name":"Nest","player_choice":"Stole From Cult","floor":31.0,"gold_loss":0.0,"damage_taken":0.0},{"damage_healed":0.0,"max_hp_gain":0.0,"max_hp_loss":0.0,"gold_gain":0.0,"event_name":"SensoryStone","player_choice":"Memory 3","floor":39.0,"gold_loss":0.0,"damage_taken":10.0}],"is_beta":false,"boss_relics":[{"not_picked":["reliquary:Ember","hubris:TerracottaHorce"],"picked":"Black Star"},{"not_picked":[]},{"not_picked":["Philosopher\u0027s Stone","SacredBark"],"picked":"hubris:Stopwatch"},{"not_picked":[]}],"items_purged_floors":[4,29,29,37,37],"is_endless":false,"potions_floor_spawned":[1,8,11,14,16,18,19,28,30,35,40,42,48],"ascension_level":2}}