{"host":"0t7ytk9pge2ncgeb","time":1614293928,"event":{"mods":["2.2 Compatiblity","Act Like it!","Aspiration","BaseMod","Beaked The Cultist","Conspire","Googly Eyes","Hubris","Minty Spire (QoL Compilation)","Relic Stats","Reliquary","Ruina","Shop Mod","Spicy Shops","StSLib","slay the spire mod where everything is the same but ironclad has a cowboy hat"],"gold_per_floor":[109,120,136,106,126,126,159,159,186,186,32,45,45,57,57,152,152,169,181,81,81,81,81,81],"floor_reached":23,"language":"ENG","playtime":2022,"items_purged":[],"score":191,"play_id":"3b3fd256-9ca7-4130-999b-df40760c1ca0","local_time":"20210225175848","is_ascension_mode":false,"campfire_choices":[{"data":"beaked:Ceremony","floor":6.0,"key":"SMITH"},{"floor":10.0,"key":"REST"},{"data":"beaked:Ceremony","floor":15.0,"key":"SMITH"}],"circlet_count":0,"master_deck":["beaked:Strike_Y","beaked:Strike_Y","beaked:Strike_Y","beaked:Strike_Y","beaked:Strike_Y","beaked:Strike_Y+1","beaked:Defend_Y","beaked:Defend_Y","beaked:Defend_Y","beaked:Defend_Y","beaked:Ceremony","beaked:Ceremony+1","beaked:Ceremony+1","beaked:Insight","beaked:Brace","beaked:Roost","beaked:WarriorEssence","beaked:BraceForImpact","beaked:MimicHuntress+1","beaked:Windmill","beaked:Sacrifice","beaked:Foresight","conspire:SpireCoStock","conspire:SpireCoStock","ruina:BlindRage"],"relics":["beaked:MendingPlumage","conspire:Boomerang","Art of War","reliquary:Knoch","Tiny Chest","ruina:Prescript"],"acts_visited":["Exordium","ruina:Briah"],"potions_floor_usage":[18,23],"damage_taken":[{"damage":8.0,"enemies":"2 Louse","floor":1.0,"turns":4.0},{"damage":5.0,"enemies":"conspire:RoseBush","floor":2.0,"turns":7.0},{"damage":6.0,"enemies":"Jaw Worm","floor":3.0,"turns":6.0},{"damage":5.0,"enemies":"Looter","floor":4.0,"turns":4.0},{"damage":16.0,"enemies":"Large Slime","floor":5.0,"turns":7.0},{"damage":48.0,"enemies":"3 Sentries","floor":7.0,"turns":9.0},{"damage":0.0,"enemies":"conspire:2 RoseBushes","floor":12.0,"turns":8.0},{"damage":5.0,"enemies":"2 Fungi Beasts","floor":14.0,"turns":4.0},{"damage":12.0,"enemies":"Slime Boss","floor":16.0,"turns":8.0},{"damage":49,"enemies":"ruina:3_Bats","floor":18,"turns":6},{"damage":12,"enemies":"ruina:2_Scarecrows","floor":19,"turns":5},{"damage":57,"enemies":"ruina:Mountain","floor":23,"turns":3}],"seed_played":"8059810938854020264","potions_obtained":[{"floor":1.0,"key":"DuplicationPotion"},{"floor":3.0,"key":"Swift Potion"},{"floor":5.0,"key":"beaked:MendingBrew"},{"floor":7.0,"key":"DuplicationPotion"},{"floor":18,"key":"Block Potion"}],"is_trial":false,"path_per_floor":["M","M","M","M","M","R","E","?","T","R","$","M","R","M","R","B",null,"M","M","?","?","?","E"],"character_chosen":"BEAKED_THE_CULTIST","items_purchased":["Tiny Chest"],"campfire_rested":1,"item_purchase_floors":[11],"current_hp_per_floor":[36,45,50,50,47,47,26,16,16,31,31,50,50,48,48,50,50,40,46,46,46,46,0,0],"gold":81,"neow_bonus":"ONE_RARE_RELIC","is_daily":false,"chose_seed":false,"campfire_upgraded":2,"win_rate":0.0,"timestamp":1614293928,"path_taken":["M","M","M","M","M","R","E","?","T","R","$","M","R","M","R","BOSS","M","M","?","?","?","E"],"items_purchased_type":["Relic"],"build_version":"2020-12-22","purchased_purges":0,"victory":false,"max_hp_per_floor":[50,50,50,50,50,50,50,50,50,50,50,50,50,50,50,50,50,53,56,56,56,56,56,56],"relic_stats":{"counters":[12,71],"Tiny Chest":0,"Art of War":[2],"obtain_stats":[{"Frozen Eye":19,"Tiny Chest":11,"ruina:Prescript":22,"conspire:Boomerang":0,"Art of War":7,"reliquary:Knoch":9,"beaked:MendingPlumage":0},{"Frozen Eye":10,"Tiny Chest":6,"ruina:Prescript":11,"conspire:Boomerang":0,"Art of War":6,"reliquary:Knoch":6,"beaked:MendingPlumage":0},{"Frozen Eye":63,"Tiny Chest":37,"ruina:Prescript":68,"conspire:Boomerang":0,"Art of War":37,"reliquary:Knoch":37,"beaked:MendingPlumage":0}]},"card_choices":[{"not_picked":["beaked:Devastation","beaked:Tweet"],"picked":"beaked:Insight","floor":1.0},{"not_picked":["beaked:TuckingFeathers","beaked:DesperateSwing"],"picked":"beaked:Brace","floor":2.0},{"not_picked":["beaked:Devastation","beaked:Flinch"],"picked":"beaked:Roost","floor":3.0},{"not_picked":["beaked:Redirect","beaked:DigDeep"],"picked":"beaked:WarriorEssence","floor":4.0},{"not_picked":["beaked:Negation","beaked:MimicHuntress"],"picked":"beaked:BraceForImpact","floor":5.0},{"not_picked":["beaked:WarriorEssence","beaked:ShadowFade"],"picked":"beaked:MimicHuntress","floor":7.0},{"not_picked":["beaked:Mantra","beaked:CursingBlood"],"picked":"beaked:Windmill","floor":12.0},{"not_picked":["beaked:Insight","beaked:Cower","beaked:Redirect"],"picked":"SKIP","floor":14.0},{"not_picked":["beaked:CheekyTricks","beaked:DarkTribute"],"picked":"beaked:Sacrifice","floor":16.0},{"not_picked":["beaked:Daydream+1","beaked:Windmill"],"picked":"beaked:Foresight","floor":18},{"not_picked":["beaked:Poke+1","beaked:Redirect+1","beaked:Daydream"],"picked":"SKIP","floor":19}],"player_experience":289115,"relics_obtained":[{"floor":7.0,"key":"Art of War"},{"floor":9.0,"key":"reliquary:Knoch"}],"event_choices":[{"damage_healed":0.0,"max_hp_gain":0.0,"max_hp_loss":0.0,"gold_gain":0.0,"event_name":"Shining Light","player_choice":"Entered Light","floor":8.0,"gold_loss":0.0,"damage_taken":10.0,"cards_upgraded":["beaked:MimicHuntress","beaked:Strike_Y"]},{"damage_healed":0,"gold_gain":0,"player_choice":"Invest 2","damage_taken":0,"max_hp_gain":0,"max_hp_loss":0,"event_name":"conspire:Investor","floor":20,"gold_loss":0}],"is_beta":false,"boss_relics":[{"not_picked":["Empty Cage","aspiration:WatcherSkillbook","conspire:SeveredTorchhead"]}],"items_purged_floors":[],"is_endless":false,"potions_floor_spawned":[1,3,5,7,18],"killed_by":"ruina:Mountain","ascension_level":0}}