{"host":"fdq5pmhluajjrf8d","time":1614296168,"event":{"mods":["BaseMod","Minty Spire (QoL Compilation)"],"gold_per_floor":[116,116,116,135,151,183,183,217,269,231,231,62,62,212,212,287,287,299,312,312,328,348,348,348],"floor_reached":23,"language":"ENG","playtime":1219,"items_purged":[],"score":423,"play_id":"e86515f7-48f4-4e64-8c4d-7c27dff5e1ca","local_time":"20210225183608","is_ascension_mode":true,"campfire_choices":[{"data":"Creative AI","floor":7.0,"key":"SMITH"},{"floor":11.0,"key":"REST"},{"data":"Rainbow","floor":15.0,"key":"SMITH"}],"circlet_count":0,"master_deck":["AscendersBane","Strike_B","Strike_B","Defend_B+1","Defend_B+1","Zap","Dualcast","Cold Snap","Rainbow+1","Ball Lightning","Creative AI+1","Undo","Doubt","Echo Form","FTL+1","Ball Lightning","Darkness"],"relics":["Cracked Core","Pear","Toy Ornithopter","Potion Belt","Lee\u0027s Waffle","Nuclear Battery"],"acts_visited":["Exordium","TheCity"],"potions_floor_usage":[18,19,22],"damage_taken":[{"damage":7.0,"enemies":"Small Slimes","floor":1.0,"turns":3.0},{"damage":5.0,"enemies":"2 Louse","floor":4.0,"turns":2.0},{"damage":0.0,"enemies":"Cultist","floor":5.0,"turns":3.0},{"damage":23.0,"enemies":"Lagavulin","floor":6.0,"turns":7.0},{"damage":20.0,"enemies":"3 Sentries","floor":8.0,"turns":8.0},{"damage":23,"enemies":"Slime Boss","floor":16,"turns":6},{"damage":16,"enemies":"2 Thieves","floor":18,"turns":4},{"damage":15,"enemies":"Shell Parasite","floor":19,"turns":5},{"damage":44,"enemies":"Centurion and Healer","floor":21,"turns":7},{"damage":8,"enemies":"Snecko","floor":22,"turns":4},{"damage":23,"enemies":"Shelled Parasite and Fungi","floor":23,"turns":2}],"seed_played":"-5866689059974617088","potions_obtained":[{"floor":4.0,"key":"Regen Potion"},{"floor":5.0,"key":"DuplicationPotion"},{"floor":6.0,"key":"SteroidPotion"},{"floor":8.0,"key":"AttackPotion"},{"floor":18,"key":"PowerPotion"},{"floor":21,"key":"SkillPotion"}],"is_trial":false,"path_per_floor":["M","?","?","M","M","E","R","E","T","?","R","$","?","?","R","B",null,"M","M","?","M","M","M"],"character_chosen":"DEFECT","items_purchased":["Lee\u0027s Waffle"],"campfire_rested":1,"item_purchase_floors":[12],"current_hp_per_floor":[64,41,41,36,36,38,38,18,18,18,44,95,88,88,88,65,88,77,67,67,23,20,0,0],"gold":348,"neow_bonus":"TEN_PERCENT_HP_BONUS","is_daily":false,"chose_seed":false,"campfire_upgraded":2,"win_rate":0.0,"timestamp":1614296168,"path_taken":["M","?","?","?","M","E","R","E","T","?","R","$","?","?","R","BOSS","M","M","?","M","M","M"],"items_purchased_type":["Relic"],"build_version":"2020-12-22","purchased_purges":0,"victory":false,"max_hp_per_floor":[78,78,78,78,78,88,88,88,88,88,88,95,95,95,95,95,95,95,95,95,95,95,95,95],"card_choices":[{"not_picked":["Hologram","Streamline"],"picked":"Cold Snap","floor":1.0},{"not_picked":["Sweeping Beam","Rip and Tear"],"picked":"Ball Lightning","floor":4.0},{"not_picked":["Beam Cell","Ball Lightning","Auto Shields"],"picked":"SKIP","floor":5.0},{"not_picked":["Beam Cell","Coolheaded"],"picked":"Creative AI","floor":6.0},{"not_picked":["Doom and Gloom","Gash"],"picked":"Undo","floor":8.0},{"not_picked":["Seek","Thunder Strike"],"picked":"Echo Form","floor":16},{"not_picked":["Barrage","Lockon"],"picked":"FTL+1","floor":18},{"not_picked":["Cold Snap","Ball Lightning","Compile Driver"],"picked":"SKIP","floor":19},{"not_picked":["Self Repair","Turbo","Force Field"],"picked":"SKIP","floor":21},{"not_picked":["Steam Power","Tempest","Stack"],"picked":"SKIP","floor":22}],"player_experience":1991633,"relics_obtained":[{"floor":6.0,"key":"Pear"},{"floor":8.0,"key":"Toy Ornithopter"},{"floor":9.0,"key":"Potion Belt"}],"event_choices":[{"damage_healed":0.0,"max_hp_gain":0.0,"max_hp_loss":0.0,"gold_gain":0.0,"event_name":"Shining Light","player_choice":"Entered Light","floor":2.0,"gold_loss":0.0,"damage_taken":23.0,"cards_upgraded":["Defend_B","Defend_B"]},{"damage_healed":0.0,"max_hp_gain":0.0,"max_hp_loss":0.0,"gold_gain":0.0,"cards_transformed":["Defend_B"],"event_name":"Transmorgrifier","player_choice":"Transformed","floor":3.0,"gold_loss":0.0,"damage_taken":0.0,"cards_obtained":["Rainbow"]},{"damage_healed":0.0,"max_hp_gain":0.0,"max_hp_loss":0.0,"gold_gain":0.0,"event_name":"World of Goop","player_choice":"Left Gold","floor":10.0,"gold_loss":38.0,"damage_taken":0.0},{"cards_removed":["Strike_B"],"damage_healed":0.0,"max_hp_gain":0.0,"max_hp_loss":0.0,"gold_gain":0.0,"event_name":"Golden Wing","player_choice":"Card Removal","floor":13.0,"gold_loss":0.0,"damage_taken":7.0},{"damage_healed":0.0,"max_hp_gain":0.0,"max_hp_loss":0.0,"gold_gain":150.0,"event_name":"Liars Game","player_choice":"AGREE","floor":14.0,"gold_loss":0.0,"damage_taken":0.0,"cards_obtained":["Doubt"]},{"damage_healed":0,"gold_gain":0,"cards_transformed":["Defend_B","Strike_B"],"player_choice":"Became Test Subject","damage_taken":0,"max_hp_gain":0,"max_hp_loss":0,"event_name":"Drug Dealer","floor":20,"gold_loss":0,"cards_obtained":["Ball Lightning","Darkness"]}],"is_beta":false,"boss_relics":[{"not_picked":["Runic Dome","FrozenCore"],"picked":"Nuclear Battery"}],"items_purged_floors":[],"is_endless":false,"potions_floor_spawned":[4,5,6,8,18,21],"killed_by":"Shelled Parasite and Fungi","ascension_level":20}}