{"host":"2vsfvi9pm0ilma55","time":1614221924,"event":{"mods":["BaseMod","Bestiary","Highlight Path","Minty Spire (QoL Compilation)","Relic Stats","StSLib","The Marked","The Warlock"],"gold_per_floor":[99,99,99,99,99,99,99,99,99],"floor_reached":8,"language":"ENG","playtime":279,"items_purged":[],"score":96,"play_id":"8d9bd8ea-7a9e-4cd5-b83f-c7d816fcec44","local_time":"20210224185844","is_ascension_mode":true,"campfire_choices":[{"floor":6,"key":"REST"}],"circlet_count":0,"master_deck":["AscendersBane","Ritualist:StrikeMagenta","Ritualist:StrikeMagenta","Ritualist:StrikeMagenta","Ritualist:DefendMagenta","Ritualist:DefendMagenta","Ritualist:DefendMagenta","Ritualist:DefendMagenta","Ritualist:InitiationRite","Ritualist:SummonAgiel","Ritualist:Precognition","Ritualist:SmokeRises","Ritualist:HeavyInfection","Ritualist:LongCon"],"relics":["Ectoplasm"],"acts_visited":["Exordium"],"potions_floor_usage":[7],"damage_taken":[{"damage":0,"enemies":"Cultist","floor":1,"turns":1},{"damage":13,"enemies":"Small Slimes","floor":2,"turns":3},{"damage":19,"enemies":"Jaw Worm","floor":5,"turns":5},{"damage":39,"enemies":"Gremlin Gang","floor":7,"turns":7},{"damage":20,"enemies":"Lagavulin","floor":8,"turns":4}],"seed_played":"-5639778013277839325","potions_obtained":[{"floor":5,"key":"DuplicationPotion"},{"floor":7,"key":"Fire Potion"}],"is_trial":false,"path_per_floor":["M","M","?","?","M","R","M","E"],"character_chosen":"RITUALIST","items_purchased":[],"campfire_rested":1,"item_purchase_floors":[],"current_hp_per_floor":[67,54,47,52,33,56,17,0,0],"gold":99,"neow_bonus":"BOSS_RELIC","is_daily":false,"chose_seed":false,"campfire_upgraded":0,"win_rate":0.0,"timestamp":1614221924,"path_taken":["M","M","?","?","M","R","M","E"],"items_purchased_type":[],"build_version":"2020-12-22","purchased_purges":0,"victory":false,"max_hp_per_floor":[74,74,74,79,79,79,79,79,79],"relic_stats":{"counters":[5,20],"Ectoplasm":61,"obtain_stats":[{"Ectoplasm":0,"Ritualist:StarterRelic":0},{"Ectoplasm":0,"Ritualist:StarterRelic":0},{"Ectoplasm":0,"Ritualist:StarterRelic":0}]},"card_choices":[{"not_picked":["Ritualist:BranchingPaths","Ritualist:SoulOpening"],"picked":"Ritualist:Precognition","floor":1},{"not_picked":["Ritualist:DeepReserves","Ritualist:PowerPact"],"picked":"Ritualist:SmokeRises","floor":2},{"not_picked":["Ritualist:Tenderize","Ritualist:DarkRitual"],"picked":"Ritualist:HeavyInfection","floor":5},{"not_picked":["Ritualist:ScoutAhead","Ritualist:Galvanize"],"picked":"Ritualist:LongCon","floor":7}],"player_experience":625566,"relics_obtained":[],"event_choices":[{"cards_removed":["Ritualist:StrikeMagenta"],"damage_healed":0,"gold_gain":0,"player_choice":"Card Removal","damage_taken":7,"max_hp_gain":0,"max_hp_loss":0,"event_name":"Golden Wing","floor":3,"gold_loss":0},{"damage_healed":0,"gold_gain":0,"player_choice":"Donut","damage_taken":0,"max_hp_gain":5,"max_hp_loss":0,"event_name":"Big Fish","floor":4,"gold_loss":0}],"is_beta":false,"boss_relics":[],"items_purged_floors":[],"is_endless":false,"potions_floor_spawned":[5,7],"killed_by":"Lagavulin","ascension_level":20}}