{"host":"p5axfb00mxhraew6","time":1614260699,"event":{"mods":["100% Spire Juice","Abigail Mod","Act Like it!","BaseMod","CapriCore","Friendly Minions","GifTheSpireLib","Jedi Mod","KomeijiMod","Library of Ruina","Library of Ruina Extra","MarisaÅiñ∂âJÅ@ñÇóùçπÅj","Minty Spire (QoL Compilation)","Prisma Mod","ReimuÅiîé??öÎÅj","RemiliaÅiÂQïƒ‰ª?Åj","SOSÅiézîb?îVéqÅj","StSLib","Td1madao Mod","The Alterego","The Immortal","The Problem Sleuth","Yakumo Yukari mod"],"gold_per_floor":[119,130,130,130,153,182,182,182,182,214,214,214,214,243,243,341,341,361,371,371,371,77,112,112,141,141,171,171,171,199,44,44,140,140,151,169,182,25,25,51,66,95,95,120,138,165,165,165,165,165,165,165,165,141,141,141],"floor_reached":57,"language":"ENG","playtime":3313,"items_purged":[],"score":1828,"play_id":"1ace7bc4-04d1-45ee-95f1-68ad8cd063ee","local_time":"20210225224459","is_ascension_mode":true,"campfire_choices":[{"data":"DegradedShockwave","floor":7.0,"key":"SMITH"},{"data":"DegradedPillar","floor":11.0,"key":"SMITH"},{"data":"DegradedChain","floor":13.0,"key":"SMITH"},{"data":"DegradedChain","floor":15.0,"key":"SMITH"},{"data":"DegradedLock","floor":24.0,"key":"SMITH"},{"floor":28.0,"key":"RECALL"},{"data":"Zzzzzap","floor":32.0,"key":"SMITH"},{"data":"Faith","floor":47.0,"key":"SMITH"},{"floor":49,"key":"REST"},{"floor":53,"key":"REST"}],"circlet_count":0,"master_deck":["DegradedFairy+1","DegradedFairy+1","DegradedFairy+1","DegradedChain+1","DegradedChain+1","DegradedLock+1","DegradedPillar+1","DegradedPillar+1","DegradedShockwave+1","TieShanKao+1","FrontalAssault+1","SilentNight+1","Zzzzzap+1","FrontalAssault+1","Unlock1+1","ToOvercomeCrisis+1","AbsorbImpact+1","GuidanceOfTheGears+1","Faith+1"],"relics":["PageOfLibrarian","PageOfSnowWhitesApple","Dream Catcher","PageOfAlriune","Velvet Choker","theSleuth:SaltedMelon","theSleuth:SaltedMelon","Eternal Feather","Turnip","Blood Vial","Omamori","PageOfScorchedGirl","InkBottle","Strawberry","Bronze Scales","Busted Crown","PageOfBloodbath","jedi:angrymask","PageOfWrath","PageOfTheQueenOfHatred","PageOfTheKnightOfDespair","PageOfGreed","PageOfNihil","jedi:ominousloannote","PageOfLumberjack","Centennial Puzzle","Dead Branch"],"acts_visited":["Exordium","TheCity","TheBeyond","TheEnding"],"potions_floor_usage":[56],"damage_taken":[{"damage":0.0,"enemies":"2 Louse","floor":1.0,"turns":1.0},{"damage":0.0,"enemies":"Jaw Worm","floor":2.0,"turns":1.0},{"damage":0.0,"enemies":"3 Sentries","floor":6.0,"turns":3.0},{"damage":0.0,"enemies":"Gremlin Nob","floor":10.0,"turns":2.0},{"damage":0.0,"enemies":"Lagavulin","floor":14.0,"turns":3.0},{"damage":9.0,"enemies":"The Guardian","floor":16.0,"turns":4.0},{"damage":1.0,"enemies":"Shell Parasite","floor":18.0,"turns":2.0},{"damage":0.0,"enemies":"3 Byrds","floor":19.0,"turns":3.0},{"damage":21.0,"enemies":"Book of Stabbing","floor":23.0,"turns":3.0},{"damage":3.0,"enemies":"Slavers","floor":25.0,"turns":2.0},{"damage":0.0,"enemies":"Gremlin Leader","floor":27.0,"turns":2.0},{"damage":0.0,"enemies":"Book of Stabbing","floor":30.0,"turns":2.0},{"damage":10.0,"enemies":"RedHoodMercenary","floor":33.0,"turns":4.0},{"damage":0.0,"enemies":"Orb Walker","floor":35.0,"turns":1.0},{"damage":0.0,"enemies":"3 Shapes","floor":36.0,"turns":2.0},{"damage":0.0,"enemies":"Jaw Worm Horde","floor":37.0,"turns":2.0},{"damage":10.0,"enemies":"Jaw Worm Horde","floor":39.0,"turns":14.0},{"damage":0.0,"enemies":"Reptomancer","floor":40.0,"turns":2.0},{"damage":0.0,"enemies":"Writhing Mass","floor":41.0,"turns":3.0},{"damage":0.0,"enemies":"Giant Head","floor":42.0,"turns":4.0},{"damage":0.0,"enemies":"Reptomancer","floor":44.0,"turns":3.0},{"damage":0.0,"enemies":"Sphere and 2 Shapes","floor":45.0,"turns":3.0},{"damage":7.0,"enemies":"Nemesis","floor":46.0,"turns":3.0},{"damage":18,"enemies":"Jaw Worm Horde","floor":48,"turns":8},{"damage":0,"enemies":"Time Eater","floor":50,"turns":4},{"damage":0,"enemies":"Time Eater","floor":51,"turns":5},{"damage":0,"enemies":"Shield and Spear","floor":55,"turns":3},{"damage":7,"enemies":"The Heart","floor":56,"turns":5}],"seed_played":"574556569195378141","potions_obtained":[{"floor":1.0,"key":"FearPotion"},{"floor":2.0,"key":"Ancient Potion"},{"floor":16.0,"key":"Explosive Potion"},{"floor":18.0,"key":"Fruit Juice"},{"floor":23.0,"key":"Energy Potion"},{"floor":36.0,"key":"PowerPotion"},{"floor":42.0,"key":"LiquidMemories"}],"is_trial":false,"path_per_floor":["M","M","?","$","T","E","R","?","T","E","R","?","R","E","R","B",null,"M","M","?","T","$","E","R","E","T","E","R","?","E","$","R","B",null,"M","M","M","$","?","E","M","E","T","E","M","E","R","M","R","B",null,null,"R","$","E","B",null],"character_chosen":"Librarian","items_purchased":["Turnip","Bronze Scales","PageOfBloodbath","jedi:ominousloannote","PageOfLumberjack","Centennial Puzzle"],"campfire_rested":2,"item_purchase_floors":[22,31,38,54,54,54],"current_hp_per_floor":[60,60,90,90,90,90,90,72,72,72,72,72,72,72,72,63,90,89,89,89,89,89,73,84,83,83,85,96,96,105,105,108,98,108,108,108,108,108,108,108,108,108,108,108,108,102,110,99,112,112,112,112,114,114,114,111],"gold":141,"neow_bonus":"ONE_RANDOM_RARE_CARD","is_daily":false,"chose_seed":false,"campfire_upgraded":7,"win_rate":0.0,"timestamp":1614260699,"path_taken":["M","M","?","$","?","E","R","?","T","E","R","?","R","E","R","BOSS","M","M","?","?","$","E","R","E","T","E","R","?","E","?","R","BOSS","M","M","M","$","?","E","M","E","T","E","M","E","R","M","R","BOSS","R","$","E","BOSS"],"items_purchased_type":["Relic","Relic","Relic","Relic","Relic","Relic"],"build_version":"2020-12-22","purchased_purges":0,"victory":true,"max_hp_per_floor":[90,90,90,90,90,90,90,90,90,90,90,90,90,90,90,90,90,90,90,90,90,90,95,97,97,97,97,99,99,106,106,108,108,108,108,108,108,108,108,108,108,108,108,108,108,108,110,110,112,112,112,112,114,114,114,114],"card_choices":[{"not_picked":["FeelinGood","MultiHit","StrongStrike","Reload","RapidGashes","DarkCloud","Thrust","GatherIntel"],"picked":"FrontalAssault","floor":1.0},{"not_picked":["SmokingPipe","Eject","QuickSuppression","SerpentSwordTechnique","SuppressingShot","Parry","SnakesPrey","InnerArdor"],"picked":"SilentNight","floor":2.0},{"not_picked":["EnergyShield","CutIn","UnavoidableGaze","Track","Unlock1","AssaultOrder","FlashOfSunup","GreatSerpentsImpact"],"picked":"Zzzzzap","floor":6.0},{"not_picked":["Rewind","BackAttack","Pound","YourShield","PuppetBlockade","FormingStorm","SuppressingShot","Outburst"],"picked":"FrontalAssault","floor":10.0},{"not_picked":["AssaultOrder","BattleCommand","MindWhip","RhinoRam","SharpSwipe","FlowOfTheSword","WaitUp","PreemptiveStrike"],"picked":"Unlock1","floor":14.0},{"not_picked":["Endure","EnergyCycle+1","Unlock1","SmokingPipe","ViolentFlame","FleetFootsteps","Reload","Leap_lor"],"picked":"ToOvercomeCrisis+1","floor":18.0},{"not_picked":["YoureTooSlow","GuardingStance","Guardian_lor","Reload","QuickSuppression","EnergyShield","RapidGashes+1","PinpointShot+1","VenomousFangs"],"picked":"SKIP","floor":19.0},{"not_picked":["AsThePrescriptOrders","BiteOff","RulesOfTheBackstreets+1","FaintMemories+1","Thrust+1","FleetEdge","ReadyUp+1","CoordinatedAssault+1","Parry2"],"picked":"SKIP","floor":23.0},{"not_picked":["Pound","ClassAndRespect","StructuralAnalysis","Tttonst","Duel_lor","QuickSuppression","UpbeatPerformance","SilentNight","EnergyCycle"],"picked":"SKIP","floor":25.0},{"not_picked":["SharpenedBlade","Parry2","BiAn","SturdyDefense","Leap_lor","EnergyCycle","TraceOfFumes+1","CircusKnives"],"picked":"AbsorbImpact+1","floor":27.0},{"not_picked":["Endure+1","Wallop_lor","QuickSuppression","Fence","HandleRequest","ViolentFlame","ShockRound","MirageStorm"],"picked":"GuidanceOfTheGears+1","floor":30.0},{"not_picked":["UpbeatPerformance","LossOfSenses+1","FleetEdge","MultiBlock+1","StructuralAnalysis","SharpSwipe","DarkCloud"],"picked":"SKIP","floor":35.0},{"not_picked":["Eliminate+1","Multislash","HandleRequest","FierceOnslaught+1","Wallop_lor","Preparation","EnergyStrike+1"],"picked":"SKIP","floor":36.0},{"not_picked":["ElectricShock","Reload","PuppetBlockade+1","RhinoRam","BoundaryOfDeath","TendonChords+1","FierceCharge"],"picked":"SKIP","floor":37.0},{"not_picked":["WaitUp","KeepItFresh","Leap_lor+1","DeepDrag","FeelinGood","GreatSerpentsImpact"],"picked":"Faith","floor":39.0},{"not_picked":["Retaliate","Eradication","RushDown","EmotionalTurbulence","SuppressingShot","StrongStrike","CoordinatedAssault"],"picked":"SKIP","floor":40.0},{"not_picked":["CoordinatedAssault+1","BlowItUp","Multislash","ChiWen+1","Rampage_lor","TheRedNotes","GreatSerpentsImpact+1"],"picked":"SKIP","floor":41.0},{"not_picked":["FlowOfTheSword+1","MindPrepared","IdentifyWeakpoint","EnergyShield+1","Observe","VioletBlade+1","PreemptiveStrike+1"],"picked":"SKIP","floor":42.0},{"not_picked":["PreemptiveStrike","CircusKnives","Riposte","FormingStorm","DefenseOrder","HandleRequest","FendThisOffIfYouCan+1"],"picked":"SKIP","floor":44.0},{"not_picked":["StrongStrike","MultiBlock","Wallop_lor+1","FaintMemories+1","ForcefulGesture","FeatherShield+1","StrikeDown"],"picked":"SKIP","floor":45.0},{"not_picked":["Pound","RatsGuideToSurvival+1","RepressedFlesh","BayonetCombat","BiAn+1","IllEndYou","ClassAndRespect"],"picked":"SKIP","floor":46.0},{"not_picked":["StructuralAnalysis+1","ViolentFlame","NightInTheBackstreets","Parry+1","HandleRequest","Eradication","Diversion"],"picked":"SKIP","floor":55}],"player_experience":1267403,"relics_obtained":[{"floor":5.0,"key":"PageOfSnowWhitesApple"},{"floor":6.0,"key":"Dream Catcher"},{"floor":14.0,"key":"PageOfAlriune"},{"floor":21.0,"key":"Eternal Feather"},{"floor":23.0,"key":"Blood Vial"},{"floor":25.0,"key":"Omamori"},{"floor":26.0,"key":"PageOfScorchedGirl"},{"floor":27.0,"key":"InkBottle"},{"floor":30.0,"key":"Strawberry"},{"floor":40.0,"key":"jedi:angrymask"},{"floor":42.0,"key":"PageOfWrath"},{"floor":43.0,"key":"PageOfTheQueenOfHatred"},{"floor":44.0,"key":"PageOfTheKnightOfDespair"},{"floor":46.0,"key":"PageOfGreed"},{"floor":48,"key":"PageOfNihil"},{"floor":55,"key":"Dead Branch"}],"event_choices":[{"damage_healed":30.0,"max_hp_gain":0.0,"max_hp_loss":0.0,"gold_gain":0.0,"event_name":"Big Fish","player_choice":"Banana","floor":3.0,"gold_loss":0.0,"damage_taken":0.0},{"damage_healed":0.0,"max_hp_gain":0.0,"max_hp_loss":0.0,"gold_gain":0.0,"event_name":"Shining Light","player_choice":"Entered Light","floor":8.0,"gold_loss":0.0,"damage_taken":18.0,"cards_upgraded":["FrontalAssault","DegradedPillar"]},{"damage_healed":0.0,"max_hp_gain":0.0,"max_hp_loss":0.0,"gold_gain":0.0,"event_name":"The Woman in Blue","player_choice":"Bought 0 Potions","floor":12.0,"gold_loss":0.0,"damage_taken":0.0},{"damage_healed":0.0,"max_hp_gain":0.0,"max_hp_loss":0.0,"gold_gain":0.0,"event_name":"Back to Basics","player_choice":"Simplicity","floor":29.0,"gold_loss":0.0,"damage_taken":0.0,"cards_upgraded":["DegradedFairy","DegradedFairy","DegradedFairy"]}],"is_beta":false,"boss_relics":[{"not_picked":["Ectoplasm","Runic Pyramid"],"picked":"Velvet Choker"},{"not_picked":["Cursed Key","Philosopher\u0027s Stone"],"picked":"Busted Crown"}],"items_purged_floors":[],"is_endless":false,"potions_floor_spawned":[1,2,16,18,23,33,36,42,44],"ascension_level":1}}