{"host":"jfbo3eu2ui08ej1u","time":1614268132,"event":{"mods":["2.2 Compatiblity","AchievementEnabler","Act Like it!","Aspiration","BaseMod","Better Altar","Better Match","Better Note","Better Sensory Stone","Better Skull","Better Third Choice","Block Reminder","Colored Map","Colored Powertips","Conspire","DeckTracker","Displayed Cursed Tome","Energized Spire","Fox Events","GifTheSpireLib","Hermit","Hubris","Infinite Spire","Marked Mod","Minty Spire (QoL Compilation)","Monster B Gone","Pale of the Ancients","Poor People Problems","Quick Restart","Relic Filter","Reliquary","Reorder Act Four","Replay The Spire","Shop Mod","Spicy Shops","Spire Arcade","StSLib","Stuff the Spire","The Blue Laboratory","The Disciple","The Forsaken","The Hierophant","The Marked","Uncapped","Unceasing Turn Reminder","Wandering Minibosses"],"gold_per_floor":[118,129,148,148,159,234,246,62,87,87,87,87],"floor_reached":11,"language":"ENG","playtime":391,"items_purged":[],"score":130,"play_id":"a939a828-ff29-4bc0-9952-eba3cae731ce","local_time":"20210225104852","is_ascension_mode":true,"campfire_choices":[{"floor":10,"key":"REST"}],"circlet_count":0,"master_deck":["AscendersBane","Strike_G","Strike_G","Strike_G","Strike_G","Strike_G","Defend_G","Defend_G","Defend_G","Defend_G","Defend_G","Survivor","Neutralize","Hidden Blade","ReplayTheSpireMod:Shiv Toss","Leg Sweep","Reflex","Phantasmal Killer","Dash","Heel Hook","Heel Hook","Footwork"],"relics":["Ring of the Snake","hubris:Towel","aspiration:Lifesprig"],"acts_visited":["Exordium"],"potions_floor_usage":[7,7],"damage_taken":[{"damage":0,"enemies":"2 Louse","floor":1,"turns":4},{"damage":0,"enemies":"Jaw Worm","floor":2,"turns":7},{"damage":0,"enemies":"Small Slimes","floor":3,"turns":5},{"damage":42,"enemies":"3 Louse","floor":5,"turns":10},{"damage":4,"enemies":"Exordium Thugs","floor":7,"turns":5},{"damage":45,"enemies":"Gremlin Nob","floor":11,"turns":4}],"seed_played":"-8663145029390865941","potions_obtained":[{"floor":1,"key":"CunningPotion"},{"floor":5,"key":"blueLaboratory:FruitPunch"}],"is_trial":false,"path_per_floor":["M","M","M","?","M","?","M","$","T","R","E"],"character_chosen":"THE_SILENT","items_purchased":["Heel Hook","Footwork"],"campfire_rested":1,"item_purchase_floors":[8,8],"current_hp_per_floor":[59,59,59,59,17,6,4,4,4,24,0,0],"gold":87,"neow_bonus":"THREE_CARDS","is_daily":false,"chose_seed":false,"campfire_upgraded":0,"win_rate":0.0,"timestamp":1614268132,"path_taken":["M","M","M","?","M","?","M","$","T","R","E"],"items_purchased_type":["Card","Card"],"build_version":"2020-12-22","purchased_purges":0,"victory":false,"max_hp_per_floor":[66,66,66,66,66,66,68,68,68,68,68,68],"card_choices":[{"not_picked":["Deadly Poison","Poisoned Stab"],"picked":"Hidden Blade","floor":0},{"not_picked":["Slice","Cloak And Dagger"],"picked":"ReplayTheSpireMod:Shiv Toss","floor":1},{"not_picked":["hubris:SlightOfHand","Prepared"],"picked":"Leg Sweep","floor":2},{"not_picked":["Dagger Spray","Bane"],"picked":"Reflex","floor":3},{"not_picked":["Noxious Fumes","Calculated Gamble"],"picked":"Phantasmal Killer","floor":5},{"not_picked":["ReplayTheSpireMod:Speed Training","Concentrate"],"picked":"Dash","floor":7}],"player_experience":1386186,"relics_obtained":[{"floor":9,"key":"aspiration:Lifesprig"}],"event_choices":[{"damage_healed":0,"gold_gain":75,"player_choice":"Gold","damage_taken":11,"max_hp_gain":0,"max_hp_loss":0,"event_name":"betterThird:BetterGoop","floor":6,"gold_loss":0}],"is_beta":false,"boss_relics":[],"items_purged_floors":[],"is_endless":false,"potions_floor_spawned":[1,5],"killed_by":"Gremlin Nob","ascension_level":20}}