{"host":"sg4rmw8ghwyykzjv","time":1614261292,"event":{"mods":["2.2 Compatiblity","BaseMod","Colored Powertips","Downfall","Friendly Minions","Highlight Path","Minty Spire (QoL Compilation)","ReimuÅiîé??öÎÅj","StSLib","The Servant 0.9.4"],"gold_per_floor":[118,118,135,153,168,168,178,178,178,178,195,207,207,220,220,318,318,335,351,158,175,187,187,197,197,250,15,42,42,54,71,71,172,172,190,201,201,251,351,351,367,367,393,393,403,414,443,75,75,75],"floor_reached":51,"language":"ENG","playtime":5315,"items_purged":["Defend_Lin:ReiMu","Defend_Lin:ReiMu","Strike_Lin:ReiMu"],"score":720,"play_id":"ec8b5a4f-66f3-432b-8d11-4690fe2ba313","local_time":"20210225225451","is_ascension_mode":false,"campfire_choices":[{"data":"NB:ReiMu","floor":6,"key":"SMITH"},{"data":"CareerPray:ReiMu","floor":8,"key":"SMITH"},{"data":"Determination:ReiMu","floor":10,"key":"SMITH"},{"data":"Stagnation:ReiMu","floor":15,"key":"SMITH"},{"data":"InherentArray:ReiMu","floor":23,"key":"SMITH"},{"data":"Conquer:ReiMu","floor":25,"key":"SMITH"},{"data":"MountainWay:ReiMu","floor":32,"key":"SMITH"},{"data":"SpreadBorder2:ReiMu","floor":40,"key":"SMITH"},{"floor":42,"key":"REST"},{"data":"AirStrike:ReiMu","floor":44,"key":"SMITH"},{"floor":49,"key":"REST"}],"circlet_count":0,"master_deck":["Strike_Lin:ReiMu","Strike_Lin:ReiMu","Defend_Lin:ReiMu","NB:ReiMu+1","Stagnation:ReiMu+1","MountainWay:ReiMu+1","SpreadBorder2:ReiMu+1","AirStrike:ReiMu+1","Determination:ReiMu+1","CareerPray:ReiMu+1","AlertArray:ReiMu+1","LovePray:ReiMu+1","Amulet:ReiMu+1","CardOfSanctity:ReiMu+1","AlertArray:ReiMu+1","ManaGlint:ReiMu+1","Conquer:ReiMu+1","InherentArray:ReiMu+1","FantasyMoon:ReiMu+1","KamiSacrifice:ReiMu+1","Authority:ReiMu+1","SpiritualOutbreak2:ReiMu+1","SpringWay:ReiMu+1","Enchanting:ReiMu+1","RainPray2:ReiMu+1","FineLineFantasy:ReiMu+1","EmergencyTakeOff:ReiMu+1","InherentArray:ReiMu+1","CleanRite:ReiMu+1"],"relics":["ShineYinYang:ReiMu","Toxic Egg 2","Lantern","Molten Egg 2","Philosopher\u0027s Stone","Ginger","Toy Ornithopter","Bottled Tornado"],"acts_visited":["Exordium","TheCity","TheBeyond"],"potions_floor_usage":[5,5,24,28,33,50,50],"damage_taken":[{"damage":0,"enemies":"2 Louse","floor":1,"turns":4},{"damage":20,"enemies":"Cultist","floor":3,"turns":9},{"damage":0,"enemies":"Small Slimes","floor":4,"turns":6},{"damage":25,"enemies":"Gremlin Gang","floor":5,"turns":6},{"damage":1,"enemies":"Red Slaver","floor":7,"turns":4},{"damage":0,"enemies":"Blue Slaver","floor":11,"turns":2},{"damage":0,"enemies":"Looter","floor":12,"turns":2},{"damage":0,"enemies":"3 Louse","floor":14,"turns":3},{"damage":12,"enemies":"Hexaghost","floor":16,"turns":10},{"damage":9,"enemies":"2 Thieves","floor":18,"turns":4},{"damage":2,"enemies":"Chosen","floor":19,"turns":6},{"damage":0,"enemies":"Snake Plant","floor":21,"turns":5},{"damage":0,"enemies":"Snecko","floor":22,"turns":5},{"damage":2,"enemies":"Shelled Parasite and Fungi","floor":24,"turns":7},{"damage":26,"enemies":"Book of Stabbing","floor":28,"turns":8},{"damage":10,"enemies":"Cultist and Chosen","floor":30,"turns":6},{"damage":16,"enemies":"Sentry and Sphere","floor":31,"turns":6},{"damage":18,"enemies":"Automaton","floor":33,"turns":8},{"damage":3,"enemies":"Orb Walker","floor":35,"turns":5},{"damage":13,"enemies":"3 Darklings","floor":36,"turns":4},{"damage":3,"enemies":"Mind Bloom Boss Battle","floor":38,"turns":6},{"damage":0,"enemies":"Writhing Mass","floor":41,"turns":4},{"damage":3,"enemies":"Jaw Worm Horde","floor":45,"turns":5},{"damage":16,"enemies":"3 Darklings","floor":46,"turns":5},{"damage":0,"enemies":"Nemesis","floor":47,"turns":5},{"damage":30,"enemies":"Donu and Deca","floor":50,"turns":6}],"seed_played":"-8054624792235168713","potions_obtained":[{"floor":1,"key":"Regen Potion"},{"floor":4,"key":"BottledKami:ReiMu"},{"floor":11,"key":"Block Potion"},{"floor":14,"key":"Weak Potion"},{"floor":16,"key":"Dexterity Potion"},{"floor":19,"key":"ZuzhouPotion:ReiMu"},{"floor":28,"key":"FearPotion"},{"floor":30,"key":"SkillPotion"},{"floor":33,"key":"SneckoOil"},{"floor":35,"key":"Energy Potion"},{"floor":46,"key":"Swift Potion"}],"is_trial":false,"path_per_floor":["M","?","M","M","M","R","M","R","T","R","M","M","?","M","R","B",null,"M","M","$","M","M","R","M","R","T","$","E","?","M","M","R","B",null,"M","M","?","?","?","R","M","R","T","R","M","M","E","$","R","B",null],"character_chosen":"REIMU","items_purchased":["Conquer:ReiMu","InherentArray:ReiMu","Authority:ReiMu+1","Bottled Tornado"],"campfire_rested":2,"item_purchase_floors":[20,20,27,48],"current_hp_per_floor":[71,71,51,51,41,41,40,40,40,40,40,40,40,40,40,28,71,62,60,60,60,60,60,58,58,58,58,32,55,45,29,29,11,71,68,55,55,52,52,52,52,67,67,67,64,48,48,48,67,37],"gold":75,"neow_bonus":"TEN_PERCENT_HP_BONUS","is_daily":false,"chose_seed":false,"campfire_upgraded":9,"win_rate":0.0,"timestamp":1614261291,"path_taken":["M","?","M","M","M","R","M","R","T","R","M","?","?","M","R","BOSS","M","?","$","?","M","R","M","R","T","?","E","?","M","M","R","BOSS","M","M","?","?","?","R","M","R","T","R","M","?","E","$","R","BOSS"],"items_purchased_type":["Card","Card","Card","Relic"],"build_version":"2020-12-22","purchased_purges":3,"victory":true,"max_hp_per_floor":[71,71,71,71,71,71,71,71,71,71,71,71,71,71,71,71,71,71,71,71,71,71,71,71,71,71,71,71,71,71,71,71,71,71,71,71,67,67,67,67,67,67,67,67,67,67,67,67,67,67],"card_choices":[{"not_picked":["SubAcupoint:ReiMu","SealNeedle:ReiMu"],"picked":"MountainWay:ReiMu","floor":1},{"not_picked":["RainPray2:ReiMu","PayForSelf:ReiMu"],"picked":"SpreadBorder2:ReiMu","floor":3},{"not_picked":["Intuition:ReiMu","CollectionFlower2:ReiMu"],"picked":"AirStrike:ReiMu","floor":4},{"not_picked":["Conquer:ReiMu","WonderfulDomain:ReiMu"],"picked":"Determination:ReiMu","floor":5},{"not_picked":["LovePray:ReiMu","FantasyBorder:ReiMu"],"picked":"CareerPray:ReiMu","floor":7},{"not_picked":["TightArray:ReiMu","Enchanting:ReiMu+1"],"picked":"AlertArray:ReiMu+1","floor":11},{"not_picked":["UpKicking:ReiMu","YinYang:ReiMu"],"picked":"LovePray:ReiMu+1","floor":12},{"not_picked":["UpKicking:ReiMu","CollectionFlower2:ReiMu+1"],"picked":"Amulet:ReiMu+1","floor":14},{"not_picked":["Authority:ReiMu+1","Dreaming:ReiMu"],"picked":"CardOfSanctity:ReiMu+1","floor":16},{"not_picked":["AirStrike:ReiMu","SubcavityInstant:ReiMu+1"],"picked":"AlertArray:ReiMu+1","floor":18},{"not_picked":["SafetyPray:ReiMu+1","OctopathSalyBorderN:ReiMu"],"picked":"ManaGlint:ReiMu+1","floor":19},{"not_picked":["Meditation:ReiMu+1","Conquer:ReiMu","Gathering:ReiMu"],"picked":"SKIP","floor":21},{"not_picked":["TakeOff:ReiMu+1","RainPray2:ReiMu+1"],"picked":"FantasyMoon:ReiMu+1","floor":22},{"not_picked":["Enchanting:ReiMu+1","Meditation:ReiMu+1"],"picked":"KamiSacrifice:ReiMu+1","floor":24},{"not_picked":["LovePray:ReiMu+1","TightArray:ReiMu+1"],"picked":"SpiritualOutbreak2:ReiMu+1","floor":28},{"not_picked":["SubcavityInstant:ReiMu+1","TightArray:ReiMu+1"],"picked":"SpringWay:ReiMu+1","floor":30},{"not_picked":["LovePray:ReiMu+1","AirStrike:ReiMu+1"],"picked":"Enchanting:ReiMu+1","floor":31},{"not_picked":["AlertArray:ReiMu+1","AirStrike:ReiMu+1"],"picked":"RainPray2:ReiMu+1","floor":35},{"not_picked":["SubcavityInstant:ReiMu+1","Intuition:ReiMu+1","Dreaming2:ReiMu+1"],"picked":"SKIP","floor":36},{"not_picked":["PrepareRite:ReiMu+1","EmergencyTakeOff:ReiMu+1"],"picked":"FineLineFantasy:ReiMu+1","floor":38},{"not_picked":["Enchanting:ReiMu+1","SpreadBorder2:ReiMu+1"],"picked":"EmergencyTakeOff:ReiMu+1","floor":41},{"not_picked":["PhosphorusFlame:ReiMu+1","CardOfSanctity:ReiMu+1","OctopathBindingBorder2:ReiMu"],"picked":"SKIP","floor":45},{"not_picked":["AirStrike:ReiMu+1","OrbThrow:ReiMu+1"],"picked":"InherentArray:ReiMu+1","floor":46},{"not_picked":["Amulet:ReiMu+1","InherentArray:ReiMu"],"picked":"CleanRite:ReiMu+1","floor":47}],"player_experience":506328,"relics_obtained":[{"floor":9,"key":"Toxic Egg 2"},{"floor":26,"key":"Lantern"},{"floor":28,"key":"Molten Egg 2"},{"floor":38,"key":"Ginger"},{"floor":43,"key":"Toy Ornithopter"}],"event_choices":[{"cards_removed":["Defend_Lin:ReiMu"],"damage_healed":0,"gold_gain":0,"player_choice":"Offered Basic","damage_taken":0,"max_hp_gain":0,"max_hp_loss":0,"event_name":"Bonfire Elementals","floor":2,"gold_loss":0},{"cards_removed":["Strike_Lin:ReiMu"],"damage_healed":0,"gold_gain":0,"player_choice":"Card Removal","damage_taken":0,"max_hp_gain":0,"max_hp_loss":0,"event_name":"Wheel of Change","floor":13,"gold_loss":0},{"damage_healed":23,"gold_gain":0,"player_choice":"Heal","damage_taken":0,"max_hp_gain":0,"max_hp_loss":0,"event_name":"The Library","floor":29,"gold_loss":0},{"damage_healed":0,"gold_gain":0,"player_choice":"Max HP","damage_taken":0,"max_hp_gain":0,"max_hp_loss":4,"event_name":"Winding Halls","floor":37,"gold_loss":0},{"damage_healed":0,"gold_gain":0,"player_choice":"Fight","damage_taken":0,"max_hp_gain":0,"max_hp_loss":0,"event_name":"MindBloom","floor":38,"gold_loss":0},{"damage_healed":0,"gold_gain":100,"player_choice":"Pray","damage_taken":0,"max_hp_gain":0,"max_hp_loss":0,"event_name":"Golden Shrine","floor":39,"gold_loss":0}],"is_beta":false,"boss_relics":[{"not_picked":["Empty Cage","Black Star"],"picked":"ShineYinYang:ReiMu"},{"not_picked":["Velvet Choker","Cursed Key"],"picked":"Philosopher\u0027s Stone"}],"items_purged_floors":[20,27,48],"is_endless":false,"potions_floor_spawned":[1,4,11,14,16,19,28,30,33,35,45,46,47],"ascension_level":0}}