{"host":"5hj512uv6i1x1iks","time":1614292401,"event":{"mods":["BaseMod","Block Reminder","Colored Powertips","Minty Spire (QoL Compilation)","Random Character Button","Relic Stats","Slay the Relics Exporter","ojb\u0027s Info Mod: The sequel"],"gold_per_floor":[116,131,131,143,153,153,186,196,196,212,239,254,254,270,270,347,347,359,359,26,43,43,43],"floor_reached":22,"language":"ENG","playtime":588,"items_purged":["Strike_R"],"score":463,"play_id":"de54a003-847a-45bc-abb1-3b160a6ccac6","local_time":"20210225163321","is_ascension_mode":true,"campfire_choices":[{"data":"Demon Form","floor":6,"key":"SMITH"},{"data":"Limit Break","floor":13,"key":"SMITH"},{"data":"Cleave","floor":15,"key":"SMITH"}],"circlet_count":0,"master_deck":["AscendersBane","Strike_R","Strike_R","Strike_R","Strike_R","Defend_R","Defend_R","Defend_R","Defend_R","Bash","Demon Form+1","Twin Strike","Inflame","Carnage","Limit Break+1","Thunderclap","Shrug It Off","Whirlwind","Shrug It Off","Cleave+1","Immolate","Flame Barrier"],"relics":["Burning Blood","Blue Candle","Red Skull","Oddly Smooth Stone","Cursed Key","Nilry\u0027s Codex","Membership Card","Kunai"],"acts_visited":["Exordium","TheCity"],"potions_floor_usage":[16],"damage_taken":[{"damage":9.0,"enemies":"2 Louse","floor":1.0,"turns":2.0},{"damage":1,"enemies":"Cultist","floor":2,"turns":3},{"damage":4,"enemies":"Small Slimes","floor":4,"turns":4},{"damage":19,"enemies":"3 Louse","floor":5,"turns":4},{"damage":35,"enemies":"3 Sentries","floor":7,"turns":5},{"damage":1,"enemies":"2 Fungi Beasts","floor":8,"turns":3},{"damage":11,"enemies":"Lots of Slimes","floor":10,"turns":4},{"damage":7,"enemies":"Lagavulin","floor":11,"turns":5},{"damage":5,"enemies":"Looter","floor":12,"turns":2},{"damage":0,"enemies":"Red Slaver","floor":14,"turns":3},{"damage":0,"enemies":"Slime Boss","floor":16,"turns":5},{"damage":17,"enemies":"Spheric Guardian","floor":18,"turns":4},{"damage":21,"enemies":"Shell Parasite","floor":21,"turns":2},{"damage":16,"enemies":"Snake Plant","floor":22,"turns":2}],"seed_played":"-7558542655420063194","potions_obtained":[{"floor":5,"key":"Weak Potion"},{"floor":8,"key":"SpeedPotion"},{"floor":10,"key":"Fire Potion"},{"floor":16,"key":"Strength Potion"}],"is_trial":false,"path_per_floor":["M","M","?","M","M","R","E","M","T","M","E","M","R","M","R","B",null,"M","?","$","M","M"],"character_chosen":"IRONCLAD","items_purchased":["Membership Card","Kunai"],"campfire_rested":0,"item_purchase_floors":[20,20],"current_hp_per_floor":[65,68,68,68,55,55,26,31,31,26,25,26,26,32,32,38,61,50,29,29,14,0,0],"gold":43,"neow_bonus":"THREE_RARE_CARDS","is_daily":false,"chose_seed":false,"campfire_upgraded":3,"win_rate":0.0,"timestamp":1614292401,"path_taken":["M","M","?","M","M","R","E","M","T","M","E","M","R","?","R","BOSS","M","?","$","M","M"],"items_purchased_type":["Relic","Relic"],"build_version":"2020-12-22","purchased_purges":1,"victory":false,"max_hp_per_floor":[68,68,68,68,68,68,68,68,68,68,68,68,68,68,68,68,68,68,68,68,68,68,68],"relic_stats":{"counters":[14,48],"Blue Candle":[0],"Kunai":[1],"Cursed Key":0,"obtain_stats":[{"Nilry\u0027s Codex":19,"Blue Candle":7,"Oddly Smooth Stone":11,"Membership Card":20,"Kunai":20,"Cursed Key":17,"Burning Blood":0,"Red Skull":9},{"Nilry\u0027s Codex":12,"Blue Candle":5,"Oddly Smooth Stone":8,"Membership Card":12,"Kunai":12,"Cursed Key":11,"Burning Blood":0,"Red Skull":6},{"Nilry\u0027s Codex":44,"Blue Candle":18,"Oddly Smooth Stone":30,"Membership Card":44,"Kunai":44,"Cursed Key":40,"Burning Blood":0,"Red Skull":21}],"Burning Blood":74},"card_choices":[{"not_picked":["Exhume","Limit Break"],"picked":"Demon Form","floor":0.0},{"not_picked":["Sword Boomerang","Warcry"],"picked":"Twin Strike","floor":1},{"not_picked":["Intimidate","Flex"],"picked":"Inflame","floor":2},{"not_picked":["Havoc","Uppercut","Battle Trance"],"picked":"SKIP","floor":4},{"not_picked":["Body Slam","Havoc"],"picked":"Limit Break","floor":5},{"not_picked":["Shrug It Off","Hemokinesis"],"picked":"Thunderclap","floor":7},{"not_picked":["Disarm","Iron Wave"],"picked":"Shrug It Off","floor":8},{"not_picked":["Body Slam","Pommel Strike"],"picked":"Whirlwind","floor":10},{"not_picked":["Anger","Clash"],"picked":"Shrug It Off","floor":11},{"not_picked":["Dropkick","Clash","Limit Break"],"picked":"SKIP","floor":12},{"not_picked":["Sword Boomerang","Twin Strike"],"picked":"Cleave","floor":14},{"not_picked":["Barricade","Brutality"],"picked":"Immolate","floor":16},{"not_picked":["Dual Wield","Cleave","Seeing Red+1"],"picked":"SKIP","floor":18},{"not_picked":["Shrug It Off","Pommel Strike"],"picked":"Flame Barrier","floor":21}],"player_experience":661900,"relics_obtained":[{"floor":7,"key":"Blue Candle"},{"floor":9,"key":"Red Skull"},{"floor":11,"key":"Oddly Smooth Stone"},{"floor":19,"key":"Nilry\u0027s Codex"}],"event_choices":[{"damage_healed":0,"gold_gain":0,"player_choice":"1 cards matched","damage_taken":0,"max_hp_gain":0,"max_hp_loss":0,"event_name":"Match and Keep!","floor":3,"gold_loss":0,"cards_obtained":["Carnage"]},{"damage_healed":0,"gold_gain":0,"player_choice":"Obtained Book","damage_taken":21,"max_hp_gain":0,"max_hp_loss":0,"event_name":"Cursed Tome","floor":19,"gold_loss":0}],"is_beta":false,"boss_relics":[{"not_picked":["Runic Pyramid","Mark of Pain"],"picked":"Cursed Key"}],"items_purged_floors":[20],"is_endless":false,"potions_floor_spawned":[5,8,10,16],"killed_by":"Snake Plant","ascension_level":17}}