{"host":"iao9zlhzdan4iyha","time":1614217228,"event":{"mods":["BaseMod","BetterRewards","Curses Come First","Downfall","Hermit","Ironclad Rager","Minty Spire (QoL Compilation)","Quick Restart","Replay The Spire","Shop Mod","StSLib","The Bug Knight","The Runesmith"],"gold_per_floor":[116,134,134,209,229,254,254,283,306,306,333,298,473,490,490,593,593,559,579,107,107,107,107],"floor_reached":22,"language":"ENG","playtime":1359,"items_purged":["Pain"],"score":228,"play_id":"21dd6bbf-4591-48ac-a20c-9629ab88c1f5","local_time":"20210225014028","is_ascension_mode":true,"campfire_choices":[{"data":"Anger","floor":7,"key":"SMITH"},{"floor":10,"key":"REST"},{"data":"Armaments","floor":15,"key":"SMITH"}],"circlet_count":0,"master_deck":["Bash","ICR:RageStrike","ICR:RageStrike","ICR:RageStrike","ICR:RageStrike","ICR:RageStrike","ICR:ShieldBash","ICR:ShieldBash","ICR:ShieldBash","ICR:ShieldBash","Anger+1","Thunderclap","CurseOfTheBell","CurseOfTheBell","Juggernaut","downfall:Icky","Run Through","Anger","Armaments+1","Shrug It Off","Doubt","Iron Wave","Reaper","Flame Barrier+1","Thunderclap","Combust+1"],"relics":["Burning Blood","downfall:ExtraCursedBell","Replay:Baseball","HollowMod:LifeEnderRelic","FossilizedHelix","Tiny Chest","Odd Mushroom","Blue Doll","Orichalcum","SlaversCollar","Membership Card","Eternal Feather","Regal Pillow","Molten Egg 2"],"acts_visited":["Exordium","TheCity"],"potions_floor_usage":[6,6,16,16,22],"damage_taken":[{"damage":7,"enemies":"Jaw Worm","floor":1,"turns":3},{"damage":6,"enemies":"Small Slimes","floor":2,"turns":3},{"damage":9,"enemies":"2 Louse","floor":5,"turns":2},{"damage":2,"enemies":"Gremlin Nob","floor":6,"turns":3},{"damage":30,"enemies":"The Mushroom Lair","floor":8,"turns":4},{"damage":21,"enemies":"3 Sentries","floor":11,"turns":6},{"damage":10,"enemies":"Looter","floor":14,"turns":3},{"damage":58,"enemies":"Hexaghost","floor":16,"turns":10},{"damage":51,"enemies":"2 Thieves","floor":18,"turns":5},{"damage":34,"enemies":"Shell Parasite","floor":19,"turns":7},{"damage":25,"enemies":"Chosen and Byrds","floor":22,"turns":4}],"seed_played":"1214550867076667159","potions_obtained":[{"floor":2,"key":"DistilledChaos"},{"floor":5,"key":"PowerPotion"},{"floor":11,"key":"Block Potion"},{"floor":14,"key":"Fire Potion"}],"is_trial":false,"path_per_floor":["M","M","?","?","M","E","R","?","T","R","E","?","?","M","R","B",null,"M","M","$","T","M"],"character_chosen":"IRONCLAD","items_purchased":["Membership Card","Eternal Feather","Regal Pillow","Combust+1","ColorlessPotion"],"campfire_rested":1,"item_purchase_floors":[20,20,20,20,20],"current_hp_per_floor":[79,79,84,73,70,74,74,50,50,75,60,81,81,77,77,25,85,48,20,20,20,0,0],"gold":107,"neow_bonus":"IRONCLAD_RAGER","is_daily":false,"chose_seed":false,"campfire_upgraded":2,"win_rate":0.0,"timestamp":1614217228,"path_taken":["M","M","?","?","M","E","R","?","T","R","E","?","?","M","R","BOSS","M","M","$","?","?"],"items_purchased_type":["Relic","Relic","Relic","Card","Potion"],"build_version":"2020-12-22","purchased_purges":1,"victory":false,"max_hp_per_floor":[80,80,85,85,85,85,85,85,85,85,85,85,85,85,85,85,85,85,85,85,85,85,85],"card_choices":[{"not_picked":["Iron Wave","ReplayTheSpireMod:Stacked"],"picked":"Anger","floor":1},{"not_picked":["Warcry","Iron Wave"],"picked":"Thunderclap","floor":2},{"not_picked":["Pommel Strike","Warcry"],"picked":"Run Through","floor":5},{"not_picked":["Iron Wave","ReplayTheSpireMod:Limb From Limb"],"picked":"Anger","floor":6},{"not_picked":["Perfected Strike","Replay:Undeath\u0027s Touch"],"picked":"Armaments","floor":8},{"not_picked":["Brutality","Clothesline"],"picked":"Shrug It Off","floor":11},{"not_picked":["Perfected Strike","Feel No Pain"],"picked":"Iron Wave","floor":14},{"not_picked":["Replay:Many Hands","Offering"],"picked":"Reaper","floor":16},{"not_picked":["ReplayTheSpireMod:LeadingStrike","ReplayTheSpireMod:Strike From Hell"],"picked":"Flame Barrier+1","floor":18},{"not_picked":["Burning Pact","Perfected Strike"],"picked":"Thunderclap","floor":19}],"player_experience":109408,"relics_obtained":[{"floor":3,"key":"Replay:Baseball"},{"floor":3,"key":"HollowMod:LifeEnderRelic"},{"floor":3,"key":"FossilizedHelix"},{"floor":6,"key":"Tiny Chest"},{"floor":8,"key":"Odd Mushroom"},{"floor":9,"key":"Blue Doll"},{"floor":11,"key":"Orichalcum"},{"floor":21,"key":"Molten Egg 2"}],"event_choices":[{"damage_healed":0,"gold_gain":75,"player_choice":"Gather Gold","damage_taken":11,"max_hp_gain":0,"max_hp_loss":0,"event_name":"World of Goop","floor":4,"gold_loss":0},{"damage_healed":0,"gold_gain":0,"player_choice":"Fought Mushrooms","damage_taken":0,"max_hp_gain":0,"max_hp_loss":0,"event_name":"Mushrooms","floor":8,"gold_loss":0},{"damage_healed":21,"gold_gain":0,"player_choice":"Healed","damage_taken":0,"max_hp_gain":0,"max_hp_loss":0,"event_name":"The Cleric","floor":12,"gold_loss":35},{"damage_healed":0,"gold_gain":175,"player_choice":"AGREE","damage_taken":0,"max_hp_gain":0,"max_hp_loss":0,"event_name":"Liars Game","floor":13,"gold_loss":0,"cards_obtained":["Doubt"]}],"is_beta":false,"boss_relics":[{"not_picked":["Ring of Chaos","Philosopher\u0027s Stone"],"picked":"SlaversCollar"}],"items_purged_floors":[20],"is_endless":false,"potions_floor_spawned":[2,5,11,14],"killed_by":"Chosen and Byrds","ascension_level":1}}