{"host":"a1eatafr7pisesky","time":1614264980,"event":{"mods":["AchievementEnabler","BaseMod","Colored Map","Keyboard Shortcuts","Minty Spire (QoL Compilation)","Say the Spire","StSLib","SuperFastMode","everything is the same but u backflip on backflip"],"gold_per_floor":[118,118,118,118,134,134,177,211,211,211,231,245,285,132,132,222,222,245,245,94,144,164,194,212,212,238,65,65,94,94,634,634,634,634],"floor_reached":33,"language":"KOR","playtime":750,"items_purged":["Strike_G","Distraction"],"score":606,"play_id":"57093ef3-6077-4153-9426-e67b0d23f261","local_time":"20210225235620","is_ascension_mode":true,"campfire_choices":[{"data":"Dagger Spray","floor":6.0,"key":"SMITH"},{"data":"Neutralize","floor":15.0,"key":"SMITH"},{"data":"Ghostly","floor":30,"key":"SMITH"},{"data":"Adrenaline","floor":32,"key":"SMITH"}],"circlet_count":0,"master_deck":["AscendersBane","Survivor","Neutralize+1","Quick Slash","Dagger Spray+1","Corpse Explosion","Acrobatics","Backflip","Escape Plan","Riddle With Holes","Bullet Time","Bouncing Flask","Bouncing Flask","Poisoned Stab","Glass Knife","Adrenaline+1","PiercingWail","Poisoned Stab","Backflip","Ghostly","Ghostly","Ghostly+1"],"relics":["Ring of the Snake","Bloody Idol","Orichalcum","Incense Burner","Odd Mushroom","Blue Candle","Bottled Flame","Pandora\u0027s Box","PreservedInsect","Happy Flower","Lee\u0027s Waffle","Singing Bowl"],"acts_visited":["Exordium","TheCity"],"potions_floor_usage":[23,33,33],"damage_taken":[{"damage":0.0,"enemies":"2 Louse","floor":1.0,"turns":2.0},{"damage":1.0,"enemies":"Jaw Worm","floor":5.0,"turns":3.0},{"damage":14.0,"enemies":"Gremlin Nob","floor":7.0,"turns":4.0},{"damage":3.0,"enemies":"The Mushroom Lair","floor":8.0,"turns":2.0},{"damage":5.0,"enemies":"Small Slimes","floor":11.0,"turns":3.0},{"damage":0.0,"enemies":"3 Louse","floor":12.0,"turns":2.0},{"damage":21.0,"enemies":"Lagavulin","floor":13.0,"turns":6.0},{"damage":19.0,"enemies":"Hexaghost","floor":16.0,"turns":12.0},{"damage":22.0,"enemies":"Shell Parasite","floor":18.0,"turns":3.0},{"damage":2.0,"enemies":"2 Thieves","floor":22.0,"turns":3.0},{"damage":25,"enemies":"Book of Stabbing","floor":23,"turns":6},{"damage":0,"enemies":"Cultist and Chosen","floor":24,"turns":3},{"damage":0,"enemies":"Slavers","floor":29,"turns":3},{"damage":22,"enemies":"Champ","floor":33,"turns":8}],"seed_played":"6536071960365618147","potions_obtained":[{"floor":1.0,"key":"Energy Potion"},{"floor":12.0,"key":"SteroidPotion"},{"floor":13.0,"key":"BlessingOfTheForge"},{"floor":18.0,"key":"Dexterity Potion"},{"floor":24,"key":"FearPotion"}],"is_trial":false,"path_per_floor":["M","?","T","?","M","R","E","?","T","?","M","M","E","$","R","B",null,"M","?","$","?","M","E","M","?","T","$","?","E","R","?","R","B"],"character_chosen":"THE_SILENT","items_purchased":["Riddle With Holes","PiercingWail","Lee\u0027s Waffle"],"campfire_rested":0,"item_purchase_floors":[14,20,27],"current_hp_per_floor":[59,54,54,54,53,53,39,36,36,54,49,49,28,28,28,9,43,21,21,21,26,34,14,19,19,24,61,30,32,32,5,5,0,0],"gold":634,"neow_bonus":"REMOVE_TWO","is_daily":false,"chose_seed":false,"campfire_upgraded":4,"win_rate":0.0,"timestamp":1614264980,"path_taken":["M","?","?","?","M","R","E","?","T","?","?","M","E","$","R","BOSS","M","?","$","?","?","E","M","?","T","$","?","E","R","?","R","BOSS"],"items_purchased_type":["Card","Card","Relic"],"build_version":"2020-12-22","purchased_purges":2,"victory":false,"max_hp_per_floor":[60,54,54,54,54,54,54,54,54,54,54,54,54,54,54,54,54,54,54,54,54,54,54,54,54,54,61,30,32,32,32,32,32,32],"card_choices":[{"not_picked":["Heel Hook","Sucker Punch"],"picked":"Quick Slash","floor":1.0},{"not_picked":["Flying Knee","Terror"],"picked":"Dagger Spray","floor":5.0},{"not_picked":["Footwork","Bouncing Flask"],"picked":"Corpse Explosion","floor":7.0},{"not_picked":["Infinite Blades","Masterful Stab"],"picked":"Acrobatics","floor":8.0},{"not_picked":["Sucker Punch","Acrobatics","Tactician"],"picked":"SKIP","floor":11.0},{"not_picked":["Masterful Stab","Flechettes"],"picked":"Backflip","floor":12.0},{"not_picked":["Dagger Throw","Deflect"],"picked":"Escape Plan","floor":13.0},{"not_picked":["Phantasmal Killer","A Thousand Cuts"],"picked":"Bullet Time","floor":16.0},{"not_picked":["Dagger Throw","Prepared","Riddle With Holes"],"picked":"SKIP","floor":18.0},{"not_picked":["Flying Knee+1","Dagger Spray"],"picked":"Poisoned Stab","floor":22.0},{"not_picked":["Finisher","Deflect","Flying Knee+1"],"picked":"SKIP","floor":23},{"not_picked":["Dagger Throw","Bane"],"picked":"Backflip","floor":24},{"not_picked":["Bouncing Flask","Escape Plan+1","Dagger Spray"],"picked":"Singing Bowl","floor":29}],"player_experience":496408,"relics_obtained":[{"floor":3.0,"key":"Orichalcum"},{"floor":7.0,"key":"Incense Burner"},{"floor":8.0,"key":"Odd Mushroom"},{"floor":9.0,"key":"Blue Candle"},{"floor":13.0,"key":"Bottled Flame"},{"floor":23,"key":"PreservedInsect"},{"floor":26,"key":"Happy Flower"},{"floor":29,"key":"Singing Bowl"}],"event_choices":[{"damage_healed":0.0,"max_hp_gain":0.0,"max_hp_loss":6.0,"gold_gain":0.0,"event_name":"Golden Idol","player_choice":"Lose Max HP","floor":2.0,"gold_loss":0.0,"damage_taken":0.0,"relics_obtained":["Golden Idol"]},{"cards_removed":["Defend_G"],"damage_healed":0.0,"max_hp_gain":0.0,"max_hp_loss":0.0,"gold_gain":0.0,"event_name":"Living Wall","player_choice":"Forget","floor":4.0,"gold_loss":0.0,"damage_taken":0.0},{"damage_healed":0.0,"max_hp_gain":0.0,"max_hp_loss":0.0,"gold_gain":0.0,"event_name":"Mushrooms","player_choice":"Fought Mushrooms","floor":8.0,"gold_loss":0.0,"damage_taken":0.0},{"damage_healed":18.0,"max_hp_gain":0.0,"max_hp_loss":0.0,"gold_gain":0.0,"event_name":"Wheel of Change","player_choice":"Full Heal","floor":10.0,"gold_loss":0.0,"damage_taken":0.0},{"damage_healed":0.0,"max_hp_gain":0.0,"max_hp_loss":0.0,"gold_gain":0.0,"event_name":"Forgotten Altar","player_choice":"Gave Idol","floor":19.0,"relics_lost":["Golden Idol"],"gold_loss":0.0,"damage_taken":0.0,"relics_obtained":["Bloody Idol"]},{"damage_healed":0.0,"max_hp_gain":0.0,"max_hp_loss":0.0,"gold_gain":50.0,"event_name":"Golden Shrine","player_choice":"Pray","floor":21.0,"gold_loss":0.0,"damage_taken":0.0},{"damage_healed":0,"gold_gain":0,"player_choice":"Ignored","damage_taken":0,"max_hp_gain":0,"max_hp_loss":0,"event_name":"Vampires","floor":25,"gold_loss":0},{"damage_healed":0,"gold_gain":0,"player_choice":"Became a Ghost","damage_taken":0,"max_hp_gain":0,"max_hp_loss":31,"event_name":"Ghosts","floor":28,"gold_loss":0,"cards_obtained":["Ghostly","Ghostly","Ghostly"]},{"damage_healed":0,"gold_gain":540,"player_choice":"GOLD GOLD GOLD GOLD GOLD GOLD ","damage_taken":57,"max_hp_gain":0,"max_hp_loss":0,"event_name":"Knowing Skull","floor":31,"potions_obtained":[],"gold_loss":0,"cards_obtained":[]}],"is_beta":false,"boss_relics":[{"not_picked":["Coffee Dripper","Tiny House"],"picked":"Pandora\u0027s Box"}],"items_purged_floors":[14,20],"is_endless":false,"potions_floor_spawned":[1,12,13,18,22,24],"killed_by":"Champ","ascension_level":17}}