{"host":"iml8x8es9od4zowg","time":1614243252,"event":{"mods":["2.2 Compatiblity","BaseMod","Minty Spire (QoL Compilation)","StSLib","The Jungle","¡¼?Úª?ø«¡½REMEMod"],"gold_per_floor":[115,40,59,59,59,87,116,136,182,182,182,207,237,81,81,184,234,252,267,300,327,25,25,25,59,110,110,121,153,179,205,205,303,303,315,215,95,118,168,197,232,117,117,250,294,329,329,356,356,368,368,368,50,88,127],"floor_reached":56,"language":"KOR","playtime":2890,"items_purged":["BowlingBash","SashWhip","Halt","Halt"],"score":2082,"play_id":"81b1b459-775c-4c26-a118-15510ae75bc5","local_time":"20210225175412","daily_mods":["Draft","Colorless Cards","Heirloom","Flight","DeadlyEvents","Elite Swarm"],"is_ascension_mode":true,"campfire_choices":[{"data":"BowlingBash","floor":10,"key":"PURGE"},{"data":"Apotheosis","floor":11,"key":"SMITH"},{"data":"REME_CRH","floor":15,"key":"SMITH"},{"data":"REME_CRH","floor":23,"key":"SMITH"},{"data":"Wish","floor":24,"key":"PURGE"},{"data":"Apotheosis","floor":27,"key":"SMITH"},{"floor":32,"key":"RECALL"},{"data":"FollowUp","floor":47,"key":"PURGE"},{"data":"Consecrate","floor":49,"key":"PURGE"},{"data":"JustLucky","floor":52,"key":"PURGE"}],"circlet_count":0,"master_deck":["Evaluate","Pray","FlurryOfBlows","Good Instincts","Prostrate","FlurryOfBlows","Prostrate+1","FlurryOfBlows","REME_CRH+1","Apotheosis+1","Ragnarok","Panache","REME_PuzzleBox","REME_CRH+1","JustLucky","Bandage Up","DeusExMachina","Prostrate","Apotheosis+1","DeusExMachina","REME_Flogging+1","REME_Flogging+1","Evaluate","MasterReality+1"],"relics":["PureWater","REME_ComplimentaryCards","Peace Pipe","Incense Burner","Orichalcum","Akabeko","Thread and Needle","DollysMirror","Tiny House","Shuriken","White Beast Statue","Omamori","Eternal Feather","Damaru","Vajra","The Courier","REME_DemonsWealth","Oddly Smooth Stone","Gambling Chip","Frozen Egg 2","PreservedInsect","Medical Kit","REME_ArchaeologicalTools","FossilizedHelix","Blood Vial","Pen Nib","Bronze Scales","TheAbacus","Yang"],"acts_visited":["Exordium","Exordium","TheBeyond","TheEnding"],"potions_floor_usage":[6,12,28,54,55,55,55],"damage_taken":[{"damage":0,"enemies":"Cultist","floor":1,"turns":2},{"damage":0,"enemies":"Jaw Worm","floor":3,"turns":2},{"damage":6,"enemies":"Gremlin Nob","floor":6,"turns":3},{"damage":0,"enemies":"3 Sentries","floor":7,"turns":3},{"damage":8,"enemies":"2 Louse","floor":8,"turns":2},{"damage":3,"enemies":"Gremlin Nob","floor":12,"turns":3},{"damage":12,"enemies":"3 Sentries","floor":13,"turns":3},{"damage":0,"enemies":"The Guardian","floor":16,"turns":3},{"damage":0,"enemies":"Shell Parasite","floor":18,"turns":2},{"damage":0,"enemies":"theJungle:MUSHROOMGANG","floor":19,"turns":1},{"damage":0,"enemies":"theJungle:2_Phrogs","floor":20,"turns":3},{"damage":0,"enemies":"theJungle:MamaSnecko","floor":21,"turns":3},{"damage":0,"enemies":"theJungle:2_Phrogs","floor":25,"turns":1},{"damage":0,"enemies":"Snake Plant","floor":28,"turns":1},{"damage":0,"enemies":"theJungle:MamaSnecko","floor":29,"turns":1},{"damage":0,"enemies":"theJungle:Cassacara","floor":30,"turns":1},{"damage":0,"enemies":"theJungle:2_Phrogs","floor":31,"turns":1},{"damage":1,"enemies":"theJungle:QueenSpyder","floor":33,"turns":2},{"damage":16,"enemies":"3 Darklings","floor":35,"turns":3},{"damage":0,"enemies":"Mind Bloom Boss Battle","floor":39,"turns":2},{"damage":0,"enemies":"Giant Head","floor":40,"turns":1},{"damage":0,"enemies":"Nemesis","floor":41,"turns":1},{"damage":0,"enemies":"Giant Head","floor":44,"turns":2},{"damage":0,"enemies":"3 Shapes","floor":45,"turns":3},{"damage":0,"enemies":"Nemesis","floor":46,"turns":1},{"damage":0,"enemies":"Awakened One","floor":50,"turns":3},{"damage":0,"enemies":"Shield and Spear","floor":54,"turns":3},{"damage":73,"enemies":"The Heart","floor":55,"turns":4}],"seed_played":"-5368207404890288064","potions_obtained":[{"floor":6,"key":"REME_GoldPotion"},{"floor":7,"key":"Swift Potion"},{"floor":13,"key":"Swift Potion"},{"floor":16,"key":"StancePotion"},{"floor":17,"key":"DistilledChaos"},{"floor":28,"key":"CultistPotion"},{"floor":29,"key":"Ancient Potion"},{"floor":33,"key":"LiquidMemories"},{"floor":54,"key":"ColorlessPotion"}],"is_trial":true,"path_per_floor":["M","$","M","?","?","E","E","M","T","R","R","E","E","$","R","B",null,"M","M","E","E","$","R","R","E","T","R","M","E","E","E","R","B",null,"M","$","$","T","?","E","E","$","T","E","M","E","R","T","R","B",null,"R","$","E","B",null],"character_chosen":"WATCHER","items_purchased":["DollysMirror","Omamori","Prostrate","Medical Kit","Bronze Scales","Evaluate","TheAbacus","SkillPotion"],"campfire_rested":0,"item_purchase_floors":[14,22,22,42,53,53,53,53],"current_hp_per_floor":[72,72,72,72,72,66,66,58,58,58,58,55,43,43,43,43,77,77,77,77,77,77,77,77,77,77,77,77,77,77,77,77,79,79,65,65,65,65,71,77,77,77,77,79,79,79,79,79,79,79,79,79,79,79,6],"gold":127,"neow_bonus":"","is_daily":false,"chose_seed":false,"campfire_upgraded":4,"win_rate":0.0,"timestamp":1614243252,"path_taken":["M","?","M","?","?","E","?","?","T","R","R","E","E","$","R","BOSS","M","?","?","?","?","R","R","E","T","R","?","E","E","?","R","BOSS","M","$","$","?","?","E","?","$","T","E","?","E","R","?","R","BOSS","R","$","E","BOSS"],"items_purchased_type":["Relic","Relic","Card","Relic","Relic","Card","Relic","Potion"],"build_version":"2020-12-22","purchased_purges":4,"victory":true,"max_hp_per_floor":[72,72,72,72,72,72,72,72,72,72,72,72,72,72,72,72,77,77,77,77,77,77,77,77,77,77,77,77,77,77,77,77,79,79,79,79,79,79,79,79,79,79,79,79,79,79,79,79,79,79,79,79,79,79,79],"card_choices":[{"not_picked":["Mind Blast","InnerPeace"],"picked":"Halt","floor":0},{"not_picked":["CrushJoints","FlyingSleeves"],"picked":"Evaluate","floor":0},{"not_picked":["Bandage Up","SashWhip"],"picked":"DeceiveReality","floor":0},{"not_picked":["Protect","CrushJoints"],"picked":"BowlingBash","floor":0},{"not_picked":["WheelKick","FlurryOfBlows"],"picked":"Pray","floor":0},{"not_picked":["CrushJoints","Adaptation"],"picked":"FlurryOfBlows","floor":0},{"not_picked":["CrushJoints","WindmillStrike"],"picked":"Good Instincts","floor":0},{"not_picked":["Swivel","SignatureMove"],"picked":"Halt","floor":0},{"not_picked":["Blind","Protect"],"picked":"Prostrate","floor":0},{"not_picked":["FlyingSleeves","CrushJoints"],"picked":"SashWhip","floor":0},{"not_picked":["MentalFortress","ClearTheMind"],"picked":"FollowUp","floor":0},{"not_picked":["Indignation","WaveOfTheHand"],"picked":"FlurryOfBlows","floor":0},{"not_picked":["FearNoEvil","SashWhip"],"picked":"Prostrate","floor":0},{"not_picked":["Halt","Crescendo"],"picked":"BowlingBash","floor":0},{"not_picked":["InnerPeace","Forethought"],"picked":"FlurryOfBlows","floor":0},{"not_picked":["Adaptation","Crescendo","MentalFortress"],"picked":"SKIP","floor":1},{"not_picked":["ClearTheMind","CutThroughFate"],"picked":"Consecrate","floor":3},{"not_picked":["REME_MawOfCthun","REME_PuzzleBox"],"picked":"Apotheosis","floor":6},{"not_picked":["Violence","Apotheosis"],"picked":"Ragnarok","floor":7},{"not_picked":["PathToVictory","Crescendo"],"picked":"JustLucky","floor":8},{"not_picked":["Transmutation","REME_AllRoundStrike"],"picked":"Panache","floor":12},{"not_picked":["HandOfGreed","REME_BattleFury"],"picked":"REME_PuzzleBox","floor":13},{"not_picked":["REME_HeartOfCthun","Vault"],"picked":"Wish","floor":16},{"not_picked":["Tantrum","CutThroughFate"],"picked":"JustLucky","floor":17},{"not_picked":["WindmillStrike","ClearTheMind","Indignation"],"picked":"SKIP","floor":18},{"not_picked":["FollowUp","FlurryOfBlows+1"],"picked":"Bandage Up","floor":19},{"not_picked":["Mayhem","Apotheosis"],"picked":"DeusExMachina","floor":20},{"not_picked":["Alpha","Vault","REME_AllRoundStrike"],"picked":"SKIP","floor":21},{"not_picked":["Secret Technique","Alpha"],"picked":"Apotheosis","floor":25},{"not_picked":["FlurryOfBlows","FlyingSleeves","Protect"],"picked":"SKIP","floor":28},{"not_picked":["Omniscience","Transmutation","LessonLearned"],"picked":"SKIP","floor":29},{"not_picked":["Mayhem","REME_EyeOfCthun","REME_BuildACard"],"picked":"SKIP","floor":30},{"not_picked":["Sadistic Nature","Wish"],"picked":"DeusExMachina","floor":31},{"not_picked":["REME_MusicOfDeath","Pray","ClearTheMind+1"],"picked":"Clumsy","floor":35},{"not_picked":["EmptyFist","CarveReality","Halt+1"],"picked":"Decay","floor":39},{"not_picked":["REME_EyeOfCthun","REME_PuzzleBox","REME_BattleFury+1","Parasite"],"picked":"SKIP","floor":40},{"not_picked":["REME_ProfessionalPlagiarism","HandOfGreed","Doubt"],"picked":"REME_Flogging+1","floor":41},{"not_picked":["Transmutation","Blasphemy","Shame"],"picked":"REME_Flogging+1","floor":44},{"not_picked":["Protect+1","Vengeance","CrushJoints+1","Injury"],"picked":"SKIP","floor":45},{"not_picked":["REME_EmptyShield","Blasphemy","SpiritShield","Decay"],"picked":"SKIP","floor":46},{"not_picked":["REME_WorshipGod","REME_PuzzleBox","Decay"],"picked":"MasterReality+1","floor":54}],"player_experience":552182,"relics_obtained":[{"floor":6,"key":"Incense Burner"},{"floor":7,"key":"Orichalcum"},{"floor":12,"key":"Akabeko"},{"floor":13,"key":"Thread and Needle"},{"floor":20,"key":"Shuriken"},{"floor":21,"key":"White Beast Statue"},{"floor":25,"key":"Eternal Feather"},{"floor":26,"key":"Damaru"},{"floor":29,"key":"Vajra"},{"floor":30,"key":"The Courier"},{"floor":38,"key":"Oddly Smooth Stone"},{"floor":39,"key":"Gambling Chip"},{"floor":40,"key":"Frozen Egg 2"},{"floor":41,"key":"PreservedInsect"},{"floor":43,"key":"REME_ArchaeologicalTools"},{"floor":44,"key":"FossilizedHelix"},{"floor":46,"key":"Blood Vial"},{"floor":48,"key":"Pen Nib"},{"floor":54,"key":"Yang"}],"event_choices":[{"cards_removed":["DeceiveReality"],"damage_healed":0,"gold_gain":0,"player_choice":"Forget","damage_taken":0,"max_hp_gain":0,"max_hp_loss":0,"event_name":"Living Wall","floor":4,"gold_loss":0},{"damage_healed":0,"gold_gain":0,"player_choice":"Ignored","damage_taken":0,"max_hp_gain":0,"max_hp_loss":0,"event_name":"NoteForYourself","floor":5,"gold_loss":0},{"damage_healed":0,"gold_gain":0,"player_choice":"Fight","damage_taken":0,"max_hp_gain":0,"max_hp_loss":0,"event_name":"MindBloom","floor":39,"gold_loss":0}],"is_beta":false,"boss_relics":[{"not_picked":["Runic Dome","Sozu"],"picked":"Tiny House"},{"not_picked":["REME_ChargedStone","Coffee Dripper"],"picked":"REME_DemonsWealth"}],"items_purged_floors":[2,22,36,37],"is_endless":false,"potions_floor_spawned":[6,7,13,16,19,25,28,29,30,31,33,35,39,40,41,44,45,46,54],"ascension_level":1}}