{"host":"ef0di4u2iht71tvj","time":1614226052,"event":{"mods":["2.2 Compatiblity","Act Like it!","BaseMod","DeckTracker","Downfall","Hermit","HololiveMod","JesterMod","Koishi","Marisa????????","Minty Spire (QoL Compilation)","StSLib","SuperFastMode","Synergy Search","The Animator","The Bug Knight","The Clintock","The Construct","The Cursed","The Disciple","The Forsaken","The Gatherer","The Hierophant","The Jungle","The Servant 0.9.4"],"gold_per_floor":[111,127,127,52,69,69,103,103,128,140,155,170,203,220,220,324,324,340,351,351,17,30,30,64,64,64,99,99,99,111,211,211,314,314,326,326,345,360,375,408,428,428,428,459,3,20,20,20,20,20,20,20,20,48,48],"floor_reached":56,"language":"ENG","playtime":7149,"items_purged":["Pain","HollowMod:NailStrikeStart","HollowMod:NailStrikeStart"],"score":1257,"play_id":"a8a55bb5-4941-4d51-9d91-2fc05ce4bf62","local_time":"20210225050732","is_ascension_mode":true,"campfire_choices":[{"data":"HollowMod:FocusHealStart","floor":6.0,"key":"SMITH"},{"data":"HollowMod:SoulSplash","floor":15.0,"key":"SMITH"},{"data":"HollowMod:DesolateDive","floor":23.0,"key":"SMITH"},{"data":"HollowMod:HerrahsAnger","floor":25.0,"key":"SMITH"},{"data":"HollowMod:ZotesMagnificence","floor":29.0,"key":"SMITH"},{"data":"1","floor":32.0,"key":"LIFT"},{"data":"2","floor":47.0,"key":"LIFT"},{"floor":49.0,"key":"RECALL"},{"data":"3","floor":52.0,"key":"LIFT"}],"circlet_count":0,"master_deck":["HollowMod:NailStrikeStart","HollowMod:QuickDashStart","HollowMod:QuickDashStart","HollowMod:QuickDashStart","HollowMod:QuickDashStart","HollowMod:FocusHealStart+1","HollowMod:PogoStrike","HollowMod:VengefulSpirit","HollowMod:VengefulSpirit","HollowMod:ZotesMagnificence+1","HollowMod:HuntersJournal","HollowMod:GoodIntentions","HollowMod:ShapeofUnn","HollowMod:SoulSplash+1","HollowMod:SoulMaster+1","HollowMod:GoodIntentions+1","HollowMod:DashSlash","HollowMod:DesolateDive+1","HollowMod:GoodIntentions","HollowMod:HerrahsAnger+1","HollowMod:NewLittleFool+1","HollowMod:SoulMaster","HollowMod:LifebloodCocoon+1","HollowMod:BaldurShell+1","HollowMod:DoubleDash+1","HollowMod:ChannelNail+1","HollowMod:HuntersJournal","HollowMod:BaldurShell+1","HollowMod:DesolateDive+1","HollowMod:MonomonsArchive+1"],"relics":["HollowMod:KingsSoulRelic","WarpedTongs","HollowMod:PaleOreRelic","theForsaken:ScaryMask","HollowMod:StagPassRelic","Coffee Dripper","Centennial Puzzle","HollowMod:KingsBrand","Molten Egg 2","HollowMod:LifeEnderRelic","Girya","Eternal Feather","PreservedInsect","Sundial","Blood Vial","TungstenRod","Strawberry"],"acts_visited":["TheCity","TheBeyond","TheEnding"],"potions_floor_usage":[55,55],"damage_taken":[{"damage":0.0,"enemies":"Small Slimes","floor":1.0,"turns":3.0},{"damage":0.0,"enemies":"Cultist","floor":2.0,"turns":2.0},{"damage":1.0,"enemies":"Jaw Worm","floor":5.0,"turns":3.0},{"damage":9.0,"enemies":"Lagavulin","floor":7.0,"turns":7.0},{"damage":0.0,"enemies":"Large Slime","floor":10.0,"turns":3.0},{"damage":5.0,"enemies":"Exordium Thugs","floor":11.0,"turns":3.0},{"damage":0.0,"enemies":"Blue Slaver","floor":12.0,"turns":3.0},{"damage":4.0,"enemies":"3 Sentries","floor":13.0,"turns":5.0},{"damage":2.0,"enemies":"3 Louse","floor":14.0,"turns":4.0},{"damage":19.0,"enemies":"HollowMod:FalseKnight","floor":16.0,"turns":10.0},{"damage":8.0,"enemies":"2 Thieves","floor":18.0,"turns":4.0},{"damage":3.0,"enemies":"Shell Parasite","floor":19.0,"turns":3.0},{"damage":2.0,"enemies":"Centurion and Healer","floor":22.0,"turns":6.0},{"damage":10.0,"enemies":"HollowMod:Nosk","floor":24.0,"turns":10.0},{"damage":27.0,"enemies":"Slavers","floor":27.0,"turns":17.0},{"damage":0.0,"enemies":"3 Cultists","floor":30.0,"turns":5.0},{"damage":12.0,"enemies":"Colosseum Slavers","floor":31.0,"turns":8.0},{"damage":13.0,"enemies":"Colosseum Nobs","floor":31.0,"turns":6.0},{"damage":87.0,"enemies":"Champ","floor":33.0,"turns":19.0},{"damage":7.0,"enemies":"3 Shapes","floor":35.0,"turns":9.0},{"damage":5.0,"enemies":"Orb Walker","floor":37.0,"turns":3.0},{"damage":21.0,"enemies":"Jaw Worm Horde","floor":38.0,"turns":8.0},{"damage":2.0,"enemies":"Sphere and 2 Shapes","floor":39.0,"turns":8.0},{"damage":63.0,"enemies":"Nemesis","floor":40.0,"turns":7.0},{"damage":10.0,"enemies":"HollowMod:SlobberingHusk","floor":41.0,"turns":16.0},{"damage":0.0,"enemies":"HollowMod:StalkingDevout","floor":44.0,"turns":12.0},{"damage":0.0,"enemies":"4 Shapes","floor":46.0,"turns":7.0},{"damage":13.0,"enemies":"Awakened One","floor":50.0,"turns":62.0},{"damage":46.0,"enemies":"Shield and Spear","floor":54.0,"turns":26.0},{"damage":4,"enemies":"The Heart","floor":55,"turns":12}],"seed_played":"-5125697268268462168","potions_obtained":[{"floor":5.0,"key":"sneckomod:MuddlingPotion"},{"floor":7.0,"key":"champ:CounterPotion"},{"floor":10.0,"key":"champ:CounterPotion"},{"floor":13.0,"key":"SteroidPotion"},{"floor":14.0,"key":"AttackPotion"},{"floor":18.0,"key":"SteroidPotion"},{"floor":20.0,"key":"Regen Potion"},{"floor":20.0,"key":"EntropicBrew"},{"floor":24.0,"key":"LiquidBronze"},{"floor":33.0,"key":"CultistPotion"},{"floor":38.0,"key":"DuplicationPotion"}],"is_trial":false,"path_per_floor":["M","M","?","$","M","R","E","?","T","M","M","M","E","M","R","B",null,"M","M","?","$","M","R","E","R","T","E","?","R","M","?","R","B",null,"M","?","M","M","M","E","M","?","T","E","$","M","R","$","R","B",null,"R","$","E","B",null],"character_chosen":"THE_BUGKNIGHT","items_purchased":["HollowMod:DesolateDive","Centennial Puzzle","TungstenRod","HollowMod:MonomonsArchive"],"campfire_rested":0,"item_purchase_floors":[21,21,45,45],"current_hp_per_floor":[75,75,75,75,75,75,72,65,65,71,72,75,75,75,75,62,75,73,70,70,70,75,75,75,75,75,69,69,69,69,75,75,17,75,75,75,71,66,75,19,46,46,46,65,65,75,75,75,75,75,75,75,75,77,82],"gold":48,"neow_bonus":"REMOVE_CARD","is_daily":false,"chose_seed":false,"campfire_upgraded":5,"win_rate":0.0,"timestamp":1614226052,"path_taken":["M","M","?","?","M","R","E","?","T","M","M","?","E","M","R","BOSS","M","M","?","?","M","R","E","R","T","E","?","R","?","?","R","BOSS","M","?","M","M","M","E","M","?","T","E","$","?","R","$","R","BOSS","R","$","E","BOSS"],"items_purchased_type":["Card","Relic","Relic","Card"],"build_version":"2020-12-22","purchased_purges":3,"victory":true,"max_hp_per_floor":[75,75,75,75,75,75,75,75,75,75,75,75,75,75,75,75,75,75,75,75,75,75,75,75,75,75,75,75,75,75,75,75,75,75,75,75,75,75,75,75,75,75,75,75,75,75,75,75,75,75,75,75,75,82,82],"card_choices":[{"not_picked":["HollowMod:HeavyBlow","HollowMod:GreatSlash"],"picked":"HollowMod:VengefulSpirit","floor":1.0},{"not_picked":["HollowMod:ShadowDash","HollowMod:FallenFury"],"picked":"HollowMod:VengefulSpirit","floor":2.0},{"not_picked":["HollowMod:BlackTendrils","HollowMod:FallenFury","HollowMod:NewJinnsSoul"],"picked":"SKIP","floor":5.0},{"not_picked":["HollowMod:DashSlash","HollowMod:InfectionAssault"],"picked":"HollowMod:ZotesMagnificence","floor":7.0},{"not_picked":["HollowMod:NewJinnsSoul","HollowMod:SoulEater"],"picked":"HollowMod:HuntersJournal","floor":10.0},{"not_picked":["HollowMod:SoulSplash","HollowMod:InfectedCysts","HollowMod:DungDefenderAura"],"picked":"SKIP","floor":11.0},{"not_picked":["HollowMod:HeavyBlow","HollowMod:SharpenedNail"],"picked":"HollowMod:GoodIntentions","floor":12.0},{"not_picked":["HollowMod:LuriensSpire","HollowMod:DesolateDive"],"picked":"HollowMod:ShapeofUnn","floor":13.0},{"not_picked":["HollowMod:CornifersMapStart","HollowMod:DashSlash"],"picked":"HollowMod:SoulSplash","floor":14.0},{"not_picked":["HollowMod:LordofShades","HollowMod:PureVessel"],"picked":"HollowMod:SoulMaster","floor":16.0},{"not_picked":["HollowMod:DungDefenderAura","HollowMod:NewLittleFool"],"picked":"HollowMod:GoodIntentions+1","floor":18.0},{"not_picked":["HollowMod:SiblingsSouls","HollowMod:DescendingDark"],"picked":"HollowMod:DashSlash","floor":19.0},{"not_picked":["HollowMod:MawleksShell","HollowMod:InfectionAssault"],"picked":"HollowMod:GoodIntentions","floor":22.0},{"not_picked":["HollowMod:BlackTendrils","HollowMod:VengefulSpirit"],"picked":"HollowMod:HerrahsAnger","floor":24.0},{"not_picked":["HollowMod:TaintedHusks","HollowMod:NewInfectedGuardian"],"picked":"HollowMod:NewLittleFool+1","floor":27.0},{"not_picked":["HollowMod:WraithStrike+1","HollowMod:SharpenedNail+1","HollowMod:NewJinnsSoul"],"picked":"SKIP","floor":30.0},{"not_picked":["HollowMod:LordofShades","HollowMod:Hiveblood"],"picked":"HollowMod:SoulMaster","floor":33.0},{"not_picked":["HollowMod:DoubleDash","HollowMod:BrokenVessel+1"],"picked":"HollowMod:LifebloodCocoon+1","floor":35.0},{"not_picked":["HollowMod:NewJinnsSoul+1","HollowMod:Grubsong"],"picked":"HollowMod:BaldurShell+1","floor":37.0},{"not_picked":["HollowMod:NewLittleFool+1","HollowMod:Grubsong+1"],"picked":"HollowMod:DoubleDash+1","floor":38.0},{"not_picked":["HollowMod:GrimmsGift","HollowMod:HowlingWraiths+1","HollowMod:WraithStrike+1"],"picked":"SKIP","floor":39.0},{"not_picked":["HollowMod:DreamGate","HollowMod:SoulVessel"],"picked":"HollowMod:ChannelNail+1","floor":40.0},{"not_picked":["HollowMod:NewJinnsSoul","HollowMod:MawleksShell+1"],"picked":"HollowMod:HuntersJournal","floor":41.0},{"not_picked":["HollowMod:NewLittleFool+1","HollowMod:ChannelNail"],"picked":"HollowMod:DesolateDive+1","floor":44.0},{"not_picked":["HollowMod:SiblingsShadow+1","HollowMod:CycloneSlash+1","HollowMod:InfectedAttack+1"],"picked":"SKIP","floor":46.0},{"not_picked":["HollowMod:BlackTendrils+1","HollowMod:WraithStrike+1","HollowMod:MothsMistake+1"],"picked":"SKIP","floor":54.0}],"player_experience":1853780,"relics_obtained":[{"floor":7.0,"key":"HollowMod:PaleOreRelic"},{"floor":13.0,"key":"HollowMod:StagPassRelic"},{"floor":24.0,"key":"HollowMod:KingsBrand"},{"floor":26.0,"key":"Molten Egg 2"},{"floor":27.0,"key":"HollowMod:LifeEnderRelic"},{"floor":31.0,"key":"Girya"},{"floor":31.0,"key":"Eternal Feather"},{"floor":40.0,"key":"PreservedInsect"},{"floor":43.0,"key":"Sundial"},{"floor":44.0,"key":"Blood Vial"},{"floor":54.0,"key":"Strawberry"}],"event_choices":[{"damage_healed":0.0,"max_hp_gain":0.0,"max_hp_loss":0.0,"gold_gain":0.0,"event_name":"Accursed Blacksmith","player_choice":"Rummage","floor":3.0,"gold_loss":0.0,"damage_taken":0.0,"relics_obtained":["WarpedTongs"],"cards_obtained":["Pain"]},{"damage_healed":0.0,"max_hp_gain":0.0,"max_hp_loss":0.0,"gold_gain":0.0,"event_name":"Scrap Ooze","player_choice":"Success","floor":8.0,"gold_loss":0.0,"damage_taken":7.0,"relics_obtained":["theForsaken:ScaryMask"]},{"damage_healed":0.0,"max_hp_gain":0.0,"max_hp_loss":0.0,"gold_gain":0.0,"event_name":"Lab","player_choice":"Got Potions","floor":20.0,"gold_loss":0.0,"damage_taken":0.0},{"damage_healed":0.0,"max_hp_gain":0.0,"max_hp_loss":0.0,"gold_gain":0.0,"event_name":"Upgrade Shrine","player_choice":"Upgraded","floor":28.0,"gold_loss":0.0,"damage_taken":0.0,"cards_upgraded":["HollowMod:SoulMaster"]},{"damage_healed":0.0,"max_hp_gain":0.0,"max_hp_loss":0.0,"gold_gain":0.0,"event_name":"Colosseum","player_choice":"Fight","floor":31.0,"gold_loss":0.0,"damage_taken":0.0},{"damage_healed":0.0,"max_hp_gain":0.0,"max_hp_loss":0.0,"gold_gain":0.0,"event_name":"Colosseum","player_choice":"Fought Nobs","floor":31.0,"gold_loss":0.0,"damage_taken":0.0},{"damage_healed":0.0,"max_hp_gain":0.0,"max_hp_loss":0.0,"gold_gain":0.0,"event_name":"Duplicator","player_choice":"Copied","floor":42.0,"gold_loss":0.0,"damage_taken":0.0,"cards_obtained":["HollowMod:BaldurShell"]}],"is_beta":false,"boss_relics":[{"not_picked":["SacredBark","Pandora\u0027s Box"],"picked":"Coffee Dripper"},{"not_picked":["Empty Cage","bronze:MakeshiftBattery"],"picked":"HollowMod:KingsSoulRelic"}],"items_purged_floors":[4,21,45],"is_endless":false,"potions_floor_spawned":[5,7,10,11,13,14,18,24,27,31,33,35,38,41],"ascension_level":1}}