{"host":"kh6fvhxn285ncg0o","time":1614214047,"event":{"mods":["Act Like it!","BaseMod","Colored Map","Friendly Minions","Keyboard Shortcuts","Minty Spire (QoL Compilation)","Quick Restart","Relic Stats","StSLib","SuperFastMode","UnlockEverythingMod"],"gold_per_floor":[119,44,319,330,345,371,371,402,402,84,84,104,131,131,131,206,206,222,234,254,32,392,426,426,426],"floor_reached":24,"language":"KOR","playtime":518,"items_purged":["Strike_R","Strike_R"],"score":493,"play_id":"a601a313-890f-4a9b-a8cb-2eac014fea84","local_time":"20210225094727","is_ascension_mode":true,"campfire_choices":[{"data":"Sever Soul","floor":7.0,"key":"SMITH"},{"data":"Feed","floor":11.0,"key":"SMITH"},{"data":"Evolve","floor":15.0,"key":"SMITH"}],"circlet_count":0,"master_deck":["AscendersBane","Strike_R","Strike_R","Defend_R+1","Defend_R","Defend_R","Defend_R","Bash","Shrug It Off+1","Regret","Seeing Red","Sever Soul+1","Feed+1","Evolve+1","Finesse+1","Double Tap+1","Immolate","Burning Pact+1","True Grit+1"],"relics":["Burning Blood","NeowsBlessing","Matryoshka","Shuriken","War Paint","Toxic Egg 2","Membership Card","Du-Vu Doll","CultistMask","Busted Crown","TungstenRod","Frozen Egg 2"],"acts_visited":["Exordium","TheCity"],"potions_floor_usage":[23,23],"damage_taken":[{"damage":0.0,"enemies":"Jaw Worm","floor":1.0,"turns":1.0},{"damage":0.0,"enemies":"2 Louse","floor":4.0,"turns":2.0},{"damage":0.0,"enemies":"Cultist","floor":5.0,"turns":1.0},{"damage":8.0,"enemies":"Gremlin Nob","floor":6.0,"turns":3.0},{"damage":11.0,"enemies":"3 Sentries","floor":8.0,"turns":16.0},{"damage":20.0,"enemies":"Red Slaver","floor":12.0,"turns":4.0},{"damage":53.0,"enemies":"Gremlin Nob","floor":13.0,"turns":5.0},{"damage":9.0,"enemies":"Slime Boss","floor":16.0,"turns":6.0},{"damage":2.0,"enemies":"Chosen","floor":18.0,"turns":3.0},{"damage":9.0,"enemies":"3 Byrds","floor":19.0,"turns":4.0},{"damage":20.0,"enemies":"Sentry and Sphere","floor":20.0,"turns":4.0},{"damage":35,"enemies":"Slavers","floor":23,"turns":6},{"damage":16,"enemies":"Centurion and Healer","floor":24,"turns":1}],"seed_played":"-2623147247871020735","potions_obtained":[{"floor":4.0,"key":"ColorlessPotion"},{"floor":6.0,"key":"HeartOfIron"},{"floor":12.0,"key":"BloodPotion"},{"floor":16.0,"key":"ElixirPotion"},{"floor":18.0,"key":"Swift Potion"},{"floor":20.0,"key":"Ancient Potion"}],"is_trial":false,"path_per_floor":["M","?","?","M","M","E","R","E","T","$","R","M","E","?","R","B",null,"M","M","M","$","?","E","M"],"character_chosen":"IRONCLAD","items_purchased":["Membership Card","Evolve","Finesse+1","PowerPotion","TungstenRod"],"campfire_rested":0,"item_purchase_floors":[10,10,10,10,21],"current_hp_per_floor":[74,74,74,75,75,73,73,68,68,68,68,58,11,11,11,8,61,83,84,74,74,38,13,0,0],"gold":426,"neow_bonus":"THREE_ENEMY_KILL","is_daily":false,"chose_seed":false,"campfire_upgraded":3,"win_rate":0.0,"timestamp":1614214047,"path_taken":["M","?","?","?","M","E","R","E","T","?","R","M","E","?","R","BOSS","M","M","M","$","?","E","M"],"items_purchased_type":["Relic","Card","Card","Potion","Relic"],"build_version":"2020-12-22","purchased_purges":2,"victory":false,"max_hp_per_floor":[75,75,75,75,75,75,75,75,75,75,75,79,79,79,79,79,79,83,87,91,91,91,95,95,95],"relic_stats":{"Busted Crown":10,"counters":[13,56],"Shuriken":[6],"War Paint":["Defend_R","Shrug It Off"],"obtain_stats":[{"Du-Vu Doll":13,"Matryoshka":6,"Busted Crown":17,"NeowsBlessing":0,"Shuriken":8,"CultistMask":14,"Membership Card":10,"War Paint":9,"Toxic Egg 2":9,"Frozen Egg 2":23,"Burning Blood":0,"TungstenRod":21},{"Du-Vu Doll":7,"Matryoshka":4,"Busted Crown":8,"NeowsBlessing":0,"Shuriken":5,"CultistMask":7,"Membership Card":5,"War Paint":5,"Toxic Egg 2":5,"Frozen Egg 2":12,"Burning Blood":0,"TungstenRod":11},{"Du-Vu Doll":32,"Matryoshka":7,"Busted Crown":38,"NeowsBlessing":0,"Shuriken":23,"CultistMask":32,"Membership Card":23,"War Paint":23,"Toxic Egg 2":23,"Frozen Egg 2":55,"Burning Blood":0,"TungstenRod":49}],"Burning Blood":61,"TungstenRod":14},"card_choices":[{"not_picked":["Twin Strike","Seeing Red"],"picked":"Shrug It Off","floor":1.0},{"not_picked":["Intimidate","Shrug It Off"],"picked":"Seeing Red","floor":5.0},{"not_picked":["Cleave","Flex"],"picked":"Sever Soul","floor":6.0},{"not_picked":["Entrench","Anger"],"picked":"Feed","floor":8.0},{"not_picked":["Pummel","Perfected Strike","Seeing Red+1"],"picked":"SKIP","floor":12.0},{"not_picked":["Iron Wave","Clothesline"],"picked":"Double Tap+1","floor":13.0},{"not_picked":["Double Tap+1","Reaper"],"picked":"Immolate","floor":16.0},{"not_picked":["Pommel Strike"],"picked":"SKIP","floor":18.0},{"not_picked":[],"picked":"Burning Pact+1","floor":19.0},{"not_picked":["Headbutt"],"picked":"SKIP","floor":20.0},{"not_picked":[],"picked":"True Grit+1","floor":23}],"player_experience":1518077,"relics_obtained":[{"floor":6.0,"key":"Matryoshka"},{"floor":8.0,"key":"Shuriken"},{"floor":9.0,"key":"War Paint"},{"floor":9.0,"key":"Toxic Egg 2"},{"floor":13.0,"key":"Du-Vu Doll"},{"floor":23,"key":"Frozen Egg 2"}],"event_choices":[{"cards_removed":["Strike_R"],"damage_healed":0.0,"max_hp_gain":0.0,"max_hp_loss":0.0,"gold_gain":0.0,"event_name":"The Cleric","player_choice":"Card Removal","floor":2.0,"gold_loss":75.0,"damage_taken":0.0},{"damage_healed":0.0,"max_hp_gain":0.0,"max_hp_loss":0.0,"gold_gain":275.0,"event_name":"Golden Shrine","player_choice":"Desecrate","floor":3.0,"gold_loss":0.0,"damage_taken":0.0,"cards_obtained":["Regret"]},{"damage_healed":0.0,"max_hp_gain":0.0,"max_hp_loss":0.0,"gold_gain":0.0,"event_name":"FaceTrader","player_choice":"Trade","floor":14.0,"gold_loss":0.0,"damage_taken":0.0,"relics_obtained":["CultistMask"]},{"damage_healed":0.0,"max_hp_gain":0.0,"max_hp_loss":0.0,"gold_gain":360.0,"event_name":"Knowing Skull","player_choice":"GOLD GOLD GOLD GOLD POTION ","floor":22.0,"potions_obtained":["Strength Potion"],"gold_loss":0.0,"damage_taken":42.0,"cards_obtained":[]}],"is_beta":false,"boss_relics":[{"not_picked":["Black Blood","Tiny House"],"picked":"Busted Crown"}],"items_purged_floors":[10,21],"is_endless":false,"potions_floor_spawned":[4,6,12,16,18,20],"killed_by":"Centurion and Healer","ascension_level":20}}