{"host":"sav7uxregyirlf69","time":1614227613,"event":{"mods":["AchievementEnabler","BaseMod","Colored Map","DeckTracker","Keyboard Shortcuts","Minty Spire (QoL Compilation)","READ ME - Guardian Mod","StSLib","SuperFastMode"],"gold_per_floor":[213,288,288,46,63,63,95,95,95,109,25,25,45,61,61,132,132,151,151,151,169,181,206,219,219,219,230,32,62,81,97,97,172,172,183,198,63,80,80,108,128,163,163,163,175,175,33,49,49,49,49,49,49,49,76,76],"floor_reached":57,"language":"KOR","playtime":2354,"items_purged":["Strike_B","Defend_B"],"score":2912,"play_id":"9e9733bd-3312-42d0-9d85-be9120fe1ec6","local_time":"20210225133333","is_ascension_mode":true,"campfire_choices":[{"data":"Chaos","floor":6,"key":"SMITH"},{"floor":8,"key":"REST"},{"data":"Zap","floor":12,"key":"SMITH"},{"data":"Consume","floor":15,"key":"SMITH"},{"data":"Coolheaded","floor":25,"key":"SMITH"},{"data":"Strike_B","floor":32,"key":"PURGE"},{"data":"Defend_B","floor":46,"key":"PURGE"},{"floor":49,"key":"RECALL"},{"data":"Defend_B","floor":53,"key":"PURGE"}],"circlet_count":0,"master_deck":["AscendersBane","Zap+1","Dualcast+1","Undo","Chill","Genetic Algorithm","Chaos+1","Self Repair","Consume+1","Glacier","Seek","Hologram","Coolheaded+1","Compile Driver","Reboot","Go for the Eyes","Dark Shackles","Skim","White Noise+1"],"relics":["Cracked Core","Runic Capacitor","Ancient Tea Set","Pantograph","Inserter","Peace Pipe","The Courier","Potion Belt","Symbiotic Virus","Empty Cage","TheAbacus","InkBottle","Regal Pillow","Pen Nib"],"acts_visited":["Exordium","TheCity","TheBeyond","TheEnding"],"potions_floor_usage":[16,21,23,24,29,30,55,56,56],"damage_taken":[{"damage":1,"enemies":"Small Slimes","floor":1,"turns":4},{"damage":1,"enemies":"Jaw Worm","floor":5,"turns":6},{"damage":24,"enemies":"Lagavulin","floor":7,"turns":8},{"damage":0,"enemies":"Cultist","floor":10,"turns":3},{"damage":6,"enemies":"Exordium Wildlife","floor":13,"turns":6},{"damage":6,"enemies":"Blue Slaver","floor":14,"turns":4},{"damage":14,"enemies":"Slime Boss","floor":16,"turns":10},{"damage":6,"enemies":"Chosen","floor":18,"turns":9},{"damage":0,"enemies":"3 Byrds","floor":21,"turns":7},{"damage":27,"enemies":"Cultist and Chosen","floor":22,"turns":9},{"damage":18,"enemies":"Book of Stabbing","floor":23,"turns":5},{"damage":15,"enemies":"Centurion and Healer","floor":24,"turns":7},{"damage":0,"enemies":"Snecko","floor":27,"turns":6},{"damage":33,"enemies":"Slavers","floor":29,"turns":12},{"damage":7,"enemies":"Snake Plant","floor":30,"turns":3},{"damage":1,"enemies":"Centurion and Healer","floor":31,"turns":9},{"damage":0,"enemies":"Champ","floor":33,"turns":13},{"damage":10,"enemies":"3 Darklings","floor":35,"turns":7},{"damage":17,"enemies":"3 Shapes","floor":36,"turns":6},{"damage":0,"enemies":"Maw","floor":38,"turns":8},{"damage":7,"enemies":"Giant Head","floor":40,"turns":13},{"damage":0,"enemies":"Spire Growth","floor":41,"turns":5},{"damage":12,"enemies":"Nemesis","floor":42,"turns":11},{"damage":13,"enemies":"Jaw Worm Horde","floor":45,"turns":9},{"damage":0,"enemies":"Sphere and 2 Shapes","floor":48,"turns":6},{"damage":10,"enemies":"Time Eater","floor":50,"turns":17},{"damage":14,"enemies":"Donu and Deca","floor":51,"turns":18},{"damage":23,"enemies":"Shield and Spear","floor":55,"turns":11},{"damage":50,"enemies":"The Heart","floor":56,"turns":12}],"seed_played":"-3791832879887519953","potions_obtained":[{"floor":1,"key":"Fire Potion"},{"floor":5,"key":"SmokeBomb"},{"floor":14,"key":"AttackPotion"},{"floor":16,"key":"PowerPotion"},{"floor":18,"key":"Fruit Juice"},{"floor":21,"key":"Fruit Juice"},{"floor":23,"key":"EssenceOfDarkness"},{"floor":24,"key":"Block Potion"},{"floor":33,"key":"FairyPotion"},{"floor":36,"key":"Energy Potion"},{"floor":38,"key":"DuplicationPotion"},{"floor":39,"key":"Regen Potion"},{"floor":45,"key":"Swift Potion"}],"is_trial":false,"path_per_floor":["M","?","?","$","M","R","E","R","T","M","$","R","M","M","R","B",null,"M","?","?","M","M","E","M","R","T","M","$","E","M","M","R","B",null,"M","M","$","M","?","E","M","E","T","?","M","R","$","M","R","B","B",null,"R","$","E","B",null],"character_chosen":"DEFECT","items_purchased":["Runic Capacitor","Genetic Algorithm","Self Repair","Potion Belt","TheAbacus","Skim"],"campfire_rested":1,"item_purchase_floors":[4,4,11,28,37,47],"current_hp_per_floor":[63,52,52,52,51,51,27,48,48,48,48,48,49,50,50,64,69,70,70,70,76,56,45,42,42,42,49,49,23,23,29,29,61,76,73,63,63,70,70,70,77,72,72,72,66,66,66,73,73,78,74,79,79,79,63,44],"gold":76,"neow_bonus":"HUNDRED_GOLD","is_daily":false,"chose_seed":false,"campfire_upgraded":4,"win_rate":0.0,"timestamp":1614227613,"path_taken":["M","?","?","$","M","R","E","R","T","M","?","R","M","?","R","BOSS","M","?","?","M","?","E","M","R","T","M","$","E","?","M","R","BOSS","M","M","$","M","?","E","?","E","T","?","M","R","$","M","R","BOSS","BOSS","R","$","E","BOSS"],"items_purchased_type":["Relic","Card","Card","Relic","Relic","Card"],"build_version":"2020-12-22","purchased_purges":2,"victory":true,"max_hp_per_floor":[71,71,71,71,71,71,71,71,71,71,71,71,71,71,71,71,71,71,71,71,76,76,76,81,81,81,81,81,81,81,81,81,81,81,81,81,81,81,81,81,81,81,81,81,81,81,81,81,81,81,81,81,81,81,81,81],"card_choices":[{"not_picked":["Redo","Barrage"],"picked":"Undo","floor":1},{"not_picked":["Cold Snap","Self Repair"],"picked":"Chaos","floor":5},{"not_picked":["FTL","Beam Cell","Hello World"],"picked":"SKIP","floor":7},{"not_picked":["Tempest","Barrage","Turbo"],"picked":"SKIP","floor":10},{"not_picked":["Barrage","Reinforced Body"],"picked":"Consume","floor":13},{"not_picked":["Sunder","Ball Lightning"],"picked":"Glacier","floor":14},{"not_picked":["Biased Cognition","Amplify"],"picked":"Seek","floor":16},{"not_picked":["Streamline","Stack","Reinforced Body"],"picked":"SKIP","floor":18},{"not_picked":["Darkness","Go for the Eyes","Tempest+1"],"picked":"SKIP","floor":21},{"not_picked":["Seek","Steam","Chill"],"picked":"SKIP","floor":22},{"not_picked":["Ball Lightning","Redo"],"picked":"Hologram","floor":23},{"not_picked":["Sweeping Beam+1","Rebound"],"picked":"Coolheaded","floor":24},{"not_picked":["Scrape","Conserve Battery"],"picked":"Compile Driver","floor":27},{"not_picked":["Conserve Battery","Ball Lightning"],"picked":"Reboot","floor":29},{"not_picked":["Ball Lightning","Reprogram"],"picked":"Go for the Eyes","floor":30},{"not_picked":["Hologram","Undo","Ball Lightning"],"picked":"SKIP","floor":31},{"not_picked":["Hologram","Cold Snap","Rebound+1"],"picked":"SKIP","floor":35},{"not_picked":["Storm","Steam Power","Auto Shields+1"],"picked":"SKIP","floor":36},{"not_picked":["Glacier+1","Cold Snap","Coolheaded"],"picked":"SKIP","floor":38},{"not_picked":["Go for the Eyes","Cold Snap","Storm+1"],"picked":"SKIP","floor":40},{"not_picked":["Fission","Consume","Leap"],"picked":"SKIP","floor":41},{"not_picked":["Streamline","Barrage","Cold Snap"],"picked":"SKIP","floor":42},{"not_picked":["Purity","Jack Of All Trades"],"picked":"Dark Shackles","floor":44},{"not_picked":["Consume+1","Beam Cell+1","Gash"],"picked":"SKIP","floor":45},{"not_picked":["Static Discharge","Self Repair","Reboot"],"picked":"SKIP","floor":48},{"not_picked":["Steam Power","Double Energy"],"picked":"White Noise+1","floor":55}],"player_experience":1692424,"relics_obtained":[{"floor":7,"key":"Ancient Tea Set"},{"floor":9,"key":"Pantograph"},{"floor":23,"key":"Peace Pipe"},{"floor":26,"key":"The Courier"},{"floor":29,"key":"Symbiotic Virus"},{"floor":40,"key":"InkBottle"},{"floor":42,"key":"Regal Pillow"},{"floor":55,"key":"Pen Nib"}],"event_choices":[{"damage_healed":0,"gold_gain":75,"player_choice":"Gather Gold","damage_taken":11,"max_hp_gain":0,"max_hp_loss":0,"event_name":"World of Goop","floor":2,"gold_loss":0},{"damage_healed":0,"gold_gain":0,"cards_transformed":["Strike_B"],"player_choice":"Change","damage_taken":0,"max_hp_gain":0,"max_hp_loss":0,"event_name":"Living Wall","floor":3,"gold_loss":0,"cards_obtained":["Chill"]},{"damage_healed":0,"gold_gain":0,"player_choice":"Ignored","damage_taken":0,"max_hp_gain":0,"max_hp_loss":0,"event_name":"Ghosts","floor":19,"gold_loss":0},{"damage_healed":0,"gold_gain":0,"player_choice":"Forge","damage_taken":0,"max_hp_gain":0,"max_hp_loss":0,"event_name":"Accursed Blacksmith","floor":20,"gold_loss":0,"cards_upgraded":["Dualcast"]},{"damage_healed":0,"gold_gain":0,"player_choice":"Got Potions","damage_taken":0,"max_hp_gain":0,"max_hp_loss":0,"event_name":"Lab","floor":39,"gold_loss":0},{"damage_healed":0,"gold_gain":0,"player_choice":"Memory 1","damage_taken":0,"max_hp_gain":0,"max_hp_loss":0,"event_name":"SensoryStone","floor":44,"gold_loss":0}],"is_beta":false,"boss_relics":[{"not_picked":["Runic Pyramid","Busted Crown"],"picked":"Inserter"},{"not_picked":["Calling Bell","Snecko Eye"],"picked":"Empty Cage"}],"items_purged_floors":[28,47],"is_endless":false,"potions_floor_spawned":[1,5,14,16,18,21,23,24,33,36,38,40,42,45],"ascension_level":20}}