{"host":"5ueuk67tsx07ylcu","time":1614295124,"event":{"mods":["BaseMod","Colored Map","Colored Powertips","Downfall","Duelist Mod","GifTheSpireLib","Hermit","Infinite Spire","Lobotomy","Minty Spire (QoL Compilation)","StSLib","The Animator"],"gold_per_floor":[113,38,38,48,48,48,48,81,81,81,81,97,114,114,114,119,119],"floor_reached":16,"language":"ENG","playtime":1803,"items_purged":["hermit:Strike_Hermit"],"score":98,"play_id":"efe5debc-36fd-40e2-a393-3ddfa038b982","local_time":"20210225181844","is_ascension_mode":false,"campfire_choices":[{"data":"hermit:Snipe","floor":6,"key":"SMITH"},{"floor":10,"key":"RECALL"},{"data":"Discovery","floor":15,"key":"SMITH"}],"circlet_count":0,"master_deck":["hermit:Strike_Hermit","hermit:Strike_Hermit","hermit:Strike_Hermit","hermit:Defend_Hermit","hermit:Defend_Hermit","hermit:Defend_Hermit","hermit:Snapshot","hermit:Covet","hermit:Headshot","hermit:Snipe+1","hermit:TakeCover","hermit:Coalescence","Discovery+1","hermit:HighNoon","hermit:Scavenge"],"relics":["hermit:Momento","Omamori","infinitespire:WardingShard","Juzu Bracelet"],"acts_visited":["Exordium"],"potions_floor_usage":[13],"damage_taken":[{"damage":1,"enemies":"Cultist","floor":1,"turns":3},{"damage":0,"enemies":"2 Louse","floor":4,"turns":3},{"damage":33,"enemies":"3 Sentries","floor":8,"turns":10},{"damage":0,"enemies":"Jaw Worm","floor":12,"turns":2},{"damage":1,"enemies":"3 Louse","floor":13,"turns":5},{"damage":45,"enemies":"Hexaghost","floor":16,"turns":16}],"seed_played":"6859430482415205068","potions_obtained":[{"floor":8,"key":"Block Potion"},{"floor":13,"key":"ColorlessPotion"}],"is_trial":false,"path_per_floor":["M","$","?","M","?","R","$","E","T","R","?","M","M","?","R","B"],"character_chosen":"HERMIT","items_purchased":[],"campfire_rested":0,"item_purchase_floors":[],"current_hp_per_floor":[74,74,79,79,79,79,79,46,46,46,46,46,45,45,45,0,0],"gold":119,"neow_bonus":"REMOVE_CARD","is_daily":false,"chose_seed":false,"campfire_upgraded":2,"win_rate":0.0,"timestamp":1614295124,"path_taken":["M","$","?","M","?","R","?","E","T","R","?","?","M","?","R","BOSS"],"items_purchased_type":[],"build_version":"2020-12-22","purchased_purges":1,"victory":false,"max_hp_per_floor":[75,75,80,80,80,80,80,80,80,80,80,80,80,80,80,80,80],"card_choices":[{"not_picked":["hermit:Feint","hermit:WideOpen"],"picked":"hermit:Headshot","floor":1},{"not_picked":["hermit:WideOpen","hermit:ShadowCloak"],"picked":"hermit:Snipe","floor":4},{"not_picked":["hermit:BodyArmor","hermit:LuckOfTheDraw"],"picked":"hermit:TakeCover","floor":8},{"not_picked":["hermit:Horror","hermit:TakeAim"],"picked":"hermit:HighNoon","floor":12},{"not_picked":["hermit:Gestalt","hermit:WideOpen"],"picked":"hermit:Scavenge","floor":13}],"player_experience":335095,"relics_obtained":[{"floor":8,"key":"Omamori"},{"floor":9,"key":"infinitespire:WardingShard"}],"event_choices":[{"damage_healed":0,"gold_gain":0,"player_choice":"Donut","damage_taken":0,"max_hp_gain":5,"max_hp_loss":0,"event_name":"Big Fish","floor":3,"gold_loss":0},{"damage_healed":0,"gold_gain":0,"player_choice":"Ignored","damage_taken":0,"max_hp_gain":0,"max_hp_loss":0,"event_name":"Shining Light","floor":5,"gold_loss":0},{"damage_healed":0,"gold_gain":0,"player_choice":"2 cards matched","damage_taken":0,"max_hp_gain":0,"max_hp_loss":0,"event_name":"Match and Keep!","floor":11,"gold_loss":0,"cards_obtained":["hermit:Coalescence","Discovery"]},{"damage_healed":0,"gold_gain":0,"player_choice":"Gave Potion","damage_taken":0,"relics_obtained":["Juzu Bracelet"],"max_hp_gain":0,"max_hp_loss":0,"event_name":"WeMeetAgain","floor":14,"gold_loss":0}],"is_beta":false,"boss_relics":[],"items_purged_floors":[2],"is_endless":false,"potions_floor_spawned":[8,13],"killed_by":"Hexaghost","ascension_level":0}}