{"host":"ljaiy5ygc2blx6r2","time":1614250796,"event":{"mods":["Act Like it!","Arknights","BaseMod","Better Vampires","Challenge The Spire","Colored Powertips","Conspire","Gensokyo","HornydragonMod","JesterMod","Koishi","Marisa（F雨　魔理沙）","Minty Spire (QoL Compilation)","Pale of the Ancients","Reimu（博丽灵梦）","Reliquary","Remilia（蕾米莉亚）","Replay The Spire","RumiaBox-露米娅的神秘盒子","SOS（斯巴达之子）","StSLib","TestMod","The Administrix","The Animator","The Bug Knight","The Cursed","The Gatherer","The IronCluck","The Runesmith","The Servant 0.9.4","UnlockEverythingMod","[IsaacMod]以撒尖塔","【功能Mod】聪明的最终Boss","【遗物卡牌】REMEMod","篝火指南"],"gold_per_floor":[111,124,140,156,359,359,385,385,385,413,313,321,321,336,336,432,432,453,473,473,494,18,18,44,44,70,95,122,122,162,179,179,295,295,214,614,233,257,257,257,288,288,288,288,288,100,100,138,138,160],"floor_reached":51,"language":"ZHS","playtime":2199,"items_purged":["Strike_G"],"score":1028,"play_id":"4fd51c9e-6146-4ec1-835a-8e5a3a161b1a","local_time":"20210225185956","is_ascension_mode":true,"campfire_choices":[{"data":"Seek","floor":6.0,"key":"SMITH"},{"data":"Accuracy","floor":8.0,"key":"SMITH"},{"data":"Ghostly","floor":15.0,"key":"SMITH"},{"data":"Well Laid Plans","floor":23.0,"key":"SMITH"},{"data":"Footwork","floor":29.0,"key":"SMITH"},{"floor":32.0,"key":"DIG"},{"data":"Choke","floor":40.0,"key":"SMITH"},{"data":"Terror","floor":44,"key":"SMITH"},{"floor":49,"key":"DIG"}],"circlet_count":1,"master_deck":["Strike_G","Strike_G","Strike_G","Strike_G","Defend_G","Defend_G","Defend_G","Defend_G","Defend_G","Survivor","Neutralize","Seek+1","Outmaneuver","Accuracy+1","Cloak And Dagger","Reflex","Dodge and Roll","Flying Knee","Ghostly+1","Phantasmal Killer+1","Blade Dance","Unload","Sucker Punch","Flying Knee+1","Footwork+1","Well Laid Plans+1","Choke+1","Deflect+1","Hidden Blade+1","Sucker Punch+1","Escape Plan","Burst","Dagger Spray+1","Terror+1","Calculated Gamble","conspire:DoublingDagger+1","Madness","Madness","Distraction","Tools of the Trade"],"relics":["Ring of the Snake","HushsDoor","REME_ComplimentaryCards","testmod-Hope","D6","NeowsBlessing","Baka","Oddly Smooth Stone","BookOfRevelations","Circlet","testmod-DeterminationOfClimber","reliquary:Sod","ZombieArmy","Strawberry","Nunchaku","CrazyTorch:ReiMu","WristBlade","Basket Of Snakes","PokeGo","reliquary:Knoch","conspire:Flyswatter","testmod-IndustrialRevolution"],"acts_visited":["Exordium","TheCity","TheBeyond"],"potions_floor_usage":[],"damage_taken":[{"damage":0.0,"enemies":"Jaw Worm","floor":1.0,"turns":1.0},{"damage":0.0,"enemies":"Small Slimes","floor":2.0,"turns":1.0},{"damage":0.0,"enemies":"Cultist","floor":3.0,"turns":1.0},{"damage":24.0,"enemies":"Blue Slaver","floor":4.0,"turns":6.0},{"damage":11.0,"enemies":"Lagavulin","floor":7.0,"turns":2.0},{"damage":0.0,"enemies":"3 Sentries","floor":10.0,"turns":1.0},{"damage":0.0,"enemies":"Red Slaver","floor":12.0,"turns":3.0},{"damage":8.0,"enemies":"Exordium Wildlife","floor":14.0,"turns":6.0},{"damage":14.0,"enemies":"The Guardian","floor":16.0,"turns":11.0},{"damage":0.0,"enemies":"3 Byrds","floor":18.0,"turns":1.0},{"damage":5.0,"enemies":"conspire:FuzzyDice","floor":19.0,"turns":4.0},{"damage":0.0,"enemies":"Centurion and Healer","floor":21.0,"turns":2.0},{"damage":0.0,"enemies":"Snecko","floor":24.0,"turns":2.0},{"damage":0.0,"enemies":"Snake Plant","floor":27.0,"turns":2.0},{"damage":0.0,"enemies":"Sentry and Sphere","floor":28.0,"turns":2.0},{"damage":2.0,"enemies":"REME_1_Revenger","floor":30.0,"turns":3.0},{"damage":12.0,"enemies":"Cultist and Chosen","floor":31.0,"turns":3.0},{"damage":0.0,"enemies":"Champ","floor":33.0,"turns":3.0},{"damage":0.0,"enemies":"3 Shapes","floor":35.0,"turns":2.0},{"damage":0.0,"enemies":"Orb Walker","floor":38.0,"turns":2.0},{"damage":0.0,"enemies":"Writhing Mass","floor":41.0,"turns":2.0},{"damage":0,"enemies":"Giant Head","floor":48,"turns":1},{"damage":19,"enemies":"Time Eater","floor":50,"turns":6}],"seed_played":"-8227682724132234800","potions_obtained":[{"floor":2.0,"key":"Languid Potion"},{"floor":3.0,"key":"Milkshake"},{"floor":10.0,"key":"FearPotion"},{"floor":14.0,"key":"Adrenaline Potion"},{"floor":28.0,"key":"GhostInAJar"}],"is_trial":false,"path_per_floor":["M","M","M","M","?","R","E","R","T","E","?","M","?","M","R","B",null,"M","M","?","M","$","R","M","?","T","M","M","R","E","M","R","B",null,"M","?","$","M","$","R","M","?","T","R","?","R","?","E","R","B",null],"character_chosen":"THE_SILENT","items_purchased":["reliquary:Sod","Well Laid Plans","Choke","Basket Of Snakes","Terror","reliquary:Knoch","Distraction"],"campfire_rested":0,"item_purchase_floors":[22,22,22,37,37,46,46],"current_hp_per_floor":[70,70,70,56,56,56,50,50,50,50,50,70,70,62,62,56,70,70,70,70,70,70,70,70,70,70,77,77,77,77,71,71,80,80,80,80,80,80,80,80,80,70,70,70,70,70,70,79,79,80],"gold":160,"neow_bonus":"THREE_ENEMY_KILL","is_daily":false,"chose_seed":false,"campfire_upgraded":7,"win_rate":0.0,"timestamp":1614250796,"path_taken":["M","M","M","M","?","R","E","R","T","E","?","?","?","M","R","BOSS","M","M","?","M","$","R","M","?","T","M","?","R","E","M","R","BOSS","M","?","$","M","$","R","M","?","T","R","?","R","?","E","R","BOSS"],"items_purchased_type":["Relic","Card","Card","Relic","Card","Relic","Card"],"build_version":"2020-12-22","purchased_purges":1,"victory":true,"max_hp_per_floor":[70,70,70,70,70,70,70,70,70,70,70,70,70,70,70,70,70,70,70,70,70,70,70,70,70,70,77,77,77,77,77,77,80,80,80,80,80,80,80,80,80,80,80,80,80,80,80,80,80,80],"card_choices":[{"not_picked":[],"picked":"ChaosCard","floor":0.0},{"not_picked":["Concentrate","Poisoned Stab"],"picked":"Bomb","floor":1.0},{"not_picked":["Draining Mist","Skewer"],"picked":"Outmaneuver","floor":2.0},{"not_picked":["Slice","Tactician"],"picked":"Accuracy","floor":3.0},{"not_picked":["Bouncing Flask","Setup"],"picked":"Cloak And Dagger","floor":4.0},{"not_picked":["Heel Hook","conspire:PoisonWeapons"],"picked":"Reflex","floor":5.0},{"not_picked":["ReplayTheSpireMod:Shiv Toss","REME_GreenPollution"],"picked":"Dodge and Roll","floor":7.0},{"not_picked":["Expertise","Caltrops"],"picked":"Flying Knee","floor":10.0},{"not_picked":["Replay:Poison Smokescreen","Cloak And Dagger"],"picked":"Phantasmal Killer","floor":12.0},{"not_picked":["Acrobatics","Flechettes"],"picked":"Blade Dance","floor":14.0},{"not_picked":["REME_SpectralBlade","Replay:Bag of Tricks"],"picked":"Unload","floor":16.0},{"not_picked":["Slice+1","Blade Dance"],"picked":"Sucker Punch","floor":18.0},{"not_picked":["REME_GrazeFinale","Prepared"],"picked":"Flying Knee+1","floor":19.0},{"not_picked":["Calculated Gamble","ReplayTheSpireMod:The Works+1"],"picked":"Footwork","floor":21.0},{"not_picked":["Expertise","conspire:PoisonWeapons"],"picked":"Deflect+1","floor":24.0},{"not_picked":["Footwork","Deflect+1"],"picked":"Hidden Blade+1","floor":27.0},{"not_picked":["Masterful Stab","Well Laid Plans"],"picked":"Sucker Punch+1","floor":28.0},{"not_picked":["Underhanded Strike","Draining Mist","Heel Hook"],"picked":"SKIP","floor":30.0},{"not_picked":["Expertise","Flying Knee"],"picked":"Escape Plan","floor":31.0},{"not_picked":["Night Terror","Unload"],"picked":"Burst","floor":33.0},{"not_picked":["Sucker Punch","Backflip"],"picked":"Dagger Spray+1","floor":35.0},{"not_picked":["Flying Knee","Prepared"],"picked":"Calculated Gamble","floor":38.0},{"not_picked":["Underhanded Strike+1","Dash"],"picked":"conspire:DoublingDagger+1","floor":41.0},{"not_picked":["Draining Mist+1","Toxin Wave+1"],"picked":"Tools of the Trade","floor":48}],"player_experience":246978,"relics_obtained":[{"floor":1.0,"key":"Baka"},{"floor":7.0,"key":"Oddly Smooth Stone"},{"floor":9.0,"key":"BookOfRevelations"},{"floor":10.0,"key":"Dead Branch"},{"floor":26.0,"key":"ZombieArmy"},{"floor":27.0,"key":"Strawberry"},{"floor":30.0,"key":"Nunchaku"},{"floor":32.0,"key":"CrazyTorch:ReiMu"},{"floor":43,"key":"testmod-InjuryResistance"},{"floor":48,"key":"conspire:Flyswatter"},{"floor":49,"key":"testmod-IndustrialRevolution"}],"event_choices":[{"damage_healed":0.0,"max_hp_gain":0.0,"max_hp_loss":0.0,"gold_gain":0.0,"event_name":"conspire:LoneGhost","player_choice":"Argue","floor":11.0,"gold_loss":0.0,"damage_taken":0.0},{"damage_healed":0.0,"max_hp_gain":0.0,"max_hp_loss":0.0,"gold_gain":0.0,"event_name":"Wheel of Change","player_choice":"Full Heal","floor":13.0,"gold_loss":0.0,"damage_taken":0.0},{"damage_healed":0.0,"max_hp_gain":0.0,"max_hp_loss":0.0,"gold_gain":0.0,"event_name":"Wheel of Change","player_choice":"Full Heal","floor":20.0,"gold_loss":0.0,"damage_taken":0.0},{"damage_healed":0.0,"max_hp_gain":0.0,"max_hp_loss":0.0,"gold_gain":0.0,"event_name":"Upgrade Shrine","player_choice":"Upgraded","floor":25.0,"gold_loss":0.0,"damage_taken":0.0,"cards_upgraded":["Phantasmal Killer"]},{"damage_healed":0.0,"max_hp_gain":0.0,"max_hp_loss":0.0,"gold_gain":400.0,"event_name":"恩洛斯的盘子","player_choice":"Sell","floor":36.0,"relics_lost":["testmod-TestBox"],"gold_loss":0.0,"damage_taken":0.0},{"damage_healed":0,"gold_gain":0,"player_choice":"Embrace Madness","damage_taken":10,"max_hp_gain":0,"max_hp_loss":0,"event_name":"Winding Halls","floor":42,"gold_loss":0,"cards_obtained":["Madness","Madness"]},{"damage_healed":0,"gold_gain":0,"player_choice":"Swap Relic","damage_taken":0,"relics_obtained":["PokeGo"],"max_hp_gain":0,"max_hp_loss":0,"event_name":"给自己的盒子","floor":45,"relics_lost":["testmod-InjuryResistance"],"gold_loss":0},{"damage_healed":0,"gold_gain":0,"player_choice":"Leave","damage_taken":0,"max_hp_gain":0,"max_hp_loss":0,"event_name":"conspire:Investor","floor":47,"gold_loss":0}],"is_beta":false,"boss_relics":[{"not_picked":["Ring of Chaos","Honey Jar"],"picked":"testmod-DeterminationOfClimber"},{"not_picked":[]},{"not_picked":["MagicMushroom","Runesmith:UraniumAnvil"],"picked":"WristBlade"},{"not_picked":[]}],"items_purged_floors":[22],"is_endless":false,"potions_floor_spawned":[2,3,10,14,16,24,27,28,30,35,48],"ascension_level":3}}