{"host":"puf131q5awx2h4uh","time":1614249877,"event":{"mods":["BaseMod","Minty Spire (QoL Compilation)","Quick Restart","Shop Mod","StSLib"],"gold_per_floor":[116,136,61,75,75,102,102,129,165,177,189,201,213,213],"floor_reached":13,"language":"ZHS","playtime":219,"items_purged":["Strike_R"],"score":182,"play_id":"7fa0aa0a-7498-45fc-aa52-af798e2abc6d","local_time":"20210225184437","is_ascension_mode":true,"campfire_choices":[{"data":"Spot Weakness","floor":7,"key":"SMITH"},{"data":"Battle Trance","floor":12,"key":"SMITH"}],"circlet_count":0,"master_deck":["AscendersBane","Strike_R","Strike_R","Strike_R","Strike_R","Defend_R","Defend_R","Defend_R","Defend_R","Bash","Bloodletting","Spot Weakness+1","Uppercut+1","Battle Trance+1"],"relics":["Burning Blood","NeowsBlessing","Akabeko","MawBank","Omamori","Golden Idol"],"acts_visited":["Exordium"],"potions_floor_usage":[6,8],"damage_taken":[{"damage":0,"enemies":"Jaw Worm","floor":1,"turns":1},{"damage":0,"enemies":"Cultist","floor":2,"turns":1},{"damage":0,"enemies":"Small Slimes","floor":4,"turns":1},{"damage":25,"enemies":"Lagavulin","floor":6,"turns":7},{"damage":8,"enemies":"Gremlin Nob","floor":8,"turns":3},{"damage":30,"enemies":"3 Sentries","floor":13,"turns":4}],"seed_played":"5752807309083416820","potions_obtained":[{"floor":1,"key":"DuplicationPotion"},{"floor":4,"key":"LiquidMemories"}],"is_trial":false,"path_per_floor":["M","M","$","M","?","E","R","E","T","?","$","R","E"],"character_chosen":"IRONCLAD","items_purchased":[],"campfire_rested":0,"item_purchase_floors":[],"current_hp_per_floor":[74,75,75,75,75,56,56,54,54,28,28,28,0,0],"gold":213,"neow_bonus":"THREE_ENEMY_KILL","is_daily":false,"chose_seed":false,"campfire_upgraded":2,"win_rate":0.0,"timestamp":1614249877,"path_taken":["M","M","$","M","?","E","R","E","T","?","?","R","E"],"items_purchased_type":[],"build_version":"2020-12-22","purchased_purges":1,"victory":false,"max_hp_per_floor":[75,75,75,75,75,75,75,75,75,75,75,75,75,75],"card_choices":[{"not_picked":["Armaments","Heavy Blade"],"picked":"Bloodletting","floor":1},{"not_picked":["Armaments","Shrug It Off"],"picked":"Spot Weakness","floor":2},{"not_picked":["Rage","Spot Weakness"],"picked":"Uppercut","floor":4},{"not_picked":["Dropkick","Armaments","Blood for Blood"],"picked":"SKIP","floor":6},{"not_picked":["Hemokinesis","Thunderclap"],"picked":"Battle Trance","floor":8}],"player_experience":338381,"relics_obtained":[{"floor":6,"key":"Akabeko"},{"floor":8,"key":"MawBank"},{"floor":9,"key":"Omamori"}],"event_choices":[{"damage_healed":0,"gold_gain":0,"player_choice":"Grow","damage_taken":0,"max_hp_gain":0,"max_hp_loss":0,"event_name":"Living Wall","floor":5,"gold_loss":0,"cards_upgraded":["Uppercut"]},{"damage_healed":0,"gold_gain":0,"player_choice":"Take Damage","damage_taken":26,"relics_obtained":["Golden Idol"],"max_hp_gain":0,"max_hp_loss":0,"event_name":"Golden Idol","floor":10,"gold_loss":0}],"is_beta":false,"boss_relics":[],"items_purged_floors":[3],"is_endless":false,"potions_floor_spawned":[1,4],"killed_by":"3 Sentries","ascension_level":20}}