{"host":"sav7uxregyirlf69","time":1614225239,"event":{"mods":["AchievementEnabler","BaseMod","Colored Map","DeckTracker","Keyboard Shortcuts","Minty Spire (QoL Compilation)","READ ME - Guardian Mod","StSLib","SuperFastMode"],"gold_per_floor":[17,33,33,44,44,61,7,25,52,80,80,80,80,99,99,99,99],"floor_reached":16,"language":"KOR","playtime":245,"items_purged":[],"score":204,"play_id":"533e60cc-92f5-4d7d-9078-01d967844289","local_time":"20210225125359","is_ascension_mode":true,"campfire_choices":[{"floor":13,"key":"REST"},{"data":"Anger","floor":15,"key":"SMITH"}],"circlet_count":0,"master_deck":["AscendersBane","Strike_R+1","Strike_R","Strike_R","Defend_R","Defend_R","Defend_R+1","Defend_R","Bash","Uppercut+1","Anger+1"],"relics":["Burning Blood","Strawberry","Happy Flower","Golden Idol","SsserpentHead"],"acts_visited":["Exordium"],"potions_floor_usage":[10,14,16],"damage_taken":[{"damage":2,"enemies":"2 Louse","floor":1,"turns":4},{"damage":7,"enemies":"Small Slimes","floor":2,"turns":4},{"damage":11,"enemies":"Jaw Worm","floor":4,"turns":4},{"damage":7,"enemies":"Large Slime","floor":6,"turns":6},{"damage":21,"enemies":"Lots of Slimes","floor":8,"turns":5},{"damage":14,"enemies":"Lagavulin","floor":10,"turns":5},{"damage":15,"enemies":"Exordium Thugs","floor":14,"turns":3},{"damage":42,"enemies":"Slime Boss","floor":16,"turns":7}],"seed_played":"1597310974036152181","potions_obtained":[{"floor":1,"key":"Ancient Potion"},{"floor":2,"key":"PowerPotion"},{"floor":10,"key":"PowerPotion"}],"is_trial":false,"path_per_floor":["M","M","?","M","?","M","$","M","T","E","?","?","R","M","R","B"],"character_chosen":"IRONCLAD","items_purchased":["Strength Potion"],"campfire_rested":1,"item_purchase_floors":[7],"current_hp_per_floor":[72,71,71,66,43,42,42,27,34,26,26,26,48,39,39,0,0],"gold":99,"neow_bonus":"REMOVE_TWO","is_daily":false,"chose_seed":false,"campfire_upgraded":1,"win_rate":0.0,"timestamp":1614225239,"path_taken":["M","M","?","M","?","M","$","M","T","E","?","?","R","M","R","BOSS"],"items_purchased_type":["Potion"],"build_version":"2020-12-22","purchased_purges":0,"victory":false,"max_hp_per_floor":[75,75,75,75,75,75,75,75,82,82,74,74,74,74,74,74,74],"card_choices":[{"not_picked":["Twin Strike","Disarm"],"picked":"Uppercut","floor":1},{"not_picked":["Rampage","Cleave","Sword Boomerang"],"picked":"SKIP","floor":2},{"not_picked":["Thunderclap","Body Slam"],"picked":"Anger","floor":4},{"not_picked":["Iron Wave","Entrench","Twin Strike"],"picked":"SKIP","floor":6},{"not_picked":["Whirlwind","Perfected Strike","Warcry"],"picked":"SKIP","floor":8},{"not_picked":["Disarm","Berserk","Anger"],"picked":"SKIP","floor":10},{"not_picked":["Feel No Pain","Entrench","Havoc"],"picked":"SKIP","floor":14}],"player_experience":1692179,"relics_obtained":[{"floor":9,"key":"Strawberry"},{"floor":10,"key":"Happy Flower"}],"event_choices":[{"damage_healed":0,"gold_gain":0,"player_choice":"Grow","damage_taken":0,"max_hp_gain":0,"max_hp_loss":0,"event_name":"Living Wall","floor":3,"gold_loss":0,"cards_upgraded":["Uppercut"]},{"damage_healed":0,"gold_gain":0,"player_choice":"Entered Light","damage_taken":23,"max_hp_gain":0,"max_hp_loss":0,"event_name":"Shining Light","floor":5,"gold_loss":0,"cards_upgraded":["Strike_R","Defend_R"]},{"damage_healed":0,"gold_gain":0,"player_choice":"Lose Max HP","damage_taken":0,"relics_obtained":["Golden Idol"],"max_hp_gain":0,"max_hp_loss":8,"event_name":"Golden Idol","floor":11,"gold_loss":0},{"damage_healed":0,"gold_gain":0,"player_choice":"Trade","damage_taken":0,"relics_obtained":["SsserpentHead"],"max_hp_gain":0,"max_hp_loss":0,"event_name":"FaceTrader","floor":12,"gold_loss":0}],"is_beta":false,"boss_relics":[],"items_purged_floors":[],"is_endless":false,"potions_floor_spawned":[1,2,6,10],"killed_by":"Slime Boss","ascension_level":20}}