{"host":"lsq35p0sdkx2xifo","time":1614230829,"event":{"mods":["AchievementEnabler","BaseMod","Highlight Path","Minty Spire (QoL Compilation)","StSLib"],"gold_per_floor":[116,28,48,48,64,64,99,99,99,117,42,78,91,114,114,208,208,224,238,208,232,256,256,300,300,382,413,413,413],"floor_reached":28,"language":"ENG","playtime":1832,"items_purged":["Pain"],"score":500,"play_id":"176ad505-ea5e-483f-a5da-711a5e512e3a","local_time":"20210224212709","is_ascension_mode":true,"campfire_choices":[{"floor":8,"key":"REST"},{"floor":15,"key":"REST"},{"floor":23,"key":"REST"},{"floor":25,"key":"REST"}],"circlet_count":0,"master_deck":["AscendersBane","Strike_G","Strike_G","Strike_G","Strike_G","Strike_G","Defend_G","Defend_G","Defend_G","Defend_G","Defend_G","Survivor","Neutralize","Panache","Cloak And Dagger","Slice","Prepared","Tactician","Cloak And Dagger","Escape Plan","Outmaneuver","Envenom+1","Flechettes","Calculated Gamble","Envenom+1","Blade Dance","Blade Dance","Accuracy+1","Bane","Accuracy+1","Backflip"],"relics":["Ring of the Snake","WarpedTongs","Golden Idol","Bird Faced Urn","Frozen Egg 2","Bag of Preparation","HoveringKite","Dream Catcher","Mummified Hand","Matryoshka"],"acts_visited":["Exordium","TheCity"],"potions_floor_usage":[7,10,16,22,22,24,27],"damage_taken":[{"damage":1,"enemies":"Small Slimes","floor":1,"turns":4},{"damage":1,"enemies":"Cultist","floor":3,"turns":4},{"damage":0,"enemies":"Jaw Worm","floor":5,"turns":5},{"damage":16,"enemies":"Gremlin Nob","floor":7,"turns":4},{"damage":5,"enemies":"Gremlin Gang","floor":10,"turns":5},{"damage":33,"enemies":"Lagavulin","floor":12,"turns":8},{"damage":0,"enemies":"3 Louse","floor":13,"turns":2},{"damage":0,"enemies":"Red Slaver","floor":14,"turns":3},{"damage":6,"enemies":"The Guardian","floor":16,"turns":13},{"damage":18,"enemies":"Chosen","floor":18,"turns":4},{"damage":26,"enemies":"Spheric Guardian","floor":19,"turns":5},{"damage":16,"enemies":"Snake Plant","floor":21,"turns":4},{"damage":9,"enemies":"Centurion and Healer","floor":22,"turns":5},{"damage":27,"enemies":"Slavers","floor":24,"turns":5},{"damage":30,"enemies":"Gremlin Leader","floor":27,"turns":4},{"damage":18,"enemies":"3 Cultists","floor":28,"turns":3}],"seed_played":"6952057575359570874","potions_obtained":[{"floor":5,"key":"SkillPotion"},{"floor":7,"key":"SneckoOil"},{"floor":12,"key":"Block Potion"},{"floor":20,"key":"Poison Potion"},{"floor":20,"key":"Fire Potion"},{"floor":22,"key":"Strength Potion"},{"floor":24,"key":"Block Potion"}],"is_trial":false,"path_per_floor":["M","$","M","?","M","?","E","R","T","M","$","E","M","M","R","B",null,"M","M","?","M","M","R","E","R","T","E","M"],"character_chosen":"THE_SILENT","items_purchased":["Slice","Prepared"],"campfire_rested":4,"item_purchase_floors":[2,2],"current_hp_per_floor":[43,43,42,42,42,42,26,44,44,41,41,10,14,18,36,34,54,42,22,22,12,11,29,10,28,28,8,0,0],"gold":413,"neow_bonus":"RANDOM_COLORLESS_2","is_daily":false,"chose_seed":false,"campfire_upgraded":0,"win_rate":0.0,"timestamp":1614230829,"path_taken":["M","$","M","?","?","?","E","R","T","M","$","E","M","M","R","BOSS","M","M","?","M","M","R","E","R","T","E","?"],"items_purchased_type":["Card","Card"],"build_version":"2020-12-22","purchased_purges":1,"victory":false,"max_hp_per_floor":[66,66,66,66,66,60,60,60,60,60,60,60,60,60,60,60,60,60,60,60,60,60,60,60,60,60,60,60,60],"card_choices":[{"not_picked":["Thinking Ahead","Violence"],"picked":"Panache","floor":0},{"not_picked":["Flying Knee","Quick Slash"],"picked":"Cloak And Dagger","floor":1},{"not_picked":["Poisoned Stab","Quick Slash"],"picked":"Tactician","floor":3},{"not_picked":["Skewer","Poisoned Stab"],"picked":"Cloak And Dagger","floor":5},{"not_picked":["Caltrops","Dagger Throw"],"picked":"Escape Plan","floor":7},{"not_picked":["Setup","Predator"],"picked":"Outmaneuver","floor":10},{"not_picked":["Bane","Setup"],"picked":"Envenom+1","floor":12},{"not_picked":["Slice","Dagger Spray"],"picked":"Flechettes","floor":13},{"not_picked":["Underhanded Strike","Deadly Poison"],"picked":"Calculated Gamble","floor":14},{"not_picked":["Doppelganger","Night Terror"],"picked":"Envenom+1","floor":16},{"not_picked":["Slice","Skewer"],"picked":"Blade Dance","floor":18},{"not_picked":["Tactician","Dagger Spray"],"picked":"Blade Dance","floor":19},{"not_picked":["Flying Knee","Sucker Punch"],"picked":"Accuracy+1","floor":21},{"not_picked":["Flying Knee+1","Dagger Throw+1"],"picked":"Bane","floor":22},{"not_picked":["Grand Finale","Blade Dance","Deadly Poison"],"picked":"SKIP","floor":24},{"not_picked":["Backstab","Acrobatics"],"picked":"Accuracy+1","floor":25},{"not_picked":["Leg Sweep","Wraith Form v2+1"],"picked":"Backflip","floor":27}],"player_experience":1319352,"relics_obtained":[{"floor":7,"key":"Bird Faced Urn"},{"floor":9,"key":"Frozen Egg 2"},{"floor":12,"key":"Bag of Preparation"},{"floor":24,"key":"Dream Catcher"},{"floor":26,"key":"Mummified Hand"},{"floor":27,"key":"Matryoshka"}],"event_choices":[{"damage_healed":0,"gold_gain":0,"player_choice":"Rummage","damage_taken":0,"relics_obtained":["WarpedTongs"],"max_hp_gain":0,"max_hp_loss":0,"event_name":"Accursed Blacksmith","floor":4,"gold_loss":0,"cards_obtained":["Pain"]},{"damage_healed":0,"gold_gain":0,"player_choice":"Lose Max HP","damage_taken":0,"relics_obtained":["Golden Idol"],"max_hp_gain":0,"max_hp_loss":6,"event_name":"Golden Idol","floor":6,"gold_loss":0},{"damage_healed":0,"gold_gain":0,"player_choice":"Bought 2 Potions","damage_taken":0,"max_hp_gain":0,"max_hp_loss":0,"event_name":"The Woman in Blue","floor":20,"gold_loss":0}],"is_beta":false,"boss_relics":[{"not_picked":["SacredBark","Tiny House"],"picked":"HoveringKite"}],"items_purged_floors":[11],"is_endless":false,"potions_floor_spawned":[5,7,12,22,24],"killed_by":"3 Cultists","ascension_level":17}}