{"host":"15dd7v8o90xso62x","time":1614257667,"event":{"mods":["BaseMod","Minty Spire (QoL Compilation)","Quick Restart","StSLib","SuperFastMode"],"gold_per_floor":[10,10,23,39,54,54,54,54,81,97,136,62,101,101,101,101,101],"floor_reached":16,"language":"KOR","playtime":437,"items_purged":[],"score":220,"play_id":"60d88ab9-8a3b-4dbf-9c95-1d4495610e66","local_time":"20210225215427","is_ascension_mode":true,"campfire_choices":[{"data":"Uppercut","floor":6.0,"key":"SMITH"},{"data":"Dropkick","floor":8.0,"key":"SMITH"},{"data":"Evolve","floor":15,"key":"SMITH"}],"circlet_count":0,"master_deck":["AscendersBane","Strike_R","Strike_R+1","Defend_R","Defend_R","Defend_R","Bash+1","Dropkick+1","Uppercut+1","Battle Trance","Evolve+1"],"relics":["Burning Blood","Golden Idol","Whetstone","CeramicFish","Juzu Bracelet"],"acts_visited":[],"potions_floor_usage":[],"damage_taken":[{"damage":7.0,"enemies":"Cultist","floor":1.0,"turns":4.0},{"damage":10.0,"enemies":"2 Louse","floor":3.0,"turns":4.0},{"damage":10.0,"enemies":"Small Slimes","floor":4.0,"turns":3.0},{"damage":9.0,"enemies":"Looter","floor":5.0,"turns":3.0},{"damage":1.0,"enemies":"2 Fungi Beasts","floor":10.0,"turns":2.0},{"damage":5.0,"enemies":"Lagavulin","floor":11.0,"turns":3.0},{"damage":8.0,"enemies":"Gremlin Nob","floor":13.0,"turns":3.0},{"damage":35,"enemies":"Hexaghost","floor":16,"turns":7}],"seed_played":"-7717594803861864308","potions_obtained":[{"floor":3.0,"key":"SkillPotion"},{"floor":4.0,"key":"PowerPotion"},{"floor":11.0,"key":"SteroidPotion"}],"is_trial":false,"path_per_floor":["M","?","M","M","M","R","?","R","T","M","E","$","E","?","R","B"],"character_chosen":"IRONCLAD","items_purchased":["Evolve"],"campfire_rested":0,"item_purchase_floors":[12],"current_hp_per_floor":[67,41,37,33,30,30,30,30,30,35,36,36,34,34,34,0,0],"gold":101,"neow_bonus":"REMOVE_TWO","is_daily":false,"chose_seed":false,"campfire_upgraded":3,"win_rate":0.0,"timestamp":1614257667,"path_taken":["M","?","M","M","M","R","?","R","T","M","E","$","E","?","R","BOSS"],"items_purchased_type":["Card"],"build_version":"2020-12-22","purchased_purges":0,"victory":false,"max_hp_per_floor":[75,75,75,75,75,75,75,75,75,75,75,75,75,75,75,75,75],"card_choices":[{"not_picked":["Clash","Sever Soul"],"picked":"Dropkick","floor":1.0},{"not_picked":["Heavy Blade","Iron Wave","Uppercut"],"picked":"SKIP","floor":3.0},{"not_picked":["Heavy Blade","Iron Wave"],"picked":"Uppercut","floor":3.0},{"not_picked":["Sword Boomerang","True Grit","Sever Soul"],"picked":"SKIP","floor":4.0},{"not_picked":["Combust","Cleave","Twin Strike"],"picked":"SKIP","floor":5.0},{"not_picked":["Clothesline","Perfected Strike"],"picked":"Battle Trance","floor":10.0},{"not_picked":["Heavy Blade","Iron Wave","Reckless Charge"],"picked":"SKIP","floor":11.0},{"not_picked":["True Grit","Hemokinesis","Sever Soul"],"picked":"SKIP","floor":13.0}],"player_experience":973808,"relics_obtained":[{"floor":9.0,"key":"Whetstone"},{"floor":11.0,"key":"CeramicFish"},{"floor":13.0,"key":"Juzu Bracelet"}],"event_choices":[{"damage_healed":0.0,"max_hp_gain":0.0,"max_hp_loss":0.0,"gold_gain":0.0,"event_name":"Golden Idol","player_choice":"Take Damage","floor":2.0,"gold_loss":0.0,"damage_taken":26.0,"relics_obtained":["Golden Idol"]},{"cards_removed":["Strike_R"],"damage_healed":0.0,"max_hp_gain":0.0,"max_hp_loss":0.0,"gold_gain":0.0,"event_name":"Bonfire Elementals","player_choice":"Offered Basic","floor":7.0,"gold_loss":0.0,"damage_taken":0.0},{"cards_removed":["Strike_R"],"damage_healed":0,"gold_gain":0,"player_choice":"Forget","damage_taken":0,"max_hp_gain":0,"max_hp_loss":0,"event_name":"Living Wall","floor":14,"gold_loss":0}],"is_beta":false,"boss_relics":[],"items_purged_floors":[],"is_endless":false,"potions_floor_spawned":[3,4,11],"killed_by":"Hexaghost","ascension_level":20}}