{"host":"edxvja3o9k759ope","time":1614271346,"event":{"mods":["BaseMod","Bestiary","Minty Spire (QoL Compilation)","Relic Stats","Slay the Relics Exporter","StSLib"],"gold_per_floor":[118,1,15,15,15,49,65,99,99,125,144,144,144,187,187,311,311,329,329,254,3,19,60,60,100,100,139,159,179,179,199,199,323,323,337,337,362,381,225,225,263,263,263,263,329,229,250,313,313,313,313,313,5,49,49],"floor_reached":56,"language":"ENG","playtime":83010,"items_purged":["Strike_G+1","Strike_G+1","Strike_G+1"],"score":1803,"play_id":"713027c9-d8f9-415a-83cd-eba49a237bac","local_time":"20210225104226","is_ascension_mode":true,"campfire_choices":[{"floor":12,"key":"REST"},{"data":"Neutralize","floor":15,"key":"SMITH"},{"data":"Noxious Fumes","floor":24,"key":"SMITH"},{"data":"Wraith Form v2","floor":30,"key":"SMITH"},{"data":"Deadly Poison","floor":32,"key":"SMITH"},{"floor":40,"key":"RECALL"},{"data":"Backflip","floor":42,"key":"SMITH"},{"data":"After Image","floor":49,"key":"SMITH"},{"data":"Acrobatics","floor":52,"key":"SMITH"}],"circlet_count":0,"master_deck":["AscendersBane","Strike_G+1","Strike_G+1","Defend_G+1","Defend_G+1","Defend_G+1","Defend_G+1","Survivor+1","Neutralize+1","Dash","Crippling Poison+1","Noxious Fumes+1","Deadly Poison+1","Dodge and Roll","Backflip+1","Heel Hook","Blade Dance","After Image+1","Acrobatics+1","Acrobatics+1","Wraith Form v2+1","Acrobatics+1","Sucker Punch+1","Die Die Die","CurseOfTheBell","Caltrops+1","After Image","Bouncing Flask+1","Dark Shackles","Catalyst+1","Catalyst+1","Crippling Poison","PiercingWail"],"relics":["Ring of the Snake","NeowsBlessing","WarpedTongs","Eternal Feather","War Paint","Mercury Hourglass","Torii","Golden Idol","Blood Vial","Velvet Choker","ClockworkSouvenir","Blue Candle","Centennial Puzzle","Letter Opener","Shuriken","Calling Bell","Anchor","Ornamental Fan","Mango","Toy Ornithopter","StoneCalendar","TungstenRod","Sling","InkBottle"],"acts_visited":["Exordium","TheCity","TheBeyond","TheEnding"],"potions_floor_usage":[8,10,23,45,50,54,55],"damage_taken":[{"damage":0,"enemies":"Small Slimes","floor":1,"turns":1},{"damage":0,"enemies":"Cultist","floor":3,"turns":1},{"damage":1,"enemies":"Gremlin Nob","floor":6,"turns":1},{"damage":5,"enemies":"Jaw Worm","floor":7,"turns":4},{"damage":23,"enemies":"3 Sentries","floor":8,"turns":9},{"damage":9,"enemies":"Lagavulin","floor":10,"turns":5},{"damage":3,"enemies":"2 Fungi Beasts","floor":11,"turns":3},{"damage":10,"enemies":"3 Sentries","floor":14,"turns":8},{"damage":16,"enemies":"The Guardian","floor":16,"turns":10},{"damage":5,"enemies":"2 Thieves","floor":18,"turns":4},{"damage":0,"enemies":"Spheric Guardian","floor":22,"turns":5},{"damage":22,"enemies":"Gremlin Leader","floor":23,"turns":6},{"damage":20,"enemies":"Slavers","floor":25,"turns":5},{"damage":4,"enemies":"Book of Stabbing","floor":27,"turns":6},{"damage":2,"enemies":"3 Cultists","floor":28,"turns":5},{"damage":2,"enemies":"Snecko","floor":29,"turns":5},{"damage":7,"enemies":"Snake Plant","floor":31,"turns":4},{"damage":8,"enemies":"Automaton","floor":33,"turns":9},{"damage":7,"enemies":"3 Shapes","floor":35,"turns":5},{"damage":1,"enemies":"Orb Walker","floor":37,"turns":4},{"damage":7,"enemies":"Writhing Mass","floor":38,"turns":6},{"damage":17,"enemies":"Reptomancer","floor":41,"turns":6},{"damage":3,"enemies":"2 Orb Walkers","floor":45,"turns":6},{"damage":0,"enemies":"Spire Growth","floor":47,"turns":5},{"damage":3,"enemies":"Mind Bloom Boss Battle","floor":48,"turns":5},{"damage":56,"enemies":"Awakened One","floor":50,"turns":13},{"damage":24,"enemies":"Shield and Spear","floor":54,"turns":7},{"damage":14,"enemies":"The Heart","floor":55,"turns":9}],"seed_played":"-5708215435808261612","potions_obtained":[{"floor":3,"key":"Regen Potion"},{"floor":8,"key":"DuplicationPotion"},{"floor":16,"key":"Strength Potion"},{"floor":18,"key":"GhostInAJar"},{"floor":25,"key":"PowerPotion"},{"floor":37,"key":"DuplicationPotion"},{"floor":45,"key":"PowerPotion"},{"floor":54,"key":"AttackPotion"}],"is_trial":false,"path_per_floor":["M","$","M","?","?","E","M","E","T","E","M","R","?","E","R","B",null,"M","?","?","$","M","E","R","E","T","E","M","M","R","M","R","B",null,"M","?","M","M","$","R","E","R","T","?","?","$","M","?","R","B",null,"R","$","E","B",null],"character_chosen":"THE_SILENT","items_purchased":["Crippling Poison","Noxious Fumes","ClockworkSouvenir","Trip","Dark Shackles","Sling","Crippling Poison"],"campfire_rested":1,"item_purchase_floors":[2,2,21,21,39,53,53],"current_hp_per_floor":[63,63,63,49,49,48,43,35,35,26,23,56,56,46,58,44,60,57,57,57,57,59,39,54,36,36,34,34,34,49,44,59,53,76,71,71,72,67,67,79,62,79,79,79,76,76,78,76,79,28,66,79,79,60,53],"gold":49,"neow_bonus":"THREE_ENEMY_KILL","is_daily":false,"chose_seed":false,"campfire_upgraded":7,"win_rate":0.0,"timestamp":1614271346,"path_taken":["M","$","M","?","?","E","?","E","T","E","M","R","?","E","R","BOSS","M","?","?","$","M","E","R","E","T","E","M","M","R","M","R","BOSS","M","?","?","M","$","R","E","R","T","?","?","$","M","?","R","BOSS","R","$","E","BOSS"],"items_purchased_type":["Card","Card","Relic","Card","Card","Relic","Card"],"build_version":"2020-12-22","purchased_purges":3,"victory":true,"max_hp_per_floor":[70,70,70,70,70,70,70,70,70,70,70,70,65,65,65,65,65,65,65,65,65,65,65,65,65,65,65,65,65,65,65,65,65,79,79,79,79,79,79,79,79,79,79,79,79,79,79,79,79,79,79,79,79,79,79],"relic_stats":{"Torii":56,"counters":[28,154],"Golden Idol":209,"Blue Candle":[0],"Eternal Feather":114,"StoneCalendar":[156],"Letter Opener":[196],"War Paint":["Defend_G","Crippling Poison"],"WarpedTongs":[131],"Mercury Hourglass":[584],"Blood Vial":31,"Centennial Puzzle":[42],"Shuriken":[19],"Ornamental Fan":[52],"obtain_stats":[{"NeowsBlessing":0,"Torii":10,"Golden Idol":13,"Blue Candle":23,"Velvet Choker":17,"Eternal Feather":6,"Mango":34,"StoneCalendar":45,"Letter Opener":26,"War Paint":8,"Sling":53,"WarpedTongs":5,"Mercury Hourglass":9,"ClockworkSouvenir":21,"Blood Vial":14,"Calling Bell":34,"Centennial Puzzle":25,"Anchor":34,"Shuriken":27,"Ornamental Fan":34,"Toy Ornithopter":41,"TungstenRod":48,"InkBottle":54,"Ring of the Snake":0},{"NeowsBlessing":0,"Torii":6,"Golden Idol":7,"Blue Candle":12,"Velvet Choker":9,"Eternal Feather":3,"Mango":18,"StoneCalendar":23,"Letter Opener":13,"War Paint":5,"Sling":26,"WarpedTongs":2,"Mercury Hourglass":5,"ClockworkSouvenir":10,"Blood Vial":8,"Calling Bell":18,"Centennial Puzzle":13,"Anchor":18,"Shuriken":14,"Ornamental Fan":18,"Toy Ornithopter":22,"TungstenRod":25,"InkBottle":27,"Ring of the Snake":0},{"NeowsBlessing":0,"Torii":21,"Golden Idol":24,"Blue Candle":56,"Velvet Choker":41,"Eternal Feather":3,"Mango":90,"StoneCalendar":116,"Letter Opener":61,"War Paint":16,"Sling":139,"WarpedTongs":2,"Mercury Hourglass":16,"ClockworkSouvenir":45,"Blood Vial":31,"Calling Bell":90,"Centennial Puzzle":61,"Anchor":90,"Shuriken":67,"Ornamental Fan":90,"Toy Ornithopter":110,"TungstenRod":126,"InkBottle":146,"Ring of the Snake":0}],"Toy Ornithopter":15,"TungstenRod":36,"InkBottle":[2],"Ring of the Snake":[56]},"card_choices":[{"not_picked":["Prepared","Underhanded Strike"],"picked":"Dash","floor":1},{"not_picked":["Masterful Stab","Riddle With Holes","Deflect"],"picked":"SKIP","floor":3},{"not_picked":["Riddle With Holes","Dagger Spray"],"picked":"Deadly Poison","floor":6},{"not_picked":["Quick Slash","Slice"],"picked":"Dodge and Roll","floor":7},{"not_picked":["Blur","Setup"],"picked":"Backflip","floor":8},{"not_picked":["Riddle With Holes","A Thousand Cuts"],"picked":"Heel Hook","floor":10},{"not_picked":["Outmaneuver","Quick Slash","Deflect"],"picked":"SKIP","floor":11},{"not_picked":["Dagger Throw","Flechettes"],"picked":"Blade Dance","floor":14},{"not_picked":["Tools of the Trade","Storm of Steel"],"picked":"After Image","floor":16},{"not_picked":["Poisoned Stab","Eviscerate"],"picked":"Acrobatics","floor":18},{"not_picked":["Cloak And Dagger","Outmaneuver"],"picked":"Acrobatics+1","floor":22},{"not_picked":["Setup","Choke","Bane"],"picked":"SKIP","floor":23},{"not_picked":["Leg Sweep+1","Slice"],"picked":"Wraith Form v2","floor":25},{"not_picked":["Escape Plan","All Out Attack"],"picked":"Acrobatics+1","floor":27},{"not_picked":["Predator","Quick Slash","Dagger Throw"],"picked":"SKIP","floor":28},{"not_picked":["Predator","Eviscerate","Poisoned Stab"],"picked":"SKIP","floor":29},{"not_picked":["Underhanded Strike","Escape Plan"],"picked":"Sucker Punch+1","floor":31},{"not_picked":["Glass Knife","Grand Finale"],"picked":"Die Die Die","floor":33},{"not_picked":["Concentrate","Deflect+1"],"picked":"Caltrops+1","floor":35},{"not_picked":["Underhanded Strike+1","Blade Dance+1"],"picked":"Bouncing Flask+1","floor":37},{"not_picked":["Underhanded Strike","Finisher+1","Setup"],"picked":"SKIP","floor":38},{"not_picked":["Heel Hook","Dagger Spray+1","Die Die Die"],"picked":"SKIP","floor":41},{"not_picked":["Deflect+1","Bane+1"],"picked":"Catalyst+1","floor":47},{"not_picked":["Bullet Time","Slice+1"],"picked":"Catalyst+1","floor":48},{"not_picked":["Outmaneuver+1","Deadly Poison"],"picked":"PiercingWail","floor":54}],"player_experience":839171,"relics_obtained":[{"floor":6,"key":"Eternal Feather"},{"floor":8,"key":"War Paint"},{"floor":9,"key":"Mercury Hourglass"},{"floor":10,"key":"Torii"},{"floor":14,"key":"Blood Vial"},{"floor":23,"key":"Blue Candle"},{"floor":25,"key":"Centennial Puzzle"},{"floor":26,"key":"Letter Opener"},{"floor":27,"key":"Shuriken"},{"floor":34,"key":"Anchor"},{"floor":34,"key":"Ornamental Fan"},{"floor":34,"key":"Mango"},{"floor":41,"key":"Toy Ornithopter"},{"floor":45,"key":"StoneCalendar"},{"floor":48,"key":"TungstenRod"},{"floor":54,"key":"InkBottle"}],"event_choices":[{"damage_healed":0,"gold_gain":0,"player_choice":"Entered Light","damage_taken":14,"max_hp_gain":0,"max_hp_loss":0,"event_name":"Shining Light","floor":4,"gold_loss":0,"cards_upgraded":["Survivor","Defend_G"]},{"damage_healed":0,"gold_gain":0,"player_choice":"Rummage","damage_taken":0,"relics_obtained":["WarpedTongs"],"max_hp_gain":0,"max_hp_loss":0,"event_name":"Accursed Blacksmith","floor":5,"gold_loss":0,"cards_obtained":["Pain"]},{"damage_healed":0,"gold_gain":0,"player_choice":"Lose Max HP","damage_taken":0,"relics_obtained":["Golden Idol"],"max_hp_gain":0,"max_hp_loss":5,"event_name":"Golden Idol","floor":13,"gold_loss":0},{"damage_healed":0,"gold_gain":0,"player_choice":"Simplicity","damage_taken":0,"max_hp_gain":0,"max_hp_loss":0,"event_name":"Back to Basics","floor":19,"gold_loss":0,"cards_upgraded":["Strike_G","Strike_G","Strike_G","Strike_G","Strike_G","Defend_G","Defend_G","Defend_G"]},{"cards_removed":["Pain"],"damage_healed":0,"gold_gain":0,"player_choice":"Gave Gold","damage_taken":0,"max_hp_gain":0,"max_hp_loss":0,"event_name":"Beggar","floor":20,"gold_loss":75},{"damage_healed":0,"gold_gain":0,"cards_transformed":["Defend_G"],"player_choice":"Transformed","damage_taken":0,"max_hp_gain":0,"max_hp_loss":0,"event_name":"Transmorgrifier","floor":36,"gold_loss":0,"cards_obtained":["After Image"]},{"cards_removed":["Trip"],"damage_healed":0,"gold_gain":0,"player_choice":"Removed Skill","damage_taken":0,"max_hp_gain":0,"max_hp_loss":0,"event_name":"Falling","floor":44,"gold_loss":0},{"damage_healed":0,"gold_gain":0,"player_choice":"Fight","damage_taken":0,"max_hp_gain":0,"max_hp_loss":0,"event_name":"Mysterious Sphere","floor":45,"gold_loss":0},{"damage_healed":0,"gold_gain":0,"player_choice":"Fight","damage_taken":0,"max_hp_gain":0,"max_hp_loss":0,"event_name":"MindBloom","floor":48,"gold_loss":0}],"is_beta":false,"boss_relics":[{"not_picked":["Fusion Hammer","Ring of the Serpent"],"picked":"Velvet Choker"},{"not_picked":["Philosopher\u0027s Stone","WristBlade"],"picked":"Calling Bell"}],"items_purged_floors":[39,46,53],"is_endless":false,"potions_floor_spawned":[3,8,16,18,25,29,31,37,41,45,54],"ascension_level":11}}