{"host":"gn96mxb33x5p409u","time":1614292569,"event":{"mods":["2.2 Compatiblity","AchievementEnabler","Act Like it!","BaseMod","Colored Powertips","Downfall","Hubris","Infinite Spire","Library of Ruina","Library of Ruina Extra","Minty Spire (QoL Compilation)","Replay The Spire","Ruina","StSLib","The Animator"],"gold_per_floor":[110,110,110,110,110,110,128,138,138,164,177,193,193,210,210,306,306,317,317,317,6,24,41,41,71,71,85,97,127,144,172,172,268,268,280,280,280],"floor_reached":36,"language":"ENG","playtime":3318,"items_purged":["Dodge","Doubt"],"score":501,"play_id":"cd9d22c7-2e44-46d3-9c26-400cdbc9bf15","local_time":"20210226003609","is_ascension_mode":false,"campfire_choices":[{"floor":6,"key":"REST"},{"floor":15,"key":"RECALL"},{"data":"UndertakePrescript","floor":32,"key":"SMITH"}],"circlet_count":0,"master_deck":["LightDefense","LightAttack","LightAttack","LightAttack","LightDefense","LightDefense","LightDefense+1","ChargeAndCover+1","FocusedStrikes+1","ScatteringSlash","PreemptiveStrike+1","Cruelty","FlyingSword","BiXi","Parry","Deflect_lor","Eliminate","BladeWhirl+1","CookingPrep","SharpenedBlade","BackAttack","AsThePrescriptOrders","UndertakePrescript+1","ExtremeEdge"],"relics":["PageOfLibrarian","Toy Ornithopter","Lantern","Boot","Black Star","hubris:TenFootPole","ReplayTheSpireMod:TigerMarble","Replay:Baseball","hubris:PeanutButter","Anchor","Mercury Hourglass","ReplayTheSpireMod:Shallot","Art of War","Strawberry","WingedGreaves","hubris:ScarierMask"],"acts_visited":["Exordium","ruina:Briah","TheBeyond"],"potions_floor_usage":[16,16,16,23,25,30,30,33,36],"damage_taken":[{"damage":5,"enemies":"2 Louse","floor":1,"turns":3},{"damage":0,"enemies":"Cultist","floor":7,"turns":3},{"damage":0,"enemies":"Small Slimes","floor":8,"turns":2},{"damage":6,"enemies":"Replay:BlueRogue","floor":10,"turns":4},{"damage":0,"enemies":"2 Fungi Beasts","floor":11,"turns":2},{"damage":7,"enemies":"Exordium Thugs","floor":12,"turns":5},{"damage":9,"enemies":"Exordium Wildlife","floor":14,"turns":3},{"damage":40,"enemies":"The Guardian","floor":16,"turns":7},{"damage":23,"enemies":"ruina:3_Bats","floor":18,"turns":6},{"damage":25,"enemies":"ruina:Nosferatu","floor":22,"turns":7},{"damage":0,"enemies":"ruina:QueenOfHate","floor":23,"turns":4},{"damage":0,"enemies":"ruina:RoadHome","floor":25,"turns":2},{"damage":0,"enemies":"ruina:KnightOfDespair","floor":27,"turns":4},{"damage":0,"enemies":"ruina:3_Scarecrows","floor":28,"turns":5},{"damage":20,"enemies":"ruina:Mountain","floor":29,"turns":4},{"damage":0,"enemies":"ruina:KingOfGreed","floor":30,"turns":3},{"damage":0,"enemies":"ruina:RoadHome","floor":31,"turns":3},{"damage":39,"enemies":"ruina:Red_and_Wolf","floor":33,"turns":9},{"damage":0,"enemies":"Orb Walker","floor":35,"turns":2},{"damage":0,"enemies":"infinitespire:Three Voidlings","floor":36,"turns":1},{"damage":92,"enemies":"Nightmare_Alpha","floor":36,"turns":9}],"seed_played":"1940090703293242413","potions_obtained":[{"floor":7,"key":"Ancient Potion"},{"floor":8,"key":"hexamod:SoulburnPotion"},{"floor":11,"key":"Strength Potion"},{"floor":18,"key":"infinitespire:BlackPotion"},{"floor":22,"key":"Block Potion"},{"floor":28,"key":"SpeedPotion"},{"floor":29,"key":"SteroidPotion"},{"floor":31,"key":"SpeedPotion"},{"floor":33,"key":"FearPotion"}],"is_trial":false,"path_per_floor":["M","?","T","?","?","R","M","M","T","E","M","M","?","M","R","B",null,"M","AVR","?","$","M","M","?","E","T","M","M","E","M","E","R","B",null,"M","?"],"character_chosen":"Librarian","items_purchased":["Eliminate","Replay:Baseball"],"campfire_rested":1,"item_purchase_floors":[21,21],"current_hp_per_floor":[55,55,55,55,39,62,62,62,62,61,63,56,56,57,57,45,79,56,56,56,56,31,36,36,43,43,43,43,24,35,42,42,18,78,78,0,0],"gold":280,"neow_bonus":"RANDOM_COMMON_RELIC","is_daily":false,"chose_seed":false,"campfire_upgraded":1,"win_rate":0.0,"timestamp":1614292569,"path_taken":["M","?","?","?","?","R","M","M","T","E","M","?","?","M","R","BOSS","M","AVR","?","$","M","M","?","E","T","M","M","E","?","E","R","BOSS","M","?"],"items_purchased_type":["Card","Relic"],"build_version":"2020-12-22","purchased_purges":2,"victory":false,"max_hp_per_floor":[78,78,78,78,78,78,65,70,70,67,68,76,76,63,71,79,79,68,68,68,68,63,88,88,88,88,88,88,88,88,76,78,78,78,78,78,78],"card_choices":[{"not_picked":["CookingPrep","YouOnlyLiveOnce","EnergyShield","SomberProcuration","Parry","FleetFootsteps","ClassAndRespect","SkyClearingCut"],"picked":"ScatteringSlash","floor":1},{"not_picked":["ExtractFuel","LoosenUp","UnavoidableGaze","FierceOnslaught","BiXi","Wallop_lor","Feast","ShrineToMusic"],"picked":"PreemptiveStrike","floor":7},{"not_picked":["InhaleSmoke","FierceCharge","Pound","Standoff","Wallop_lor","ShockRound","FrontalAssault","Fence"],"picked":"Cruelty","floor":8},{"not_picked":["HighSpeedStabbing","WillOfThePrescript","RatsGuideToSurvival","HandleRequest","Leap_lor","AutonomousRush","EndlessBattle","DimensionalRift"],"picked":"FlyingSword","floor":10},{"not_picked":["Outburst","BattleCommand","RushDown","Castigation","StrongStrike","Faith","FocusFire","DefenseOrder"],"picked":"BiXi","floor":11},{"not_picked":["NightInTheBackstreets","CoordinatedAssault","FleetEdge","Rewind","TimeForALittleTest","ToOvercomeCrisis","Leap_lor","FlashOfSunup","SearingSword"],"picked":"SKIP","floor":12},{"not_picked":["DefenseOrder","Retaliate","HighKick","LoosenUp","EndlessBattle","BiAn","IngredientHunt","AssaultOrder"],"picked":"Parry","floor":14},{"not_picked":["Commandeering","FleshFillet"],"picked":"Deflect_lor","floor":16},{"not_picked":["SetFire","Diversion","RepressedFlesh","DestructiveImpact","EnergyShield+1","BindingChains+1","RhinoRam+1","UnavoidableGaze","HiddenBlade+1"],"picked":"SKIP","floor":18},{"not_picked":["StrongStrike+1","IdentifyWeakpoint","HardRehearsal+1","SharpSwipe+1","WillProduceFineSilk","SparkingSpear","Parry","EnergyStrike"],"picked":"BladeWhirl+1","floor":22},{"not_picked":["SerpentineBarrier","HiddenBlade","Brawl","Rewind","CombatPreparation+1","Marionette","ClassAndRespect+1","Concentration"],"picked":"CookingPrep","floor":23},{"not_picked":["Thrust","SuppressingShot+1","Parry2","FrontalAssault","TimeForALittleTest","EnergyConversion","CombatPreparation","Deflect_lor","Leap_lor"],"picked":"SKIP","floor":25},{"not_picked":["EnergyStrike+1","Guardian_lor+1","SharpSwipe+1","BackAttack","FierceOnslaught+1","LossOfSenses","Parry2","MultiBlock"],"picked":"SharpenedBlade","floor":27},{"not_picked":["FleetEdge","AutonomousRush","Pound","Endure","ViolentFlame","SerpentSwordTechnique","EndlessBattle","EnergyCycle"],"picked":"BackAttack","floor":28},{"not_picked":["YouOnlyLiveOnce+1","NightInTheBackstreets","SnakesPrey","GuardingStance","BurningFlash+1","TraceOfFumes","ScratchThat","PreemptiveStrike"],"picked":"AsThePrescriptOrders","floor":29},{"not_picked":["TasteMyFlamingBat","BackAttack","YouOnlyLiveOnce","Rewind","TheRedNotes","EnergyStrike","Eject","DimensionalRift","FleetEdge"],"picked":"SKIP","floor":30},{"not_picked":["Parry","Ripple","EnergyCycle","Eradication","Reload","UncannyStrike+1","SunsetBlade","QuickSuppression"],"picked":"UndertakePrescript","floor":31},{"not_picked":["Bvapour","EnergyShield","Pound","SunsetBlade","DevastatingThrash","CookingPrep+1","Zzzzzap","ProselytesBlade"],"picked":"ExtremeEdge","floor":35}],"player_experience":553946,"relics_obtained":[{"floor":9,"key":"Lantern"},{"floor":10,"key":"Boot"},{"floor":25,"key":"hubris:PeanutButter"},{"floor":25,"key":"Anchor"},{"floor":26,"key":"Mercury Hourglass"},{"floor":29,"key":"ReplayTheSpireMod:Shallot"},{"floor":29,"key":"Art of War"},{"floor":31,"key":"Strawberry"},{"floor":31,"key":"WingedGreaves"}],"event_choices":[{"damage_healed":0,"gold_gain":0,"player_choice":"Entered Light","damage_taken":16,"max_hp_gain":0,"max_hp_loss":0,"event_name":"Shining Light","floor":5,"gold_loss":0,"cards_upgraded":["FocusedStrikes","LightDefense"]},{"damage_healed":0,"gold_gain":0,"player_choice":"Forge","damage_taken":0,"max_hp_gain":0,"max_hp_loss":0,"event_name":"Accursed Blacksmith","floor":13,"gold_loss":0,"cards_upgraded":["PreemptiveStrike"]}],"is_beta":false,"boss_relics":[{"not_picked":["infinitespire:Cupcake","Runic Pyramid"],"picked":"Black Star"},{"not_picked":["hubris:Stopwatch","Replay:Wanted Poster"],"picked":"hubris:ScarierMask"}],"items_purged_floors":[19,21],"is_endless":false,"potions_floor_spawned":[7,8,11,18,22,28,29,31,33],"killed_by":"Nightmare_Alpha","ascension_level":0}}