{"host":"u1ja96cwu1wu8jpx","time":1614293700,"event":{"mods":["BaseMod","Better Match","Colored Map","Minty Spire (QoL Compilation)","Permanent Neow","StSLib"],"gold_per_floor":[116,391,276,289,309,335,352,386,386,404,404,420,142,153,153,257,257,269,286,55,55,55],"floor_reached":21,"language":"ENG","playtime":2591,"items_purged":["Regret"],"score":203,"play_id":"990dd2d1-d032-48ff-b676-6cae9616f68a","local_time":"20210225175500","is_ascension_mode":true,"campfire_choices":[{"floor":11,"key":"REST"},{"floor":15,"key":"REST"}],"circlet_count":0,"master_deck":["Strike_B","Strike_B","Strike_B","Strike_B","Defend_B","Defend_B","Defend_B","Defend_B","Zap","Dualcast","Thunder Strike","Redo","Loop","Auto Shields","Tempest","Undo","Go for the Eyes","Defragment","Auto Shields","Loop","Conserve Battery","Echo Form","Capacitor","BootSequence"],"relics":["Cracked Core","Orichalcum","Gremlin Horn","White Beast Statue","DataDisk","Black Star","Tiny Chest"],"acts_visited":["Exordium","TheCity"],"potions_floor_usage":[8,12,19,19,21,21],"damage_taken":[{"damage":5,"enemies":"Small Slimes","floor":1,"turns":3},{"damage":4,"enemies":"Cultist","floor":4,"turns":4},{"damage":0,"enemies":"2 Louse","floor":5,"turns":3},{"damage":21,"enemies":"Lagavulin","floor":6,"turns":6},{"damage":1,"enemies":"2 Fungi Beasts","floor":7,"turns":4},{"damage":21,"enemies":"3 Sentries","floor":8,"turns":7},{"damage":0,"enemies":"Large Slime","floor":10,"turns":4},{"damage":6,"enemies":"Exordium Thugs","floor":12,"turns":3},{"damage":7,"enemies":"Blue Slaver","floor":14,"turns":3},{"damage":19,"enemies":"Slime Boss","floor":16,"turns":7},{"damage":9,"enemies":"Chosen","floor":18,"turns":5},{"damage":12,"enemies":"3 Byrds","floor":19,"turns":7},{"damage":47,"enemies":"3 Cultists","floor":21,"turns":4}],"seed_played":"7053694372725027312","potions_obtained":[{"floor":4,"key":"BlessingOfTheForge"},{"floor":6,"key":"Swift Potion"},{"floor":8,"key":"Block Potion"},{"floor":10,"key":"Explosive Potion"},{"floor":12,"key":"GamblersBrew"},{"floor":14,"key":"LiquidMemories"},{"floor":19,"key":"Energy Potion"}],"is_trial":false,"path_per_floor":["M","?","$","M","M","E","M","E","T","M","R","M","$","M","R","B",null,"M","M","$","M"],"character_chosen":"DEFECT","items_purchased":["Loop","DataDisk","Loop","Conserve Battery","Tiny Chest","BootSequence"],"campfire_rested":2,"item_purchase_floors":[3,13,13,13,20,20],"current_hp_per_floor":[63,63,63,59,59,38,37,16,16,16,36,30,30,23,43,24,68,59,47,47,0,0],"gold":55,"neow_bonus":"THREE_RARE_CARDS","is_daily":false,"chose_seed":false,"campfire_upgraded":0,"win_rate":0.0,"timestamp":1614293700,"path_taken":["M","?","$","M","M","E","M","E","T","?","R","M","$","M","R","BOSS","M","M","$","M"],"items_purchased_type":["Card","Relic","Card","Card","Relic","Card"],"build_version":"2020-12-22","purchased_purges":1,"victory":false,"max_hp_per_floor":[68,68,68,68,68,68,68,68,68,68,68,68,68,68,68,68,68,68,68,68,68,68],"card_choices":[{"not_picked":["Buffer","Reboot"],"picked":"Thunder Strike","floor":0},{"not_picked":["Stack","Hologram"],"picked":"Redo","floor":1},{"not_picked":["Leap","Rebound"],"picked":"Auto Shields","floor":4},{"not_picked":["Stack","Ball Lightning"],"picked":"Tempest","floor":5},{"not_picked":["Reprogram","Barrage"],"picked":"Undo","floor":6},{"not_picked":["Steam","FTL"],"picked":"Go for the Eyes","floor":7},{"not_picked":["Rip and Tear","Streamline"],"picked":"Defragment","floor":8},{"not_picked":["Streamline","Thunder Strike"],"picked":"Auto Shields","floor":10},{"not_picked":["Tempest","Redo","Gash"],"picked":"SKIP","floor":12},{"not_picked":["Sweeping Beam","FTL","Streamline"],"picked":"SKIP","floor":14},{"not_picked":["Reboot","Biased Cognition"],"picked":"Echo Form","floor":16},{"not_picked":["Rebound","Compile Driver","Coolheaded"],"picked":"SKIP","floor":18},{"not_picked":["Coolheaded+1","Compile Driver"],"picked":"Capacitor","floor":19}],"player_experience":501305,"relics_obtained":[{"floor":6,"key":"Orichalcum"},{"floor":8,"key":"Gremlin Horn"},{"floor":9,"key":"White Beast Statue"}],"event_choices":[{"damage_healed":0,"gold_gain":275,"player_choice":"Desecrate","damage_taken":0,"max_hp_gain":0,"max_hp_loss":0,"event_name":"Golden Shrine","floor":2,"gold_loss":0,"cards_obtained":["Regret"]}],"is_beta":false,"boss_relics":[{"not_picked":["Inserter","Tiny House"],"picked":"Black Star"}],"items_purged_floors":[3],"is_endless":false,"potions_floor_spawned":[4,6,8,10,12,14,16,18,19],"killed_by":"3 Cultists","ascension_level":1}}