{"host":"ox77rn1xcurm2t5a","time":1614285255,"event":{"mods":["2.2 Compatiblity","AchievementEnabler","Act Like it!","Aspiration","BaseMod","Best Route Mod","Better Match","Better Note","Better Sensory Stone","Block Reminder","Colored Map","Colored Powertips","Conjunction","Conspire","Custom Start","Energized Spire","GifTheSpireLib","Gold Saver","Gremlin Skip","Halation","Highlight Path","Hubris","Infinite Spire","Minty Spire (QoL Compilation)","Pale of the Ancients","Quick Restart","Reliquary","Replay The Spire","Reworked Bosses","ShortenTheSpire","Spire Exporter","StSLib","Stuff the Spire","Wandering Minibosses"],"gold_per_floor":[223,241,253,253,1,30,30,64,64,99,99,8027,8044,8044,8044,8149,8149,8165,8165,8183,8183,8183,8183,8508,8002,8002,8014,8014,8014,8026,8038,8038,8136,8136,8147,8147,8147,8164,8177,8204,8204,7395,7442,7442,7477,7477,7492,7517,7517,7517,7517],"floor_reached":50,"language":"ENG","playtime":1409,"items_purged":["Defend_R","Defend_R","Defend_R","Strike_R"],"score":1091,"play_id":"1e97d4f1-e446-402b-afd9-75a1521dc63e","local_time":"20210225223415","is_ascension_mode":true,"campfire_choices":[{"data":"Armaments","floor":7,"key":"SMITH"},{"floor":11,"key":"RECALL"},{"data":"Bash","floor":15,"key":"SMITH"},{"data":"Rage","floor":23,"key":"SMITH"},{"data":"conspire:Banana","floor":28,"key":"SMITH"},{"data":"Perfected Strike","floor":32,"key":"SMITH"},{"data":"Berserk","floor":41,"key":"SMITH"},{"data":"Metallicize","floor":44,"key":"SMITH"},{"data":"Spot Weakness","floor":46,"key":"SMITH"},{"data":"Perfected Strike","floor":49,"key":"SMITH"}],"circlet_count":0,"master_deck":["AscendersBane","Strike_R","Strike_R","Strike_R","Bash+1","Cleave","Perfected Strike+1","Armaments+1","Clash","Panache","conspire:Banana+1","Rage+1","Seeing Red+1","Perfected Strike+1","Cleave","Perfected Strike","Berserk+1","Infernal Blade+1","Disarm+1","Spot Weakness+1","Cleave","Metallicize+1"],"relics":["Burning Blood","Kunai","reliquary:Crutches","hubris:ToyBattleship","ReplayFunnel","Quantum Egg","conspire:TreasureMap","reliquary:RustamsPendant","Coffee Dripper","infinitespire:EmpoweringShard","Old Coin","StuffTheSpire:EmeraldSignet","reliquary:RosewoodLute","conspire:Dentures","infinitespire:Lychee Nut","HandDrill","TungstenRod","StuffTheSpire:Wildfire","ReplayTheSpireMod:Ninjato"],"acts_visited":["Exordium","TheCity","TheBeyond"],"potions_floor_usage":[3,6,10,13,27,31,39,45,45],"damage_taken":[{"damage":4,"enemies":"Jaw Worm","floor":1,"turns":6},{"damage":15,"enemies":"Small Slimes","floor":2,"turns":3},{"damage":16,"enemies":"2 Louse","floor":3,"turns":2},{"damage":38,"enemies":"3 Sentries","floor":6,"turns":9},{"damage":20,"enemies":"Gremlin Nob","floor":8,"turns":4},{"damage":7,"enemies":"Lagavulin","floor":10,"turns":3},{"damage":1,"enemies":"Looter","floor":13,"turns":2},{"damage":0,"enemies":"Slime Boss","floor":16,"turns":1},{"damage":19,"enemies":"Shell Parasite","floor":18,"turns":4},{"damage":40,"enemies":"2 Thieves","floor":20,"turns":4},{"damage":0,"enemies":"Nightmare","floor":24,"turns":2},{"damage":4,"enemies":"Snake Plant","floor":27,"turns":4},{"damage":0,"enemies":"Cultist and Chosen","floor":30,"turns":4},{"damage":16,"enemies":"Snecko","floor":31,"turns":4},{"damage":35,"enemies":"Automaton","floor":33,"turns":8},{"damage":26,"enemies":"3 Shapes","floor":35,"turns":4},{"damage":50,"enemies":"3 Darklings","floor":38,"turns":5},{"damage":16,"enemies":"Sphere and 2 Shapes","floor":39,"turns":6},{"damage":0,"enemies":"R_Hoarder","floor":40,"turns":1},{"damage":14,"enemies":"Giant Head","floor":45,"turns":6},{"damage":12,"enemies":"Maw","floor":47,"turns":6},{"damage":21,"enemies":"Reptomancer","floor":48,"turns":7},{"damage":42,"enemies":"Time Eater","floor":50,"turns":11}],"seed_played":"-6280580057830067513","potions_obtained":[{"floor":1,"key":"Venom Potion"},{"floor":3,"key":"Block Potion"},{"floor":6,"key":"ElixirPotion"},{"floor":8,"key":"Fire Potion"},{"floor":30,"key":"Block Potion"},{"floor":38,"key":"Adrenaline Potion"},{"floor":39,"key":"Strength Potion"},{"floor":40,"key":"Weak Potion"},{"floor":45,"key":"ElixirPotion"}],"is_trial":false,"path_per_floor":["M","M","M","?","$","E","R","E","T","E","R","$","M","?","R","B",null,"M","?","M","AVR","?","R","NM","$","T","M","R","?","M","M","R","B",null,"M","?","?","M","M","E","R","$","T","R","E","R","M","E","R","B"],"character_chosen":"IRONCLAD","items_purchased":["Kunai","Clash","ReplayFunnel","Quantum Egg","conspire:TreasureMap","DistilledChaos","Panache","conspire:Banana","StuffTheSpire:EmeraldSignet","infinitespire:BlackPotion","Spot Weakness","infinitespire:Lychee Nut","HandDrill","Cleave","Metallicize","Energy Potion"],"campfire_rested":0,"item_purchase_floors":[5,12,12,12,12,12,12,12,25,25,42,42,42,42,42,42],"current_hp_per_floor":[82,73,63,56,56,24,24,10,10,9,9,9,15,3,3,10,70,58,67,34,34,34,34,41,41,41,49,49,49,59,51,51,24,82,64,64,64,22,14,20,20,20,20,20,24,24,28,25,25,0,0],"gold":7517,"neow_bonus":"TEN_PERCENT_HP_BONUS","is_daily":false,"chose_seed":false,"campfire_upgraded":9,"win_rate":0.0,"timestamp":1614285255,"path_taken":["M","M","M","?","$","E","R","E","T","E","R","$","M","?","R","BOSS","M","?","M","AVR","?","R","NM","$","T","M","R","?","M","M","R","BOSS","M","?","?","M","M","E","R","$","T","R","E","R","M","E","R","BOSS"],"items_purchased_type":["Relic","Card","Relic","Relic","Relic","Potion","Card","Card","Relic","Potion","Card","Relic","Relic","Card","Card","Potion"],"build_version":"2020-12-22","purchased_purges":4,"victory":false,"max_hp_per_floor":[88,88,88,88,88,88,88,88,88,88,88,88,89,89,89,90,90,91,91,92,92,92,92,93,93,93,95,95,95,97,99,99,101,101,103,103,103,105,107,107,107,80,80,80,82,82,84,86,86,88,88],"card_choices":[{"not_picked":["StuffTheSpire:BloodClot","ReplayTheSpireMod:Limb From Limb","Second Wind"],"picked":"SKIP","floor":1},{"not_picked":["Clothesline","Headbutt"],"picked":"Cleave","floor":2},{"not_picked":["Cleave","True Grit"],"picked":"Perfected Strike","floor":3},{"not_picked":["ReplayTheSpireMod:Strike From Hell","Havoc"],"picked":"Armaments","floor":6},{"not_picked":["Entrench","Abandon","Massacre"],"picked":"SKIP","floor":8},{"not_picked":["Ghostly Armor","Anger","Corruption"],"picked":"SKIP","floor":10},{"not_picked":["Replay:Undeath\u0027s Touch","True Grit"],"picked":"Rage","floor":13},{"not_picked":["True Grit","ReplayTheSpireMod:Strike From Hell","Body Slam"],"picked":"SKIP","floor":18},{"not_picked":["ReplayTheSpireMod:Muscle Training","StuffTheSpire:RockThrow+1"],"picked":"Seeing Red+1","floor":20},{"not_picked":["Body Slam","conspire:Purge"],"picked":"Cleave","floor":24},{"not_picked":["Flex","Headbutt","Iron Wave"],"picked":"SKIP","floor":27},{"not_picked":["Blood for Blood","Defy Death"],"picked":"Perfected Strike","floor":30},{"not_picked":["Replay:Undeath\u0027s Touch","hubris:ReadiedAction","True Grit+1"],"picked":"SKIP","floor":31},{"not_picked":["Corruption","Barricade"],"picked":"Berserk","floor":33},{"not_picked":["Evolve","Headbutt"],"picked":"Infernal Blade+1","floor":35},{"not_picked":["Combust","Rampage+1"],"picked":"Disarm+1","floor":38},{"not_picked":["Warcry","Intimidate","Flame Barrier"],"picked":"SKIP","floor":39},{"not_picked":["Run Through+1","StuffTheSpire:Pyroclast","hubris:ReadiedAction"],"picked":"SKIP","floor":40},{"not_picked":["Burning Pact","StuffTheSpire:Pyroclast+1","StuffTheSpire:Resist"],"picked":"SKIP","floor":45},{"not_picked":["hubris:ReadiedAction+1","StuffTheSpire:Incineration","True Grit"],"picked":"SKIP","floor":47},{"not_picked":["ReplayTheSpireMod:Strike From Hell","Flex","Berserk"],"picked":"SKIP","floor":48}],"player_experience":3275963,"relics_obtained":[{"floor":8,"key":"reliquary:Crutches"},{"floor":10,"key":"hubris:ToyBattleship"},{"floor":24,"key":"Old Coin"},{"floor":26,"key":"reliquary:RosewoodLute"},{"floor":40,"key":"conspire:Dentures"},{"floor":43,"key":"TungstenRod"},{"floor":45,"key":"StuffTheSpire:Wildfire"},{"floor":48,"key":"ReplayTheSpireMod:Ninjato"}],"event_choices":[{"cards_removed":["Defend_R"],"damage_healed":0,"gold_gain":0,"player_choice":"Card Removal","damage_taken":7,"max_hp_gain":0,"max_hp_loss":0,"event_name":"Golden Wing","floor":4,"gold_loss":0},{"damage_healed":0,"gold_gain":0,"player_choice":"Fled","damage_taken":12,"max_hp_gain":0,"max_hp_loss":0,"event_name":"Scrap Ooze","floor":14,"gold_loss":0},{"damage_healed":0,"gold_gain":0,"player_choice":"Copied","damage_taken":0,"max_hp_gain":0,"max_hp_loss":0,"event_name":"Duplicator","floor":22,"gold_loss":0,"cards_obtained":["Perfected Strike"]},{"cards_removed":["Strike_R"],"damage_healed":0,"gold_gain":0,"player_choice":"Offered Basic","damage_taken":0,"max_hp_gain":0,"max_hp_loss":0,"event_name":"Bonfire Elementals","floor":29,"gold_loss":0},{"damage_healed":0,"gold_gain":0,"player_choice":"Ignored","damage_taken":0,"max_hp_gain":0,"max_hp_loss":0,"event_name":"Tomb of Lord Red Mask","floor":37,"gold_loss":0}],"is_beta":false,"boss_relics":[{"not_picked":["aspiration:WatcherSkillbook","Honey Jar"],"picked":"reliquary:RustamsPendant"},{"not_picked":["hubris:Stopwatch","Mark of Pain","energizedSpire:HugeHouse"]}],"items_purged_floors":[12,21,25,42],"is_endless":true,"potions_floor_spawned":[1,3,6,8,30,38,39,40,45],"killed_by":"Time Eater","ascension_level":12}}