{"host":"qp7xs8nuzfsyommi","time":1614275120,"event":{"mods":["2.2 Compatiblity","BaseMod","Colored Powertips","DeckTracker","Highlight Path","Minty Spire (QoL Compilation)","Permanent Neow","Quick Restart","StSLib","Weighted Paths"],"gold_per_floor":[116,134,151,151,165,165,178,178,204,237,252,252,277,297,297,371,371,388,406,418,40,53,53,87,87,114,314,332,7,35,49,49,123,123,138,148,167,167,178,178,203,203,203,217,217,234,63,73,73,73,73,73],"floor_reached":51,"language":"ENG","playtime":6559,"items_purged":[],"score":1335,"play_id":"bfb412a8-9ec6-4a42-bc6e-9ca2a7b6883c","local_time":"20210225124520","is_ascension_mode":true,"campfire_choices":[{"data":"Dualcast","floor":6.0,"key":"SMITH"},{"data":"Zap","floor":8.0,"key":"SMITH"},{"floor":12.0,"key":"REST"},{"floor":15.0,"key":"REST"},{"floor":23.0,"key":"RECALL"},{"floor":25.0,"key":"REST"},{"floor":32.0,"key":"REST"},{"floor":40.0,"key":"REST"},{"data":"Defragment","floor":42.0,"key":"SMITH"},{"floor":49.0,"key":"REST"}],"circlet_count":0,"master_deck":["AscendersBane","Zap+1","Dualcast+1","Reboot+1","Auto Shields+1","Coolheaded+1","Gash","Beam Cell","Gash","Scrape","Glacier","Compile Driver","Self Repair","Doom and Gloom","Hologram","Rainbow","Storm","Ball Lightning","Chaos","Coolheaded","Aggregate","Skim","Conserve Battery","Streamline","Good Instincts","Gash+1","Biased Cognition","Defragment+1","Bandage Up","Go for the Eyes","White Noise","Glacier","Core Surge","Multi-Cast","Madness","Madness","Darkness+1"],"relics":["Astrolabe","Omamori","Regal Pillow","Ancient Tea Set","Pandora\u0027s Box","Happy Flower","Boot","Vajra","Frozen Eye","Art of War","Busted Crown","StoneCalendar","Bronze Scales"],"acts_visited":["Exordium","TheCity","TheBeyond"],"potions_floor_usage":[],"damage_taken":[{"damage":0.0,"enemies":"Small Slimes","floor":1.0,"turns":4.0},{"damage":7.0,"enemies":"2 Louse","floor":2.0,"turns":2.0},{"damage":2.0,"enemies":"Cultist","floor":3.0,"turns":4.0},{"damage":1.0,"enemies":"Blue Slaver","floor":5.0,"turns":4.0},{"damage":2.0,"enemies":"2 Fungi Beasts","floor":7.0,"turns":3.0},{"damage":13.0,"enemies":"Lagavulin","floor":10.0,"turns":6.0},{"damage":0.0,"enemies":"Large Slime","floor":11.0,"turns":4.0},{"damage":54.0,"enemies":"Gremlin Nob","floor":13.0,"turns":4.0},{"damage":2.0,"enemies":"Blue Slaver","floor":14.0,"turns":4.0},{"damage":8.0,"enemies":"Hexaghost","floor":16.0,"turns":9.0},{"damage":7.0,"enemies":"Spheric Guardian","floor":18.0,"turns":4.0},{"damage":5.0,"enemies":"2 Thieves","floor":19.0,"turns":4.0},{"damage":18.0,"enemies":"Cultist and Chosen","floor":20.0,"turns":5.0},{"damage":10.0,"enemies":"Centurion and Healer","floor":22.0,"turns":7.0},{"damage":45.0,"enemies":"Gremlin Leader","floor":24.0,"turns":6.0},{"damage":19.0,"enemies":"Snake Plant","floor":28.0,"turns":4.0},{"damage":47.0,"enemies":"Slavers","floor":30.0,"turns":7.0},{"damage":21.0,"enemies":"Snecko","floor":31.0,"turns":8.0},{"damage":39.0,"enemies":"Automaton","floor":33.0,"turns":10.0},{"damage":0.0,"enemies":"Orb Walker","floor":35.0,"turns":5.0},{"damage":29.0,"enemies":"3 Darklings","floor":36.0,"turns":5.0},{"damage":19.0,"enemies":"Sphere and 2 Shapes","floor":37.0,"turns":6.0},{"damage":35.0,"enemies":"Transient","floor":39.0,"turns":6.0},{"damage":0.0,"enemies":"Mind Bloom Boss Battle","floor":41.0,"turns":5.0},{"damage":17.0,"enemies":"Spire Growth","floor":44.0,"turns":5.0},{"damage":0.0,"enemies":"Maw","floor":46.0,"turns":7.0},{"damage":4.0,"enemies":"Jaw Worm Horde","floor":48.0,"turns":4.0},{"damage":96.0,"enemies":"Awakened One","floor":50.0,"turns":13.0},{"damage":16,"enemies":"Donu and Deca","floor":51,"turns":2}],"seed_played":"-7229981590804094617","potions_obtained":[{"floor":1.0,"key":"LiquidMemories"},{"floor":2.0,"key":"FocusPotion"},{"floor":3.0,"key":"DistilledChaos"},{"floor":10.0,"key":"Energy Potion"},{"floor":16.0,"key":"Fire Potion"},{"floor":18.0,"key":"SkillPotion"},{"floor":20.0,"key":"Regen Potion"},{"floor":30.0,"key":"Fire Potion"},{"floor":33.0,"key":"Ancient Potion"},{"floor":46.0,"key":"Block Potion"}],"is_trial":false,"path_per_floor":["M","M","M","?","M","R","M","R","T","E","M","R","E","M","R","B",null,"M","M","M","$","M","R","E","R","T","?","M","$","E","M","R","B",null,"M","M","M","?","M","R","?","R","T","M","?","M","$","M","R","B","B"],"character_chosen":"DEFECT","items_purchased":["FairyPotion","Good Instincts","Happy Flower","Bandage Up","Frozen Eye","Go for the Eyes","Bronze Scales"],"campfire_rested":6,"item_purchase_floors":[21,21,21,29,29,29,47],"current_hp_per_floor":[64,57,55,55,54,54,52,52,52,39,39,71,17,22,58,57,68,68,70,59,59,56,56,33,69,69,69,57,57,21,11,47,19,58,62,44,36,36,12,48,59,59,59,53,40,51,51,58,71,16,0,0],"gold":73,"neow_bonus":"BOSS_RELIC","is_daily":false,"chose_seed":false,"campfire_upgraded":3,"win_rate":0.0,"timestamp":1614275120,"path_taken":["M","M","M","?","M","R","M","R","T","E","M","R","E","M","R","BOSS","M","M","M","$","M","R","E","R","T","?","M","$","E","M","R","BOSS","M","M","?","?","M","R","?","R","T","M","?","M","$","M","R","BOSS","BOSS"],"items_purchased_type":["Potion","Card","Relic","Card","Relic","Card","Relic"],"build_version":"2020-12-22","purchased_purges":0,"victory":false,"max_hp_per_floor":[71,71,71,71,71,71,71,71,71,71,71,71,71,71,71,71,71,71,71,71,71,71,71,71,71,71,71,71,71,71,71,71,71,71,71,71,71,71,71,71,71,71,71,71,71,71,71,71,71,71,71,71],"card_choices":[{"not_picked":["Storm","Rip and Tear"],"picked":"Gash","floor":1.0},{"not_picked":["Conserve Battery","Hello World"],"picked":"Beam Cell","floor":2.0},{"not_picked":["Conserve Battery","Seek"],"picked":"Gash","floor":3.0},{"not_picked":["Ball Lightning","Leap"],"picked":"Scrape","floor":5.0},{"not_picked":["Sweeping Beam","Coolheaded"],"picked":"Glacier","floor":7.0},{"not_picked":["Rebound","Hologram"],"picked":"Compile Driver","floor":10.0},{"not_picked":["Consume","Chill"],"picked":"Self Repair","floor":11.0},{"not_picked":["Thunder Strike","Hello World"],"picked":"Doom and Gloom","floor":13.0},{"not_picked":["Stack","Cold Snap"],"picked":"Hologram","floor":14.0},{"not_picked":["Meteor Strike","Electrodynamics"],"picked":"Rainbow","floor":16.0},{"not_picked":["Stack","Genetic Algorithm"],"picked":"Skim","floor":18.0},{"not_picked":["Leap","Stack"],"picked":"Conserve Battery","floor":19.0},{"not_picked":["Storm","Fusion+1"],"picked":"Streamline","floor":20.0},{"not_picked":["Leap+1","Defragment+1"],"picked":"Gash+1","floor":22.0},{"not_picked":["Storm","Barrage"],"picked":"Biased Cognition","floor":24.0},{"not_picked":["Beam Cell","Barrage+1"],"picked":"Defragment","floor":28.0},{"not_picked":["Melter","Turbo"],"picked":"White Noise","floor":30.0},{"not_picked":["Compile Driver","Stack"],"picked":"Glacier","floor":31.0},{"not_picked":["Machine Learning","Echo Form"],"picked":"Core Surge","floor":33.0},{"not_picked":["Hello World"],"picked":"SKIP","floor":35.0},{"not_picked":["Blizzard"],"picked":"SKIP","floor":36.0},{"not_picked":["Rebound"],"picked":"SKIP","floor":37.0},{"not_picked":["Barrage"],"picked":"SKIP","floor":39.0},{"not_picked":[],"picked":"Multi-Cast","floor":44.0},{"not_picked":["Coolheaded"],"picked":"SKIP","floor":46.0},{"not_picked":[],"picked":"Darkness+1","floor":48.0}],"player_experience":1520274,"relics_obtained":[{"floor":9.0,"key":"Omamori"},{"floor":10.0,"key":"Regal Pillow"},{"floor":13.0,"key":"Ancient Tea Set"},{"floor":24.0,"key":"Boot"},{"floor":26.0,"key":"Vajra"},{"floor":30.0,"key":"Art of War"},{"floor":41.0,"key":"StoneCalendar"}],"event_choices":[{"damage_healed":0.0,"max_hp_gain":0.0,"max_hp_loss":0.0,"gold_gain":0.0,"event_name":"Liars Game","player_choice":"Ignored","floor":4.0,"gold_loss":0.0,"damage_taken":0.0},{"damage_healed":0.0,"max_hp_gain":0.0,"max_hp_loss":0.0,"gold_gain":250.0,"event_name":"The Joust","player_choice":"Bet on Owner","floor":27.0,"gold_loss":50.0,"damage_taken":0.0},{"damage_healed":0.0,"max_hp_gain":0.0,"max_hp_loss":0.0,"gold_gain":0.0,"event_name":"Tomb of Lord Red Mask","player_choice":"Ignored","floor":38.0,"gold_loss":0.0,"damage_taken":0.0},{"damage_healed":0.0,"max_hp_gain":0.0,"max_hp_loss":0.0,"gold_gain":0.0,"event_name":"MindBloom","player_choice":"Fight","floor":41.0,"gold_loss":0.0,"damage_taken":0.0},{"damage_healed":0.0,"max_hp_gain":0.0,"max_hp_loss":0.0,"gold_gain":0.0,"event_name":"Winding Halls","player_choice":"Embrace Madness","floor":45.0,"gold_loss":0.0,"damage_taken":13.0,"cards_obtained":["Madness","Madness"]}],"is_beta":false,"boss_relics":[{"not_picked":["Tiny House","Velvet Choker"],"picked":"Pandora\u0027s Box"},{"not_picked":["Empty Cage","Runic Dome"],"picked":"Busted Crown"}],"items_purged_floors":[],"is_endless":false,"potions_floor_spawned":[1,2,3,10,11,16,18,20,30,33,36,37,46],"killed_by":"Donu and Deca","ascension_level":20}}