{"host":"dqv8oo4v229c1o2l","time":1614282367,"event":{"mods":["AchievementEnabler","BaseMod","Colored Map","Colored Powertips","Minty Spire (QoL Compilation)","Quick Restart","Rare Cards Sparkle","StSLib","Synergy Search"],"gold_per_floor":[117,129,149,99,99,99,126,146,146,166,166,226,226,238,238,238,238],"floor_reached":16,"language":"ENG","playtime":579,"items_purged":[],"score":153,"play_id":"f20bb3f2-fe84-4c70-903a-e6dd5bf06450","local_time":"20210225114607","is_ascension_mode":true,"campfire_choices":[{"data":"White Noise","floor":6,"key":"SMITH"},{"floor":11,"key":"RECALL"},{"floor":13,"key":"REST"},{"floor":15,"key":"REST"}],"circlet_count":0,"master_deck":["AscendersBane","Strike_B","Strike_B","Strike_B","Defend_B","Defend_B","Defend_B","Defend_B","Zap","Dualcast","Biased Cognition","White Noise+1","Force Field","Capacitor","Self Repair","White Noise"],"relics":["Cracked Core","Question Card","Blue Candle"],"acts_visited":["Exordium"],"potions_floor_usage":[7,12,12],"damage_taken":[{"damage":1,"enemies":"2 Louse","floor":1,"turns":2},{"damage":2,"enemies":"Jaw Worm","floor":2,"turns":3},{"damage":0,"enemies":"Small Slimes","floor":3,"turns":2},{"damage":28,"enemies":"3 Sentries","floor":7,"turns":7},{"damage":1,"enemies":"2 Fungi Beasts","floor":8,"turns":3},{"damage":14,"enemies":"Red Slaver","floor":10,"turns":3},{"damage":19,"enemies":"Gremlin Nob","floor":12,"turns":4},{"damage":23,"enemies":"Large Slime","floor":14,"turns":8},{"damage":22,"enemies":"Slime Boss","floor":16,"turns":7}],"seed_played":"-1551512065314240201","potions_obtained":[{"floor":1,"key":"Weak Potion"},{"floor":2,"key":"Explosive Potion"},{"floor":7,"key":"FocusPotion"},{"floor":12,"key":"Energy Potion"}],"is_trial":false,"path_per_floor":["M","M","M","?","$","R","E","M","T","M","R","?","R","M","R","B"],"character_chosen":"DEFECT","items_purchased":[],"campfire_rested":2,"item_purchase_floors":[],"current_hp_per_floor":[67,65,65,65,65,65,37,36,36,22,22,10,30,14,34,12,12],"gold":238,"neow_bonus":"THREE_RARE_CARDS","is_daily":false,"chose_seed":false,"campfire_upgraded":1,"win_rate":0.0,"timestamp":1614282367,"path_taken":["M","M","M","?","$","R","E","M","T","M","R","?","R","M","R","BOSS"],"items_purchased_type":[],"build_version":"2020-12-22","purchased_purges":0,"victory":false,"max_hp_per_floor":[68,68,68,68,68,68,68,68,68,68,68,68,68,68,68,68,68],"card_choices":[{"not_picked":["Hyperbeam","Multi-Cast"],"picked":"Biased Cognition","floor":0},{"not_picked":["BootSequence","Recycle"],"picked":"White Noise","floor":1},{"not_picked":["Genetic Algorithm","Leap"],"picked":"Force Field","floor":2},{"not_picked":["Recycle","Chaos","Consume"],"picked":"SKIP","floor":3},{"not_picked":["Redo","Chill","Darkness"],"picked":"SKIP","floor":7},{"not_picked":["Recycle","Rebound","Gash"],"picked":"Capacitor","floor":8},{"not_picked":["Double Energy","Stack","Sweeping Beam"],"picked":"Self Repair","floor":10},{"not_picked":["Leap","Coolheaded","Amplify"],"picked":"White Noise","floor":12},{"not_picked":["Heatsinks","Chaos","Compile Driver","Cold Snap"],"picked":"SKIP","floor":14}],"player_experience":335532,"relics_obtained":[{"floor":7,"key":"Question Card"},{"floor":12,"key":"Blue Candle"}],"event_choices":[{"cards_removed":["Strike_B"],"damage_healed":0,"gold_gain":0,"player_choice":"Card Removal","damage_taken":0,"max_hp_gain":0,"max_hp_loss":0,"event_name":"The Cleric","floor":4,"gold_loss":50},{"damage_healed":0,"gold_gain":0,"player_choice":"Searched \u00271\u0027 times","damage_taken":0,"max_hp_gain":0,"max_hp_loss":0,"event_name":"Dead Adventurer","floor":12,"gold_loss":0}],"is_beta":false,"boss_relics":[],"items_purged_floors":[],"is_endless":false,"potions_floor_spawned":[1,2,7,12],"killed_by":"Slime Boss","ascension_level":10}}