{"host":"lv7etzzgwahaenh9","time":1614218059,"event":{"mods":["AchievementEnabler","BaseMod","Colored Map","Colored Powertips","Highlight Path","Minty Spire (QoL Compilation)","Permanent Neow","Quick Restart","Random Character Button","StSLib"],"gold_per_floor":[117,131,131,145,161,161,193,193,263,295,311,461,124,182,182,261,261,281,293,310,324,324,324,349,349,349,384,384,401,431,431,431,431,431],"floor_reached":33,"language":"ENG","playtime":1380,"items_purged":["Doubt"],"score":551,"play_id":"11c986bf-a893-4d58-b903-c5bc72ff2d08","local_time":"20210224175419","is_ascension_mode":true,"campfire_choices":[{"data":"Whirlwind","floor":6.0,"key":"SMITH"},{"data":"Defend_R","floor":8.0,"key":"SMITH"},{"data":"Fire Breathing","floor":15.0,"key":"SMITH"},{"data":"Inflame","floor":23,"key":"SMITH"},{"data":"Feed","floor":25,"key":"SMITH"},{"data":"Battle Trance","floor":28,"key":"SMITH"},{"data":"Feel No Pain","floor":32,"key":"SMITH"}],"circlet_count":0,"master_deck":["AscendersBane","Strike_R","Strike_R","Strike_R","Strike_R","Defend_R","Defend_R","Defend_R","Defend_R+1","Bash","Whirlwind+1","Anger","Feel No Pain+1","Spot Weakness","Shrug It Off","Second Wind","Fire Breathing+1","Cleave","Feed+1","Power Through","Inflame+1","Seeing Red","Armaments+1","Evolve","Battle Trance+1","Dark Embrace+1"],"relics":["Burning Blood","Regal Pillow","Du-Vu Doll","Question Card","Bronze Scales","Happy Flower","Meat on the Bone","Coffee Dripper","Darkstone Periapt","Kunai","Thread and Needle","Juzu Bracelet"],"acts_visited":["Exordium","TheCity"],"potions_floor_usage":[24,24,27],"damage_taken":[{"damage":5.0,"enemies":"2 Louse","floor":1.0,"turns":4.0},{"damage":8.0,"enemies":"Small Slimes","floor":2.0,"turns":2.0},{"damage":1.0,"enemies":"Cultist","floor":4.0,"turns":3.0},{"damage":6.0,"enemies":"3 Louse","floor":5.0,"turns":2.0},{"damage":24.0,"enemies":"Gremlin Nob","floor":7.0,"turns":4.0},{"damage":18.0,"enemies":"3 Sentries","floor":10.0,"turns":7.0},{"damage":7.0,"enemies":"Exordium Wildlife","floor":11.0,"turns":4.0},{"damage":5.0,"enemies":"Gremlin Nob","floor":14.0,"turns":3.0},{"damage":9.0,"enemies":"Slime Boss","floor":16.0,"turns":7.0},{"damage":17.0,"enemies":"Chosen","floor":18.0,"turns":5.0},{"damage":7.0,"enemies":"3 Byrds","floor":19.0,"turns":3.0},{"damage":23.0,"enemies":"Centurion and Healer","floor":20.0,"turns":2.0},{"damage":9.0,"enemies":"Cultist and Chosen","floor":21.0,"turns":6.0},{"damage":17,"enemies":"Slavers","floor":24,"turns":3},{"damage":41,"enemies":"Book of Stabbing","floor":27,"turns":6},{"damage":9,"enemies":"Chosen and Byrds","floor":29,"turns":6},{"damage":29,"enemies":"Slavers","floor":30,"turns":5},{"damage":11,"enemies":"Automaton","floor":33,"turns":6}],"seed_played":"-3596548578202369710","potions_obtained":[{"floor":1.0,"key":"ColorlessPotion"},{"floor":7.0,"key":"Fire Potion"},{"floor":11.0,"key":"Fire Potion"},{"floor":14.0,"key":"CultistPotion"},{"floor":19.0,"key":"AttackPotion"},{"floor":20.0,"key":"SpeedPotion"},{"floor":24,"key":"HeartOfIron"},{"floor":29,"key":"Fire Potion"}],"is_trial":false,"path_per_floor":["M","M","?","M","M","R","E","R","T","E","M","?","$","?","R","B",null,"M","M","M","M","?","R","E","R","T","E","R","M","E","?","R","B"],"character_chosen":"IRONCLAD","items_purchased":["Fire Breathing","Happy Flower","LiquidMemories"],"campfire_rested":0,"item_purchase_floors":[13,13,13],"current_hp_per_floor":[69,67,72,77,77,77,59,59,59,47,46,46,46,47,47,56,74,63,65,48,57,57,57,58,58,58,35,35,44,37,12,12,1,1],"gold":431,"neow_bonus":"RANDOM_COMMON_RELIC","is_daily":false,"chose_seed":false,"campfire_upgraded":7,"win_rate":0.0,"timestamp":1614218059,"path_taken":["M","M","?","M","M","R","E","R","T","E","M","?","$","?","R","BOSS","M","M","M","M","?","R","E","R","T","E","R","M","E","?","R","BOSS"],"items_purchased_type":["Card","Relic","Potion"],"build_version":"2020-12-22","purchased_purges":1,"victory":false,"max_hp_per_floor":[75,75,80,80,80,80,80,80,80,80,80,80,80,80,80,80,80,80,83,83,83,83,83,83,83,83,83,83,83,87,92,92,92,92],"card_choices":[{"not_picked":["Body Slam","Twin Strike"],"picked":"Whirlwind","floor":1.0},{"not_picked":["True Grit","Bloodletting"],"picked":"Anger","floor":2.0},{"not_picked":["Thunderclap","Twin Strike","Dual Wield"],"picked":"SKIP","floor":4.0},{"not_picked":["Dual Wield","Thunderclap"],"picked":"Feel No Pain","floor":5.0},{"not_picked":["Pommel Strike","Clash"],"picked":"Spot Weakness","floor":7.0},{"not_picked":["Disarm","Pummel","Rupture"],"picked":"Shrug It Off","floor":10.0},{"not_picked":["Entrench","Dropkick","Reckless Charge"],"picked":"Second Wind","floor":11.0},{"not_picked":["Sword Boomerang","Headbutt","Havoc"],"picked":"Cleave","floor":14.0},{"not_picked":["Exhume","Immolate","Bludgeon"],"picked":"Feed","floor":16.0},{"not_picked":["Anger+1","True Grit+1","Thunderclap"],"picked":"Power Through","floor":18.0},{"not_picked":["Thunderclap","Headbutt","Shockwave"],"picked":"Inflame","floor":19.0},{"not_picked":["Warcry","Twin Strike","Clothesline"],"picked":"Seeing Red","floor":20.0},{"not_picked":["True Grit+1","Shockwave","Anger"],"picked":"Armaments+1","floor":21},{"not_picked":["Clothesline","Shrug It Off","Clash"],"picked":"Evolve","floor":24},{"not_picked":["Bludgeon","Sword Boomerang","Cleave"],"picked":"Battle Trance","floor":27},{"not_picked":["Iron Wave","Spot Weakness","True Grit"],"picked":"Dark Embrace+1","floor":29},{"not_picked":["Rage","Wild Strike","Intimidate","Twin Strike"],"picked":"SKIP","floor":30}],"player_experience":551392,"relics_obtained":[{"floor":7.0,"key":"Du-Vu Doll"},{"floor":9.0,"key":"Question Card"},{"floor":10.0,"key":"Bronze Scales"},{"floor":14.0,"key":"Meat on the Bone"},{"floor":24,"key":"Darkstone Periapt"},{"floor":26,"key":"Kunai"},{"floor":27,"key":"Thread and Needle"},{"floor":30,"key":"Juzu Bracelet"}],"event_choices":[{"damage_healed":0.0,"max_hp_gain":5.0,"max_hp_loss":0.0,"gold_gain":0.0,"event_name":"Big Fish","player_choice":"Donut","floor":3.0,"gold_loss":0.0,"damage_taken":0.0},{"damage_healed":0.0,"max_hp_gain":0.0,"max_hp_loss":0.0,"gold_gain":150.0,"event_name":"Liars Game","player_choice":"AGREE","floor":12.0,"gold_loss":0.0,"damage_taken":0.0,"cards_obtained":["Doubt"]},{"damage_healed":0.0,"max_hp_gain":0.0,"max_hp_loss":0.0,"gold_gain":30.0,"event_name":"Dead Adventurer","player_choice":"Searched \u00272\u0027 times","floor":14.0,"gold_loss":0.0,"damage_taken":0.0},{"cards_removed":["Strike_R"],"damage_healed":0,"gold_gain":0,"player_choice":"Offered Basic","damage_taken":0,"max_hp_gain":0,"max_hp_loss":0,"event_name":"Bonfire Elementals","floor":22,"gold_loss":0},{"damage_healed":0,"gold_gain":0,"player_choice":"Shed Blood","damage_taken":30,"max_hp_gain":5,"max_hp_loss":0,"event_name":"Forgotten Altar","floor":31,"gold_loss":0}],"is_beta":false,"boss_relics":[{"not_picked":["Black Blood","Tiny House"],"picked":"Coffee Dripper"}],"items_purged_floors":[13],"is_endless":false,"potions_floor_spawned":[1,7,11,14,19,20,24,29],"killed_by":"Automaton","ascension_level":15}}