{"host":"19r1ww88x2tc73i0","time":1614232512,"event":{"mods":["BaseMod","BetterRewards","Colored Map","Minty Spire (QoL Compilation)","Relic Stats","StSLib","SuperFastMode","slay the spire mod where everything is the same but ironclad has a cowboy hat"],"gold_per_floor":[113,113,128,147,159,188,188,222,247,258,269,289,289,317,317,391,391,403,421,471,491,491,491,525,525,525,525,557,572,600,634,634,634,634],"floor_reached":33,"language":"ENG","playtime":1377,"items_purged":[],"score":754,"play_id":"350c9f4f-dcfd-4b35-9bae-af3bad74ae00","local_time":"25640225125512","is_ascension_mode":true,"campfire_choices":[{"data":"Deadly Poison","floor":7.0,"key":"SMITH"},{"floor":13.0,"key":"REST"},{"data":"Bouncing Flask","floor":15.0,"key":"SMITH"},{"floor":23,"key":"REST"},{"data":"Dash","floor":25,"key":"SMITH"},{"data":"Footwork","floor":32,"key":"SMITH"}],"circlet_count":0,"master_deck":["AscendersBane","Strike_G","Strike_G","Strike_G","Strike_G","Strike_G","Defend_G","Defend_G","Defend_G","Defend_G","Defend_G","Survivor","Neutralize","All Out Attack","Dagger Spray","Leg Sweep","Dash+1","Bouncing Flask+1","PiercingWail","Deadly Poison+1","Underhanded Strike","Expertise","Caltrops","Backflip","Bullet Time","Die Die Die","Leg Sweep+1","Blur+1","Crippling Poison+1","Footwork+1","Outmaneuver+1"],"relics":["Ring of the Snake","Ancient Tea Set","Lantern","PreservedInsect","Omamori","Snecko Eye","Tingsha","Eternal Feather","Pear","Red Mask","Regal Pillow"],"acts_visited":["Exordium","TheCity"],"potions_floor_usage":[28,28,30,31],"damage_taken":[{"damage":4.0,"enemies":"2 Louse","floor":1.0,"turns":4.0},{"damage":2.0,"enemies":"Cultist","floor":3.0,"turns":5.0},{"damage":7.0,"enemies":"Small Slimes","floor":4.0,"turns":3.0},{"damage":0.0,"enemies":"2 Fungi Beasts","floor":5.0,"turns":3.0},{"damage":10.0,"enemies":"Lagavulin","floor":6.0,"turns":7.0},{"damage":16.0,"enemies":"Gremlin Nob","floor":8.0,"turns":4.0},{"damage":12.0,"enemies":"Exordium Thugs","floor":10.0,"turns":7.0},{"damage":0.0,"enemies":"Blue Slaver","floor":11.0,"turns":3.0},{"damage":3.0,"enemies":"2 Fungi Beasts","floor":12.0,"turns":3.0},{"damage":2.0,"enemies":"Lagavulin","floor":14.0,"turns":5.0},{"damage":15.0,"enemies":"The Guardian","floor":16.0,"turns":10.0},{"damage":2.0,"enemies":"3 Byrds","floor":18.0,"turns":5.0},{"damage":0.0,"enemies":"2 Thieves","floor":19.0,"turns":4.0},{"damage":14.0,"enemies":"Snake Plant","floor":21.0,"turns":3.0},{"damage":11,"enemies":"Gremlin Leader","floor":24,"turns":7},{"damage":0,"enemies":"Slavers","floor":28,"turns":2},{"damage":11,"enemies":"3 Cultists","floor":29,"turns":5},{"damage":2,"enemies":"Masked Bandits","floor":30,"turns":4},{"damage":0,"enemies":"Gremlin Leader","floor":31,"turns":5},{"damage":42,"enemies":"Automaton","floor":33,"turns":8}],"seed_played":"6635374210377818454","potions_obtained":[{"floor":3.0,"key":"ColorlessPotion"},{"floor":4.0,"key":"Block Potion"},{"floor":8.0,"key":"DuplicationPotion"},{"floor":10.0,"key":"SteroidPotion"},{"floor":12.0,"key":"Block Potion"},{"floor":19.0,"key":"AttackPotion"},{"floor":21.0,"key":"DuplicationPotion"},{"floor":28,"key":"GhostInAJar"},{"floor":29,"key":"Block Potion"}],"is_trial":false,"path_per_floor":["M","?","M","M","M","E","R","E","T","M","M","M","R","E","R","B",null,"M","M","?","M","?","R","E","R","T","?","E","M","?","E","R","B"],"character_chosen":"THE_SILENT","items_purchased":[],"campfire_rested":2,"item_purchase_floors":[],"current_hp_per_floor":[55,55,53,46,46,36,36,20,20,8,8,5,24,22,22,7,51,49,49,49,35,35,54,43,43,43,25,35,24,22,22,40,0,0],"gold":634,"neow_bonus":"RANDOM_COMMON_RELIC","is_daily":false,"chose_seed":false,"campfire_upgraded":4,"win_rate":0.0,"timestamp":1614232512,"path_taken":["M","?","?","?","M","E","R","E","T","?","M","M","R","E","R","BOSS","M","M","?","M","?","R","E","R","T","?","E","?","?","E","R","BOSS"],"items_purchased_type":[],"build_version":"2020-12-22","purchased_purges":0,"victory":false,"max_hp_per_floor":[66,66,66,66,66,66,66,66,66,66,66,66,66,66,66,66,66,66,66,66,66,66,66,66,66,66,71,81,81,81,81,81,81,81],"relic_stats":{"Regal Pillow":0,"counters":[20,97],"Snecko Eye":[79,81,81,85],"Tingsha":[9],"Eternal Feather":18,"PreservedInsect":166,"obtain_stats":[{"Lantern":6,"Regal Pillow":31,"Pear":28,"Snecko Eye":17,"Tingsha":24,"Eternal Feather":26,"PreservedInsect":8,"Omamori":14,"Red Mask":30,"Ancient Tea Set":0,"Ring of the Snake":0},{"Lantern":5,"Regal Pillow":19,"Pear":16,"Snecko Eye":11,"Tingsha":15,"Eternal Feather":15,"PreservedInsect":6,"Omamori":10,"Red Mask":18,"Ancient Tea Set":0,"Ring of the Snake":0},{"Lantern":22,"Regal Pillow":89,"Pear":75,"Snecko Eye":54,"Tingsha":73,"Eternal Feather":73,"PreservedInsect":26,"Omamori":44,"Red Mask":84,"Ancient Tea Set":0,"Ring of the Snake":0}],"Ring of the Snake":[40]},"card_choices":[{"not_picked":["Dodge and Roll","Outmaneuver"],"picked":"All Out Attack","floor":1.0},{"not_picked":["Riddle With Holes","Dodge and Roll"],"picked":"Dash","floor":3.0},{"not_picked":["Sucker Punch","Deflect"],"picked":"Bouncing Flask","floor":4.0},{"not_picked":["Distraction","Finisher"],"picked":"PiercingWail","floor":5.0},{"not_picked":["Sucker Punch","A Thousand Cuts"],"picked":"Deadly Poison","floor":6.0},{"not_picked":["Leg Sweep","Choke"],"picked":"Underhanded Strike","floor":8.0},{"not_picked":["Riddle With Holes","Underhanded Strike"],"picked":"Expertise","floor":10.0},{"not_picked":["PiercingWail","Prepared"],"picked":"Caltrops","floor":11.0},{"not_picked":["Backstab","Prepared"],"picked":"Backflip","floor":12.0},{"not_picked":["Underhanded Strike","Acrobatics"],"picked":"Bullet Time","floor":14.0},{"not_picked":["Phantasmal Killer","Bullet Time"],"picked":"Die Die Die","floor":16.0},{"not_picked":["Deflect","Expertise","Slice"],"picked":"SKIP","floor":18.0},{"not_picked":["Accuracy","Cloak And Dagger"],"picked":"Leg Sweep+1","floor":19.0},{"not_picked":["Slice","Underhanded Strike"],"picked":"Blur+1","floor":21.0},{"not_picked":["Blade Dance","Eviscerate"],"picked":"Crippling Poison+1","floor":24},{"not_picked":["Infinite Blades","Unload"],"picked":"Footwork","floor":28},{"not_picked":["Outmaneuver","Quick Slash","Underhanded Strike"],"picked":"SKIP","floor":29},{"not_picked":["Phantasmal Killer","Tactician"],"picked":"Outmaneuver+1","floor":31}],"player_experience":1168179,"relics_obtained":[{"floor":6.0,"key":"Lantern"},{"floor":8.0,"key":"PreservedInsect"},{"floor":14.0,"key":"Omamori"},{"floor":24,"key":"Tingsha"},{"floor":26,"key":"Eternal Feather"},{"floor":28,"key":"Pear"},{"floor":30,"key":"Red Mask"},{"floor":31,"key":"Regal Pillow"}],"event_choices":[{"damage_healed":0.0,"max_hp_gain":0.0,"max_hp_loss":0.0,"gold_gain":0.0,"event_name":"Match and Keep!","player_choice":"2 cards matched","floor":2.0,"gold_loss":0.0,"damage_taken":0.0,"cards_obtained":["Dagger Spray","Leg Sweep"]},{"damage_healed":0.0,"max_hp_gain":0.0,"max_hp_loss":0.0,"gold_gain":50.0,"event_name":"Nest","player_choice":"Stole From Cult","floor":20.0,"gold_loss":0.0,"damage_taken":0.0},{"damage_healed":0,"gold_gain":0,"player_choice":"Ignored","damage_taken":0,"max_hp_gain":0,"max_hp_loss":0,"event_name":"Cursed Tome","floor":22,"gold_loss":0},{"damage_healed":0,"gold_gain":0,"player_choice":"Shed Blood","damage_taken":23,"max_hp_gain":5,"max_hp_loss":0,"event_name":"Forgotten Altar","floor":27,"gold_loss":0},{"damage_healed":0,"gold_gain":0,"player_choice":"Fought Bandits","damage_taken":0,"max_hp_gain":0,"max_hp_loss":0,"event_name":"Masked Bandits","floor":30,"gold_loss":0}],"is_beta":false,"boss_relics":[{"not_picked":["Sozu","Coffee Dripper"],"picked":"Snecko Eye"}],"items_purged_floors":[],"is_endless":false,"potions_floor_spawned":[3,4,8,10,12,19,21,28,29],"killed_by":"Automaton","ascension_level":20}}