{"host":"xsuxkwaivmtd234a","time":1614296003,"event":{"mods":["BaseMod","Bestiary","Colored Map","Minty Spire (QoL Compilation)","Relic Stats","StSLib"],"gold_per_floor":[110,122,47,57,72,101,101,101,101],"floor_reached":8,"language":"ENG","playtime":363,"items_purged":["Normality"],"score":87,"play_id":"a15f1ef3-7632-461a-b8b6-90139b6d7cc7","local_time":"20210225183323","is_ascension_mode":true,"campfire_choices":[],"circlet_count":0,"master_deck":["AscendersBane","Strike_R","Strike_R","Strike_R","Strike_R","Strike_R","Defend_R","Defend_R","Defend_R","Defend_R","Bash","Carnage","Feel No Pain","Feel No Pain","Flame Barrier","Burning Pact"],"relics":["Burning Blood","Magic Flower","Red Skull"],"acts_visited":["Exordium"],"potions_floor_usage":[6],"damage_taken":[{"damage":0,"enemies":"Small Slimes","floor":1,"turns":3},{"damage":1,"enemies":"Cultist","floor":2,"turns":3},{"damage":7,"enemies":"Jaw Worm","floor":4,"turns":3},{"damage":13,"enemies":"3 Louse","floor":5,"turns":4},{"damage":44,"enemies":"Gremlin Nob","floor":6,"turns":5},{"damage":46,"enemies":"Lagavulin","floor":8,"turns":6}],"seed_played":"-5990304224762823125","potions_obtained":[{"floor":2,"key":"SteroidPotion"},{"floor":6,"key":"SpeedPotion"}],"is_trial":false,"path_per_floor":["M","M","$","M","M","E","?","E"],"character_chosen":"IRONCLAD","items_purchased":[],"campfire_rested":0,"item_purchase_floors":[],"current_hp_per_floor":[80,80,80,80,76,41,46,0,0],"gold":101,"neow_bonus":"ONE_RARE_RELIC","is_daily":false,"chose_seed":false,"campfire_upgraded":0,"win_rate":0.0,"timestamp":1614296003,"path_taken":["M","M","$","M","M","E","?","E"],"items_purchased_type":[],"build_version":"2020-12-22","purchased_purges":1,"victory":false,"max_hp_per_floor":[80,80,80,80,80,80,85,85,85],"relic_stats":{"counters":[6,24],"Magic Flower":[9],"obtain_stats":[{"Magic Flower":0,"Burning Blood":0,"Red Skull":6},{"Magic Flower":0,"Burning Blood":0,"Red Skull":5},{"Magic Flower":0,"Burning Blood":0,"Red Skull":18}],"Burning Blood":34},"card_choices":[{"not_picked":["Rampage","Burning Pact"],"picked":"Carnage","floor":1},{"not_picked":["Wild Strike","Evolve"],"picked":"Feel No Pain","floor":2},{"not_picked":["Wild Strike","Armaments"],"picked":"Feel No Pain","floor":4},{"not_picked":["Armaments","Searing Blow"],"picked":"Flame Barrier","floor":5},{"not_picked":["Sever Soul","Warcry"],"picked":"Burning Pact","floor":6}],"player_experience":1384118,"relics_obtained":[{"floor":6,"key":"Red Skull"}],"event_choices":[{"damage_healed":0,"gold_gain":0,"player_choice":"Donut","damage_taken":0,"max_hp_gain":5,"max_hp_loss":0,"event_name":"Big Fish","floor":7,"gold_loss":0}],"is_beta":false,"boss_relics":[],"items_purged_floors":[3],"is_endless":false,"potions_floor_spawned":[2,6],"killed_by":"Lagavulin","ascension_level":10}}