{"host":"nihqlga4zpmrcpl9","time":1614251277,"event":{"mods":["BaseMod","LagranYue(拉格朗・月)","Marisa（F雨　魔理沙）","Minty Spire (QoL Compilation)","Replay The Spire","Shop Mod","StSLib","The Bug Knight","The Cursed","The Hierophant","The Servant 0.9.4"],"gold_per_floor":[118,138,153,165,183,183,202,202,275,288,288,86,115,115,115,220,220,232,232,252,264,282,282,315,415,415,73,73,115,161,165,165],"floor_reached":31,"language":"ZHS","playtime":1770,"items_purged":[],"score":355,"play_id":"29bb6886-a76a-4da1-8427-65464cb48430","local_time":"20210225190757","is_ascension_mode":true,"campfire_choices":[{"data":"Footwork","floor":6.0,"key":"SMITH"},{"data":"Accuracy","floor":8.0,"key":"SMITH"},{"data":"Accuracy","floor":15.0,"key":"SMITH"},{"data":"Cloak And Dagger","floor":23.0,"key":"SMITH"},{"data":"Replay:Bag of Tricks","floor":28,"key":"SMITH"}],"circlet_count":0,"master_deck":["Strike_G","Strike_G","Strike_G","Strike_G","Strike_G","Defend_G","Defend_G","Defend_G","Defend_G","Defend_G+1","Survivor","Neutralize","Accuracy+1","Footwork+1","Infinite Blades","Terror","Quick Slash","Leg Sweep","Draining Mist","Deflect","Accuracy+1","Sneak Up","Neutralize","Replay:Bag of Tricks+1","Heel Hook+1","Blade Dance+1","Cloak And Dagger+1","Cloak And Dagger+1","Flying Knee+1","Hidden Blade","Escape Plan","Dodge and Roll","ReplayTheSpireMod:Splinters","PiercingWail"],"relics":["Ring of the Snake","LagranYue:RandomDrawCardRelic","ReplayTheSpireMod:Ninjato","Lantern","HollowMod:LifeEnderRelic","Sozu","Turnip","Replay:Bandana","MerchantsRug"],"acts_visited":["Exordium","TheCity"],"potions_floor_usage":[],"damage_taken":[{"damage":0.0,"enemies":"Small Slimes","floor":1.0,"turns":4.0},{"damage":0.0,"enemies":"2 Louse","floor":2.0,"turns":4.0},{"damage":3.0,"enemies":"Cultist","floor":3.0,"turns":5.0},{"damage":20.0,"enemies":"Large Slime","floor":4.0,"turns":9.0},{"damage":0.0,"enemies":"Red Slaver","floor":5.0,"turns":4.0},{"damage":6.0,"enemies":"3 Louse","floor":7.0,"turns":7.0},{"damage":0.0,"enemies":"Large Slime","floor":10.0,"turns":6.0},{"damage":8.0,"enemies":"Gremlin Nob","floor":13.0,"turns":5.0},{"damage":12.0,"enemies":"Fading Forest","floor":16.0,"turns":11.0},{"damage":10.0,"enemies":"2 Thieves","floor":18.0,"turns":4.0},{"damage":6.0,"enemies":"3 Byrds","floor":20.0,"turns":6.0},{"damage":25.0,"enemies":"Shelled Parasite and Fungi","floor":21.0,"turns":7.0},{"damage":15.0,"enemies":"Centurion and Healer","floor":22.0,"turns":7.0},{"damage":0.0,"enemies":"Gremlin Leader","floor":24.0,"turns":4.0},{"damage":0,"enemies":"Snake Plant","floor":29,"turns":4},{"damage":15,"enemies":"Shelled Parasite and Fungi","floor":31,"turns":2}],"seed_played":"8651469330393782146","potions_obtained":[{"floor":1.0,"key":"SneckoOil"},{"floor":4.0,"key":"PowerPotion"},{"floor":5.0,"key":"Elixir"},{"floor":16.0,"key":"SteroidPotion"}],"is_trial":false,"path_per_floor":["M","M","M","M","M","R","M","R","T","M","?","$","E","?","R","B",null,"M","?","M","M","M","R","E","?","T","$","R","M","?","M"],"character_chosen":"THE_SILENT","items_purchased":["Lantern","Deflect","Replay:Bandana","Hidden Blade","MerchantsRug","Escape Plan"],"campfire_rested":0,"item_purchase_floors":[12,12,27,27,27,27],"current_hp_per_floor":[77,77,74,54,54,54,48,48,48,48,48,48,40,40,40,36,67,57,57,51,26,11,11,11,11,11,11,11,11,11,0,0],"gold":165,"neow_bonus":"TEN_PERCENT_HP_BONUS","is_daily":false,"chose_seed":false,"campfire_upgraded":5,"win_rate":0.0,"timestamp":1614251277,"path_taken":["M","M","M","M","M","R","M","R","T","M","?","$","E","?","R","BOSS","M","?","M","M","M","R","E","?","T","$","R","?","?","M"],"items_purchased_type":["Relic","Card","Relic","Card","Relic","Card"],"build_version":"2020-12-22","purchased_purges":0,"victory":false,"max_hp_per_floor":[77,77,77,77,77,77,77,77,77,77,77,77,77,77,77,77,77,77,77,77,77,77,77,77,77,77,77,77,77,77,77,77],"card_choices":[{"not_picked":["Flechettes","Sucker Punch"],"picked":"Accuracy","floor":1.0},{"not_picked":["Accuracy","Slice"],"picked":"Footwork","floor":2.0},{"not_picked":["Underhanded Strike","Flying Knee"],"picked":"Infinite Blades","floor":3.0},{"not_picked":["Poisoned Stab","Sucker Punch"],"picked":"Terror","floor":4.0},{"not_picked":["Dagger Throw","Dagger Spray"],"picked":"Quick Slash","floor":5.0},{"not_picked":["Heel Hook","Underhanded Strike"],"picked":"Leg Sweep","floor":7.0},{"not_picked":["Sucker Punch","Crippling Poison"],"picked":"Draining Mist","floor":10.0},{"not_picked":["Crippling Poison","Deadly Poison"],"picked":"Accuracy","floor":13.0},{"not_picked":["Poison Darts","Night Terror"],"picked":"Replay:Bag of Tricks","floor":16.0},{"not_picked":["Eviscerate","ReplayTheSpireMod:Tripwire"],"picked":"Heel Hook+1","floor":18.0},{"not_picked":["All Out Attack","Outmaneuver"],"picked":"Blade Dance","floor":20.0},{"not_picked":["Outmaneuver","Leg Sweep"],"picked":"Cloak And Dagger","floor":21.0},{"not_picked":["Deadly Poison","Deflect+1"],"picked":"Cloak And Dagger+1","floor":22.0},{"not_picked":["Sneak Up","Skewer+1"],"picked":"Flying Knee+1","floor":24.0},{"not_picked":["Bane+1","Fluid Movement"],"picked":"Dodge and Roll","floor":29},{"not_picked":["Flying Knee","Escape Plan+1"],"picked":"PiercingWail","floor":30}],"player_experience":820230,"relics_obtained":[{"floor":9.0,"key":"ReplayTheSpireMod:Ninjato"},{"floor":13.0,"key":"HollowMod:LifeEnderRelic"},{"floor":24.0,"key":"Turnip"},{"floor":26.0,"key":"War Paint"}],"event_choices":[{"damage_healed":0.0,"max_hp_gain":0.0,"max_hp_loss":0.0,"gold_gain":0.0,"event_name":"Golden Wing","player_choice":"Ignored","floor":11.0,"gold_loss":0.0,"damage_taken":0.0},{"damage_healed":0.0,"max_hp_gain":0.0,"max_hp_loss":0.0,"gold_gain":0.0,"event_name":"Match and Keep!","player_choice":"2 cards matched","floor":14.0,"gold_loss":0.0,"damage_taken":0.0,"cards_obtained":["Sneak Up","Neutralize"]},{"damage_healed":0.0,"max_hp_gain":0.0,"max_hp_loss":0.0,"gold_gain":0.0,"event_name":"Match and Keep!","player_choice":"2 cards matched","floor":14.0,"gold_loss":0.0,"damage_taken":0.0,"cards_obtained":["Sneak Up","Neutralize"]},{"damage_healed":0.0,"max_hp_gain":0.0,"max_hp_loss":0.0,"gold_gain":100.0,"event_name":"Golden Shrine","player_choice":"Pray","floor":25.0,"gold_loss":0.0,"damage_taken":0.0}],"is_beta":false,"boss_relics":[{"not_picked":["Replay:Ancient Bell","Fusion Hammer"],"picked":"Sozu"}],"items_purged_floors":[],"is_endless":false,"potions_floor_spawned":[1,4,5,7,16,21,22,29],"killed_by":"Shelled Parasite and Fungi","ascension_level":5}}