{"host":"9oysz4knkucnjyyz","time":1614292673,"event":{"mods":["100% Spire Juice","2.2 Compatiblity","A Penny For Your Troubles","Act Like it!","BaseMod","Better Altar","Better Match","Better Note","Better Sensory Stone","Better Skull","Better Third Choice","BetterRewards","Displayed Cursed Tome","Downfall","Friendly Minions","Googly Eyes","GungeonMod","Hallownest","Hermit","Library of Ruina","Library of Ruina Extra","Lobotomy","LobotomyExtend","Minty Spire (QoL Compilation)","Reliquary","Spicy Shops","Spire Arcade","Spire Birthday Party","StSLib","The Bug Knight","Wide Potions","everything is the same but u backflip on backflip","slay the spire mod where everything is the same but ironclad has a cowboy hat"],"gold_per_floor":[116,116,132,148,168,168,185,185,212,212,97,107,107,121,121,226,226,236,255,267,267,285,312,327,327,409,409,409,409],"floor_reached":28,"language":"ENG","playtime":1507,"items_purged":[],"score":334,"play_id":"d543306e-b8e8-41ec-a1bd-f63856c7d601","local_time":"20210225173753","is_ascension_mode":false,"campfire_choices":[{"data":"SenseQuarry","floor":6.0,"key":"SMITH"},{"data":"SteelKnuckles","floor":10.0,"key":"SMITH"},{"floor":13.0,"key":"REST"},{"data":"DestructiveImpact","floor":15.0,"key":"SMITH"},{"data":"CrackOfDawn","floor":25.0,"key":"SMITH"},{"data":"FrontalAssault","floor":27.0,"key":"SMITH"}],"circlet_count":0,"master_deck":["Dodge","LightDefense","LightAttack","LightAttack","LightAttack","LightDefense","LightDefense","LightDefense","ChargeAndCover","FocusedStrikes","LongBird","SenseQuarry+1","BigBird","DestructiveImpact+1","QueenOfHatred","SteelKnuckles+1","Rudolta","FrontalAssault","LaLuna","FrontalAssault+1","WallGazer","JiaoTu","BodiesMountain","Decapitation","MHz","CumulusWall+1","TendonChords+1","Scorched","CrackOfDawn+1","SuanNi","FlowOfTheSword+1","OSAHOGD","Eradication","BlueStar","SerpentSwordTechnique+1"],"relics":["PageOfLibrarian","CogitoBucket","RabbitCall","LetterFromLob","PageOfTheKnightOfDespair","PageOfTheQueenOfHatred","DemoMod:GnawedKey","HellTrain","SacredBark","BackwardClock","PageOfGreed","PageOfWrath"],"acts_visited":["Exordium","TheCity"],"potions_floor_usage":[28,28],"damage_taken":[{"damage":0.0,"enemies":"2 Louse","floor":1.0,"turns":2.0},{"damage":1.0,"enemies":"Jaw Worm","floor":3.0,"turns":2.0},{"damage":0.0,"enemies":"Cultist","floor":4.0,"turns":3.0},{"damage":9.0,"enemies":"Looter","floor":5.0,"turns":3.0},{"damage":14.0,"enemies":"Exordium Wildlife","floor":7.0,"turns":4.0},{"damage":36.0,"enemies":"Exordium Thugs","floor":12.0,"turns":3.0},{"damage":11.0,"enemies":"2 Fungi Beasts","floor":14.0,"turns":3.0},{"damage":11.0,"enemies":"Hexaghost","floor":16.0,"turns":6.0},{"damage":14.0,"enemies":"2 Thieves","floor":18.0,"turns":3.0},{"damage":2.0,"enemies":"3 Byrds","floor":19.0,"turns":3.0},{"damage":39.0,"enemies":"Sentry and Sphere","floor":20.0,"turns":5.0},{"damage":12.0,"enemies":"Shelled Parasite and Fungi","floor":22.0,"turns":2.0},{"damage":0.0,"enemies":"HollowMod:Nosk","floor":23.0,"turns":4.0},{"damage":0.0,"enemies":"Snecko","floor":24.0,"turns":2.0},{"damage":137,"enemies":"3 Cultists","floor":28,"turns":5}],"seed_played":"-6696221946251125974","potions_obtained":[{"floor":4.0,"key":"bronze:BurnAndBuffPotion"},{"floor":7.0,"key":"Weak Potion"},{"floor":12.0,"key":"SpeedPotion"},{"floor":20.0,"key":"Fruit Juice"},{"floor":22.0,"key":"DuplicationPotion"},{"floor":23.0,"key":"Fire Potion"}],"is_trial":false,"path_per_floor":["M","M","M","M","M","R","M","?","T","R","$","M","R","M","R","B",null,"M","M","M","?","M","E","M","R","T","R","M"],"character_chosen":"Librarian","items_purchased":["DemoMod:GnawedKey"],"campfire_rested":1,"item_purchase_floors":[11],"current_hp_per_floor":[60,60,59,59,50,50,39,39,39,39,39,12,35,34,34,36,89,87,89,73,73,68,78,87,87,87,87,0,0],"gold":409,"neow_bonus":"","is_daily":false,"chose_seed":false,"campfire_upgraded":5,"win_rate":0.0,"timestamp":1614292673,"path_taken":["M","M","M","M","M","R","M","?","T","R","$","M","R","M","R","BOSS","M","M","M","?","M","E","M","R","T","R","M"],"items_purchased_type":["Relic"],"build_version":"2020-12-22","purchased_purges":0,"victory":false,"max_hp_per_floor":[65,65,77,77,77,77,77,77,77,77,77,77,77,63,63,89,89,89,89,99,99,99,99,99,99,99,99,99,99],"card_choices":[{"not_picked":["BeautyBeast","HappyTeddy"],"picked":"LongBird","floor":1.0},{"not_picked":["QuickSuppression","FeatherShield","HiddenBlade","SharpSwipe","Multislash","SinglePointStab","Observe","HandlingWork"],"picked":"SenseQuarry","floor":1.0},{"not_picked":["Variant","Woodsman","GalaxyChild"],"picked":"Singing Bowl","floor":3.0},{"not_picked":["FairyFestival","MeatLantern"],"picked":"BigBird","floor":3.0},{"not_picked":["SpearedSweep","IngredientHunt","MindWhip","DesperateStruggle","Track","Parry","ViolentFlame","UpbeatPerformance"],"picked":"DestructiveImpact","floor":3.0},{"not_picked":["Murderer","BigBadWolf"],"picked":"QueenOfHatred","floor":4.0},{"not_picked":["DirtyBlow","MultiHit","Retaliate","FocusFire","PinpointShot","BladeWhirl","PreemptiveStrike","Mutilate"],"picked":"SteelKnuckles","floor":4.0},{"not_picked":["UniverseFragment","Porccubus"],"picked":"Rudolta","floor":5.0},{"not_picked":["EnergyShield","UpbeatPerformance","QuickAttack","GreatSerpentsImpact","Standoff","DriedUp","EndlessBattle","Endure"],"picked":"FrontalAssault","floor":5.0},{"not_picked":["UniverseFragment","CherryBlossoms","Mercenary"],"picked":"Singing Bowl","floor":7.0},{"not_picked":["FieryBird","SpiderBud"],"picked":"LaLuna","floor":7.0},{"not_picked":["InnerArdor","UpbeatPerformance","Creak","MultiHit","UnavoidableGaze","Pound","AsThePrescriptOrders","HighKick"],"picked":"FrontalAssault","floor":7.0},{"not_picked":["LittleHelper","DreamingCurrent","PunishingBird"],"picked":"Singing Bowl","floor":12.0},{"not_picked":["Multislash","EnergyStrike","QuickSuppression","MindWhip","ClassAndRespect","PinpointShot","Rewind","FleetFootsteps","DaringDecision"],"picked":"SKIP","floor":12.0},{"not_picked":["Bloodbath","CrumblingArmor","DespairKnight"],"picked":"Singing Bowl","floor":14.0},{"not_picked":["PunishingBird","Variant"],"picked":"WallGazer","floor":14.0},{"not_picked":["SharpSwipe","WillOfThePrescript","WildCard","TendonChords","Pound","BindingChains","ClassAndRespect","Parry2"],"picked":"JiaoTu","floor":14.0},{"not_picked":["SpiderBud","VoidDream","BeautyBeast"],"picked":"Singing Bowl","floor":16.0},{"not_picked":["Scorched","LittleHelper"],"picked":"BodiesMountain","floor":16.0},{"not_picked":["BlazingStrike","MindCrush"],"picked":"Decapitation","floor":16.0},{"not_picked":["DespairKnight","UniverseFragment"],"picked":"MHz","floor":18.0},{"not_picked":["GaleKick+1","YourShield+1","AutonomousRush+1","DefenseOrder","GuardingStance","Pound","UpbeatPerformance+1","EnergyShield"],"picked":"CumulusWall+1","floor":18.0},{"not_picked":["CherryBlossoms","GalaxyChild","VoidDream"],"picked":"Singing Bowl","floor":19.0},{"not_picked":["BiAn","MultiBlock","GaleKick+1","HandleRequest","SilentNight","FlowOfTheSword+1","SharpSwipe","JiaoTu"],"picked":"TendonChords+1","floor":19.0},{"not_picked":["Scarecrow","VoidDream"],"picked":"Scorched","floor":20.0},{"not_picked":["SerpentSwordTechnique","WillOfThePrescript","Leap_lor","HiddenBlade","SharpenedBlade+1","SparkingSpear+1","UpbeatPerformance","QuickAttack+1"],"picked":"CrackOfDawn","floor":20.0},{"not_picked":["Murderer","UniverseFragment","SpiderBud"],"picked":"Singing Bowl","floor":22.0},{"not_picked":["FleetEdge","BulkyImpact","WaitUp","HighKick+1","Brawl","Transpierce","ChiWen","Thirst"],"picked":"FlowOfTheSword+1","floor":22.0},{"not_picked":["VoidDream","CrumblingArmor"],"picked":"OSAHOGD","floor":23.0},{"not_picked":["EmotionalTurbulence","Pound","EnergyShield","MultiHit","UnavoidableGaze+1","FlyingSword","CoordinatedAssault","CumulusWall+1"],"picked":"Eradication","floor":23.0},{"not_picked":["FairyFestival","VoidDream"],"picked":"BlueStar","floor":24.0},{"not_picked":["FierceCharge","FleetEdge","StartinOutLightly","ViolentFlame+1","IngredientHunt","EnergyCycle+1","AsThePrescriptOrders","ScratchThat"],"picked":"SerpentSwordTechnique+1","floor":24.0}],"player_experience":386472,"relics_obtained":[{"floor":1.0,"key":"LetterFromLob"},{"floor":9.0,"key":"PageOfTheQueenOfHatred"},{"floor":23.0,"key":"PageOfGreed"},{"floor":26.0,"key":"PageOfWrath"}],"event_choices":[{"cards_removed":["SenseQuarry"],"damage_healed":0.0,"max_hp_gain":0.0,"max_hp_loss":0.0,"gold_gain":0.0,"event_name":"betterNote:BetterNote","player_choice":"Take \u0026 Give","floor":21.0,"gold_loss":0.0,"damage_taken":0.0,"cards_obtained":["SuanNi"]}],"is_beta":false,"boss_relics":[{"not_picked":["Runic Pyramid","Runic Dome"],"picked":"SacredBark"}],"items_purged_floors":[],"is_endless":false,"potions_floor_spawned":[4,7,12,20,22,23],"killed_by":"3 Cultists","ascension_level":0}}