{"host":"oq9vgnvl0fi8z8ha","time":1614295426,"event":{"mods":["Act Like it!","BaseMod","Block Reminder","ChefMod","Curses Come First","Evolution","Fox Events","Hallownest","Highlight Path","Minty Spire (QoL Compilation)","Relic Stats","Robot Space Explorer","Smile Girya","StSLib","The Blue Laboratory","The Bug Knight","The Runesmith","Treasure Hunter","Unceasing Turn Reminder"],"gold_per_floor":[215,229,229,404,404,436,436,436,436,467,18,49,49,59,59,161,161,179,179,94,94,94,125,151,167,193,193,226,226,253,213,213,215,215],"floor_reached":33,"language":"ENG","playtime":1913,"items_purged":[],"score":497,"play_id":"6e876529-b0cc-4bdf-8635-d6def3c2fd8f","local_time":"20210225162346","daily_mods":["Heirloom","Time Dilation","Flight"],"is_ascension_mode":true,"campfire_choices":[{"floor":7,"key":"REST"},{"data":"Bash","floor":8,"key":"SMITH"},{"data":"Uppercut","floor":13,"key":"SMITH"},{"floor":15,"key":"REST"},{"data":"Armaments","floor":27,"key":"SMITH"},{"floor":29,"key":"REST"},{"floor":32,"key":"REST"}],"circlet_count":0,"master_deck":["Thunderclap","Headbutt","Strike_R","Strike_R","Strike_R","Defend_R","Defend_R","Defend_R","Defend_R","Bash+1","Wild Strike","Cleave","TH:BikiniMail","Clothesline","TH:CopperCoins","TH:DeckOfManyThings","Uppercut+1","TH:DeckOfManyThings","Heavy Blade","Iron Wave","Headbutt","TH:ArmorSpikes","Feed+1","Armaments+1","Shrug It Off+1","Disarm","TH:PixieDust","Body Slam+1","TH:CopperCoins","Second Wind+1","Offering","Disarm","TH:BikiniMail","TH:BikiniMail","Pommel Strike","TH:ElvenBoots","Evolve"],"relics":["Burning Blood","EVO:Axolotl","Ginger","Prayer Wheel","Unceasing Top","Runesmith:Nanobots","Vajra","Oddly Smooth Stone","FossilizedHelix","Bronze Scales","Runesmith:UraniumAnvil","Pantograph","Sundial","Bottled Flame","Nunchaku","Tiny Chest","Boot","StrikeDummy"],"acts_visited":["Exordium","TheCity"],"potions_floor_usage":[6,23,24,25,28],"damage_taken":[{"damage":2,"enemies":"2 Louse","floor":1,"turns":3},{"damage":8,"enemies":"Jaw Worm","floor":2,"turns":4},{"damage":41,"enemies":"Lagavulin","floor":6,"turns":6},{"damage":24,"enemies":"Gremlin Nob","floor":10,"turns":4},{"damage":9,"enemies":"Lagavulin","floor":12,"turns":5},{"damage":0,"enemies":"Small Slimes","floor":14,"turns":2},{"damage":0,"enemies":"Slime Boss","floor":16,"turns":7},{"damage":0,"enemies":"Shell Parasite","floor":18,"turns":3},{"damage":12,"enemies":"HollowMod:Nosk","floor":23,"turns":5},{"damage":7,"enemies":"Book of Stabbing","floor":24,"turns":5},{"damage":0,"enemies":"2 Thieves","floor":25,"turns":2},{"damage":49,"enemies":"Gremlin Leader","floor":28,"turns":9},{"damage":0,"enemies":"Slavers","floor":30,"turns":3},{"damage":99,"enemies":"Champ","floor":33,"turns":15}],"seed_played":"978286934272989580","potions_obtained":[{"floor":1,"key":"BloodPotion"},{"floor":12,"key":"blueLaboratory:HummingbirdPotion"},{"floor":14,"key":"Block Potion"},{"floor":16,"key":"blueLaboratory:LouseDecoction"},{"floor":24,"key":"blueLaboratory:FruitPunch"},{"floor":25,"key":"blueLaboratory:AbyssPotion"}],"is_trial":true,"path_per_floor":["M","M","?","?","?","E","R","R","T","E","$","E","R","M","R","B",null,"M","?","?","?","?","E","E","M","T","R","E","R","E","?","R","B"],"character_chosen":"IRONCLAD","items_purchased":["Oddly Smooth Stone","FossilizedHelix"],"campfire_rested":4,"item_purchase_floors":[11,11],"current_hp_per_floor":[80,78,71,71,71,52,76,76,76,58,58,55,55,61,80,80,80,80,80,80,80,80,77,76,84,84,84,44,70,79,79,91,0,0],"gold":215,"neow_bonus":"","is_daily":false,"chose_seed":false,"campfire_upgraded":3,"win_rate":0.0,"timestamp":1614295426,"path_taken":["M","M","?","?","?","E","R","R","T","E","$","E","R","?","R","BOSS","M","?","?","?","?","E","E","M","T","R","E","R","E","?","R","BOSS"],"items_purchased_type":["Relic","Relic"],"build_version":"2020-12-22","purchased_purges":0,"victory":false,"max_hp_per_floor":[80,80,80,80,80,80,80,80,80,80,80,80,80,80,80,80,80,80,80,80,80,80,83,83,85,85,85,88,88,91,91,91,91,91],"relic_stats":{"Nunchaku":[5],"counters":[14,73],"Sundial":[2],"Bronze Scales":[95],"Pantograph":0,"Prayer Wheel":3,"Tiny Chest":0,"Ginger":[7],"Boot":[2],"obtain_stats":[{"Runesmith:Nanobots":9,"Vajra":10,"Oddly Smooth Stone":11,"EVO:Axolotl":0,"Ginger":0,"Boot":28,"Burning Blood":0,"Bottled Flame":23,"Nunchaku":24,"Sundial":21,"Bronze Scales":12,"Pantograph":20,"Runesmith:UraniumAnvil":17,"Prayer Wheel":3,"Tiny Chest":26,"StrikeDummy":30,"Unceasing Top":6,"FossilizedHelix":11},{"Runesmith:Nanobots":3,"Vajra":4,"Oddly Smooth Stone":4,"EVO:Axolotl":0,"Ginger":0,"Boot":12,"Burning Blood":0,"Bottled Flame":9,"Nunchaku":10,"Sundial":8,"Bronze Scales":5,"Pantograph":8,"Runesmith:UraniumAnvil":7,"Prayer Wheel":2,"Tiny Chest":11,"StrikeDummy":13,"Unceasing Top":3,"FossilizedHelix":4},{"Runesmith:Nanobots":13,"Vajra":17,"Oddly Smooth Stone":17,"EVO:Axolotl":0,"Ginger":0,"Boot":55,"Burning Blood":0,"Bottled Flame":39,"Nunchaku":44,"Sundial":34,"Bronze Scales":22,"Pantograph":34,"Runesmith:UraniumAnvil":31,"Prayer Wheel":7,"Tiny Chest":46,"StrikeDummy":58,"Unceasing Top":13,"FossilizedHelix":17}],"Burning Blood":62,"Unceasing Top":[5]},"card_choices":[{"not_picked":["Sentinel","Shrug It Off"],"picked":"Wild Strike","floor":1},{"not_picked":["Heavy Blade","Headbutt"],"picked":"Cleave","floor":2},{"not_picked":["TH:DeckOfManyThings"],"picked":"TH:BikiniMail","floor":6},{"not_picked":["Bloodletting","Heavy Blade"],"picked":"Clothesline","floor":6},{"not_picked":["TH:EnergyPotion"],"picked":"TH:CopperCoins","floor":9},{"not_picked":["TH:EnergyPotion"],"picked":"TH:DeckOfManyThings","floor":10},{"not_picked":["Flex","Clash"],"picked":"Uppercut","floor":10},{"not_picked":["TH:Mimic"],"picked":"TH:DeckOfManyThings","floor":12},{"not_picked":["Reckless Charge","Wild Strike"],"picked":"Heavy Blade","floor":12},{"not_picked":["Bludgeon","Seeing Red"],"picked":"Iron Wave","floor":14},{"not_picked":["Shrug It Off","Havoc"],"picked":"Headbutt","floor":14},{"not_picked":["TH:ElvenBoots"],"picked":"TH:ArmorSpikes","floor":16},{"not_picked":["Exhume","Offering"],"picked":"Feed","floor":16},{"not_picked":["Havoc","Pommel Strike"],"picked":"Armaments","floor":18},{"not_picked":["Warcry","Wild Strike+1"],"picked":"Shrug It Off+1","floor":18},{"not_picked":["TH:EnergyPotion"],"picked":"TH:PixieDust","floor":23},{"not_picked":["Twin Strike","Sword Boomerang"],"picked":"Body Slam+1","floor":23},{"not_picked":["TH:EnergyPotion"],"picked":"TH:CopperCoins","floor":24},{"not_picked":["Warcry","Heavy Blade+1"],"picked":"Second Wind+1","floor":24},{"not_picked":["Sever Soul","Twin Strike"],"picked":"Offering","floor":25},{"not_picked":["Anger","Armaments"],"picked":"Disarm","floor":25},{"not_picked":["TH:ElvenBoots"],"picked":"TH:BikiniMail","floor":26},{"not_picked":["TH:ArmorSpikes"],"picked":"TH:BikiniMail","floor":28},{"not_picked":["Blood for Blood","Havoc+1"],"picked":"Pommel Strike","floor":28},{"not_picked":["TH:Mimic"],"picked":"TH:ElvenBoots","floor":30},{"not_picked":["Shockwave","Battle Trance"],"picked":"Evolve","floor":30}],"player_experience":327410,"relics_obtained":[{"floor":6,"key":"Unceasing Top"},{"floor":9,"key":"Runesmith:Nanobots"},{"floor":10,"key":"Vajra"},{"floor":12,"key":"Bronze Scales"},{"floor":23,"key":"Bottled Flame"},{"floor":24,"key":"Nunchaku"},{"floor":26,"key":"Tiny Chest"},{"floor":28,"key":"Boot"},{"floor":30,"key":"StrikeDummy"}],"event_choices":[{"damage_healed":0,"gold_gain":0,"player_choice":"Success","damage_taken":7,"relics_obtained":["Prayer Wheel"],"max_hp_gain":0,"max_hp_loss":0,"event_name":"Scrap Ooze","floor":3,"gold_loss":0},{"damage_healed":0,"gold_gain":175,"player_choice":"AGREE","damage_taken":0,"max_hp_gain":0,"max_hp_loss":0,"event_name":"Liars Game","floor":4,"gold_loss":0,"cards_obtained":["Doubt"]},{"cards_removed":["Doubt"],"damage_healed":0,"gold_gain":0,"player_choice":"Removed Curses","damage_taken":0,"max_hp_gain":0,"max_hp_loss":0,"event_name":"Fountain of Cleansing","floor":5,"gold_loss":0},{"damage_healed":0,"gold_gain":0,"player_choice":"Read","damage_taken":0,"max_hp_gain":0,"max_hp_loss":0,"event_name":"The Library","floor":19,"gold_loss":0,"cards_obtained":["Disarm"]},{"damage_healed":0,"gold_gain":0,"player_choice":"Obtained Relic","damage_taken":0,"relics_obtained":["Pantograph"],"max_hp_gain":0,"max_hp_loss":0,"event_name":"Addict","floor":20,"gold_loss":85},{"damage_healed":0,"gold_gain":0,"player_choice":"Opened","damage_taken":0,"relics_obtained":["Sundial"],"max_hp_gain":0,"max_hp_loss":0,"event_name":"The Mausoleum","floor":21,"gold_loss":0},{"damage_healed":0,"gold_gain":0,"player_choice":"Ignored","damage_taken":0,"max_hp_gain":0,"max_hp_loss":0,"event_name":"Beggar","floor":22,"gold_loss":0},{"damage_healed":0,"gold_gain":0,"player_choice":"Upgrade","damage_taken":0,"max_hp_gain":0,"max_hp_loss":0,"event_name":"Designer","floor":31,"gold_loss":40,"cards_upgraded":["Feed"]}],"is_beta":false,"boss_relics":[{"not_picked":["Empty Cage","Tiny House"],"picked":"Runesmith:UraniumAnvil"}],"items_purged_floors":[],"is_endless":true,"potions_floor_spawned":[1,12,14,16,24,25],"killed_by":"Champ","ascension_level":3}}