{"host":"2okas1s8lto464g9","time":1614262984,"event":{"mods":["BaseMod","Minty Spire (QoL Compilation)","StSLib","WarShipGirlsR/’ΩΩ¢…Ÿ≈ÆR mod"],"gold_per_floor":[117,133,147,166,179,179,179,179,179],"floor_reached":8,"language":"ZHS","playtime":203,"items_purged":[],"score":63,"play_id":"39761b14-b1ed-4863-a949-68fa2a7e2c9b","local_time":"20210225222304","is_ascension_mode":true,"campfire_choices":[{"data":"Eruption","floor":6,"key":"SMITH"}],"circlet_count":0,"master_deck":["Strike_P","Strike_P","Strike_P","Strike_P","Defend_P","Defend_P","Defend_P","Eruption+1","Vigilance","Fasting2"],"relics":["PureWater","NeowsBlessing"],"acts_visited":["Exordium"],"potions_floor_usage":[8],"damage_taken":[{"damage":0,"enemies":"Cultist","floor":1,"turns":1},{"damage":0,"enemies":"Small Slimes","floor":2,"turns":1},{"damage":0,"enemies":"2 Louse","floor":3,"turns":1},{"damage":3,"enemies":"Blue Slaver","floor":4,"turns":6},{"damage":3,"enemies":"3 Louse","floor":5,"turns":5},{"damage":11,"enemies":"3 Sentries","floor":8,"turns":4}],"seed_played":"-4224256236775696158","potions_obtained":[{"floor":1,"key":"Dexterity Potion"},{"floor":2,"key":"SpeedPotion"}],"is_trial":false,"path_per_floor":["M","M","M","M","M","R","?","E"],"character_chosen":"WATCHER","items_purchased":[],"campfire_rested":0,"item_purchase_floors":[],"current_hp_per_floor":[72,72,72,69,66,66,59,48,48],"gold":179,"neow_bonus":"THREE_ENEMY_KILL","is_daily":false,"chose_seed":false,"campfire_upgraded":1,"win_rate":0.0,"timestamp":1614262984,"path_taken":["M","M","M","?","M","R","?","E"],"items_purchased_type":[],"build_version":"2020-12-22","purchased_purges":0,"victory":false,"max_hp_per_floor":[72,72,72,72,72,72,72,72,72],"card_choices":[{"not_picked":["Prostrate","SashWhip","MentalFortress"],"picked":"SKIP","floor":1},{"not_picked":["PathToVictory","BowlingBash","CrushJoints"],"picked":"SKIP","floor":2},{"not_picked":["EmptyBody","PathToVictory","BowlingBash"],"picked":"SKIP","floor":3},{"not_picked":["Pray","Prostrate","Halt"],"picked":"SKIP","floor":4},{"not_picked":["CrushJoints","Crescendo"],"picked":"Fasting2","floor":5}],"player_experience":489811,"relics_obtained":[],"event_choices":[{"cards_removed":["Defend_P"],"damage_healed":0,"gold_gain":0,"player_choice":"Card Removal","damage_taken":7,"max_hp_gain":0,"max_hp_loss":0,"event_name":"Golden Wing","floor":7,"gold_loss":0}],"is_beta":false,"boss_relics":[],"items_purged_floors":[],"is_endless":false,"potions_floor_spawned":[1,2],"killed_by":"3 Sentries","ascension_level":5}}