{"host":"9kesdg97wkrx2bva","time":1614294846,"event":{"mods":["AchievementEnabler","BaseMod","Colored Map","GifTheSpireLib","Infinite Spire","Minty Spire (QoL Compilation)","Replay The Spire","StSLib"],"gold_per_floor":[119,1,1,21,40,40,40,71,142,142,160,160,160,183,183,279,279,297,318,318,318,318,318,338,379,405,405,405,423,423,166,166,257,257,270,283,296,1295,314,314,294,317,317,317,317,317,317,358,358,358],"floor_reached":51,"language":"ENG","playtime":3721,"items_purged":["Strike_G","Strike_G","Strike_G","Normality","Normality"],"score":1277,"play_id":"3982f539-4887-4a04-bcf1-c3cce55647e8","local_time":"20210225171406","is_ascension_mode":true,"campfire_choices":[{"data":"ReplayTheSpireMod:Scrap Shanks","floor":6.0,"key":"SMITH"},{"floor":10.0,"key":"REST"},{"data":"ReplayTheSpireMod:Speed Training","floor":12.0,"key":"SMITH"},{"data":"Prepared","floor":15.0,"key":"SMITH"},{"data":"infinitespire:NeuralNetwork","floor":23.0,"key":"SMITH"},{"data":"Crippling Poison","floor":28.0,"key":"SMITH"},{"data":"infinitespire:Neurotoxin","floor":40,"key":"SMITH"},{"data":"Catalyst","floor":44,"key":"SMITH"},{"data":"Panache","floor":46,"key":"SMITH"},{"data":"Deflect","floor":49,"key":"SMITH"}],"circlet_count":0,"master_deck":["AscendersBane","Strike_G","Defend_G","Defend_G","Defend_G","Defend_G","Defend_G","Survivor","Neutralize+1","Underhanded Strike","ReplayTheSpireMod:Scrap Shanks+1","Underhanded Strike","ReplayTheSpireMod:Speed Training+1","Crippling Poison","Poisoned Stab","Prepared+1","Corpse Explosion","Crippling Poison+1","Deflect+1","infinitespire:NeuralNetwork+1","Dagger Throw+1","Deadly Poison","infinitespire:Neurotoxin+1","Tactician+1","Catalyst+1","After Image","Catalyst","Panache+1","Panacea","Bandage Up","Panacea"],"relics":["Ring of the Snake","NeowsBlessing","Bronze Scales","Golden Idol","Coffee Dripper","Nloth\u0027s Gift","Incense Burner","Red Mask","Replay:Wax Seal","Blue Doll","Snecko Scales","Lee\u0027s Waffle","infinitespire:BottledMercury","infinitespire:EmpoweringShard","Quantum Egg","ReplayTheSpireMod:ShopPack","HoveringKite","ReplayTheSpireMod:Lightbulb"],"acts_visited":["Exordium","TheCity","TheBeyond"],"potions_floor_usage":[36,42,48,50],"damage_taken":[{"damage":0.0,"enemies":"Jaw Worm","floor":1.0,"turns":1.0},{"damage":0.0,"enemies":"2 Louse","floor":4.0,"turns":1.0},{"damage":0.0,"enemies":"Cultist","floor":5.0,"turns":1.0},{"damage":48.0,"enemies":"3 Sentries","floor":8.0,"turns":16.0},{"damage":8.0,"enemies":"Looter","floor":11.0,"turns":3.0},{"damage":4.0,"enemies":"Blue Slaver","floor":14.0,"turns":3.0},{"damage":42.0,"enemies":"Fading Forest","floor":16.0,"turns":11.0},{"damage":23.0,"enemies":"Spheric Guardian","floor":18.0,"turns":5.0},{"damage":0.0,"enemies":"3 Byrds","floor":19.0,"turns":2.0},{"damage":17.0,"enemies":"Snake Plant","floor":24.0,"turns":4.0},{"damage":2.0,"enemies":"Masked Bandits","floor":25.0,"turns":2.0},{"damage":3,"enemies":"Snecko","floor":29,"turns":5},{"damage":18,"enemies":"Champ","floor":33,"turns":10},{"damage":0,"enemies":"3 Shapes","floor":35,"turns":3},{"damage":28,"enemies":"3 Darklings","floor":36,"turns":3},{"damage":0,"enemies":"Transient","floor":37,"turns":6},{"damage":9,"enemies":"Writhing Mass","floor":42,"turns":4},{"damage":19,"enemies":"Reptomancer","floor":48,"turns":5},{"damage":2,"enemies":"Donu and Deca","floor":50,"turns":5}],"seed_played":"-7349608547420820230","potions_obtained":[{"floor":11.0,"key":"Venom Potion"},{"floor":14.0,"key":"SkillPotion"},{"floor":16.0,"key":"ColorlessPotion"},{"floor":24.0,"key":"SkillPotion"},{"floor":29,"key":"Swift Potion"},{"floor":33,"key":"Strength Potion"},{"floor":41,"key":"Block Potion"},{"floor":42,"key":"SkillPotion"},{"floor":48,"key":"DistilledChaos"}],"is_trial":false,"path_per_floor":["M","$","?","M","M","R","?","E","T","R","M","R","?","M","R","B",null,"M","M","?","?","AVR","R","M","?","T","?","R","M","?","$","R_BF","B",null,"M","M","M","?","$","R","?","M","T","R","AVR","R","?","E","R","B",null],"character_chosen":"THE_SILENT","items_purchased":["ReplayTheSpireMod:Scrap Shanks","Blue Doll","Lee\u0027s Waffle","infinitespire:BottledMercury","After Image","infinitespire:EmpoweringShard","Catalyst"],"campfire_rested":1,"item_purchase_floors":[2,31,39,39,39,39,39],"current_hp_per_floor":[59,59,52,52,52,52,52,4,4,23,27,27,27,35,35,13,48,37,37,37,37,37,37,20,18,18,30,30,27,27,27,45,27,52,52,24,24,24,67,67,67,58,58,58,58,58,58,43,43,45],"gold":358,"neow_bonus":"THREE_ENEMY_KILL","is_daily":false,"chose_seed":false,"campfire_upgraded":9,"win_rate":0.0,"timestamp":1614294846,"path_taken":["M","$","?","M","M","R","?","E","T","R","?","R","?","M","R","BOSS","M","M","?","?","AVR","R","?","?","T","?","R","M","?","$","R_BF","BOSS","M","M","?","?","$","R","?","?","T","R","AVR","R","?","E","R","BOSS"],"items_purchased_type":["Card","Relic","Relic","Relic","Card","Relic","Card"],"build_version":"2020-12-22","purchased_purges":5,"victory":true,"max_hp_per_floor":[66,66,66,66,66,66,66,66,66,66,66,66,60,60,60,60,60,60,60,60,60,60,60,60,60,60,60,60,60,60,60,60,60,60,60,60,60,60,67,67,67,67,67,67,67,67,67,67,67,67],"card_choices":[{"not_picked":["Prepared","Escape Plan"],"picked":"Underhanded Strike","floor":1.0},{"not_picked":["Backflip","Wraith Form v2"],"picked":"Underhanded Strike","floor":4.0},{"not_picked":["Setup","Blade Dance"],"picked":"ReplayTheSpireMod:Speed Training","floor":5.0},{"not_picked":["Backstab","Dagger Spray"],"picked":"Crippling Poison","floor":8.0},{"not_picked":["Dagger Spray","Deflect"],"picked":"Poisoned Stab","floor":11.0},{"not_picked":["Cloak And Dagger","Blade Dance"],"picked":"Prepared","floor":14.0},{"not_picked":["Poison Darts","Wraith Form v2"],"picked":"Corpse Explosion","floor":16.0},{"not_picked":["Dash+1","Distraction"],"picked":"Crippling Poison","floor":18.0},{"not_picked":["Choke","Bane"],"picked":"Deflect","floor":19.0},{"not_picked":["Flying Knee","All Out Attack"],"picked":"Dagger Throw","floor":24.0},{"not_picked":["PiercingWail+1","Dodge and Roll"],"picked":"Deadly Poison","floor":29},{"not_picked":["Burst","Corpse Explosion"],"picked":"infinitespire:Neurotoxin","floor":33},{"not_picked":["Slice","All Out Attack"],"picked":"Tactician+1","floor":35},{"not_picked":["Prepared","Crippling Poison+1"],"picked":"Catalyst","floor":36},{"not_picked":["Toxin Wave","Crippling Poison","Well Laid Plans+1"],"picked":"SKIP","floor":37},{"not_picked":["Flechettes+1","Cloak And Dagger+1","Underhanded Strike"],"picked":"SKIP","floor":42},{"not_picked":["Midas Touch","Secret Weapon"],"picked":"Panache","floor":45},{"not_picked":["Secret Technique","Dark Shackles"],"picked":"Panacea","floor":45},{"not_picked":["Blind","Crow Ritual"],"picked":"Bandage Up","floor":45},{"not_picked":["Trip","ReplayTheSpireMod:Brewmster"],"picked":"Panacea","floor":47},{"not_picked":["Night Terror","PiercingWail","Poisoned Stab"],"picked":"SKIP","floor":48}],"player_experience":1055602,"relics_obtained":[{"floor":8.0,"key":"Bronze Scales"},{"floor":9.0,"key":"Meat on the Bone"},{"floor":25.0,"key":"Red Mask"},{"floor":26.0,"key":"Replay:Wax Seal"},{"floor":43,"key":"Quantum Egg"},{"floor":48,"key":"ReplayTheSpireMod:Lightbulb"}],"event_choices":[{"cards_removed":["Strike_G"],"damage_healed":0.0,"max_hp_gain":0.0,"max_hp_loss":0.0,"gold_gain":0.0,"event_name":"Golden Wing","player_choice":"Card Removal","floor":3.0,"gold_loss":0.0,"damage_taken":7.0},{"damage_healed":0.0,"max_hp_gain":0.0,"max_hp_loss":0.0,"gold_gain":0.0,"event_name":"Accursed Blacksmith","player_choice":"Forge","floor":7.0,"gold_loss":0.0,"damage_taken":0.0,"cards_upgraded":["Neutralize"]},{"damage_healed":0.0,"max_hp_gain":0.0,"max_hp_loss":6.0,"gold_gain":0.0,"event_name":"Golden Idol","player_choice":"Lose Max HP","floor":13.0,"gold_loss":0.0,"damage_taken":0.0,"relics_obtained":["Golden Idol"]},{"damage_healed":0.0,"max_hp_gain":0.0,"max_hp_loss":0.0,"gold_gain":0.0,"event_name":"Vampires","player_choice":"Ignored","floor":20.0,"gold_loss":0.0,"damage_taken":0.0},{"damage_healed":0.0,"max_hp_gain":0.0,"max_hp_loss":0.0,"gold_gain":0.0,"event_name":"N\u0027loth","player_choice":"Traded Relic","floor":21.0,"relics_lost":["Meat on the Bone"],"gold_loss":0.0,"damage_taken":0.0,"relics_obtained":["Nloth\u0027s Gift"]},{"damage_healed":0.0,"max_hp_gain":0.0,"max_hp_loss":0.0,"gold_gain":0.0,"event_name":"Masked Bandits","player_choice":"Fought Bandits","floor":25.0,"gold_loss":0.0,"damage_taken":0.0},{"damage_healed":12.0,"max_hp_gain":0.0,"max_hp_loss":0.0,"gold_gain":0.0,"event_name":"The Library","player_choice":"Heal","floor":27.0,"gold_loss":0.0,"damage_taken":0.0},{"damage_healed":0,"gold_gain":0,"player_choice":"Ignored","damage_taken":0,"max_hp_gain":0,"max_hp_loss":0,"event_name":"Transmorgrifier","floor":30,"gold_loss":0},{"damage_healed":0,"gold_gain":999,"player_choice":"Gold","damage_taken":0,"max_hp_gain":0,"max_hp_loss":0,"event_name":"MindBloom","floor":38,"gold_loss":0,"cards_obtained":["Normality","Normality"]},{"damage_healed":0,"gold_gain":0,"player_choice":"Bought 1 Potion","damage_taken":0,"max_hp_gain":0,"max_hp_loss":0,"event_name":"The Woman in Blue","floor":41,"gold_loss":0},{"damage_healed":0,"gold_gain":0,"player_choice":"Memory 1","damage_taken":0,"max_hp_gain":0,"max_hp_loss":0,"event_name":"SensoryStone","floor":47,"gold_loss":0}],"is_beta":false,"boss_relics":[{"not_picked":["Fusion Hammer","Runic Pyramid"],"picked":"Coffee Dripper"},{"not_picked":["Painkiller Herb","Astrolabe"],"picked":"Snecko Scales"}],"items_purged_floors":[2,22,31,39,45],"is_endless":false,"potions_floor_spawned":[11,14,16,24,29,33,42,48],"ascension_level":18}}