{"host":"iv24d026eac8pm4e","time":1614268611,"event":{"mods":["BaseMod","Minty Spire (QoL Compilation)"],"gold_per_floor":[113,128,147,162,179,192,192,207,231,249,249,223,223,223,223],"floor_reached":14,"language":"ENG","playtime":476,"items_purged":[],"score":163,"play_id":"814b9180-0564-4777-bd28-203876dbb449","local_time":"20210225075651","is_ascension_mode":true,"campfire_choices":[{"floor":11,"key":"REST"}],"circlet_count":0,"master_deck":["AscendersBane","Strike_B","Strike_B","Strike_B","Defend_B","Defend_B","Defend_B","Defend_B","Zap","Dualcast","Chaos","Conserve Battery","Barrage","Leap","Rebound","Biased Cognition","Steam","Undo","Barrage"],"relics":["Cracked Core","CultistMask"],"acts_visited":["Exordium"],"potions_floor_usage":[6,6,10],"damage_taken":[{"damage":10,"enemies":"Small Slimes","floor":1,"turns":3},{"damage":1,"enemies":"Cultist","floor":2,"turns":3},{"damage":10,"enemies":"Jaw Worm","floor":3,"turns":3},{"damage":9,"enemies":"Blue Slaver","floor":4,"turns":3},{"damage":20,"enemies":"Red Slaver","floor":5,"turns":5},{"damage":7,"enemies":"3 Louse","floor":6,"turns":4},{"damage":6,"enemies":"Blue Slaver","floor":8,"turns":3},{"damage":14,"enemies":"Lots of Slimes","floor":10,"turns":5},{"damage":18,"enemies":"Exordium Thugs","floor":12,"turns":4},{"damage":15,"enemies":"3 Sentries","floor":14,"turns":2}],"seed_played":"1320853702970603686","potions_obtained":[{"floor":3,"key":"Fire Potion"},{"floor":4,"key":"SkillPotion"},{"floor":5,"key":"Regen Potion"},{"floor":8,"key":"SkillPotion"},{"floor":12,"key":"DuplicationPotion"}],"is_trial":false,"path_per_floor":["M","M","M","M","M","M","?","M","T","M","R","M","?","E"],"character_chosen":"DEFECT","items_purchased":[],"campfire_rested":1,"item_purchase_floors":[],"current_hp_per_floor":[61,60,50,41,21,26,26,20,20,6,29,11,11,0,0],"gold":223,"neow_bonus":"TEN_PERCENT_HP_BONUS","is_daily":false,"chose_seed":false,"campfire_upgraded":0,"win_rate":0.0,"timestamp":1614268611,"path_taken":["M","M","M","M","M","M","?","M","T","M","R","?","?","E"],"items_purchased_type":[],"build_version":"2020-12-22","purchased_purges":0,"victory":false,"max_hp_per_floor":[78,78,78,78,78,78,78,78,78,78,78,78,78,78,78],"card_choices":[{"not_picked":["Hologram","Reprogram"],"picked":"Chaos","floor":1},{"not_picked":["Rebound","Reinforced Body"],"picked":"Conserve Battery","floor":2},{"not_picked":["Beam Cell","Turbo"],"picked":"Barrage","floor":3},{"not_picked":["Barrage","Blizzard"],"picked":"Leap","floor":4},{"not_picked":["Turbo","Gash"],"picked":"Rebound","floor":5},{"not_picked":["Conserve Battery","Turbo"],"picked":"Biased Cognition","floor":6},{"not_picked":["Barrage","Beam Cell"],"picked":"Steam","floor":8},{"not_picked":["Leap","Streamline"],"picked":"Undo","floor":10},{"not_picked":["Leap","Go for the Eyes"],"picked":"Barrage","floor":12}],"player_experience":2625448,"relics_obtained":[],"event_choices":[{"cards_removed":["Strike_B"],"damage_healed":0,"gold_gain":0,"player_choice":"Offered Basic","damage_taken":0,"max_hp_gain":0,"max_hp_loss":0,"event_name":"Bonfire Elementals","floor":7,"gold_loss":0},{"damage_healed":0,"gold_gain":0,"player_choice":"Trade","damage_taken":0,"relics_obtained":["CultistMask"],"max_hp_gain":0,"max_hp_loss":0,"event_name":"FaceTrader","floor":13,"gold_loss":0}],"is_beta":false,"boss_relics":[],"items_purged_floors":[],"is_endless":false,"potions_floor_spawned":[3,4,5,8,12],"killed_by":"3 Sentries","ascension_level":17}}