{"host":"n2sr453jcjz6vvl4","time":1614223913,"event":{"mods":["BaseMod","Colored Map","Minty Spire (QoL Compilation)","Permanent Neow","Relic Stats","StSLib"],"gold_per_floor":[15,30,30,45,45,45,71,98,150,150,150,162,174,174,174,275,275,289,301,301,320,245,245,245,245],"floor_reached":24,"language":"ENG","playtime":1463,"items_purged":[],"score":235,"play_id":"7a9321b4-36cf-46e4-b04c-ccff3669adcc","local_time":"20210224233153","is_ascension_mode":true,"campfire_choices":[{"data":"Feel No Pain","floor":6,"key":"SMITH"},{"floor":11,"key":"REST"},{"data":"Anger","floor":15,"key":"SMITH"},{"data":"Demon Form","floor":23,"key":"SMITH"}],"circlet_count":0,"master_deck":["Strike_R","Strike_R","Strike_R+1","Defend_R","Defend_R","Defend_R","Bash","Limit Break","Anger+1","Second Wind+1","Disarm","Feel No Pain+1","Iron Wave","Dark Embrace+1","Demon Form+1","Spot Weakness","Heavy Blade"],"relics":["Burning Blood","Odd Mushroom","Centennial Puzzle","MealTicket","SlaversCollar"],"acts_visited":["Exordium","TheCity"],"potions_floor_usage":[7,18,19,19,19,24],"damage_taken":[{"damage":1,"enemies":"Cultist","floor":1,"turns":3},{"damage":5,"enemies":"2 Louse","floor":2,"turns":3},{"damage":5,"enemies":"Jaw Worm","floor":4,"turns":3},{"damage":31,"enemies":"The Mushroom Lair","floor":7,"turns":6},{"damage":32,"enemies":"3 Sentries","floor":8,"turns":11},{"damage":17,"enemies":"3 Louse","floor":12,"turns":5},{"damage":0,"enemies":"Large Slime","floor":13,"turns":6},{"damage":51,"enemies":"Slime Boss","floor":16,"turns":11},{"damage":34,"enemies":"Shell Parasite","floor":18,"turns":6},{"damage":8,"enemies":"Spheric Guardian","floor":19,"turns":5},{"damage":48,"enemies":"Centurion and Healer","floor":21,"turns":7},{"damage":50,"enemies":"Book of Stabbing","floor":24,"turns":5}],"seed_played":"9050831371419694469","potions_obtained":[{"floor":1,"key":"Energy Potion"},{"floor":2,"key":"BlessingOfTheForge"},{"floor":13,"key":"EntropicBrew"},{"floor":18,"key":"Strength Potion"},{"floor":21,"key":"Fire Potion"}],"is_trial":false,"path_per_floor":["M","M","$","M","?","R","?","E","T","?","R","M","M","?","R","B",null,"M","M","?","M","?","R","E"],"character_chosen":"IRONCLAD","items_purchased":[],"campfire_rested":1,"item_purchase_floors":[],"current_hp_per_floor":[80,80,80,80,64,64,39,13,13,13,37,26,32,58,58,13,80,52,50,76,34,34,34,0,0],"gold":245,"neow_bonus":"TRANSFORM_TWO_CARDS","is_daily":false,"chose_seed":false,"campfire_upgraded":3,"win_rate":0.0,"timestamp":1614223913,"path_taken":["M","M","$","M","?","R","?","E","T","?","R","?","M","?","R","BOSS","M","M","?","M","?","R","E"],"items_purchased_type":[],"build_version":"2020-12-22","purchased_purges":0,"victory":false,"max_hp_per_floor":[80,80,80,80,80,80,80,80,80,80,80,80,80,80,80,80,80,80,80,80,80,80,80,80,80],"relic_stats":{"Centennial Puzzle":[18],"counters":[12,71],"MealTicket":0,"obtain_stats":[{"SlaversCollar":17,"Centennial Puzzle":8,"MealTicket":9,"Odd Mushroom":7,"Burning Blood":0},{"SlaversCollar":8,"Centennial Puzzle":5,"MealTicket":5,"Odd Mushroom":4,"Burning Blood":0},{"SlaversCollar":48,"Centennial Puzzle":26,"MealTicket":26,"Odd Mushroom":15,"Burning Blood":0}],"Burning Blood":59},"card_choices":[{"not_picked":["Perfected Strike","Clash"],"picked":"Second Wind","floor":1},{"not_picked":["True Grit","Pommel Strike"],"picked":"Disarm","floor":2},{"not_picked":["Flex","Perfected Strike"],"picked":"Feel No Pain","floor":4},{"not_picked":["Rupture","Reckless Charge"],"picked":"Iron Wave","floor":7},{"not_picked":["Inflame","Hemokinesis"],"picked":"Dark Embrace","floor":8},{"not_picked":["Body Slam","Power Through","Sword Boomerang"],"picked":"SKIP","floor":12},{"not_picked":["Body Slam","Thunderclap","Shockwave"],"picked":"SKIP","floor":13},{"not_picked":["Bludgeon","Juggernaut"],"picked":"Demon Form","floor":16},{"not_picked":["Combust","Clash","Searing Blow"],"picked":"SKIP","floor":18},{"not_picked":["Second Wind+1","Clash"],"picked":"Spot Weakness","floor":19},{"not_picked":["Seeing Red","Dropkick"],"picked":"Heavy Blade","floor":21}],"player_experience":249728,"relics_obtained":[{"floor":7,"key":"Odd Mushroom"},{"floor":8,"key":"Centennial Puzzle"},{"floor":9,"key":"MealTicket"}],"event_choices":[{"damage_healed":0,"gold_gain":0,"player_choice":"Entered Light","damage_taken":16,"max_hp_gain":0,"max_hp_loss":0,"event_name":"Shining Light","floor":5,"gold_loss":0,"cards_upgraded":["Second Wind","Strike_R"]},{"damage_healed":0,"gold_gain":0,"player_choice":"Fought Mushrooms","damage_taken":0,"max_hp_gain":0,"max_hp_loss":0,"event_name":"Mushrooms","floor":7,"gold_loss":0},{"damage_healed":0,"gold_gain":0,"player_choice":"Upgraded","damage_taken":0,"max_hp_gain":0,"max_hp_loss":0,"event_name":"Upgrade Shrine","floor":10,"gold_loss":0,"cards_upgraded":["Dark Embrace"]},{"damage_healed":26,"gold_gain":0,"player_choice":"Banana","damage_taken":0,"max_hp_gain":0,"max_hp_loss":0,"event_name":"Big Fish","floor":14,"gold_loss":0},{"damage_healed":26,"gold_gain":0,"player_choice":"Heal","damage_taken":0,"max_hp_gain":0,"max_hp_loss":0,"event_name":"The Library","floor":20,"gold_loss":0},{"cards_removed":["Strike_R"],"damage_healed":0,"gold_gain":0,"player_choice":"Gave Gold","damage_taken":0,"max_hp_gain":0,"max_hp_loss":0,"event_name":"Beggar","floor":22,"gold_loss":75}],"is_beta":false,"boss_relics":[{"not_picked":["Coffee Dripper","Astrolabe"],"picked":"SlaversCollar"}],"items_purged_floors":[],"is_endless":false,"potions_floor_spawned":[1,2,13,18,21],"killed_by":"Book of Stabbing","ascension_level":4}}