{"host":"id23shmscryl4psl","time":1614269350,"event":{"mods":["BaseMod","Better Altar","Better Match","Better Note","Better Sensory Stone","Better Skull","Better Third Choice","Colored Map","Colored Powertips","Dark Map","Downfall","FTL Soundtrack","Minty Spire (QoL Compilation)","Rare Cards Sparkle","Relic Stats","Robot Space Explorer","StSLib"],"gold_per_floor":[99,113,128,138,156,186,186,186,204,104,124,31,31,41,59,156,156,56,76,88,73,95,95,121,121,21,14,27,58,58,58,74,74,74,74],"floor_reached":33,"language":"ENG","playtime":2113,"items_purged":[],"score":321,"play_id":"57df25a8-0744-47f3-8078-9bc6f091579a","local_time":"20210225090910","is_ascension_mode":false,"campfire_choices":[{"data":"hexamod:Sear","floor":1,"key":"SMITH"},{"floor":10,"key":"RECALL"},{"data":"hexamod:Firestarter","floor":13,"key":"SMITH"},{"data":"hexamod:HeatMetal","floor":18,"key":"SMITH"},{"data":"hexamod:HeatMetal","floor":23,"key":"SMITH"},{"data":"hexamod:EmpoweredFlame","floor":26,"key":"SMITH"},{"floor":30,"key":"REST"}],"circlet_count":0,"master_deck":["hexamod:Strike","hexamod:Strike","hexamod:Strike","hexamod:Strike","hexamod:Defend","hexamod:Defend","hexamod:Defend","hexamod:Defend","hexamod:Sear+1","hexamod:Float","hexamod:Hexaguard","hexamod:EmpoweredFlame+1","hexamod:HeatMetal+1","hexamod:HeatMetal+1","hexamod:NightmareStrike","hexamod:Firestarter+1","hexamod:RadiantFlame+1","hexamod:FourthSeal","hexamod:SecondSeal","hexamod:HauntingEcho","hexamod:NightmareGuise","hexamod:VolcanoVisage+1","hexamod:Firestarter","hexamod:StepThrough+1","hexamod:WildfireWeapon+1","hexamod:NightmareStrike","hexamod:GhostflameBarrier+1","hexamod:WildfireWeapon+1","hexamod:Hexaguard","hexamod:AdvancingGuard"],"relics":["hexamod:SpiritBrand","Frozen Egg 2","Mango","downfall:HeartBlessingGreen","downfall:HeartBlessingRed","Nloth\u0027s Gift","downfall:HeartBlessingBlue","Bird Faced Urn"],"acts_visited":["Exordium","TheCity"],"potions_floor_usage":[6,16,16,19,20,29,29,29,33,33],"damage_taken":[{"damage":2,"enemies":"Small Slimes","floor":2,"turns":5},{"damage":0,"enemies":"Cultist","floor":3,"turns":3},{"damage":0,"enemies":"Jaw Worm","floor":4,"turns":3},{"damage":6,"enemies":"3 Louse","floor":5,"turns":3},{"damage":19,"enemies":"3 Sentries","floor":6,"turns":7},{"damage":0,"enemies":"downfall:LooterAlt","floor":9,"turns":3},{"damage":6,"enemies":"Exordium Thugs","floor":11,"turns":6},{"damage":10,"enemies":"downfall:FleeingMerchant","floor":12,"turns":4},{"damage":3,"enemies":"Gremlin Gang","floor":14,"turns":4},{"damage":12,"enemies":"Blue Slaver","floor":15,"turns":3},{"damage":10,"enemies":"IC_STATUS_ARCHETYPE","floor":16,"turns":6},{"damage":0,"enemies":"Spheric Guardian","floor":19,"turns":4},{"damage":18,"enemies":"downfall:LooterAlt2","floor":20,"turns":3},{"damage":0,"enemies":"downfall:FleeingMerchant","floor":21,"turns":4},{"damage":24,"enemies":"Snake Plant","floor":22,"turns":4},{"damage":9,"enemies":"downfall:FleeingMerchant","floor":27,"turns":4},{"damage":13,"enemies":"Chosen and Byrds","floor":28,"turns":6},{"damage":33,"enemies":"Book of Stabbing","floor":29,"turns":7},{"damage":17,"enemies":"Centurion and Healer","floor":32,"turns":7},{"damage":53,"enemies":"WA_ARCHETYPE_CALM","floor":33,"turns":8}],"seed_played":"-8153373592315884218","potions_obtained":[{"floor":3,"key":"hexamod:EctoCoolerPotion"},{"floor":11,"key":"champ:CounterPotion"},{"floor":14,"key":"CultistPotion"},{"floor":14,"key":"Regen Potion"},{"floor":16,"key":"GamblersBrew"},{"floor":19,"key":"DistilledChaos"},{"floor":20,"key":"Dexterity Potion"},{"floor":28,"key":"hexamod:InfernoChargePotion"},{"floor":29,"key":"Fruit Juice"},{"floor":32,"key":"SkillPotion"},{"floor":32,"key":"ColorlessPotion"}],"is_trial":false,"path_per_floor":["R","M","M","M","M","E","T","?","M","R","M","$","R","M","M","B",null,"R","M","M","$","M","R","T","?","R","$","M","E","R","?","M","B"],"character_chosen":"THE_SPIRIT","items_purchased":["hexamod:SecondSeal"],"campfire_rested":1,"item_purchase_floors":[12],"current_hp_per_floor":[63,61,61,61,55,36,50,50,50,50,44,34,34,31,19,24,98,98,98,80,80,56,56,56,56,66,57,44,16,49,49,40,0,0,0],"gold":74,"neow_bonus":"TWENTY_PERCENT_HP_BONUS","is_daily":false,"chose_seed":false,"campfire_upgraded":5,"win_rate":0.0,"timestamp":1614269350,"path_taken":["R","M","M","M","M","E","T","?","M","R","M","$","R","?","M","BOSS","R","M","M","?","?","R","T","?","R","?","M","E","R","?","M","BOSS"],"items_purchased_type":["Card"],"build_version":"2020-12-22","purchased_purges":0,"victory":false,"max_hp_per_floor":[84,84,84,84,84,84,98,98,98,98,98,98,98,98,98,98,98,98,98,98,98,98,98,98,98,108,108,108,113,113,113,113,113,113,113],"relic_stats":{"counters":[20,94],"Bird Faced Urn":[20],"Nloth\u0027s Gift":2,"obtain_stats":[{"downfall:HeartBlessingRed":18,"downfall:HeartBlessingBlue":26,"Bird Faced Urn":29,"Mango":7,"downfall:HeartBlessingGreen":10,"Black Star":17,"Nloth\u0027s Gift":25,"Frozen Egg 2":6,"hexamod:SpiritBrand":0},{"downfall:HeartBlessingRed":11,"downfall:HeartBlessingBlue":15,"Bird Faced Urn":18,"Mango":5,"downfall:HeartBlessingGreen":6,"Black Star":11,"Nloth\u0027s Gift":15,"Frozen Egg 2":5,"hexamod:SpiritBrand":0},{"downfall:HeartBlessingRed":47,"downfall:HeartBlessingBlue":62,"Bird Faced Urn":79,"Mango":21,"downfall:HeartBlessingGreen":24,"Black Star":47,"Nloth\u0027s Gift":62,"Frozen Egg 2":21,"hexamod:SpiritBrand":0}]},"card_choices":[{"not_picked":["hexamod:HauntingEcho","hexamod:RainOfEmbers"],"picked":"hexamod:Hexaguard","floor":2},{"not_picked":["hexamod:GhostflameBarrier","hexamod:GhostLash"],"picked":"hexamod:EmpoweredFlame","floor":3},{"not_picked":["hexamod:Hexaguard","hexamod:HeatShield"],"picked":"hexamod:HeatMetal","floor":4},{"not_picked":["hexamod:ShieldOfDarkness","hexamod:GhostLash"],"picked":"hexamod:HeatMetal","floor":5},{"not_picked":["hexamod:SearingWound","hexamod:AdvancingGuard"],"picked":"hexamod:NightmareStrike","floor":6},{"not_picked":["hexamod:FastForward","hexamod:ShieldOfDarkness"],"picked":"hexamod:Firestarter","floor":9},{"not_picked":["hexamod:GhostOfSpireFuture+1","hexamod:NecessarySacrifice"],"picked":"hexamod:RadiantFlame+1","floor":11},{"not_picked":["hexamod:GhostShield","hexamod:NecessarySacrifice"],"picked":"hexamod:FourthSeal","floor":12},{"not_picked":["hexamod:RetreatToShadows","hexamod:SkipABeat"],"picked":"hexamod:HauntingEcho","floor":14},{"not_picked":["hexamod:HauntingEcho","hexamod:SwordOfDarkness"],"picked":"hexamod:NightmareGuise","floor":15},{"not_picked":["hexamod:UnleashSpirits","hexamod:GhostflameInferno"],"picked":"hexamod:VolcanoVisage+1","floor":16},{"not_picked":["hexamod:NecessarySacrifice","hexamod:ThermalTransfer"],"picked":"hexamod:Firestarter","floor":19},{"not_picked":["hexamod:NecessarySacrifice","hexamod:ShieldOfDarkness"],"picked":"hexamod:StepThrough+1","floor":20},{"not_picked":["hexamod:ThirdSeal","hexamod:HeatShield"],"picked":"hexamod:WildfireWeapon+1","floor":21},{"not_picked":["hexamod:ShieldOfDarkness","hexamod:SwordOfDarkness"],"picked":"hexamod:NightmareStrike","floor":22},{"not_picked":["hexamod:Firestarter","hexamod:PhantomCloak+1"],"picked":"hexamod:GhostflameBarrier+1","floor":27},{"not_picked":["hexamod:PhantomFireball","hexamod:EmpoweredFlame+1"],"picked":"hexamod:WildfireWeapon+1","floor":28},{"not_picked":["hexamod:Again","hexamod:SkipABeat"],"picked":"hexamod:Hexaguard","floor":29},{"not_picked":["hexamod:EtherealExpedition","hexamod:TurnItUp"],"picked":"hexamod:AdvancingGuard","floor":32}],"player_experience":97841,"relics_obtained":[{"floor":6,"key":"Frozen Egg 2"},{"floor":7,"key":"Mango"},{"floor":29,"key":"Bird Faced Urn"}],"event_choices":[{"damage_healed":0,"gold_gain":0,"player_choice":"Leave","damage_taken":0,"max_hp_gain":0,"max_hp_loss":0,"event_name":"FaceTrader","floor":8,"gold_loss":0},{"damage_healed":0,"gold_gain":0,"player_choice":"Ignored","damage_taken":0,"max_hp_gain":0,"max_hp_loss":0,"event_name":"betterNote:BetterNote","floor":31,"gold_loss":0,"cards_obtained":["Strike_G"]}],"is_beta":false,"boss_relics":[{"not_picked":["Fusion Hammer","Calling Bell"],"picked":"Black Star"}],"items_purged_floors":[],"is_endless":false,"potions_floor_spawned":[3,11,14,15,16,20,28,29,32],"killed_by":"WA_ARCHETYPE_CALM","ascension_level":0}}