{"host":"zlgdkwtixcfrry6c","time":1614287163,"event":{"mods":["2.2 Compatiblity","BaseMod","Downfall","Minty Spire (QoL Compilation)","READ ME - Guardian Mod","Replay The Spire","StSLib","The Bug Knight","The Construct","The Cursed","The Jungle","The Runesmith"],"gold_per_floor":[109,127,6,26,26,26,26,51,77,127,147,165,138,166,166,267,267,277,202,202,142,142],"floor_reached":21,"language":"ENG","playtime":1896,"items_purged":[],"score":252,"play_id":"fd561fbd-6069-4194-807c-ea323f9e6f4a","local_time":"20210225220603","is_ascension_mode":true,"campfire_choices":[{"data":"Rupture","floor":6.0,"key":"SMITH"},{"floor":15.0,"key":"REST"}],"circlet_count":0,"master_deck":["Strike_R","Strike_R","Strike_R","Strike_R","Strike_R","Defend_R","Defend_R","Defend_R","Bash","ReplayTheSpireMod:Strike From Hell","Headbutt","Warcry","Rupture+1","Pommel Strike","Replay:Undeath\u0027s Touch","Pot Of Greed","Pot Of Greed","Pommel Strike","Cleave","Replay:Undeath\u0027s Touch","ReplayTheSpireMod:Muscle Training","ReplayTheSpireMod:Faulty Equipment","Double Tap","Dark Embrace"],"relics":["Burning Blood","Grinning Jar","ReplayTheSpireMod:Ring of Addiction","Chameleon Ring","SacredBark","Ring of Greed","MealTicket","The Courier","Girya","Runesmith:UraniumAnvil","Nloth\u0027s Gift"],"acts_visited":["Exordium","TheCity"],"potions_floor_usage":[],"damage_taken":[{"damage":1.0,"enemies":"Cultist","floor":1.0,"turns":3.0},{"damage":9.0,"enemies":"Jaw Worm","floor":2.0,"turns":3.0},{"damage":0.0,"enemies":"2 Louse","floor":4.0,"turns":2.0},{"damage":50.0,"enemies":"Lagavulin","floor":8.0,"turns":6.0},{"damage":22.0,"enemies":"Exordium Thugs","floor":11.0,"turns":3.0},{"damage":11.0,"enemies":"Looter","floor":12.0,"turns":2.0},{"damage":48.0,"enemies":"HollowMod:MossKnight","floor":14.0,"turns":6.0},{"damage":39.0,"enemies":"Fading Forest","floor":16.0,"turns":11.0},{"damage":41.0,"enemies":"Shell Parasite","floor":18.0,"turns":5.0},{"damage":34,"enemies":"2 Thieves","floor":21,"turns":2}],"seed_played":"-7274837948216274654","potions_obtained":[{"floor":1.0,"key":"Elixir"},{"floor":2.0,"key":"EntropicBrew"},{"floor":4.0,"key":"Toxic Potion"},{"floor":10.0,"key":"Strength Potion"},{"floor":18.0,"key":"ElixirPotion"}],"is_trial":false,"path_per_floor":["M","M","$","M","?","R","$","E","T","?","M","M","?","E","R","B",null,"M","?","?","M"],"character_chosen":"IRONCLAD","items_purchased":["Rupture","Pommel Strike"],"campfire_rested":1,"item_purchase_floors":[3,3],"current_hp_per_floor":[77,74,74,80,80,80,80,36,36,36,20,15,15,21,45,12,63,28,28,28,0,0],"gold":142,"neow_bonus":"THREE_CARDS","is_daily":false,"chose_seed":false,"campfire_upgraded":1,"win_rate":0.0,"timestamp":1614287163,"path_taken":["M","M","?","M","?","R","$","E","T","?","M","?","?","E","R","BOSS","M","?","?","M"],"items_purchased_type":["Card","Card"],"build_version":"2020-12-22","purchased_purges":0,"victory":false,"max_hp_per_floor":[80,80,80,80,80,80,80,80,80,80,80,80,80,80,80,80,80,80,80,78,78,78],"card_choices":[{"not_picked":["Massacre","Warcry"],"picked":"ReplayTheSpireMod:Strike From Hell","floor":0.0},{"not_picked":["ReplayReversal","Reckless Charge"],"picked":"Headbutt","floor":1.0},{"not_picked":["Flame Barrier","Anger"],"picked":"Warcry","floor":2.0},{"not_picked":["Iron Wave","Wild Strike"],"picked":"Replay:Undeath\u0027s Touch","floor":4.0},{"not_picked":["Anger","Carnage"],"picked":"Pommel Strike","floor":8.0},{"not_picked":["ReplayTheSpireMod:Limb From Limb","Fiend Fire"],"picked":"Cleave","floor":11.0},{"not_picked":["Havoc","Warcry"],"picked":"Replay:Undeath\u0027s Touch","floor":12.0},{"not_picked":["Dual Wield","Seeing Red"],"picked":"ReplayTheSpireMod:Muscle Training","floor":14.0},{"not_picked":["Juggernaut","Replay:Many Hands"],"picked":"Double Tap","floor":16.0},{"not_picked":["Body Slam","Armaments+1"],"picked":"Dark Embrace","floor":18.0}],"player_experience":320502,"relics_obtained":[{"floor":8.0,"key":"Grinning Jar"},{"floor":9.0,"key":"HollowMod:PaleOreRelic"},{"floor":10.0,"key":"ReplayTheSpireMod:Ring of Addiction"},{"floor":10.0,"key":"Chameleon Ring"},{"floor":10.0,"key":"SacredBark"},{"floor":10.0,"key":"Ring of Greed"},{"floor":10.0,"key":"MealTicket"},{"floor":10.0,"key":"The Courier"},{"floor":14.0,"key":"Girya"}],"event_choices":[{"damage_healed":0.0,"max_hp_gain":0.0,"max_hp_loss":0.0,"gold_gain":0.0,"event_name":"World of Goop","player_choice":"Left Gold","floor":13.0,"gold_loss":27.0,"damage_taken":0.0},{"cards_removed":["Delirium"],"damage_healed":0.0,"max_hp_gain":0.0,"max_hp_loss":0.0,"gold_gain":0.0,"event_name":"Beggar","player_choice":"Gave Gold","floor":19.0,"gold_loss":75.0,"damage_taken":0.0},{"damage_healed":0.0,"max_hp_gain":0.0,"max_hp_loss":0.0,"gold_gain":0.0,"event_name":"N\u0027loth","player_choice":"Traded Relic","floor":20.0,"relics_lost":["HollowMod:PaleOreRelic"],"gold_loss":0.0,"damage_taken":0.0,"relics_obtained":["Nloth\u0027s Gift"]}],"is_beta":false,"boss_relics":[{"not_picked":["Velvet Choker","Runic Cube"],"picked":"Runesmith:UraniumAnvil"}],"items_purged_floors":[],"is_endless":false,"potions_floor_spawned":[1,2,4,18],"killed_by":"2 Thieves","ascension_level":7}}