{"host":"bx8ylsmj2ob6hd5u","time":1614267997,"event":{"mods":["AchievementEnabler","Act Like it!","Aspiration","BaseMod","Colored Map","Downfall","Duelist Mod","Friendly Minions","Gensokyo","GifTheSpireLib","Hallownest","Hermit","HololiveMod","Hubris","Infinite Spire","Jorbs\u0027s Wanderer Trilogy","KinomotoSakuraMod(????)","Kiyohime????","Koishi","KomeijiMod","Lobotomy","LobotomyExtend","Marisa????????","Minty Spire (QoL Compilation)","Prisma Mod","Rare Cards Sparkle","Reimu??????","Remilia??????","Replay The Spire","StSLib","Td1madao Mod","The Administrix","The Animator","The Bug Knight","The Construct","The Cursed","The Disciple","The Hierophant","The Necromancer","The Poker Player","The Runesmith","The Senshi","The Servant 0.9.4","WarShipGirlsR/????R mod"],"gold_per_floor":[113,124,124,141,151,151,151,178,178,197,197,217,147,162,162,258,258,274,274,274,35,45,45,58,58,58,78,78,91,105,138,138,235,235,251,161,161,177,33,33,49,49,49,49,49,49,49],"floor_reached":46,"language":"ENG","playtime":2396,"items_purged":[],"score":464,"play_id":"31a0f464-c88b-4d88-808d-1f7f7bf6700d","local_time":"20210225174637","is_ascension_mode":false,"campfire_choices":[{"data":"Eruption","floor":6.0,"key":"SMITH"},{"data":"ReplayTheSpireMod:Exploit Weakness","floor":11.0,"key":"SMITH"},{"data":"Bouncing Flask","floor":15.0,"key":"SMITH"},{"data":"Vigilance","floor":23.0,"key":"SMITH"},{"data":"LikeWater","floor":25.0,"key":"SMITH"},{"data":"Pray","floor":28.0,"key":"SMITH"},{"data":"Replay:AtTheReady","floor":40,"key":"SMITH"},{"data":"Ragnarok","floor":42,"key":"SMITH"}],"circlet_count":0,"master_deck":["Strike_P","Strike_P","Strike_P","Strike_P","Defend_P","Defend_P","Defend_P","Eruption+1","Vigilance+1","Bouncing Flask+1","Tactician","ReplayTheSpireMod:Exploit Weakness+1","WaveOfTheHand+1","Conclude+1","Gensokyo:CrescentMoonSlash","Wallop","FearNoEvil+1","Indignation","Brilliance","Replay:DivineShield+1","LikeWater+1","CutThroughFate","Pray+1","ClearTheMind+1","Judgement+1","Worship+1","Ragnarok+1","AbeCurse","Replay:AtTheReady+1","Gensokyo:CustomPotion","Protect","Gensokyo:BlemishedSteel","Gensokyo:RustyChest","Adaptation+1","Pray+1","Gensokyo:MedicineKit"],"relics":["PureWater","Pen Nib","LetterFromLob","Tiny Chest","construct:BoolHorns","aspiration:RitualDagger","Strawberry","CrazyTorch:ReiMu","hubris:Reverence","Abe\u0027s Treasure","War Paint","ReplayTheSpireMod:Shallot"],"acts_visited":["Exordium","Gensokyo:Gensokyo","Hallownest:CityofTears"],"potions_floor_usage":[33,35],"damage_taken":[{"damage":0.0,"enemies":"Gensokyo:2_Kodama","floor":1.0,"turns":2.0},{"damage":0.0,"enemies":"Gensokyo:3_Fairies","floor":2.0,"turns":3.0},{"damage":4.0,"enemies":"Gensokyo:Gryphon","floor":4.0,"turns":3.0},{"damage":0.0,"enemies":"Gensokyo:LivingMonolith","floor":5.0,"turns":2.0},{"damage":0.0,"enemies":"Gensokyo:3_Kodama","floor":10.0,"turns":1.0},{"damage":0.0,"enemies":"Gensokyo:CorruptedTreant","floor":12.0,"turns":2.0},{"damage":1.0,"enemies":"Gensokyo:Python_and_Kodama","floor":14.0,"turns":3.0},{"damage":37.0,"enemies":"Gensokyo:Yukari","floor":16.0,"turns":8.0},{"damage":6.0,"enemies":"Hallownest:2_Mistakes","floor":18.0,"turns":2.0},{"damage":31.0,"enemies":"Hallownest:Guard_and_Sentry","floor":22.0,"turns":2.0},{"damage":29.0,"enemies":"Hallownest:3_Mistakes","floor":24.0,"turns":3.0},{"damage":17.0,"enemies":"Hallownest:monsterMisterMushroom","floor":27.0,"turns":5.0},{"damage":40.0,"enemies":"Hallownest:Master_and_Novice","floor":29.0,"turns":3.0},{"damage":25.0,"enemies":"Hallownest:2_Flukemon","floor":30.0,"turns":6.0},{"damage":3.0,"enemies":"Hallownest:Glutton_and_Coward","floor":31.0,"turns":1.0},{"damage":36,"enemies":"Hallownest:BossGrimm","floor":33,"turns":6},{"damage":18,"enemies":"Gensokyo:AncientGuardian","floor":35,"turns":3},{"damage":3,"enemies":"Gensokyo:3_Bats","floor":38,"turns":1},{"damage":64,"enemies":"Gensokyo:3_Boulders","floor":41,"turns":4},{"damage":48,"enemies":"Gensokyo:AtlasGolem","floor":46,"turns":4}],"seed_played":"-1234570145919054731","potions_obtained":[{"floor":1.0,"key":"Swift Potion"},{"floor":5.0,"key":"LiquidBronze"},{"floor":16.0,"key":"Dexterity Potion"},{"floor":27.0,"key":"infinitespire:BlackPotion"},{"floor":30.0,"key":"Weak Potion"},{"floor":31.0,"key":"ColorlessPotion"}],"is_trial":false,"path_per_floor":["M","M","?","M","M","R","?","T","T","M","R","M","?","M","R","B",null,"M","?","T","$","M","R","M","R","T","M","R","M","M","M","R_BF","B",null,"M","?","T","M","COS","R","M","R","T","?","?","M"],"character_chosen":"WATCHER","items_purchased":["CrazyTorch:ReiMu"],"campfire_rested":0,"item_purchase_floors":[21],"current_hp_per_floor":[72,72,72,68,68,68,58,58,58,58,58,58,58,57,57,20,72,66,72,79,79,48,48,19,19,19,2,2,51,51,61,79,70,79,70,70,70,79,79,79,24,24,24,24,24,0,0],"gold":49,"neow_bonus":"RANDOM_COMMON_RELIC","is_daily":false,"chose_seed":false,"campfire_upgraded":8,"win_rate":0.0,"timestamp":1614267997,"path_taken":["M","M","?","?","M","R","?","?","T","?","R","M","?","M","R","BOSS","M","?","?","$","?","R","M","R","T","M","R","M","?","M","R_BF","BOSS","M","?","?","M","COS","R","M","R","T","?","?","?"],"items_purchased_type":["Relic"],"build_version":"2020-12-22","purchased_purges":0,"victory":false,"max_hp_per_floor":[72,72,72,72,72,72,72,72,72,72,72,72,72,72,72,72,72,72,72,79,79,79,79,79,79,79,79,79,79,79,79,79,79,79,79,79,79,79,79,79,79,79,79,79,79,79,79],"card_choices":[{"not_picked":["ClearTheMind","Consecrate"],"picked":"Replay:Vibes","floor":1.0},{"not_picked":["FollowUp","Replay:BluntJabs"],"picked":"WaveOfTheHand","floor":2.0},{"not_picked":["ThirdEye","FollowUp"],"picked":"WaveOfTheHand","floor":4.0},{"not_picked":["Crescendo","Replay:ManipulateFuture"],"picked":"Conclude","floor":5.0},{"not_picked":["Replay:ManipulateFuture","Prostrate"],"picked":"Wallop","floor":10.0},{"not_picked":["Protect","Replay:Battleflow"],"picked":"FearNoEvil","floor":12.0},{"not_picked":["FlyingSleeves","Wireheading"],"picked":"Indignation","floor":14.0},{"not_picked":["Ragnarok","Scrawl"],"picked":"Brilliance","floor":16.0},{"not_picked":["ClearTheMind","SandsOfTime+1"],"picked":"Replay:DivineShield+1","floor":18.0},{"not_picked":["WaveOfTheHand","Replay:Battleflow"],"picked":"LikeWater","floor":22.0},{"not_picked":["FollowUp","Replay:Hum"],"picked":"CutThroughFate","floor":24.0},{"not_picked":["FearNoEvil","Collect"],"picked":"Pray","floor":27.0},{"not_picked":["Protect","WreathOfFlame"],"picked":"ClearTheMind+1","floor":29.0},{"not_picked":["ThirdEye","Study"],"picked":"Judgement","floor":30.0},{"not_picked":["Replay:Cycle","Replay:AtTheReady"],"picked":"Worship","floor":31.0},{"not_picked":["Omniscience","Wish"],"picked":"Ragnarok","floor":33},{"not_picked":["Replay:BluntJabs","Meditate"],"picked":"Replay:AtTheReady","floor":35},{"not_picked":["SashWhip+1","Wireheading+1"],"picked":"Protect","floor":38},{"not_picked":["EmptyFist+1","FollowUp+1"],"picked":"Adaptation+1","floor":41},{"not_picked":["Protect+1","EmptyFist"],"picked":"Pray+1","floor":41}],"player_experience":1619082,"relics_obtained":[{"floor":1.0,"key":"LetterFromLob"},{"floor":8.0,"key":"Tiny Chest"},{"floor":9.0,"key":"construct:BoolHorns"},{"floor":20.0,"key":"Strawberry"},{"floor":26.0,"key":"hubris:Reverence"},{"floor":37,"key":"War Paint"},{"floor":43,"key":"ReplayTheSpireMod:Shallot"}],"event_choices":[],"is_beta":false,"boss_relics":[{"not_picked":["Hololive_ChaosS","Replay:Wanted Poster"],"picked":"aspiration:RitualDagger"},{"not_picked":["Astrolabe","Ring of Chaos"],"picked":"Abe\u0027s Treasure"}],"items_purged_floors":[],"is_endless":false,"potions_floor_spawned":[1,5,16,27,30,31],"killed_by":"Gensokyo:AtlasGolem","ascension_level":0}}