{"host":"0rn20prxkpuv2e47","time":1614245380,"event":{"mods":["100% Spire Juice","ATMod(阿瑾Mod)","Act Like it!","Arknights","BaseMod","Downfall","Gensokyo","Hallownest","Library of Ruina","Minty Spire (QoL Compilation)","MostiFishMod","Reimu（博丽灵梦）","Remilia（蕾米莉亚）","Robot Space Explorer","StSLib","The Animator","The Construct","The Cursed","The Mystic","The Servant 0.9.4","Warlord Emblem","[GremlinLeader]The Maniac","[IsaacMod]以撒尖塔","[功能]功能增强和修复MOD","noobMod","【功能Mod】聪明的最终Boss","【遗物卡牌】REMEMod"],"gold_per_floor":[119,119,69,98,109,109,109,109,109,109,16,116,116,91,91,631,631,658,658,693,943,943,943,989,989,1015,1015,1045,1045,1037,1087,1087,1641,1641,1674,1693,1680,1712,1709,1735,1895,1895,2295,2295,2267,2117,2147,2615,2615,2615,2615],"floor_reached":52,"language":"ZHS","playtime":2597,"items_purged":["Injury","maniac:Strike","maniac:Strike","maniac:Defend","maniac:Defend","maniac:Defend","maniac:Defend","maniac:Strike","maniac:Strike","maniac:Strike","Normality","TheCursedMod:Dregs","downfall:Aged","maniac:Feint","maniac:Trap","Normality","animator:Curse_Nutcracker","maniac:AbyssShackle","maniac:Infuriate+1","maniac:UndyingDesire+1","maniac:Simulacrum+1","Pain","TheCursedMod:Dregs","maniac:BurnBlood+1","maniac:ManipulatedFaith","Enlightenment","maniac:Feint"],"score":3122,"play_id":"c678c389-2f40-4133-b6b9-d393effe2688","local_time":"20210225172940","is_ascension_mode":true,"campfire_choices":[{"data":"maniac:Infuriate","floor":6,"key":"SMITH"},{"data":"maniac:Collecting","floor":8,"key":"SMITH"},{"data":"maniac:EndOfTheRoad","floor":10,"key":"SMITH"},{"data":"maniac:LootBarrage","floor":13,"key":"SMITH"},{"data":"maniac:BurnBlood","floor":15,"key":"SMITH"},{"data":"Deep Breath","floor":23,"key":"SMITH"},{"data":"maniac:ShadowContact","floor":25,"key":"SMITH"},{"data":"maniac:TimeForm","floor":29,"key":"SMITH"},{"data":"maniac:UndyingDesire","floor":32,"key":"SMITH"},{"data":"maniac:SecretBackups","floor":42,"key":"SMITH"},{"data":"maniac:LootBarrage","floor":44,"key":"SMITH"},{"data":"maniac:WitnessTrueSorcery","floor":49,"key":"SMITH"}],"circlet_count":0,"master_deck":["AT_EssenceShift","maniac:EndOfTheRoad+1","maniac:Collecting+1","maniac:LootBarrage+1","maniac:Hasten+1","maniac:TimeForm+1","maniac:ShadowContact+1","Deep Breath+1","maniac:ShelteringEdge","maniac:SecretBackups+1","maniac:LootBarrage+1","Flash of Steel","maniac:WitnessTrueSorcery+1","animator:Curse_Nutcracker","Parasite"],"relics":["maniac:BrokenHorn","ice","AT_ATBox","REME_ComplimentaryCards","HushsDoor","DaveBox","RhineSuit","Chaos","ChampionBelt","SynthV:TestCard","maniac:MarkerPen","MostiFishMod:AdaptiveDefenses","WarlordEmblem:SoftArmor","Dodecahedron","AT_SunfireAegis","downfall:ExtraCursedKey","WarlordEmblem:BrokenMantle","AT_DeathDance","maniac:VisionEye","WarlordEmblem:MantleWalana","Du-Vu Doll","Gremlin Horn","SteamSale","BirthdayGift-Icosahedron","Runic Dome","TheAbacus","War Paint","AT_TimeSand","PageOfTodaysShyLook","REME_LowDesire","PageOfWizard","Turnip","D4","AT_LudenTempest","PageOfGreed","Chemical X","REME_DemonsWealth","WarlordEmblem:KitchenKnife","PageOfTheQueenOfHatred","PageOfTheQueenOfHatred","PageOfTheKnightOfDespair","PageOfTheKnightOfDespair","AT_ChloranthyRing","BrkXgEgg","PageOfWrath","WarlordEmblem:MantleLiam","PageOfNihil","FeatherPendant","Vajra","SharpPlug","REME_HourglassOfDeath","GreenFoldingFan","REME_ChargedStone","TheBattery","PageOfHappyTeddyBear","Hallownest:GodTamersBeastRelic","AT_BellDemon","WarlordEmblem:QuestMage","Civilization","Succubus","DianDianMeat","AT_SpeedBoots","PageOfLaetitia","Bottled Flame"],"acts_visited":["Gensokyo:Gensokyo","Gensokyo:Gensokyoer","Hallownest:KingdomsEdge"],"potions_floor_usage":[18],"damage_taken":[{"damage":0,"enemies":"Gensokyo:Python","floor":1,"turns":1},{"damage":31,"enemies":"Gensokyo:Aya","floor":4,"turns":3},{"damage":0,"enemies":"Gensokyo:Gryphon","floor":5,"turns":1},{"damage":42,"enemies":"Gensokyo:Reimu","floor":16,"turns":5},{"damage":82,"enemies":"Gensokyo:Reisen","floor":18,"turns":7},{"damage":14,"enemies":"Gensokyo:Tenshi","floor":20,"turns":2},{"damage":0,"enemies":"Gensokyo:Reisen","floor":28,"turns":2},{"damage":0,"enemies":"Hiden Room Battle","floor":31,"turns":1},{"damage":3,"enemies":"Gensokyo:Kaguya","floor":33,"turns":1},{"damage":3,"enemies":"Hallownest:eliteHiveKnight","floor":35,"turns":2},{"damage":3,"enemies":"Hallownest:eliteCollector","floor":36,"turns":1},{"damage":0,"enemies":"Hallownest:eliteCollector","floor":38,"turns":1},{"damage":0,"enemies":"Hallownest:StalkingDevout","floor":40,"turns":1},{"damage":0,"enemies":"Hallownest:StalkingDevout","floor":41,"turns":1},{"damage":0,"enemies":"Hallownest:StalkingDevout","floor":41,"turns":1},{"damage":6,"enemies":"Hallownest:StalkingDevout","floor":41,"turns":1},{"damage":6,"enemies":"Hallownest:StalkingDevout","floor":41,"turns":1},{"damage":0,"enemies":"Hallownest:eliteHiveKnight","floor":47,"turns":1},{"damage":9,"enemies":"Hallownest:BossGreyPrinceZote","floor":50,"turns":1},{"damage":0,"enemies":"Hallownest:BossHollowKnight","floor":51,"turns":1}],"seed_played":"-137270125506532576","potions_obtained":[{"floor":18,"key":"REME_GoldPotion"},{"floor":28,"key":"MagicPotion:ReiMu"},{"floor":28,"key":"GrandPatriotsElixir:ReiMu"},{"floor":33,"key":"champ:CounterPotion"}],"is_trial":false,"path_per_floor":["M","?","$","M","M","R","?","R","T","R","COS","?","R","$","R","B",null,"M","$","M","?","$","R","?","R","T","?","E","R","$","?","R","B",null,"M","M","$","M","$","E","?","R","T","R","$","?","E","T","R","B","B",null],"character_chosen":"THE_MANIAC","items_purchased":["MostiFishMod:AdaptiveDefenses","WarlordEmblem:SoftArmor","maniac:Collecting","BirthdayGift-Icosahedron","Runic Dome","maniac:ShadowContact","PageOfTodaysShyLook","Deep Breath","REME_LowDesire","Chemical X","REME_DemonsWealth","WarlordEmblem:KitchenKnife","Enlightenment","BrkXgEgg","FeatherPendant","Vajra","SharpPlug","REME_HourglassOfDeath","GreenFoldingFan","WarlordEmblem:QuestMage","Civilization","Succubus","Flash of Steel"],"campfire_rested":0,"item_purchase_floors":[3,3,3,19,19,19,22,22,22,30,30,30,34,34,37,37,37,39,39,45,45,45,45],"current_hp_per_floor":[80,80,80,52,52,52,52,52,52,52,52,57,57,57,57,32,72,40,40,57,57,57,57,46,46,46,46,47,47,47,72,72,72,65,65,65,65,65,65,65,65,65,65,65,65,65,67,72,72,74,77],"gold":2615,"neow_bonus":"BOSS_RELIC","is_daily":false,"chose_seed":false,"campfire_upgraded":12,"win_rate":0.0,"timestamp":1614245380,"path_taken":["M","?","$","?","M","R","?","R","T","R","COS","?","R","?","R","BOSS","M","$","M","?","$","R","?","R","T","?","E","R","?","?","R","BOSS","M","M","$","M","$","E","?","R","T","R","$","?","E","?","R","BOSS","BOSS"],"items_purchased_type":["Relic","Relic","Card","Relic","Relic","Card","Relic","Card","Relic","Relic","Relic","Relic","Card","Relic","Relic","Relic","Relic","Relic","Relic","Relic","Relic","Relic","Card"],"build_version":"2020-12-22","purchased_purges":27,"victory":true,"max_hp_per_floor":[80,80,80,80,80,80,80,80,80,80,80,85,85,85,85,85,85,85,85,85,79,79,79,79,79,79,72,72,72,72,72,72,72,65,65,65,65,65,65,65,65,65,65,65,65,65,67,72,72,74,77],"card_choices":[{"not_picked":[],"picked":"Bomb","floor":0},{"not_picked":["maniac:WardAndDefend","maniac:SorceryHour"],"picked":"maniac:EndOfTheRoad","floor":1},{"not_picked":["maniac:ShelteringEdge","maniac:ListenToNone"],"picked":"maniac:Feint","floor":1},{"not_picked":["maniac:ShelteringEdge","maniac:ExpectedMoves","maniac:MeleeStrike"],"picked":"SKIP","floor":1},{"not_picked":["maniac:EndOfTheRoad","maniac:PerceiveDanger","maniac:Exterminator","maniac:SpectralFlash"],"picked":"maniac:LootBarrage","floor":4},{"not_picked":["maniac:Lacerate","maniac:ShelteringEdge","maniac:SeekerKnife","maniac:WardAndDefend"],"picked":"maniac:Hasten","floor":5},{"not_picked":["maniac:Refine","maniac:SeeingDetails","maniac:SpectralFlash","maniac:FindAShortcut"],"picked":"maniac:Infuriate","floor":5},{"not_picked":["maniac:ShatteredShield","maniac:ObscuredAttack","maniac:LootBarrage","maniac:MeleeStrike","maniac:DashForward"],"picked":"SKIP","floor":5},{"not_picked":["maniac:ShadowContact","maniac:RallyToMe","maniac:ForsakenHand","maniac:FanTheHammer"],"picked":"maniac:TimeForm","floor":16},{"not_picked":["maniac:HammerDown","maniac:StormOfTime","maniac:ReachVictory","maniac:FanTheHammer"],"picked":"maniac:Simulacrum","floor":16},{"not_picked":["maniac:WardAndDefend","maniac:SecretBackups","maniac:SpectralKnives","maniac:ShelteringEdge"],"picked":"maniac:ManipulatedFaith","floor":18},{"not_picked":["maniac:BladesInCloak","maniac:DashForward+1","maniac:Refine","maniac:Deal","maniac:UndyingDesire"],"picked":"SKIP","floor":20},{"not_picked":["maniac:MeleeStrike","maniac:Simulacrum","maniac:ExceedEnchantment","maniac:FindAShortcut","maniac:SpectralFlash","Mayhem"],"picked":"SKIP","floor":28},{"not_picked":["maniac:BladesInCloak+1","maniac:ArmToTheTeeth","maniac:MeleeStrike+1","maniac:SpectralKnives","downfall:Malfunctioning","MostiFishMod:ForestofLight"],"picked":"maniac:UndyingDesire","floor":31},{"not_picked":["maniac:SpectralKnives","maniac:ListenToNone+1","maniac:HammerStrike","maniac:UndyingDesire+1","downfall:Aged","Bomb"],"picked":"maniac:ShelteringEdge","floor":35},{"not_picked":["maniac:FindAShortcut","maniac:DashForward","maniac:ColdHeart","maniac:Confront+1","downfall:Haunted","BloodyBrimstone+1"],"picked":"maniac:SecretBackups","floor":36},{"not_picked":["maniac:WardAndDefend","maniac:ListenToNone","maniac:BladeShoot+1","maniac:Intimidate","maniac:UniversalPerception+1","Poor:ReiMu","MostiFishMod:ButterFly"],"picked":"SKIP","floor":36},{"not_picked":["maniac:FindAShortcut","maniac:MortalSteel","maniac:ShelteringEdge","maniac:ObscuredAttack","maniac:SpectralKnives","TheCursedMod:Dregs","MostiFishMod:ForestofLight+1"],"picked":"SKIP","floor":36},{"not_picked":["maniac:Deal+1","maniac:Assassinate+1","maniac:Feint","maniac:Intimidate","maniac:DashForward","downfall:Aged","Impatience+1"],"picked":"SKIP","floor":38},{"not_picked":["maniac:MeleeStrike","maniac:Intimidate","maniac:BladeShoot","maniac:WardAndDefend","Normality","DoctorFetus+1"],"picked":"maniac:LootBarrage","floor":40},{"not_picked":["maniac:Blastwave","maniac:UndyingDesire","maniac:SeekerKnife","maniac:HammerDown+1","Injury","AT_Homeward"],"picked":"maniac:WitnessTrueSorcery","floor":47}],"player_experience":161416,"relics_obtained":[{"floor":1,"key":"SynthV:TestCard"},{"floor":4,"key":"AT_SunfireAegis"},{"floor":16,"key":"AT_DeathDance"},{"floor":16,"key":"maniac:VisionEye"},{"floor":18,"key":"SteamSale"},{"floor":20,"key":"AT_TimeSand"},{"floor":22,"key":"PageOfWizard"},{"floor":22,"key":"Turnip"},{"floor":26,"key":"D4"},{"floor":28,"key":"PageOfGreed"},{"floor":31,"key":"PageOfTheQueenOfHatred"},{"floor":31,"key":"PageOfTheQueenOfHatred"},{"floor":33,"key":"PageOfTheKnightOfDespair"},{"floor":33,"key":"PageOfTheKnightOfDespair"},{"floor":35,"key":"PageOfWrath"},{"floor":36,"key":"PageOfNihil"},{"floor":40,"key":"TheBattery"},{"floor":43,"key":"AT_BellDemon"},{"floor":47,"key":"AT_SpeedBoots"},{"floor":47,"key":"PageOfLaetitia"},{"floor":48,"key":"Bottled Flame"}],"event_choices":[{"damage_healed":0,"gold_gain":0,"player_choice":"Fight","damage_taken":0,"max_hp_gain":0,"max_hp_loss":0,"event_name":"HidenRoomEvent","floor":31,"gold_loss":0}],"is_beta":false,"boss_relics":[{"not_picked":["Nunchaku","The Courier"],"picked":"WarlordEmblem:MantleWalana"},{"not_picked":[]},{"not_picked":["Omamori","HowToJump"],"picked":"AT_ChloranthyRing"},{"not_picked":[]}],"items_purged_floors":[3,3,3,3,3,3,3,3,3,3,14,14,14,14,14,30,30,37,37,37,39,45,45,45,45,45,45],"is_endless":false,"potions_floor_spawned":[1,4,5,16,16,16,18,18,18,20,28,28,33,35,36,36,38,38,40,41,41,47,47],"ascension_level":20}}