{"host":"mpmrkodj3c25wi13","time":1614238018,"event":{"mods":["AlwaysNeverKeys","Aspiration","BaseMod","Beaked The Cultist","Better Altar","Better Match","Better Note","Better Sensory Stone","Better Skull","Better Third Choice","Clockwork Mod","Colored Map","Conspire","Custom Start","Downfall","Energized Spire","Friendly Minions","GifTheSpireLib","Googly Eyes","Halation","Hubris","Infinite Spire","Lobotomy","LobotomyExtend","Minty Spire (QoL Compilation)","Relic Sorter","Reliquary","Replay The Spire","Robot Space Explorer","StSLib","Stuff the Spire","The IronCluck","slay the spire mod where everything is the same but ironclad has a cowboy hat"],"gold_per_floor":[113,113,133,158,178,178,178,178,178,178,178,178,190,202,202,307,307,319,3,3,23,23,23,34,45,71,71,91,111,111,126,126,221,221,233,233,233],"floor_reached":36,"language":"ENG","playtime":3823,"items_purged":["Clockwork:Strike","Clockwork:Strike"],"score":381,"play_id":"1f6da76d-866d-45df-9f5b-d481669ad254","local_time":"20210225022658","is_ascension_mode":false,"campfire_choices":[{"data":"Pot Of Greed","floor":6,"key":"SMITH"},{"data":"Clockwork:SpurOn","floor":10,"key":"SMITH"},{"data":"Clockwork:WarmUp","floor":12,"key":"SMITH"},{"data":"Clockwork:ForgeStrike","floor":15,"key":"SMITH"},{"data":"Clockwork:PerfectForm","floor":23,"key":"SMITH"},{"floor":30,"key":"REST"},{"floor":32,"key":"REST"}],"circlet_count":0,"master_deck":["Clockwork:Strike","Clockwork:Strike","Clockwork:Shield","Clockwork:Shield","Clockwork:Shield","Clockwork:Tinker","Clockwork:WarmUp+1","Clockwork:SpurOn+1","Pot Of Greed+1","Pot Of Greed+1","Clockwork:EnthusiasticStrike","Clockwork:EnthusiasticStrike","Clockwork:ForgeStrike+1","Clockwork:PerfectForm+1","Clockwork:EnthusiasticStrike","Clockwork:AssemblyLine","Apotheosis","Clockwork:PerfectForm","Clockwork:LogisticRegression"],"relics":["Clockwork:MomentumEngine","hubris:Icosahedron","conspire:InfiniteJournal","LetterFromLob","Grinning Jar","Replay:WaspNest","hubris:GlazedTorus","conspire:RoyalGoblet","Clockwork:CopperScales","reliquary:PorcupineQuills","Replay:Kaleidoscope","hubris:ScarierMask"],"acts_visited":["Exordium","TheCity","TheBeyond"],"potions_floor_usage":[5,18,33,33,33,36,36],"damage_taken":[{"damage":9,"enemies":"conspire:RoseBush","floor":1,"turns":6},{"damage":9,"enemies":"Jaw Worm","floor":3,"turns":10},{"damage":1,"enemies":"2 Louse","floor":5,"turns":4},{"damage":0,"enemies":"Large Slime","floor":13,"turns":7},{"damage":13,"enemies":"Exordium Thugs","floor":14,"turns":4},{"damage":10,"enemies":"Slime Boss","floor":16,"turns":6},{"damage":8,"enemies":"Chosen","floor":18,"turns":6},{"damage":9,"enemies":"Spheric Guardian","floor":21,"turns":4},{"damage":13,"enemies":"Centurion and Healer","floor":24,"turns":6},{"damage":37,"enemies":"3 Cultists","floor":25,"turns":4},{"damage":14,"enemies":"Snake Plant","floor":28,"turns":3},{"damage":4,"enemies":"Shelled Parasite and Fungi","floor":29,"turns":4},{"damage":7,"enemies":"Chosen and Byrds","floor":31,"turns":4},{"damage":30,"enemies":"hubris:MusketHawk","floor":33,"turns":4},{"damage":73,"enemies":"3 Shapes","floor":35,"turns":4},{"damage":13,"enemies":"Orb Walker","floor":36,"turns":3}],"seed_played":"2691521021313722277","potions_obtained":[{"floor":3,"key":"SkillPotion"},{"floor":5,"key":"GamblersBrew"},{"floor":16,"key":"LiquidMemories"},{"floor":28,"key":"hexamod:SoulburnPotion"},{"floor":29,"key":"champ:CounterPotion"},{"floor":31,"key":"ColorlessPotion"},{"floor":33,"key":"LiquidBronze"},{"floor":35,"key":"Adrenaline Potion"}],"is_trial":true,"path_per_floor":["M","?","M","T","M","R","?","?","T","R","?","R","M","M","R","B",null,"M","$","?","M","?","R","M","M","T","AVR","M","M","R","M","R","B",null,"M","M"],"character_chosen":"CLOCKWORK","items_purchased":["Clockwork:AssemblyLine","Apotheosis"],"campfire_rested":2,"item_purchase_floors":[19,19],"current_hp_per_floor":[76,76,67,67,66,66,66,66,66,66,66,66,66,53,53,43,85,77,77,85,76,76,76,63,26,26,26,12,8,33,26,51,21,85,12,0,0],"gold":233,"neow_bonus":"","is_daily":false,"chose_seed":false,"campfire_upgraded":5,"win_rate":0.0,"timestamp":1614238018,"path_taken":["M","?","M","?","?","R","?","?","T","R","?","R","M","M","R","BOSS","M","$","?","M","?","R","?","M","T","AVR","M","M","R","M","R","BOSS","M","M"],"items_purchased_type":["Card","Card"],"build_version":"2020-12-13","purchased_purges":2,"victory":false,"max_hp_per_floor":[85,85,85,85,85,85,85,85,85,85,85,85,85,85,85,85,85,85,85,85,85,85,85,85,85,85,85,85,85,85,85,85,85,85,85,85,85],"card_choices":[{"not_picked":["Clockwork:ReserveSystems","Clockwork:Friction","Clockwork:SystemHardening"],"picked":"SKIP","floor":1},{"not_picked":["Clockwork:OccamsRazor","Clockwork:SystemScan"],"picked":"Clockwork:SpurOn","floor":3},{"not_picked":["Clockwork:ReserveSystems","Clockwork:Downsize"],"picked":"Clockwork:EnthusiasticStrike","floor":5},{"not_picked":["Clockwork:ReactiveNanites","Clockwork:Scour"],"picked":"Clockwork:EnthusiasticStrike","floor":13},{"not_picked":["Clockwork:HoardingStrike","Clockwork:Downsize"],"picked":"Clockwork:ForgeStrike","floor":14},{"not_picked":["Clockwork:ZeroPointEnergy","Clockwork:AeonShield"],"picked":"Clockwork:PerfectForm","floor":16},{"not_picked":["Clockwork:ChargingShield","Clockwork:MechanicalBulk"],"picked":"Clockwork:EnthusiasticStrike","floor":18},{"not_picked":["Clockwork:StasisBreak","Clockwork:ElasticNanites"],"picked":"Clockwork:CraftCopperScales+1","floor":21},{"not_picked":["Clockwork:ChargingBlade","Clockwork:ForgeStrike","Clockwork:Enhance"],"picked":"SKIP","floor":24},{"not_picked":["Clockwork:ChargingShield","Clockwork:CogToss","Clockwork:Enhance"],"picked":"SKIP","floor":25},{"not_picked":["Clockwork:ReserveSystems","Clockwork:AdaptiveCannon","Clockwork:SystemHardening"],"picked":"SKIP","floor":28},{"not_picked":["Clockwork:Friction","Clockwork:AdaptiveCannon","Clockwork:Enhance+1"],"picked":"SKIP","floor":29},{"not_picked":["Clockwork:ForgeStrike+1","Clockwork:Enhance","Clockwork:CraftCopperScales"],"picked":"SKIP","floor":31},{"not_picked":["Clockwork:KaliMa","Clockwork:WindupStrike"],"picked":"Clockwork:PerfectForm","floor":33},{"not_picked":["Clockwork:SystemHardening+1","Clockwork:AdaptiveShield"],"picked":"Clockwork:LogisticRegression","floor":35}],"player_experience":36704,"relics_obtained":[{"floor":1,"key":"LetterFromLob"},{"floor":4,"key":"Grinning Jar"},{"floor":9,"key":"Replay:WaspNest"},{"floor":26,"key":"reliquary:PorcupineQuills"}],"event_choices":[{"damage_healed":0,"gold_gain":0,"player_choice":"Gave Potion","damage_taken":0,"relics_obtained":["hubris:GlazedTorus"],"max_hp_gain":0,"max_hp_loss":0,"event_name":"WeMeetAgain","floor":11,"gold_loss":0},{"cards_removed":["Clockwork:Shield"],"damage_healed":0,"gold_gain":0,"player_choice":"Purged","damage_taken":0,"max_hp_gain":0,"max_hp_loss":0,"event_name":"Purifier","floor":22,"gold_loss":0}],"is_beta":false,"boss_relics":[{"not_picked":["Honey Jar","halation:Risk"],"picked":"conspire:RoyalGoblet"},{"not_picked":["Ring of Chaos","Snecko Eye","StuffTheSpire:ModemDavis"]}],"items_purged_floors":[19,27],"is_endless":false,"potions_floor_spawned":[3,5,16,28,29,31,33,35],"killed_by":"Orb Walker","ascension_level":0}}