{"host":"lxu17chzujqn8whl","time":1614271067,"event":{"mods":["BaseMod","Minty Spire (QoL Compilation)","Relic Stats","StSLib"],"gold_per_floor":[110,285,302,318,318,318,345,361,437,448,467,467,502,515,515,619,619,619,619],"floor_reached":18,"language":"ENG","playtime":383,"items_purged":[],"score":199,"play_id":"6416ebd5-a16d-451e-92e0-456eb06d83b8","local_time":"20210225083747","is_ascension_mode":false,"campfire_choices":[{"data":"Sunder","floor":6.0,"key":"SMITH"},{"floor":15.0,"key":"REST"}],"circlet_count":0,"master_deck":["Strike_B","Strike_B","Strike_B","Strike_B","Defend_B","Defend_B","Defend_B","Defend_B","Zap","Dualcast","Sweeping Beam","Doubt","Sunder+1","Hologram","Rip and Tear","Turbo","Streamline","Cold Snap","Echo Form"],"relics":["Cracked Core","Calipers","DataDisk","Kunai","StrikeDummy","Singing Bowl","Cursed Key"],"acts_visited":["Exordium","TheCity"],"potions_floor_usage":[16,16],"damage_taken":[{"damage":0.0,"enemies":"2 Louse","floor":1.0,"turns":2.0},{"damage":0.0,"enemies":"Small Slimes","floor":3.0,"turns":3.0},{"damage":0.0,"enemies":"Cultist","floor":4.0,"turns":2.0},{"damage":27.0,"enemies":"3 Sentries","floor":7.0,"turns":5.0},{"damage":16.0,"enemies":"Large Slime","floor":8.0,"turns":4.0},{"damage":9.0,"enemies":"Blue Slaver","floor":10.0,"turns":3.0},{"damage":0.0,"enemies":"2 Fungi Beasts","floor":11.0,"turns":2.0},{"damage":0.0,"enemies":"Gremlin Nob","floor":13.0,"turns":3.0},{"damage":10.0,"enemies":"Looter","floor":14.0,"turns":2.0},{"damage":32,"enemies":"The Guardian","floor":16,"turns":7},{"damage":5,"enemies":"3 Byrds","floor":18,"turns":2}],"seed_played":"8093344574936270179","potions_obtained":[{"floor":7.0,"key":"Block Potion"},{"floor":8.0,"key":"Block Potion"},{"floor":10.0,"key":"PowerPotion"},{"floor":13.0,"key":"SkillPotion"}],"is_trial":false,"path_per_floor":["M","?","M","M","?","R","E","M","T","M","M","?","E","M","R","B",null,"M"],"character_chosen":"DEFECT","items_purchased":[],"campfire_rested":1,"item_purchase_floors":[],"current_hp_per_floor":[82,82,82,82,75,75,48,32,32,23,23,23,25,17,42,10,86,81,81],"gold":619,"neow_bonus":"TEN_PERCENT_HP_BONUS","is_daily":false,"chose_seed":false,"campfire_upgraded":1,"win_rate":0.0,"timestamp":1614271067,"path_taken":["M","?","M","M","?","R","E","M","T","M","M","?","E","M","R","BOSS","M"],"items_purchased_type":[],"build_version":"2020-12-22","purchased_purges":0,"victory":false,"max_hp_per_floor":[82,82,82,82,82,82,82,82,82,82,82,82,84,86,86,86,86,86,86],"relic_stats":{"Singing Bowl":4,"counters":[11,35],"Kunai":[3],"Cursed Key":0,"obtain_stats":[{"DataDisk":7,"Calipers":5,"Singing Bowl":13,"Kunai":9,"Cracked Core":0,"StrikeDummy":12,"Cursed Key":17},{"DataDisk":4,"Calipers":3,"Singing Bowl":8,"Kunai":5,"Cracked Core":0,"StrikeDummy":7,"Cursed Key":10},{"DataDisk":12,"Calipers":7,"Singing Bowl":24,"Kunai":16,"Cracked Core":0,"StrikeDummy":21,"Cursed Key":33}]},"card_choices":[{"not_picked":["Turbo","Cold Snap"],"picked":"Sweeping Beam","floor":1.0},{"not_picked":["Consume","Rebound"],"picked":"Sunder","floor":3.0},{"not_picked":["Multi-Cast","Fusion"],"picked":"Hologram","floor":4.0},{"not_picked":["Cold Snap","Hologram"],"picked":"Rip and Tear","floor":7.0},{"not_picked":["Hologram","Blizzard"],"picked":"Turbo","floor":8.0},{"not_picked":["Leap","Steam Power"],"picked":"Streamline","floor":10.0},{"not_picked":["Sunder","Redo"],"picked":"Cold Snap","floor":11.0},{"not_picked":["Cold Snap","Auto Shields","Biased Cognition"],"picked":"Singing Bowl","floor":13.0},{"not_picked":["Beam Cell","Steam","Melter"],"picked":"Singing Bowl","floor":14.0},{"not_picked":["Multi-Cast","Machine Learning"],"picked":"Echo Form","floor":16}],"player_experience":732657,"relics_obtained":[{"floor":7.0,"key":"DataDisk"},{"floor":9.0,"key":"Kunai"},{"floor":12.0,"key":"StrikeDummy"},{"floor":13.0,"key":"Singing Bowl"}],"event_choices":[{"damage_healed":0.0,"max_hp_gain":0.0,"max_hp_loss":0.0,"gold_gain":175.0,"event_name":"Liars Game","player_choice":"AGREE","floor":2.0,"gold_loss":0.0,"damage_taken":0.0,"cards_obtained":["Doubt"]},{"damage_healed":0.0,"max_hp_gain":0.0,"max_hp_loss":0.0,"gold_gain":0.0,"event_name":"Scrap Ooze","player_choice":"Success","floor":5.0,"gold_loss":0.0,"damage_taken":7.0,"relics_obtained":["Calipers"]},{"damage_healed":0.0,"max_hp_gain":0.0,"max_hp_loss":0.0,"gold_gain":0.0,"event_name":"Wheel of Change","player_choice":"Relic","floor":12.0,"gold_loss":0.0,"damage_taken":0.0}],"is_beta":false,"boss_relics":[{"not_picked":["SlaversCollar","Ectoplasm"],"picked":"Cursed Key"}],"items_purged_floors":[],"is_endless":false,"potions_floor_spawned":[7,8,10,13],"killed_by":"3 Byrds","ascension_level":0}}