{"host":"baymyijz6sxaqj5s","time":1614266692,"event":{"mods":["AchievementEnabler","BaseMod","Colored Map","Colored Powertips","DeckTracker","Highlight Path","KOR Keyword Fix","Keyboard Shortcuts","Minty Spire (QoL Compilation)","StSLib","SuperFastMode","everything is the same but u backflip on backflip"],"gold_per_floor":[109,109,109,27,44,44,9,27,54,72,72,88,88,107,107,204,204,223,223,233,57,57,88,107,107,107,107,118,118,130,140,140,238,238,256,270,290,303,26,26,45,61,61,79,79,95,95,109,109,109],"floor_reached":51,"language":"KOR","playtime":1142,"items_purged":[],"score":815,"play_id":"f435dfce-7b7a-4680-94d3-0c302c13a169","local_time":"20210226002452","is_ascension_mode":true,"campfire_choices":[{"data":"Body Slam","floor":6,"key":"SMITH"},{"data":"Heavy Blade","floor":11,"key":"SMITH"},{"data":"Whirlwind","floor":15,"key":"SMITH"},{"data":"Enlightenment","floor":25,"key":"SMITH"},{"data":"Seeing Red","floor":27,"key":"SMITH"},{"data":"Armaments","floor":29,"key":"SMITH"},{"data":"Flame Barrier","floor":32,"key":"SMITH"},{"data":"Double Tap","floor":40,"key":"SMITH"},{"data":"Impervious","floor":45,"key":"SMITH"},{"floor":49,"key":"REST"}],"circlet_count":0,"master_deck":["Strike_R","Strike_R","Strike_R","Strike_R","Strike_R","Defend_R","Defend_R","Defend_R","Defend_R","Bash","Body Slam+1","Flame Barrier+1","Heavy Blade+1","Inflame+1","Whirlwind+1","Seeing Red+1","Armaments+1","Impervious+1","Sword Boomerang","Necronomicurse","Enlightenment+1","Double Tap+1","Twin Strike+1","Spot Weakness","Offering","Shrug It Off","Impervious","Shrug It Off"],"relics":["Black Blood","Frozen Egg 2","Bag of Preparation","Philosopher\u0027s Stone","Necronomicon","Bag of Marbles","InkBottle","Pear","Mercury Hourglass"],"acts_visited":["Exordium","TheCity","TheBeyond"],"potions_floor_usage":[14,16,16,23,23,24,30,33,35,50,50,50],"damage_taken":[{"damage":14,"enemies":"Cultist","floor":1,"turns":5},{"damage":5,"enemies":"Small Slimes","floor":5,"turns":4},{"damage":12,"enemies":"Jaw Worm","floor":8,"turns":2},{"damage":0,"enemies":"2 Fungi Beasts","floor":10,"turns":2},{"damage":10,"enemies":"Gremlin Gang","floor":12,"turns":4},{"damage":1,"enemies":"3 Louse","floor":14,"turns":3},{"damage":51,"enemies":"Hexaghost","floor":16,"turns":8},{"damage":2,"enemies":"Spheric Guardian","floor":18,"turns":4},{"damage":0,"enemies":"3 Byrds","floor":20,"turns":2},{"damage":18,"enemies":"Book of Stabbing","floor":23,"turns":3},{"damage":7,"enemies":"Snake Plant","floor":24,"turns":2},{"damage":11,"enemies":"Snecko","floor":28,"turns":3},{"damage":0,"enemies":"3 Cultists","floor":30,"turns":2},{"damage":0,"enemies":"Chosen and Byrds","floor":31,"turns":3},{"damage":38,"enemies":"Collector","floor":33,"turns":4},{"damage":1,"enemies":"Orb Walker","floor":35,"turns":3},{"damage":12,"enemies":"3 Shapes","floor":36,"turns":4},{"damage":26,"enemies":"Transient","floor":37,"turns":5},{"damage":28,"enemies":"Writhing Mass","floor":38,"turns":4},{"damage":0,"enemies":"Jaw Worm Horde","floor":41,"turns":2},{"damage":16,"enemies":"Sphere and 2 Shapes","floor":42,"turns":1},{"damage":30,"enemies":"Writhing Mass","floor":44,"turns":3},{"damage":25,"enemies":"3 Darklings","floor":46,"turns":3},{"damage":0,"enemies":"Jaw Worm Horde","floor":48,"turns":1},{"damage":46,"enemies":"Time Eater","floor":50,"turns":6}],"seed_played":"-4195683312289682664","potions_obtained":[{"floor":5,"key":"PowerPotion"},{"floor":8,"key":"ColorlessPotion"},{"floor":13,"key":"Fruit Juice"},{"floor":13,"key":"EssenceOfSteel"},{"floor":14,"key":"SneckoOil"},{"floor":20,"key":"SkillPotion"},{"floor":23,"key":"SpeedPotion"},{"floor":31,"key":"HeartOfIron"},{"floor":33,"key":"EssenceOfSteel"},{"floor":36,"key":"CultistPotion"},{"floor":37,"key":"FearPotion"},{"floor":44,"key":"SteroidPotion"}],"is_trial":false,"path_per_floor":["M","?","?","$","M","R","$","M","T","M","R","M","?","M","R","B",null,"M","?","M","$","?","E","M","R","T","R","M","R","M","M","R","B",null,"M","M","M","M","$","R","M","M","T","M","R","M","?","M","R","B",null],"character_chosen":"IRONCLAD","items_purchased":["Flame Barrier","Inflame+1","Enlightenment","Fruit Juice","Shrug It Off","Pear"],"campfire_rested":1,"item_purchase_floors":[4,7,21,21,39,39],"current_hp_per_floor":[80,68,68,68,69,69,69,63,63,69,69,65,65,75,75,30,93,93,77,83,83,83,76,75,75,75,75,70,70,76,82,82,50,98,98,98,84,68,78,78,90,86,86,68,68,55,55,67,99,65],"gold":109,"neow_bonus":"TEN_PERCENT_HP_BONUS","is_daily":false,"chose_seed":false,"campfire_upgraded":9,"win_rate":0.0,"timestamp":1614266692,"path_taken":["M","?","?","$","M","R","?","M","T","M","R","M","?","?","R","BOSS","M","?","M","$","?","E","M","R","T","R","M","R","M","M","R","BOSS","M","M","M","M","$","R","M","M","T","M","R","M","?","M","R","BOSS"],"items_purchased_type":["Card","Card","Card","Potion","Card","Relic"],"build_version":"2020-12-22","purchased_purges":0,"victory":true,"max_hp_per_floor":[88,88,88,88,88,88,88,88,88,88,88,88,88,93,93,93,93,93,93,93,93,93,98,98,98,98,98,98,98,98,98,98,98,98,98,98,98,98,108,108,108,108,108,108,108,108,108,108,108,108],"card_choices":[{"not_picked":["Headbutt","Flame Barrier"],"picked":"Body Slam","floor":1},{"not_picked":["Intimidate","Sword Boomerang"],"picked":"Heavy Blade","floor":5},{"not_picked":["Bloodletting","Thunderclap"],"picked":"Whirlwind","floor":8},{"not_picked":["Headbutt","Rage","Perfected Strike"],"picked":"SKIP","floor":10},{"not_picked":["Body Slam","Carnage"],"picked":"Seeing Red","floor":12},{"not_picked":["Pommel Strike","Cleave"],"picked":"Armaments","floor":14},{"not_picked":["Corruption+1","Barricade+1"],"picked":"Impervious","floor":16},{"not_picked":["Carnage","Fire Breathing+1"],"picked":"Sword Boomerang","floor":18},{"not_picked":["Power Through","Warcry+1","Clash+1"],"picked":"SKIP","floor":20},{"not_picked":["Headbutt","Armaments"],"picked":"Double Tap","floor":23},{"not_picked":["Dropkick+1","Feel No Pain+1","Iron Wave+1"],"picked":"SKIP","floor":24},{"not_picked":["Combust+1","Rampage"],"picked":"Twin Strike+1","floor":28},{"not_picked":["Sentinel","Shockwave+1","Body Slam"],"picked":"SKIP","floor":30},{"not_picked":["Clothesline+1","Cleave"],"picked":"Spot Weakness","floor":31},{"not_picked":["Feed","Reaper"],"picked":"Offering","floor":33},{"not_picked":["Sword Boomerang+1","Clothesline+1","Rupture+1"],"picked":"SKIP","floor":35},{"not_picked":["Rage","Inflame+1","Perfected Strike+1"],"picked":"SKIP","floor":36},{"not_picked":["Headbutt+1","Wild Strike+1","Armaments+1"],"picked":"SKIP","floor":37},{"not_picked":["Twin Strike+1","Disarm","Havoc"],"picked":"SKIP","floor":38},{"not_picked":["Twin Strike+1","Carnage+1","Anger"],"picked":"SKIP","floor":41},{"not_picked":["Shockwave","Wild Strike+1","Havoc+1"],"picked":"SKIP","floor":42},{"not_picked":["Cleave+1","Dual Wield","Clash"],"picked":"SKIP","floor":44},{"not_picked":["Carnage+1","Armaments"],"picked":"Impervious","floor":46},{"not_picked":["Anger","Wild Strike","Evolve+1"],"picked":"SKIP","floor":48}],"player_experience":104415,"relics_obtained":[{"floor":9,"key":"Bag of Preparation"},{"floor":19,"key":"Necronomicon"},{"floor":23,"key":"Bag of Marbles"},{"floor":26,"key":"InkBottle"},{"floor":43,"key":"Mercury Hourglass"}],"event_choices":[{"damage_healed":0,"gold_gain":0,"player_choice":"Success","damage_taken":12,"relics_obtained":["Frozen Egg 2"],"max_hp_gain":0,"max_hp_loss":0,"event_name":"Scrap Ooze","floor":2,"gold_loss":0},{"damage_healed":0,"gold_gain":0,"player_choice":"Ignored","damage_taken":0,"max_hp_gain":0,"max_hp_loss":0,"event_name":"Liars Game","floor":3,"gold_loss":0},{"damage_healed":0,"gold_gain":0,"player_choice":"Got Potions","damage_taken":0,"max_hp_gain":0,"max_hp_loss":0,"event_name":"Lab","floor":13,"gold_loss":0},{"damage_healed":0,"gold_gain":0,"player_choice":"Obtained Book","damage_taken":16,"max_hp_gain":0,"max_hp_loss":0,"event_name":"Cursed Tome","floor":19,"gold_loss":0},{"damage_healed":0,"gold_gain":0,"player_choice":"Ignored","damage_taken":0,"max_hp_gain":0,"max_hp_loss":0,"event_name":"Ghosts","floor":22,"gold_loss":0},{"damage_healed":0,"gold_gain":0,"player_choice":"Copied","damage_taken":0,"max_hp_gain":0,"max_hp_loss":0,"event_name":"Duplicator","floor":47,"gold_loss":0,"cards_obtained":["Shrug It Off"]}],"is_beta":false,"boss_relics":[{"not_picked":["Runic Dome","Cursed Key"],"picked":"Philosopher\u0027s Stone"},{"not_picked":["Velvet Choker","Runic Cube"],"picked":"Black Blood"}],"items_purged_floors":[],"is_endless":false,"potions_floor_spawned":[5,8,14,20,23,31,33,36,37,44],"ascension_level":4}}