{"host":"Berg","time":1614270259,"event":{"mods":["AchievementEnabler","BaseMod","Better Third Choice","Colored Map","Gremlin Skip","Highlight Path","Minty Spire (QoL Compilation)","Relic Stats","StSLib"],"gold_per_floor":[109,109,123,123,16,50,50,75,75,119,119,150,150,174,174,273,273,293,2,2,2,16,16,35,69,69,103,153,153,191,22,22,112,112,132,58,0,18,74,117,150,193,205,217,229,279,291,316,328,340,352,364,376,20,51,51],"floor_reached":57,"language":"ENG","playtime":3104,"items_purged":[],"score":3130,"play_id":"a3281952-3166-4f25-960b-821774d94b46","local_time":"20210225112419","is_ascension_mode":true,"campfire_choices":[{"floor":7,"key":"REST"},{"floor":11,"key":"REST"},{"floor":15,"key":"REST"},{"data":"Blade Dance","floor":23,"key":"SMITH"},{"data":"Blade Dance","floor":29,"key":"SMITH"},{"floor":32,"key":"REST"},{"floor":44,"key":"RECALL"},{"floor":47,"key":"DIG"},{"data":"Apotheosis","floor":49,"key":"SMITH"},{"floor":53,"key":"DIG"}],"circlet_count":0,"master_deck":["AscendersBane","Strike_G","Strike_G","Strike_G","Strike_G","Strike_G","Defend_G","Defend_G","Defend_G","Defend_G","Defend_G","Survivor","Neutralize","Poisoned Stab","Blade Dance+1","Predator","Blade Dance+1","Deadly Poison","Dash","PiercingWail","Leg Sweep","Die Die Die","Prepared+1","Calculated Gamble","Dash","Noxious Fumes","Noxious Fumes","Wraith Form v2","Adrenaline","Crippling Poison","Wraith Form v2","Catalyst+1","Burst","Apotheosis+1","PiercingWail+1","Caltrops+1","Night Terror","Catalyst"],"relics":["Black Star","Golden Idol","Sundial","Akabeko","HornCleat","Singing Bowl","Incense Burner","Lizard Tail","Orichalcum","Pen Nib","Snecko Eye","ClockworkSouvenir","MutagenicStrength","Omamori","WingedGreaves","Blue Candle","Mercury Hourglass","Darkstone Periapt","Matryoshka","Meat on the Bone","Boot","OrangePellets","Coffee Dripper","Red Mask","Shovel","Toy Ornithopter","Prayer Wheel","Happy Flower","MawBank","Bag of Marbles","Juzu Bracelet","Bronze Scales","Mango","Ancient Tea Set","Thread and Needle","StrikeDummy","Kunai","Nunchaku","Gremlin Horn"],"acts_visited":["Exordium","TheCity","TheBeyond","TheEnding"],"potions_floor_usage":[10,25,51],"damage_taken":[{"damage":6,"enemies":"Cultist","floor":1,"turns":4},{"damage":13,"enemies":"Jaw Worm","floor":3,"turns":5},{"damage":32,"enemies":"Gremlin Nob","floor":6,"turns":4},{"damage":0,"enemies":"Small Slimes","floor":8,"turns":2},{"damage":18,"enemies":"Lagavulin","floor":10,"turns":8},{"damage":18,"enemies":"Gremlin Nob","floor":12,"turns":4},{"damage":7,"enemies":"Blue Slaver","floor":14,"turns":2},{"damage":17,"enemies":"The Guardian","floor":16,"turns":13},{"damage":4,"enemies":"3 Byrds","floor":18,"turns":8},{"damage":1,"enemies":"Shell Parasite","floor":22,"turns":3},{"damage":5,"enemies":"Snake Plant","floor":24,"turns":4},{"damage":13,"enemies":"Book of Stabbing","floor":25,"turns":5},{"damage":2,"enemies":"Slavers","floor":27,"turns":4},{"damage":6,"enemies":"Book of Stabbing","floor":30,"turns":3},{"damage":0,"enemies":"Automaton","floor":33,"turns":8},{"damage":0,"enemies":"3 Shapes","floor":35,"turns":4},{"damage":0,"enemies":"Orb Walker","floor":38,"turns":3},{"damage":15,"enemies":"2 Orb Walkers","floor":39,"turns":5},{"damage":13,"enemies":"Giant Head","floor":40,"turns":7},{"damage":4,"enemies":"Reptomancer","floor":41,"turns":8},{"damage":0,"enemies":"Giant Head","floor":42,"turns":6},{"damage":3,"enemies":"Nemesis","floor":46,"turns":6},{"damage":0,"enemies":"Maw","floor":48,"turns":5},{"damage":13,"enemies":"Donu and Deca","floor":50,"turns":6},{"damage":27,"enemies":"Time Eater","floor":51,"turns":13},{"damage":12,"enemies":"Shield and Spear","floor":55,"turns":5},{"damage":58,"enemies":"The Heart","floor":56,"turns":11}],"seed_played":"3184433122765594398","potions_obtained":[{"floor":8,"key":"SpeedPotion"},{"floor":10,"key":"Poison Potion"},{"floor":16,"key":"CultistPotion"},{"floor":22,"key":"ColorlessPotion"},{"floor":33,"key":"Weak Potion"},{"floor":48,"key":"GamblersBrew"}],"is_trial":false,"path_per_floor":["M","?","M","T","$","E","R","M","T","E","R","E","?","M","R","B",null,"M","$","?","?","M","R","M","E","T","E","?","R","E","$","R","B",null,"M","$","?","M","?","E","E","E","T","R","?","E","R","M","R","B","B",null,"R","$","E","B",null],"character_chosen":"THE_SILENT","items_purchased":["Predator","Blade Dance","Calculated Gamble","Dash","ClockworkSouvenir","OrangePellets","Wraith Form v2","Kunai","Catalyst"],"campfire_rested":4,"item_purchase_floors":[5,5,19,19,19,31,36,54,54],"current_hp_per_floor":[53,53,40,40,40,8,26,26,26,8,26,8,8,3,21,4,48,44,44,44,44,45,45,40,29,29,27,27,27,21,21,40,40,60,60,60,60,62,49,36,44,46,46,46,46,57,57,57,57,44,34,73,73,73,63,17],"gold":51,"neow_bonus":"BOSS_RELIC","is_daily":false,"chose_seed":false,"campfire_upgraded":3,"win_rate":0.0,"timestamp":1614270259,"path_taken":["M","?","M","?","$","E","R","?","T","E","R","E","?","M","R","BOSS","M","$","?","?","?","R","M","E","T","E","?","R","E","$","R","BOSS","M","$","?","M","?","E","E","E","T","R","?","E","R","M","R","BOSS","BOSS","R","$","E","BOSS"],"items_purchased_type":["Card","Card","Card","Card","Relic","Relic","Card","Relic","Card"],"build_version":"2020-12-18","purchased_purges":0,"victory":true,"max_hp_per_floor":[66,60,60,60,60,60,60,60,60,60,60,60,60,62,62,62,62,62,62,62,62,64,64,64,66,66,66,66,66,66,66,66,66,66,66,66,66,68,70,70,70,72,72,72,72,86,86,86,86,86,86,86,86,86,88,88],"relic_stats":{"Darkstone Periapt":0,"Singing Bowl":14,"Gremlin Horn":[0,0],"Juzu Bracelet":0,"Boot":[50],"Lizard Tail":0,"Nunchaku":[1],"Shovel":2,"Sundial":[18],"Prayer Wheel":1,"Kunai":[4],"Happy Flower":[17],"counters":[27,156],"Golden Idol":220,"Blue Candle":[0],"Pen Nib":[36],"Orichalcum":[210],"MawBank":156,"Mercury Hourglass":[319],"OrangePellets":[36],"Bronze Scales":[282],"Snecko Eye":[123,105,75,122],"Black Star":11,"obtain_stats":[{"Darkstone Periapt":27,"Singing Bowl":9,"Gremlin Horn":55,"Mango":46,"Incense Burner":10,"Juzu Bracelet":42,"Boot":30,"Ancient Tea Set":46,"ClockworkSouvenir":19,"Lizard Tail":10,"Nunchaku":55,"HornCleat":6,"Matryoshka":27,"Shovel":39,"Sundial":4,"Prayer Wheel":40,"WingedGreaves":25,"Red Mask":37,"Kunai":54,"Ring of the Snake":0,"Happy Flower":41,"Golden Idol":2,"Blue Candle":25,"Thread and Needle":47,"Pen Nib":12,"Omamori":21,"Orichalcum":12,"MawBank":41,"Akabeko":6,"Mercury Hourglass":26,"OrangePellets":31,"MutagenicStrength":20,"Bronze Scales":43,"Snecko Eye":17,"Black Star":0,"Coffee Dripper":34,"Bag of Marbles":42,"StrikeDummy":53,"Toy Ornithopter":40,"Meat on the Bone":30},{"Darkstone Periapt":13,"Singing Bowl":4,"Gremlin Horn":26,"Mango":22,"Incense Burner":5,"Juzu Bracelet":21,"Boot":14,"Ancient Tea Set":22,"ClockworkSouvenir":9,"Lizard Tail":5,"Nunchaku":26,"HornCleat":3,"Matryoshka":13,"Shovel":18,"Sundial":2,"Prayer Wheel":19,"WingedGreaves":12,"Red Mask":16,"Kunai":25,"Ring of the Snake":0,"Happy Flower":20,"Golden Idol":1,"Blue Candle":12,"Thread and Needle":22,"Pen Nib":6,"Omamori":9,"Orichalcum":6,"MawBank":20,"Akabeko":3,"Mercury Hourglass":12,"OrangePellets":14,"MutagenicStrength":9,"Bronze Scales":21,"Snecko Eye":8,"Black Star":0,"Coffee Dripper":15,"Bag of Marbles":21,"StrikeDummy":25,"Toy Ornithopter":19,"Meat on the Bone":14},{"Darkstone Periapt":66,"Singing Bowl":15,"Gremlin Horn":145,"Mango":116,"Incense Burner":23,"Juzu Bracelet":110,"Boot":69,"Ancient Tea Set":116,"ClockworkSouvenir":50,"Lizard Tail":23,"Nunchaku":145,"HornCleat":13,"Matryoshka":66,"Shovel":89,"Sundial":9,"Prayer Wheel":96,"WingedGreaves":62,"Red Mask":81,"Kunai":140,"Ring of the Snake":0,"Happy Flower":104,"Golden Idol":4,"Blue Candle":62,"Thread and Needle":116,"Pen Nib":27,"Omamori":50,"Orichalcum":27,"MawBank":104,"Akabeko":13,"Mercury Hourglass":62,"OrangePellets":69,"MutagenicStrength":50,"Bronze Scales":110,"Snecko Eye":42,"Black Star":0,"Coffee Dripper":77,"Bag of Marbles":110,"StrikeDummy":140,"Toy Ornithopter":96,"Meat on the Bone":69}],"Toy Ornithopter":5,"Meat on the Bone":36},"card_choices":[{"not_picked":["Slice","Dagger Throw"],"picked":"Poisoned Stab","floor":1},{"not_picked":["Caltrops","Deadly Poison"],"picked":"Blade Dance","floor":3},{"not_picked":["Envenom","Acrobatics"],"picked":"Deadly Poison","floor":6},{"not_picked":["Distraction","Underhanded Strike"],"picked":"Dash","floor":8},{"not_picked":["Flechettes","Outmaneuver"],"picked":"PiercingWail","floor":10},{"not_picked":["Finisher","Deadly Poison"],"picked":"Leg Sweep","floor":12},{"not_picked":["Bane","Outmaneuver","Underhanded Strike"],"picked":"Singing Bowl","floor":14},{"not_picked":["A Thousand Cuts","After Image"],"picked":"Die Die Die","floor":16},{"not_picked":["Escape Plan","Blade Dance"],"picked":"Prepared+1","floor":18},{"not_picked":["Tactician","Slice","Outmaneuver+1"],"picked":"Singing Bowl","floor":22},{"not_picked":["Bane+1","Dodge and Roll"],"picked":"Noxious Fumes","floor":24},{"not_picked":["Calculated Gamble+1","Bane+1","Skewer"],"picked":"Singing Bowl","floor":25},{"not_picked":["Slice","Cloak And Dagger"],"picked":"Noxious Fumes","floor":27},{"not_picked":["Dagger Throw+1","Underhanded Strike"],"picked":"Wraith Form v2","floor":30},{"not_picked":["Envenom","Die Die Die"],"picked":"Adrenaline","floor":33},{"not_picked":["Sucker Punch+1","Predator"],"picked":"Crippling Poison","floor":35},{"not_picked":["Cloak And Dagger+1","Sucker Punch+1","Eviscerate+1"],"picked":"Singing Bowl","floor":38},{"not_picked":["Endless Agony","Bane+1","Flying Knee+1"],"picked":"Singing Bowl","floor":39},{"not_picked":["Riddle With Holes","Infinite Blades"],"picked":"Catalyst+1","floor":40},{"not_picked":["Dagger Throw","Backflip"],"picked":"Burst","floor":41},{"not_picked":["Tactician+1","Blade Dance","Riddle With Holes+1"],"picked":"Singing Bowl","floor":42},{"not_picked":["Secret Weapon","Jack Of All Trades"],"picked":"Apotheosis","floor":45},{"not_picked":["Deflect","Dagger Spray+1"],"picked":"PiercingWail+1","floor":46},{"not_picked":["Underhanded Strike+1","Outmaneuver"],"picked":"Caltrops+1","floor":48},{"not_picked":["Acrobatics","Underhanded Strike"],"picked":"Night Terror","floor":48},{"not_picked":["Setup","Sucker Punch","Noxious Fumes"],"picked":"Singing Bowl","floor":55}],"player_experience":1352418,"relics_obtained":[{"floor":4,"key":"Sundial"},{"floor":6,"key":"Akabeko"},{"floor":6,"key":"HornCleat"},{"floor":9,"key":"Singing Bowl"},{"floor":10,"key":"Incense Burner"},{"floor":10,"key":"Lizard Tail"},{"floor":12,"key":"Orichalcum"},{"floor":12,"key":"Pen Nib"},{"floor":25,"key":"WingedGreaves"},{"floor":25,"key":"Blue Candle"},{"floor":26,"key":"Mercury Hourglass"},{"floor":27,"key":"Darkstone Periapt"},{"floor":27,"key":"Matryoshka"},{"floor":30,"key":"Meat on the Bone"},{"floor":30,"key":"Boot"},{"floor":39,"key":"Shovel"},{"floor":40,"key":"Toy Ornithopter"},{"floor":40,"key":"Prayer Wheel"},{"floor":41,"key":"Happy Flower"},{"floor":41,"key":"MawBank"},{"floor":42,"key":"Bag of Marbles"},{"floor":42,"key":"Juzu Bracelet"},{"floor":43,"key":"Bronze Scales"},{"floor":46,"key":"Mango"},{"floor":46,"key":"Ancient Tea Set"},{"floor":47,"key":"Thread and Needle"},{"floor":53,"key":"StrikeDummy"},{"floor":55,"key":"Nunchaku"},{"floor":55,"key":"Gremlin Horn"}],"event_choices":[{"damage_healed":0,"gold_gain":0,"player_choice":"Lose Max HP","damage_taken":0,"relics_obtained":["Golden Idol"],"max_hp_gain":0,"max_hp_loss":6,"event_name":"Golden Idol","floor":2,"gold_loss":0},{"damage_healed":0,"gold_gain":0,"player_choice":"Searched \u00270\u0027 times","damage_taken":0,"max_hp_gain":0,"max_hp_loss":0,"event_name":"Dead Adventurer","floor":13,"gold_loss":0},{"damage_healed":0,"gold_gain":0,"player_choice":"Inject Mutagens","damage_taken":0,"relics_obtained":["MutagenicStrength"],"max_hp_gain":0,"max_hp_loss":0,"event_name":"Drug Dealer","floor":20,"gold_loss":0},{"damage_healed":0,"gold_gain":0,"player_choice":"Gave Potion","damage_taken":0,"relics_obtained":["Omamori"],"max_hp_gain":0,"max_hp_loss":0,"event_name":"WeMeetAgain","floor":21,"gold_loss":0},{"damage_healed":0,"gold_gain":50,"player_choice":"Steal","damage_taken":0,"max_hp_gain":0,"max_hp_loss":0,"event_name":"betterThird:BetterNest","floor":28,"gold_loss":0},{"damage_healed":0,"gold_gain":0,"player_choice":"Paid","damage_taken":0,"relics_obtained":["Red Mask"],"max_hp_gain":0,"max_hp_loss":0,"event_name":"Tomb of Lord Red Mask","floor":37,"gold_loss":58},{"damage_healed":0,"gold_gain":0,"player_choice":"Fight","damage_taken":0,"max_hp_gain":0,"max_hp_loss":0,"event_name":"Mysterious Sphere","floor":39,"gold_loss":0},{"damage_healed":0,"gold_gain":0,"player_choice":"Memory 1","damage_taken":0,"max_hp_gain":0,"max_hp_loss":0,"event_name":"SensoryStone","floor":45,"gold_loss":0}],"is_beta":true,"boss_relics":[{"not_picked":["Calling Bell","Pandora\u0027s Box"],"picked":"Snecko Eye"},{"not_picked":["Empty Cage","Runic Pyramid"],"picked":"Coffee Dripper"}],"items_purged_floors":[],"is_endless":false,"potions_floor_spawned":[8,10,16,22,24,33,38,39,40,48],"ascension_level":20}}