{"host":"k7mar46pww1g9iom","time":1614265997,"event":{"mods":["AchievementEnabler","BaseMod","BetterRewards","Colored Powertips","Custom Start","DeckTracker","Downfall","Hermit","Hubris","Marisa????????","Minty Spire (QoL Compilation)","Rare Cards Sparkle","Relic Stats","Replay The Spire","StSLib","The Animator","The Cursed","The Runesmith","The Servant 0.9.4","The Wild Card"],"gold_per_floor":[109,109,109,121,61,61,89,108,108,200,27,40,40,52,52,149,149,162,162,109,109,119,153,164,183,206,216,216,277,277,295,295,391,391,402,452,467,478,546,546,564,598,624,638,658,722,185,285,285,285,285,285,12,43,43,43],"floor_reached":55,"language":"ENG","playtime":2803,"items_purged":[],"score":850,"play_id":"3298e190-f08c-4ca4-b97f-cb272afacffc","local_time":"20210225161317","is_ascension_mode":false,"campfire_choices":[{"floor":6,"key":"RECALL"},{"floor":15,"key":"REST"},{"floor":30,"key":"REST"},{"data":"Noxious Fumes","floor":32,"key":"SMITH"},{"floor":40,"key":"REST"},{"floor":49,"key":"REST"},{"data":"Catalyst","floor":52,"key":"SMITH"}],"circlet_count":0,"master_deck":["Strike_G","Strike_G","Strike_G","Strike_G","Strike_G","Defend_G","Defend_G","Defend_G","Defend_G+1","Defend_G","Survivor","Neutralize+1","Outmaneuver","Deadly Poison","Hidden Blade","Reflex+1","Dash","Underhanded Strike","Masterful Stab","ReplayTheSpireMod:Speed Training","Catalyst+1","Bandage Up","Noxious Fumes+1","Poisoned Stab","Replay:Poison Smokescreen","Adrenaline","Backflip","Neutralize","Bane","Noxious Fumes","Prepared+1","Calculated Gamble","Eviscerate","Deflect","Underhanded Strike","Sneak Up+1","Finisher","Die Die Die","Cloak And Dagger+1","ReplayTheSpireMod:The Works+1","Sucker Punch+1","Flechettes+1","Corpse Explosion","Dagger Throw+1","Footwork","Bandage Up","Poisoned Stab","Crippling Poison","ReplayTheSpireMod:Tripwire+1","ReplayTheSpireMod:Scrap Shanks","Backstab+1","Replay:Bag of Tricks","Infinite Blades","Infinite Blades","Finisher","Choke"],"relics":["Ring of the Snake","Replay:Ringing Soul","The Specimen","hubris:VirtuousBlindfold","Nunchaku","Snake Skull","SsserpentHead","WristBlade","Replay:Rubber Ducky","hubris:ToyBattleship","Kunai","hubris:64BitClover","Centennial Puzzle"],"acts_visited":["Exordium","TheCity","TheBeyond","TheEnding"],"potions_floor_usage":[12,16,24,25,33,48,55],"damage_taken":[{"damage":0,"enemies":"2 Louse","floor":1,"turns":3},{"damage":5,"enemies":"Jaw Worm","floor":4,"turns":4},{"damage":47,"enemies":"Lagavulin","floor":7,"turns":11},{"damage":0,"enemies":"Small Slimes","floor":8,"turns":3},{"damage":9,"enemies":"Blue Slaver","floor":12,"turns":4},{"damage":2,"enemies":"Exordium Wildlife","floor":14,"turns":4},{"damage":12,"enemies":"Hexaghost","floor":16,"turns":8},{"damage":6,"enemies":"Shell Parasite","floor":18,"turns":4},{"damage":8,"enemies":"3 Byrds","floor":22,"turns":4},{"damage":68,"enemies":"Gremlin Leader","floor":23,"turns":6},{"damage":14,"enemies":"Snake Plant","floor":24,"turns":4},{"damage":12,"enemies":"Cultist and Chosen","floor":25,"turns":6},{"damage":2,"enemies":"Centurion and Healer","floor":27,"turns":5},{"damage":6,"enemies":"Snecko","floor":29,"turns":6},{"damage":4,"enemies":"3 Cultists","floor":31,"turns":5},{"damage":43,"enemies":"hubris:MusketHawk","floor":33,"turns":8},{"damage":34,"enemies":"3 Darklings","floor":35,"turns":7},{"damage":13,"enemies":"3 Shapes","floor":37,"turns":4},{"damage":17,"enemies":"Sphere and 2 Shapes","floor":38,"turns":6},{"damage":0,"enemies":"Jaw Worm Horde","floor":39,"turns":4},{"damage":40,"enemies":"Maw","floor":41,"turns":7},{"damage":23,"enemies":"Reptomancer","floor":42,"turns":6},{"damage":0,"enemies":"Transient","floor":44,"turns":5},{"damage":2,"enemies":"4 Shapes","floor":45,"turns":2},{"damage":36,"enemies":"Maw","floor":46,"turns":7},{"damage":10,"enemies":"Mind Bloom Boss Battle","floor":48,"turns":8},{"damage":46,"enemies":"hubris:GrandSnecko","floor":50,"turns":10},{"damage":62,"enemies":"Shield and Spear","floor":54,"turns":6},{"damage":112,"enemies":"The Heart","floor":55,"turns":6}],"seed_played":"5701530850711680362","potions_obtained":[{"floor":8,"key":"sneckomod:MuddlingPotion"},{"floor":14,"key":"Swift Potion"},{"floor":16,"key":"Poison Potion"},{"floor":22,"key":"Ancient Potion"},{"floor":23,"key":"Block Potion"},{"floor":27,"key":"DistilledChaos"},{"floor":31,"key":"SteroidPotion"},{"floor":33,"key":"LiquidMemories"},{"floor":48,"key":"bronze:BurnAndBuffPotion"}],"is_trial":false,"path_per_floor":["M","?","?","M","$","R","E","M","T","?","$","M","$","M","R","B",null,"M","?","$","?","M","E","M","M","T","M","?","M","R","M","R","B",null,"M","?","M","M","M","R","M","E","T","M","M","M","$","?","R","B",null,"R","$","E","B"],"character_chosen":"THE_SILENT","items_purchased":["Reflex+1","Bandage Up","Noxious Fumes","Bane","Kunai","Bandage Up","Poisoned Stab","Crippling Poison","ReplayTheSpireMod:Tripwire+1","ReplayTheSpireMod:Scrap Shanks","Replay:Bag of Tricks","Infinite Blades","Finisher"],"campfire_rested":4,"item_purchase_floors":[5,11,11,20,47,47,47,47,47,47,53,53,53],"current_hp_per_floor":[70,70,70,65,65,65,21,24,24,8,11,5,5,10,36,31,91,92,95,98,101,98,37,30,25,25,30,30,31,67,70,70,34,127,100,100,94,81,84,124,91,75,75,82,84,55,58,55,101,63,154,154,157,100,0,0],"gold":43,"neow_bonus":"THREE_CARDS","is_daily":false,"chose_seed":false,"campfire_upgraded":2,"win_rate":0.0,"timestamp":1614265997,"path_taken":["M","?","?","M","$","R","E","M","T","?","$","M","?","M","R","BOSS","M","?","?","?","M","E","?","M","T","M","?","?","R","M","R","BOSS","M","?","M","M","?","R","M","E","T","M","M","?","?","?","R","BOSS","R","$","E","BOSS"],"items_purchased_type":["Card","Card","Card","Card","Relic","Card","Card","Card","Card","Card","Card","Card","Card"],"build_version":"2020-12-22","purchased_purges":0,"victory":false,"max_hp_per_floor":[70,70,70,70,70,70,73,76,76,79,82,85,85,88,88,91,91,94,97,100,103,106,109,112,115,115,118,118,121,121,124,124,127,127,130,130,133,133,136,136,139,142,142,145,145,148,151,154,154,154,154,154,157,160,160,160],"relic_stats":{"SsserpentHead":300,"Nunchaku":[25],"Centennial Puzzle":[3],"counters":[29,163],"Snake Skull":[185],"Kunai":[17],"obtain_stats":[{"The Specimen":9,"hubris:64BitClover":48,"hubris:VirtuousBlindfold":17,"Snake Skull":26,"Replay:Rubber Ducky":36,"Replay:Ringing Soul":7,"SsserpentHead":28,"Nunchaku":23,"Centennial Puzzle":54,"WristBlade":34,"hubris:ToyBattleship":42,"Kunai":47,"Ring of the Snake":0},{"The Specimen":4,"hubris:64BitClover":26,"hubris:VirtuousBlindfold":7,"Snake Skull":12,"Replay:Rubber Ducky":17,"Replay:Ringing Soul":3,"SsserpentHead":13,"Nunchaku":10,"Centennial Puzzle":28,"WristBlade":16,"hubris:ToyBattleship":22,"Kunai":25,"Ring of the Snake":0},{"The Specimen":21,"hubris:64BitClover":141,"hubris:VirtuousBlindfold":37,"Snake Skull":61,"Replay:Rubber Ducky":92,"Replay:Ringing Soul":18,"SsserpentHead":66,"Nunchaku":51,"Centennial Puzzle":157,"WristBlade":85,"hubris:ToyBattleship":119,"Kunai":133,"Ring of the Snake":0}],"Ring of the Snake":[58]},"card_choices":[{"not_picked":["Skewer","ReplayTheSpireMod:Speed Training"],"picked":"Outmaneuver","floor":0},{"not_picked":["Dagger Spray","Backflip"],"picked":"Deadly Poison","floor":1},{"not_picked":["Sneak Up","hubris:SlightOfHand"],"picked":"Hidden Blade","floor":4},{"not_picked":["Distraction","hubris:TrickCloak"],"picked":"Dash","floor":7},{"not_picked":["PiercingWail","Setup"],"picked":"Underhanded Strike","floor":8},{"not_picked":["Outmaneuver","PiercingWail"],"picked":"Masterful Stab","floor":10},{"not_picked":["Quick Slash","Slice"],"picked":"ReplayTheSpireMod:Speed Training","floor":10},{"not_picked":["Crippling Poison","Cloak And Dagger"],"picked":"Catalyst","floor":10},{"not_picked":["Deadly Poison","Dagger Throw"],"picked":"Poisoned Stab","floor":12},{"not_picked":["Outmaneuver","Toxin Wave"],"picked":"Replay:Poison Smokescreen","floor":14},{"not_picked":["Malaise","Phantasmal Killer"],"picked":"Adrenaline","floor":16},{"not_picked":["Deflect","PiercingWail"],"picked":"Backflip","floor":18},{"not_picked":["Acrobatics+1","Slice"],"picked":"Prepared+1","floor":22},{"not_picked":["Backstab","Acrobatics"],"picked":"Calculated Gamble","floor":23},{"not_picked":["Setup+1","Prepared"],"picked":"Eviscerate","floor":24},{"not_picked":["Hidden Blade","Blade Dance"],"picked":"Deflect","floor":25},{"not_picked":["Hidden Blade+1","ReplayTheSpireMod:Shiv Toss"],"picked":"Underhanded Strike","floor":27},{"not_picked":["Deadly Poison+1","Tactician+1"],"picked":"Sneak Up+1","floor":29},{"not_picked":["ReplayTheSpireMod:Speed Training","Cloak And Dagger"],"picked":"Finisher","floor":31},{"not_picked":["Storm of Steel","Wraith Form v2"],"picked":"Die Die Die","floor":33},{"not_picked":["Hidden Blade+1","Underhanded Strike+1"],"picked":"Cloak And Dagger+1","floor":35},{"not_picked":["Cloak And Dagger+1","Well Laid Plans"],"picked":"ReplayTheSpireMod:The Works+1","floor":37},{"not_picked":["Blade Dance+1","Cloak And Dagger","Reflex+1"],"picked":"SKIP","floor":38},{"not_picked":["hubris:Sniper","ReplayTheSpireMod:The Works"],"picked":"Sucker Punch+1","floor":39},{"not_picked":["Escape Plan","Accuracy"],"picked":"Flechettes+1","floor":41},{"not_picked":["Accuracy+1","Deadly Poison"],"picked":"Corpse Explosion","floor":42},{"not_picked":["Finisher","Dodge and Roll+1"],"picked":"Dagger Throw+1","floor":44},{"not_picked":["Reflex+1","Deflect+1","Outmaneuver+1"],"picked":"SKIP","floor":45},{"not_picked":["Dodge and Roll","Tactician"],"picked":"Footwork","floor":46},{"not_picked":["Acrobatics","Outmaneuver"],"picked":"Backstab+1","floor":48},{"not_picked":["Predator","Escape Plan"],"picked":"Choke","floor":54}],"player_experience":194553,"relics_obtained":[{"floor":7,"key":"Replay:Ringing Soul"},{"floor":9,"key":"The Specimen"},{"floor":23,"key":"Nunchaku"},{"floor":26,"key":"Snake Skull"},{"floor":36,"key":"Replay:Rubber Ducky"},{"floor":42,"key":"hubris:ToyBattleship"},{"floor":48,"key":"hubris:64BitClover"},{"floor":54,"key":"Centennial Puzzle"}],"event_choices":[{"damage_healed":0,"gold_gain":0,"player_choice":"1 cards matched","damage_taken":0,"max_hp_gain":0,"max_hp_loss":0,"event_name":"Match and Keep!","floor":19,"gold_loss":0,"cards_obtained":["Neutralize"]},{"damage_healed":0,"gold_gain":0,"player_choice":"Copied","damage_taken":0,"max_hp_gain":0,"max_hp_loss":0,"event_name":"Duplicator","floor":21,"gold_loss":0,"cards_obtained":["Noxious Fumes"]},{"damage_healed":0,"gold_gain":0,"player_choice":"Trade","damage_taken":0,"relics_obtained":["SsserpentHead"],"max_hp_gain":0,"max_hp_loss":0,"event_name":"FaceTrader","floor":28,"gold_loss":0},{"damage_healed":0,"gold_gain":0,"player_choice":"Relic","damage_taken":0,"max_hp_gain":0,"max_hp_loss":0,"event_name":"Wheel of Change","floor":36,"gold_loss":0},{"damage_healed":0,"gold_gain":0,"player_choice":"Fight","damage_taken":0,"max_hp_gain":0,"max_hp_loss":0,"event_name":"MindBloom","floor":48,"gold_loss":0}],"is_beta":false,"boss_relics":[{"not_picked":["Coffee Dripper","Fusion Hammer"],"picked":"hubris:VirtuousBlindfold"},{"not_picked":["Snecko Scales","Busted Crown"],"picked":"WristBlade"}],"items_purged_floors":[],"is_endless":false,"potions_floor_spawned":[8,14,16,22,23,27,31,33,44,45,46,48],"killed_by":"The Heart","ascension_level":0}}