{"host":"6q9h3h73mwjrc2ra","time":1614264808,"event":{"mods":["AchievementEnabler","Act Like it!","BaseMod","BetterRewards","Colored Map","Colored Powertips","DeckTracker","Keyboard Shortcuts","Library of Ruina","Library of Ruina Extra","Minty Spire (QoL Compilation)","Permanent Neow","Replay The Spire","Ruina","Shop Mod","StSLib","SuperFastMode"],"gold_per_floor":[115,131,145,165,165,165,192,192,215,226,226,226,73,148,148,249,249,265,215,228,153,164,164,199,199,199,199,199,213,224,259,259,363,363,382,25,37,50,50,50,77,87,111,126,126,145,20,51,51,51,51],"floor_reached":52,"language":"KOR","playtime":1927,"items_purged":["Clumsy","Parry2","Decay"],"score":1201,"play_id":"5819e41f-c215-4c0b-9f31-ea3c64558b89","local_time":"20210225235328","is_ascension_mode":true,"campfire_choices":[{"data":"Enlightenment","floor":6,"key":"SMITH"},{"data":"Faith","floor":8,"key":"SMITH"},{"data":"DegradedLock","floor":11,"key":"SMITH"},{"data":"DegradedChain","floor":15,"key":"SMITH"},{"data":"Observe","floor":23,"key":"SMITH"},{"data":"DegradedShockwave","floor":25,"key":"SMITH"},{"floor":27,"key":"RECALL"},{"data":"DegradedChain","floor":32,"key":"SMITH"},{"data":"DegradedPillar","floor":40,"key":"SMITH"},{"data":"DegradedPillar","floor":45,"key":"SMITH"},{"data":"DegradedFairy","floor":49,"key":"SMITH"}],"circlet_count":0,"master_deck":["DegradedFairy","DegradedFairy","DegradedFairy+1","DegradedChain+1","DegradedChain+1","DegradedLock+1","DegradedPillar+1","DegradedPillar+1","DegradedShockwave+1","Enlightenment+1","GrazeTheGrass","Faith+1","Observe+1","FrontalAssault+1","UnavoidableGaze+1","Faith+1","Faith+1"],"relics":["PageOfLibrarian","Bronze Scales","Dream Catcher","Pet Ghost","Sling","Runic Pyramid","ruina:FalsePresent","Gremlin Food","Boot","Replay:Bottled Snecko","Replay:Bronze Core","PageOfPinocchio","PageOfTheQueenOfHatred","PageOfTheKnightOfDespair","PageOfGreed"],"acts_visited":["Exordium","ruina:Briah","TheBeyond"],"potions_floor_usage":[20],"damage_taken":[{"damage":0,"enemies":"Small Slimes","floor":1,"turns":1},{"damage":0,"enemies":"2 Louse","floor":2,"turns":1},{"damage":0,"enemies":"Jaw Worm","floor":3,"turns":1},{"damage":0,"enemies":"Lots of Slimes","floor":4,"turns":1},{"damage":4,"enemies":"Replay:BlueRogue","floor":7,"turns":2},{"damage":1,"enemies":"Large Slime","floor":10,"turns":3},{"damage":0,"enemies":"Hexaghost","floor":16,"turns":4},{"damage":0,"enemies":"ruina:2_Scarecrows","floor":18,"turns":2},{"damage":1,"enemies":"ruina:BadWolf","floor":20,"turns":3},{"damage":0,"enemies":"ruina:Woodsman","floor":22,"turns":1},{"damage":0,"enemies":"ruina:ServantOfWrath","floor":24,"turns":2},{"damage":0,"enemies":"ruina:KingOfGreed","floor":29,"turns":1},{"damage":0,"enemies":"ruina:QueenOfHate","floor":30,"turns":1},{"damage":0,"enemies":"ruina:Mountain","floor":31,"turns":3},{"damage":0,"enemies":"ruina:JesterOfNihil","floor":33,"turns":5},{"damage":0,"enemies":"Orb Walker","floor":35,"turns":1},{"damage":0,"enemies":"3 Shapes","floor":37,"turns":1},{"damage":0,"enemies":"Maw","floor":38,"turns":2},{"damage":0,"enemies":"Reptomancer","floor":41,"turns":1},{"damage":0,"enemies":"Transient","floor":42,"turns":5},{"damage":0,"enemies":"Sphere and 2 Shapes","floor":44,"turns":1},{"damage":0,"enemies":"Jaw Worm Horde","floor":46,"turns":1},{"damage":0,"enemies":"Giant Head","floor":48,"turns":1},{"damage":0,"enemies":"Time Eater","floor":50,"turns":4}],"seed_played":"8127743221953441891","potions_obtained":[{"floor":1,"key":"Block Potion"},{"floor":3,"key":"SpeedPotion"},{"floor":4,"key":"Strength Potion"},{"floor":16,"key":"Adrenaline Potion"},{"floor":22,"key":"Reflective Coating"},{"floor":35,"key":"DuplicationPotion"}],"is_trial":false,"path_per_floor":["M","M","M","M","?","R","E","R","T","M","R","?","$","?","R","B",null,"M","?","M","$","M","R","E","R","T","R","T","M","M","E","R","B",null,"M","$","M","M","?","R","E","M","T","M","R","M","$","E","R","B",null,null],"character_chosen":"Librarian","items_purchased":["Sling","PageOfPinocchio"],"campfire_rested":0,"item_purchase_floors":[13,36],"current_hp_per_floor":[60,60,60,60,60,60,56,56,56,55,55,55,55,44,44,44,90,90,85,84,84,84,84,84,84,84,84,84,84,84,84,84,84,85,85,85,85,85,85,85,85,85,85,85,85,85,85,85,85,85,85],"gold":51,"neow_bonus":"RANDOM_COLORLESS","is_daily":false,"chose_seed":false,"campfire_upgraded":10,"win_rate":0.0,"timestamp":1614264808,"path_taken":["M","M","M","M","?","R","E","R","T","M","R","?","$","?","R","BOSS","M","?","M","$","M","R","E","R","T","R","?","M","?","E","R","BOSS","M","$","M","M","?","R","E","M","T","M","R","?","$","E","R","BOSS"],"items_purchased_type":["Relic","Relic"],"build_version":"2020-12-22","purchased_purges":3,"victory":true,"max_hp_per_floor":[90,90,90,90,90,90,90,90,90,90,90,90,90,90,90,90,90,90,85,85,85,85,85,85,85,85,85,85,85,85,85,85,85,85,85,85,85,85,85,85,85,85,85,85,85,85,85,85,85,85,85],"card_choices":[{"not_picked":["ReplayTheSpireMod:Private Reserves","Jack Of All Trades"],"picked":"Enlightenment","floor":0},{"not_picked":["SharpSwipe","Execute_lor","PreparedMind","StrikeDown","Wallop_lor","SinglePointStab","FeelinGood","Quickness"],"picked":"GrazeTheGrass","floor":1},{"not_picked":["Rewind","FleetFootsteps","DriedUp","Standoff","SnakesPrey","FormingStorm","ProselytesBlade","ShockingBlow"],"picked":"AsThePrescriptOrders","floor":2},{"not_picked":["SinglePointStab","FleetEdge","TheRedNotes","FleetFootsteps","WildCard","PinpointShot","LoosenUp","FierceCharge"],"picked":"Faith","floor":3},{"not_picked":["EnergyCycle","DarkCloud","PinpointShot","Ripple","Zzzzzap","SunsetBlade","Creak","Standoff","Execute_lor"],"picked":"SKIP","floor":4},{"not_picked":["StrongStrike","KeepItFresh","SharpenedBlade","Crush","FleetFootsteps","SilentNight","FleetEdge","Marionette"],"picked":"Parry2","floor":7},{"not_picked":["EnergyStrike","RhinoRam","EnergyCycle","FaintMemories","DesperateStruggle","BiAn","ClassAndRespect","AsThePrescriptOrders","MultiBlock"],"picked":"SKIP","floor":10},{"not_picked":["FleshFillet","TrashDisposal"],"picked":"Observe","floor":16},{"not_picked":["EnergyShield+1","QuickAttack","YouOnlyLiveOnce","SnakesPrey","HeavyPeaks+1","Reload","RushDown","ViolentFlame"],"picked":"FrontalAssault+1","floor":18},{"not_picked":["StayCalm+1","Outburst","PinpointShot","ViolentFlame","ElectricShock","PreemptiveStrike","SuppressingShot+1","OpportunitySpotted","ExtractFuel"],"picked":"SKIP","floor":20},{"not_picked":["Pound+1","EmotionalTurbulence","FrontalAssault","FocusFire+1","Bvapour","Parry+1","QuickAttack+1","ShockingBlow","SunsetBlade"],"picked":"SKIP","floor":22},{"not_picked":["Collision","RulesOfTheBackstreets","Outburst","SerpentSwordTechnique","ViolentFlame","PreemptiveStrike","AssaultOrder+1","FierceOnslaught","BiAn"],"picked":"SKIP","floor":24},{"not_picked":["Parry","InhaleSmoke","Diversion+1","StrikeDown+1","SpearedSweep+1","EnergyCycle","UnavoidableGaze+1","CrackOfDawn","StrongStrike"],"picked":"SKIP","floor":29},{"not_picked":["CombatPreparation","PinpointShot","FierceCharge","SilentMist","Tailoring","EnergyShield","Brawl","WillBeTasty","EndlessBattle"],"picked":"SKIP","floor":30},{"not_picked":["DarkCloud","GuardingStance","RagingStormLove","GrazeTheGrass","DesperateStruggle","RapidGashes+1","SerpentSwordTechnique","CoordinatedAssault","FleetFootsteps"],"picked":"SKIP","floor":31},{"not_picked":["DarkCloud","GuardingStance","RagingStormLove","GrazeTheGrass","DesperateStruggle","RapidGashes+1","SerpentSwordTechnique","CoordinatedAssault","FleetFootsteps"],"picked":"SKIP","floor":31},{"not_picked":["SnakesPrey","HeavyPeaks","QuickAttack","ButterflySlash","HighKick+1","WaitUp+1","CoordinatedAssault","StructuralAnalysis+1","BiAn"],"picked":"SKIP","floor":35},{"not_picked":["ShockRound","MirageStorm","FeatherShield","Pound+1","AbsorbImpact","CoordinatedAssault","BackAttack","Quickness","TendonChords"],"picked":"SKIP","floor":37},{"not_picked":["QuickAttack","BiAn+1","SunsetBlade","WillProduceFineSilk","ProselytesBlade","GreatSerpentsImpact+1","InkOver+1","SweepTheBackstreets+1","FierceCharge+1"],"picked":"SKIP","floor":38},{"not_picked":["SetFire+1","FleetFootsteps","RepressedFlesh","Ripple+1","FendThisOffIfYouCan","AssaultOrder","SuanNi","SmokingPipe+1"],"picked":"UnavoidableGaze+1","floor":41},{"not_picked":["BiAn","SturdyDefense+1","BackAttack+1","SkyClearingCut+1","Reload+1","FlamingDragonFist","CookingPrep","HighKick"],"picked":"Faith+1","floor":42},{"not_picked":["CoordinatedAssault","StructuralAnalysis","Clone+1","Unlock1","EnergyStrike","CircusKnives","DarkCloud","FleetEdge+1"],"picked":"Faith+1","floor":44},{"not_picked":["CoordinatedAssault","ChiWen+1","NonstopAssault+1","Thrust","GuardingStance+1","ConcentratedFire+1","SuppressingShot+1","FocusFire+1","AsThePrescriptOrders+1"],"picked":"SKIP","floor":46},{"not_picked":["FrontalAssault+1","EmotionalTurbulence","Thrust","ProselytesBlade+1","BayonetCombat+1","DesperateStruggle+1","BiteOff","Quickness","Rewind+1"],"picked":"SKIP","floor":48}],"player_experience":112431,"relics_obtained":[{"floor":7,"key":"Dream Catcher"},{"floor":9,"key":"Pet Ghost"},{"floor":24,"key":"Gremlin Food"},{"floor":28,"key":"Boot"},{"floor":31,"key":"Replay:Bottled Snecko"},{"floor":41,"key":"PageOfTheQueenOfHatred"},{"floor":43,"key":"PageOfTheKnightOfDespair"},{"floor":48,"key":"PageOfGreed"}],"event_choices":[{"damage_healed":0,"gold_gain":0,"player_choice":"Box","damage_taken":0,"relics_obtained":["Bronze Scales"],"max_hp_gain":0,"max_hp_loss":0,"event_name":"Big Fish","floor":5,"gold_loss":0,"cards_obtained":["Regret"]},{"cards_removed":["Regret"],"damage_healed":0,"gold_gain":0,"player_choice":"Forget","damage_taken":0,"max_hp_gain":0,"max_hp_loss":0,"event_name":"Living Wall","floor":12,"gold_loss":0},{"damage_healed":0,"gold_gain":75,"player_choice":"Gather Gold","damage_taken":11,"max_hp_gain":0,"max_hp_loss":0,"event_name":"World of Goop","floor":14,"gold_loss":0},{"damage_healed":0,"gold_gain":0,"player_choice":"Cursed","damage_taken":0,"max_hp_gain":0,"max_hp_loss":0,"event_name":"Wheel of Change","floor":39,"gold_loss":0,"cards_obtained":["Decay"]}],"is_beta":false,"boss_relics":[{"not_picked":["SlaversCollar","Sozu"],"picked":"Runic Pyramid"},{"not_picked":["Ring of Chaos","Replay:Drink Me"],"picked":"Replay:Bronze Core"}],"items_purged_floors":[21,36,47],"is_endless":false,"potions_floor_spawned":[1,3,4,16,22,24,29,33,35,41,48],"ascension_level":2}}