{"host":"fm9e0lfunjlbhzxv","time":1614214535,"event":{"mods":["100% Spire Juice","2.2 Compatiblity","Alarm Clock","Astrologer","BaseMod","Bestiary","Better Match","Better Skull","Better Third Choice","Colored Map","Colored Powertips","Energized Spire","Good Game Mod","Key Reminder","Minty Spire (QoL Compilation)","Permanent Neow","Random Character Button","Rare Cards Sparkle","Relic Stats","Spicy Shops","Spire Arcade","StSLib","The Administrix","The Blue Laboratory","The Bug Knight","The Disciple","The Mystic","The Servant 0.9.4","The Vixen","Trackpad","slay the spire mod where everything is the same but ironclad has a cowboy hat"],"gold_per_floor":[109,123,123,137,137,164,134,134,158,171,171,203,216,229,229,326,326,337,350,99,118,118,146,146,146,146],"floor_reached":25,"language":"ENG","playtime":2018,"items_purged":["HollowMod:NailStrikeStart","HollowMod:NailStrikeStart"],"score":245,"play_id":"9a2b4e18-17b9-4087-af14-d045bbebf6a4","local_time":"20210224165535","is_ascension_mode":true,"campfire_choices":[{"data":"HollowMod:AbyssShriek","floor":8,"key":"SMITH"},{"data":"HollowMod:FocusHealStart","floor":11,"key":"SMITH"},{"data":"FlawlessForm","floor":15,"key":"SMITH"},{"floor":24,"key":"REST"}],"circlet_count":0,"master_deck":["HollowMod:NailStrikeStart","HollowMod:NailStrikeStart","HollowMod:QuickDashStart","HollowMod:QuickDashStart+1","HollowMod:QuickDashStart+1","HollowMod:QuickDashStart","HollowMod:FocusHealStart+1","HollowMod:PogoStrike","FlawlessForm+1","HollowMod:CycloneSlash","HollowMod:VengefulVoid","HollowMod:AbyssShriek+1","HollowMod:ShadowDash","HollowMod:DescendingDark","HollowMod:SiblingsShadow","HollowMod:DescendingDark","HollowMod:SlysStrikes+1","HollowMod:MantisMark+1","HollowMod:DungDefenderAura","HollowMod:CloakDash","HollowMod:WraithStrike"],"relics":["REME:ComplimentaryCards","energizedSpire:SpiderWeb","NlothsMask","HollowMod:KingsBrand","War Paint","Question Card","Runic Pyramid","MealTicket","Pen Nib"],"acts_visited":["Exordium","TheCity"],"potions_floor_usage":[19,23,25],"damage_taken":[{"damage":0,"enemies":"Small Slimes","floor":1,"turns":5},{"damage":0,"enemies":"Cultist","floor":2,"turns":4},{"damage":0,"enemies":"2 Louse","floor":4,"turns":3},{"damage":13,"enemies":"3 Sentries","floor":6,"turns":6},{"damage":5,"enemies":"Looter","floor":10,"turns":5},{"damage":29,"enemies":"Lagavulin","floor":12,"turns":6},{"damage":0,"enemies":"Red Slaver","floor":13,"turns":5},{"damage":0,"enemies":"Large Slime","floor":14,"turns":5},{"damage":29,"enemies":"Hexaghost","floor":16,"turns":9},{"damage":0,"enemies":"Shell Parasite","floor":18,"turns":4},{"damage":24,"enemies":"3 Byrds","floor":19,"turns":3},{"damage":15,"enemies":"Centurion and Healer","floor":21,"turns":5},{"damage":20,"enemies":"Gremlin Leader","floor":23,"turns":6},{"damage":78,"enemies":"Book of Stabbing","floor":25,"turns":5}],"seed_played":"-6546198661420521305","potions_obtained":[{"floor":2,"key":"blueLaboratory:BottleOfVodka"},{"floor":4,"key":"blueLaboratory:BottledHope"},{"floor":6,"key":"ColorlessPotion"},{"floor":7,"key":"SneckoOil"},{"floor":19,"key":"blueLaboratory:PyrophylliteBrew"},{"floor":23,"key":"LiquidMemories"}],"is_trial":false,"path_per_floor":["M","M","?","M","?","E","?","R","T","M","R","E","M","M","R","B",null,"M","M","$","M","?","E","R","E"],"character_chosen":"THE_BUGKNIGHT","items_purchased":["MealTicket"],"campfire_rested":1,"item_purchase_floors":[20],"current_hp_per_floor":[75,75,75,75,75,62,62,62,62,57,57,28,38,48,48,31,75,75,57,57,48,48,38,60,0,0],"gold":146,"neow_bonus":"BOSS_RELIC","is_daily":false,"chose_seed":false,"campfire_upgraded":3,"win_rate":0.0,"timestamp":1614214535,"path_taken":["M","M","?","?","?","E","?","R","T","M","R","E","M","?","R","BOSS","M","M","$","M","?","E","R","E"],"items_purchased_type":["Relic"],"build_version":"2020-12-22","purchased_purges":2,"victory":false,"max_hp_per_floor":[75,75,75,75,75,75,75,75,75,75,75,75,75,75,75,75,75,75,75,75,75,75,75,75,75,75],"relic_stats":{"counters":[14,71],"MealTicket":0,"Pen Nib":[0],"War Paint":["HollowMod:QuickDashStart","HollowMod:QuickDashStart"],"Question Card":7,"obtain_stats":[{"REME:ComplimentaryCards":0,"HollowMod:VesselMask":0,"MealTicket":20,"Pen Nib":23,"energizedSpire:SpiderWeb":0,"War Paint":6,"HollowMod:KingsBrand":5,"Question Card":12,"NlothsMask":3,"Runic Pyramid":17},{"REME:ComplimentaryCards":0,"HollowMod:VesselMask":0,"MealTicket":11,"Pen Nib":13,"energizedSpire:SpiderWeb":0,"War Paint":4,"HollowMod:KingsBrand":3,"Question Card":6,"NlothsMask":2,"Runic Pyramid":9},{"REME:ComplimentaryCards":0,"HollowMod:VesselMask":0,"MealTicket":55,"Pen Nib":66,"energizedSpire:SpiderWeb":0,"War Paint":18,"HollowMod:KingsBrand":12,"Question Card":29,"NlothsMask":9,"Runic Pyramid":48}]},"card_choices":[{"not_picked":["HollowMod:VengefulSpirit","HollowMod:MonomonsArchive"],"picked":"HollowMod:CycloneSlash","floor":1},{"not_picked":["HollowMod:ShadowDash","HollowMod:SiblingsSouls"],"picked":"HollowMod:VengefulVoid","floor":2},{"not_picked":["HollowMod:NewLittleFool","HollowMod:BrokenVessel"],"picked":"HollowMod:AbyssShriek","floor":4},{"not_picked":["HollowMod:DoubleDash","HollowMod:NewLittleFool"],"picked":"HollowMod:ShadowDash","floor":6},{"not_picked":["HollowMod:ChannelNail","HollowMod:LifebloodCocoon"],"picked":"HollowMod:DescendingDark","floor":10},{"not_picked":["HollowMod:BaldurShell","HollowMod:BrokenVessel","HollowMod:InfectedCysts"],"picked":"SKIP","floor":12},{"not_picked":["HollowMod:DescendingDark","HollowMod:HeavyBlow","HollowMod:MothsMistake"],"picked":"HollowMod:SiblingsShadow","floor":13},{"not_picked":["HollowMod:MidwifesHunger","HollowMod:ShadowDash","HollowMod:SoulStrike"],"picked":"HollowMod:DescendingDark","floor":14},{"not_picked":["HollowMod:RadiancesLament","HollowMod:SoulMaster","HollowMod:HornetsHelp"],"picked":"HollowMod:SlysStrikes","floor":16},{"not_picked":["HollowMod:DungDefenderAura","HollowMod:SiblingsSouls","HollowMod:SoulShaman"],"picked":"HollowMod:MantisMark+1","floor":18},{"not_picked":["HollowMod:SoulSplash","HollowMod:InfectedCysts","HollowMod:HuntersJournal"],"picked":"HollowMod:DungDefenderAura","floor":19},{"not_picked":["HollowMod:LifebloodCocoon","HollowMod:SoulStrike","HollowMod:NewJinnsSoul"],"picked":"HollowMod:CloakDash","floor":21},{"not_picked":["HollowMod:MonomonsArchive","HollowMod:VengefulVoid","HollowMod:NewInfectedGuardian"],"picked":"HollowMod:WraithStrike","floor":23}],"player_experience":769186,"relics_obtained":[{"floor":6,"key":"War Paint"},{"floor":12,"key":"Question Card"},{"floor":23,"key":"Pen Nib"}],"event_choices":[{"damage_healed":0,"gold_gain":0,"player_choice":"Trade","damage_taken":0,"relics_obtained":["NlothsMask"],"max_hp_gain":0,"max_hp_loss":0,"event_name":"FaceTrader","floor":3,"gold_loss":0},{"damage_healed":0,"gold_gain":0,"player_choice":"Bought 2 Potions","damage_taken":0,"max_hp_gain":0,"max_hp_loss":0,"event_name":"The Woman in Blue","floor":7,"gold_loss":0},{"damage_healed":0,"gold_gain":0,"player_choice":"Upgraded","damage_taken":0,"max_hp_gain":0,"max_hp_loss":0,"event_name":"Upgrade Shrine","floor":22,"gold_loss":0,"cards_upgraded":["HollowMod:SlysStrikes"]}],"is_beta":false,"boss_relics":[{"not_picked":["Velvet Choker","Astrolabe"],"picked":"Runic Pyramid"}],"items_purged_floors":[20,20],"is_endless":false,"potions_floor_spawned":[2,4,6,13,16,19,23],"killed_by":"Book of Stabbing","ascension_level":1}}