{"host":"opdum64sdiqzxm7l","time":1614253749,"event":{"mods":["Act Like it!","Aspiration","BaseMod","CapriCore","Colored Powertips","Conspire","Energized Spire","Friendly Minions","Jedi Mod","Library of Ruina","Library of Ruina Extra","Lobotomy","LobotomyExtend","Minty Spire (QoL Compilation)","MostiFishMod","Pale of the Ancients","Reliquary","Replay The Spire","RumiaBox-露米娅的神秘盒子","Spicy Shops","StSLib","TestMod","UnlockEverythingMod","Waifu the Spire","[IsaacMod]以撒尖塔","[功能]功能增强和修复MOD","【功能Mod】混沌之环修复补丁","【功能Mod】聪明的最终Boss","【遗物卡牌】REMEMod"],"gold_per_floor":[146,146,221,42,59,93,105,125,152,152,152,152],"floor_reached":11,"language":"ZHS","playtime":591,"items_purged":[],"score":73,"play_id":"295dbf5e-7741-425d-819c-6a951c58d67b","local_time":"20210225194909","is_ascension_mode":false,"campfire_choices":[{"data":"ForTheFamily","floor":10,"key":"SMITH"}],"circlet_count":0,"master_deck":["Dodge","LightDefense","LightAttack","LightAttack","LightAttack","LightDefense","LightDefense","LightDefense","ChargeAndCover","FocusedStrikes","SuicideKing","Venomology","Faith","GalaxyChild","ForTheFamily+1","Bloodbath","Standoff","MeatLantern","Overcharge","PunishingBird","Quickness","TendonChords"],"relics":["PageOfLibrarian","REME_ComplimentaryCards","DaveBox","testmod-TestBox","HushsDoor","CogitoBucket","Chaos","testmod-PortableAltar","ThornShield","LetterFromLob","conspire:InfiniteJournal","Ice Cream","Iron Hammer","Replay:PocketPolymizer"],"acts_visited":["Exordium"],"potions_floor_usage":[1,6,8],"damage_taken":[{"damage":3,"enemies":"2 Louse","floor":1,"turns":3},{"damage":2,"enemies":"Small Slimes","floor":5,"turns":3},{"damage":13,"enemies":"3 Sentries","floor":6,"turns":6},{"damage":1,"enemies":"Cultist","floor":7,"turns":2},{"damage":3,"enemies":"Gremlin Gang","floor":8,"turns":4},{"damage":102,"enemies":"Lagavulin","floor":11,"turns":3}],"seed_played":"5604146847312656012","potions_obtained":[{"floor":1,"key":"BlessingOfTheForge"},{"floor":5,"key":"SpeedPotion"}],"is_trial":false,"path_per_floor":["M","?","?","$","M","E","M","M","T","R","E"],"character_chosen":"Librarian","items_purchased":["conspire:InfiniteJournal","Ice Cream"],"campfire_rested":0,"item_purchase_floors":[4,4],"current_hp_per_floor":[56,56,45,45,43,30,30,28,28,28,0,0],"gold":152,"neow_bonus":"","is_daily":false,"chose_seed":false,"campfire_upgraded":1,"win_rate":0.0,"timestamp":1614253749,"path_taken":["M","?","?","$","?","E","?","?","T","R","E"],"items_purchased_type":["Relic","Relic"],"build_version":"2020-12-22","purchased_purges":0,"victory":false,"max_hp_per_floor":[61,60,59,58,57,62,61,60,59,58,57,57],"card_choices":[{"not_picked":[],"picked":"SuicideKing","floor":0},{"not_picked":["Porccubus","ShyLook"],"picked":"CherryBlossoms","floor":1},{"not_picked":["BlazingStrike","CoordinatedAssault","BizarreAttack","HandleRequest","WildCard","EnergyCycle","GuardingStance","ConcentratedFire"],"picked":"Faith","floor":1},{"not_picked":["MHz","Freischutz"],"picked":"GalaxyChild","floor":5},{"not_picked":["SunsetBlade","TendonChords","GuidanceOfTheGears","DesperateStruggle","UncannyStrike","Pound","Transpierce","VioletBlade"],"picked":"ForTheFamily","floor":5},{"not_picked":["FairyFestival","SingingMachine"],"picked":"Bloodbath","floor":6},{"not_picked":["AssaultOrder","Creak","Disposal","QuickSuppression","Clone","ForTheFamily","Parry2","LossOfSenses"],"picked":"Standoff","floor":6},{"not_picked":["LittlePrince","LongBird"],"picked":"MeatLantern","floor":7},{"not_picked":["FrontalAssault","TrimTheIngredients","SinglePointStab","Reload","EnergyStrike","SnakesPrey","FleetFootsteps","UnavoidableGaze"],"picked":"Overcharge","floor":7},{"not_picked":["QueenOfHatred","Scorched"],"picked":"PunishingBird","floor":8},{"not_picked":["Zzzzzap","HiddenBlade","Outburst","SharpenedBlade","SearingSword","SmokingPipe","InkOver","SunsetBlade"],"picked":"Quickness","floor":8}],"player_experience":2447,"relics_obtained":[{"floor":1,"key":"LetterFromLob"},{"floor":6,"key":"Iron Hammer"},{"floor":9,"key":"Replay:PocketPolymizer"}],"event_choices":[{"damage_healed":0,"gold_gain":0,"player_choice":"Leave","damage_taken":0,"max_hp_gain":0,"max_hp_loss":0,"event_name":"The Cleric","floor":2,"gold_loss":0},{"damage_healed":0,"gold_gain":75,"player_choice":"Gather Gold","damage_taken":11,"max_hp_gain":0,"max_hp_loss":0,"event_name":"World of Goop","floor":3,"gold_loss":0}],"is_beta":false,"boss_relics":[],"items_purged_floors":[],"is_endless":false,"potions_floor_spawned":[1,5,7,8],"killed_by":"Lagavulin","ascension_level":0}}