{"host":"4udtejx3ummmwg8f","time":1614223908,"event":{"mods":["BaseMod","Minty Spire (QoL Compilation)"],"gold_per_floor":[110,35,35,53,76,76,116,116,116,35,77,77,116,300,300,414,414,433,237,263,272,293,335,335,377,386,386,420,439,482,500,500,609,609,631,59,120,120,120,158,192,192,201,201,201,244,281,290,290,290],"floor_reached":51,"language":"ENG","playtime":4356,"items_purged":["Defend_P","Strike_P","Doubt","Writhe"],"score":943,"play_id":"86756f3a-3d60-472c-8d52-dc2ef8fb60ff","local_time":"20210225140148","daily_mods":["Heirloom","Time Dilation","Flight"],"is_ascension_mode":true,"campfire_choices":[{"floor":6,"key":"REST"},{"floor":8,"key":"REST"},{"floor":12,"key":"REST"},{"floor":15,"key":"REST"},{"floor":24,"key":"REST"},{"floor":27,"key":"REST"},{"floor":32,"key":"REST"},{"floor":42,"key":"REST"},{"data":"1","floor":44,"key":"LIFT"},{"data":"2","floor":45,"key":"LIFT"},{"floor":49,"key":"REST"}],"circlet_count":0,"master_deck":["Strike_P+1","Strike_P","Defend_P+1","Defend_P+1","Eruption+1","Vigilance+1","Wireheading+1","Nirvana","ReachHeaven+1","BattleHymn","Indignation+1","SandsOfTime+1","LessonLearned+1","Adaptation","FlurryOfBlows+1","InnerPeace","EmptyBody+1","JustLucky+1","Worship","CutThroughFate+1","Perseverance+1","CutThroughFate+1","MasterReality","Blasphemy","EmptyFist+1","MentalFortress","WreathOfFlame+1","Establishment","TalkToTheHand+1","Writhe","Omniscience+1","Halt+1","Dark Shackles+1"],"relics":["PureWater","Dead Branch","CeramicFish","Smiling Mask","Bird Faced Urn","Sundial","Girya","Cursed Key","Happy Flower","Damaru","StoneCalendar","Gremlin Horn","Vajra","Matryoshka","SlaversCollar","Du-Vu Doll","Bronze Scales","TungstenRod","Toy Ornithopter","PreservedInsect","Bag of Preparation","Lizard Tail","Toxic Egg 2","Blue Candle"],"acts_visited":["Exordium","TheCity","TheBeyond"],"potions_floor_usage":[16,20,20,30,33,33,37,40,50],"damage_taken":[{"damage":12,"enemies":"2 Louse","floor":1,"turns":2},{"damage":4,"enemies":"Jaw Worm","floor":4,"turns":4},{"damage":35,"enemies":"Lagavulin","floor":7,"turns":8},{"damage":19,"enemies":"3 Sentries","floor":11,"turns":6},{"damage":32,"enemies":"Gremlin Nob","floor":13,"turns":3},{"damage":40,"enemies":"The Guardian","floor":16,"turns":6},{"damage":0,"enemies":"Chosen","floor":18,"turns":4},{"damage":0,"enemies":"2 Thieves","floor":20,"turns":3},{"damage":24,"enemies":"Sentry and Sphere","floor":22,"turns":5},{"damage":34,"enemies":"Gremlin Leader","floor":23,"turns":5},{"damage":20,"enemies":"Book of Stabbing","floor":25,"turns":4},{"damage":0,"enemies":"Gremlin Leader","floor":28,"turns":3},{"damage":10,"enemies":"Shelled Parasite and Fungi","floor":29,"turns":4},{"damage":31,"enemies":"Book of Stabbing","floor":30,"turns":3},{"damage":1,"enemies":"Collector","floor":33,"turns":5},{"damage":20,"enemies":"Orb Walker","floor":35,"turns":3},{"damage":53,"enemies":"2 Orb Walkers","floor":37,"turns":2},{"damage":24,"enemies":"Reptomancer","floor":40,"turns":5},{"damage":16,"enemies":"Giant Head","floor":41,"turns":6},{"damage":29,"enemies":"Reptomancer","floor":46,"turns":4},{"damage":0,"enemies":"Nemesis","floor":47,"turns":3},{"damage":82,"enemies":"Donu and Deca","floor":50,"turns":6}],"seed_played":"7171091688253810594","potions_obtained":[{"floor":13,"key":"Weak Potion"},{"floor":16,"key":"AttackPotion"},{"floor":18,"key":"Fire Potion"},{"floor":25,"key":"SpeedPotion"},{"floor":28,"key":"LiquidBronze"},{"floor":30,"key":"SkillPotion"},{"floor":33,"key":"LiquidMemories"},{"floor":37,"key":"PowerPotion"},{"floor":46,"key":"SpeedPotion"}],"is_trial":true,"path_per_floor":["M","$","?","M","T","R","E","R","T","$","E","R","E","?","R","B",null,"M","$","M","?","M","E","R","E","T","R","E","M","E","?","R","B",null,"M","$","?","?","$","E","E","R","T","R","R","E","E","?","R","B",null],"character_chosen":"WATCHER","items_purchased":["BattleHymn","Happy Flower","MentalFortress","Du-Vu Doll","Bronze Scales"],"campfire_rested":9,"item_purchase_floors":[10,19,36,36,36],"current_hp_per_floor":[60,60,46,42,42,63,28,49,49,49,36,57,27,27,48,16,72,72,72,72,72,54,30,51,41,41,62,68,66,43,43,64,72,72,56,56,9,63,63,48,48,63,63,63,63,42,58,58,63,37],"gold":290,"neow_bonus":"","is_daily":false,"chose_seed":false,"campfire_upgraded":0,"win_rate":0.0,"timestamp":1614223908,"path_taken":["M","$","?","M","?","R","E","R","T","$","E","R","E","?","R","BOSS","M","$","M","?","M","E","R","E","T","R","E","?","E","?","R","BOSS","M","$","?","?","$","E","E","R","T","R","R","E","E","?","R","BOSS"],"items_purchased_type":["Card","Relic","Card","Relic","Relic"],"build_version":"2020-12-22","purchased_purges":4,"victory":true,"max_hp_per_floor":[72,72,72,72,72,72,72,72,72,72,72,72,72,72,72,72,72,72,72,72,72,72,72,72,72,72,72,72,72,72,72,72,72,72,72,72,72,63,63,63,63,63,63,63,63,63,63,63,63,63],"card_choices":[{"not_picked":["SashWhip","Prostrate"],"picked":"Wireheading","floor":1},{"not_picked":["CrushJoints","EmptyBody"],"picked":"Nirvana","floor":4},{"not_picked":["Prostrate","WreathOfFlame"],"picked":"ReachHeaven","floor":7},{"not_picked":["BowlingBash","ReachHeaven"],"picked":"Indignation","floor":11},{"not_picked":["Consecrate","Nirvana"],"picked":"SandsOfTime","floor":13},{"not_picked":["Wish","Blasphemy"],"picked":"LessonLearned","floor":16},{"not_picked":["CarveReality","JustLucky"],"picked":"Adaptation","floor":18},{"not_picked":["WaveOfTheHand","Meditate+1"],"picked":"FlurryOfBlows+1","floor":20},{"not_picked":["SashWhip+1","Consecrate"],"picked":"EmptyBody+1","floor":22},{"not_picked":["Blasphemy","CrushJoints"],"picked":"JustLucky+1","floor":23},{"not_picked":["Swivel","Consecrate"],"picked":"Worship","floor":25},{"not_picked":["Prostrate","SandsOfTime"],"picked":"CutThroughFate+1","floor":28},{"not_picked":["Tantrum","InnerPeace"],"picked":"Perseverance+1","floor":29},{"not_picked":["CarveReality","Halt"],"picked":"CutThroughFate+1","floor":30},{"not_picked":["Ragnarok","Scrawl"],"picked":"Blasphemy","floor":33},{"not_picked":["Study","SashWhip"],"picked":"EmptyFist+1","floor":35},{"not_picked":["MentalFortress","SashWhip+1"],"picked":"WreathOfFlame+1","floor":37},{"not_picked":["EmptyFist","DeceiveReality+1"],"picked":"Establishment","floor":40},{"not_picked":["EmptyMind","Conclude"],"picked":"TalkToTheHand+1","floor":41},{"not_picked":["CutThroughFate","SashWhip+1"],"picked":"Omniscience+1","floor":46},{"not_picked":["JustLucky+1","Blasphemy+1"],"picked":"Halt+1","floor":47},{"not_picked":["Forethought+1","Blind+1"],"picked":"Dark Shackles+1","floor":48}],"player_experience":159451,"relics_obtained":[{"floor":5,"key":"CeramicFish"},{"floor":7,"key":"Smiling Mask"},{"floor":9,"key":"Bird Faced Urn"},{"floor":11,"key":"Sundial"},{"floor":13,"key":"Girya"},{"floor":23,"key":"Damaru"},{"floor":25,"key":"StoneCalendar"},{"floor":26,"key":"Gremlin Horn"},{"floor":28,"key":"Vajra"},{"floor":30,"key":"Matryoshka"},{"floor":37,"key":"TungstenRod"},{"floor":40,"key":"Toy Ornithopter"},{"floor":41,"key":"PreservedInsect"},{"floor":43,"key":"Bag of Preparation"},{"floor":43,"key":"Lizard Tail"},{"floor":46,"key":"Toxic Egg 2"},{"floor":47,"key":"Blue Candle"}],"event_choices":[{"damage_healed":0,"gold_gain":0,"player_choice":"Entered Light","damage_taken":14,"max_hp_gain":0,"max_hp_loss":0,"event_name":"Shining Light","floor":3,"gold_loss":0,"cards_upgraded":["Strike_P","Vigilance"]},{"damage_healed":0,"gold_gain":175,"player_choice":"AGREE","damage_taken":0,"max_hp_gain":0,"max_hp_loss":0,"event_name":"Liars Game","floor":14,"gold_loss":0,"cards_obtained":["Doubt"]},{"damage_healed":0,"gold_gain":0,"cards_transformed":["Defend_P"],"player_choice":"Transformed","damage_taken":0,"max_hp_gain":0,"max_hp_loss":0,"event_name":"Transmorgrifier","floor":21,"gold_loss":0,"cards_obtained":["InnerPeace"]},{"damage_healed":0,"gold_gain":0,"cards_transformed":["Shame","Strike_P"],"player_choice":"Became Test Subject","damage_taken":0,"max_hp_gain":0,"max_hp_loss":0,"event_name":"Drug Dealer","floor":31,"gold_loss":0,"cards_obtained":["Writhe","MasterReality"]},{"damage_healed":0,"gold_gain":0,"player_choice":"Fight","damage_taken":0,"max_hp_gain":0,"max_hp_loss":0,"event_name":"Mysterious Sphere","floor":37,"gold_loss":0},{"damage_healed":63,"gold_gain":0,"player_choice":"Heal","damage_taken":0,"max_hp_gain":0,"max_hp_loss":9,"event_name":"The Moai Head","floor":38,"gold_loss":0},{"damage_healed":0,"gold_gain":0,"player_choice":"Memory 1","damage_taken":0,"max_hp_gain":0,"max_hp_loss":0,"event_name":"SensoryStone","floor":48,"gold_loss":0}],"is_beta":false,"boss_relics":[{"not_picked":["Sozu","VioletLotus"],"picked":"Cursed Key"},{"not_picked":["Empty Cage","Busted Crown"],"picked":"SlaversCollar"}],"items_purged_floors":[2,10,19,36],"is_endless":false,"potions_floor_spawned":[13,16,18,25,28,30,33,37,46],"ascension_level":1}}