{"host":"prxrhpgaxnj4om9r","time":1614255552,"event":{"mods":["AchievementEnabler","BaseMod","Colored Map","DeckTracker","Keyboard Shortcuts","Minty Spire (QoL Compilation)"],"gold_per_floor":[112,287,287,362,375,406,416,416,465,465,476,489,508,157,157,258,258,276,49,49,149,163,188,200,200,225,260,0,0,14,25,25,125,125,138,138,138,185,84,113,131,145,168,168,11,65,65,81,81,81],"floor_reached":51,"language":"KOR","playtime":2498,"items_purged":[],"score":1090,"play_id":"34c390dd-3938-406c-a679-3f63752c380c","local_time":"20210225211912","is_ascension_mode":true,"campfire_choices":[{"data":"Deadly Poison","floor":8,"key":"SMITH"},{"floor":10,"key":"REST"},{"floor":15,"key":"REST"},{"data":"Noxious Fumes","floor":25,"key":"SMITH"},{"floor":29,"key":"REST"},{"floor":32,"key":"REST"},{"floor":44,"key":"REST"},{"floor":47,"key":"REST"},{"data":"Blade Dance","floor":49,"key":"SMITH"}],"circlet_count":0,"master_deck":["Strike_G","Strike_G","Strike_G+1","Strike_G+1","Strike_G","Defend_G","Defend_G","Defend_G","Defend_G","Defend_G","Survivor","Neutralize","Blade Dance+1","Deadly Poison+1","PiercingWail","Acrobatics","Dagger Spray","Cloak And Dagger","Crippling Poison","After Image","CurseOfTheBell","Bane","Noxious Fumes+1","Dagger Spray+1","Escape Plan+1","Caltrops+1","Escape Plan+1","Slice+1","Masterful Stab","Burst","Backstab","Poisoned Stab+1","Blade Dance+1","Underhanded Strike+1","Deflect+1","Calculated Gamble+1"],"relics":["Ring of the Serpent","NeowsBlessing","Bronze Scales","Nunchaku","Strawberry","Lantern","Calling Bell","Bag of Marbles","Matryoshka","Gambling Chip","PreservedInsect","FossilizedHelix","Regal Pillow","Tiny Chest","Centennial Puzzle","Kunai","Ice Cream","The Courier","Potion Belt","Blood Vial","TheAbacus","MealTicket"],"acts_visited":["Exordium","TheCity","TheBeyond"],"potions_floor_usage":[6,11,23,23,33,35,38,39,40,42,50,50],"damage_taken":[{"damage":0,"enemies":"Jaw Worm","floor":1,"turns":1},{"damage":0,"enemies":"2 Louse","floor":5,"turns":1},{"damage":0,"enemies":"3 Sentries","floor":6,"turns":1},{"damage":1,"enemies":"Small Slimes","floor":7,"turns":3},{"damage":0,"enemies":"Exordium Wildlife","floor":11,"turns":3},{"damage":36,"enemies":"Gremlin Gang","floor":12,"turns":4},{"damage":4,"enemies":"2 Fungi Beasts","floor":13,"turns":3},{"damage":20,"enemies":"Hexaghost","floor":16,"turns":9},{"damage":20,"enemies":"Spheric Guardian","floor":18,"turns":7},{"damage":0,"enemies":"3 Byrds","floor":22,"turns":3},{"damage":0,"enemies":"Book of Stabbing","floor":23,"turns":4},{"damage":20,"enemies":"Snake Plant","floor":24,"turns":4},{"damage":11,"enemies":"Slavers","floor":27,"turns":3},{"damage":0,"enemies":"Centurion and Healer","floor":30,"turns":6},{"damage":9,"enemies":"Sentry and Sphere","floor":31,"turns":4},{"damage":60,"enemies":"Automaton","floor":33,"turns":9},{"damage":10,"enemies":"3 Darklings","floor":35,"turns":4},{"damage":18,"enemies":"2 Orb Walkers","floor":38,"turns":4},{"damage":35,"enemies":"Nemesis","floor":40,"turns":5},{"damage":0,"enemies":"3 Shapes","floor":41,"turns":3},{"damage":3,"enemies":"Jaw Worm Horde","floor":42,"turns":4},{"damage":0,"enemies":"Maw","floor":48,"turns":6},{"damage":66,"enemies":"Awakened One","floor":50,"turns":14}],"seed_played":"7980444692361684412","potions_obtained":[{"floor":1,"key":"Fruit Juice"},{"floor":5,"key":"SmokeBomb"},{"floor":6,"key":"DistilledChaos"},{"floor":13,"key":"FairyPotion"},{"floor":16,"key":"SpeedPotion"},{"floor":18,"key":"Strength Potion"},{"floor":22,"key":"GhostInAJar"},{"floor":31,"key":"GamblersBrew"},{"floor":33,"key":"SkillPotion"},{"floor":35,"key":"PowerPotion"},{"floor":38,"key":"Weak Potion"},{"floor":41,"key":"BlessingOfTheForge"},{"floor":48,"key":"BlessingOfTheForge"}],"is_trial":false,"path_per_floor":["M","?","?","?","M","E","M","R","T","R","M","M","M","$","R","B",null,"M","$","?","?","M","E","M","R","T","E","$","R","M","M","R","B",null,"M","$","?","?","$","E","M","M","T","R","$","T","R","M","R","B",null],"character_chosen":"THE_SILENT","items_purchased":["Strawberry","Crippling Poison","Lantern","PreservedInsect","Noxious Fumes","Kunai","Fruit Juice","TheAbacus","Explosive Potion"],"campfire_rested":6,"item_purchase_floors":[14,14,14,19,19,28,39,45,45],"current_hp_per_floor":[63,63,49,38,38,43,42,42,42,64,64,28,24,31,55,35,70,50,50,50,50,50,50,30,30,30,19,19,58,58,49,82,22,67,57,57,57,39,44,9,9,6,6,47,47,47,87,87,87,21],"gold":81,"neow_bonus":"THREE_ENEMY_KILL","is_daily":false,"chose_seed":false,"campfire_upgraded":3,"win_rate":0.0,"timestamp":1614255552,"path_taken":["M","?","?","?","?","E","?","R","T","R","M","M","M","$","R","BOSS","M","$","?","?","?","E","M","R","T","E","$","R","M","M","R","BOSS","M","$","?","?","$","E","M","M","T","R","?","?","R","M","R","BOSS"],"items_purchased_type":["Relic","Card","Relic","Relic","Card","Relic","Potion","Relic","Potion"],"build_version":"2020-12-22","purchased_purges":0,"victory":true,"max_hp_per_floor":[70,70,70,70,70,75,75,75,75,75,75,75,75,82,82,82,82,82,82,82,82,82,82,82,82,82,82,82,82,82,82,82,82,82,82,82,82,82,87,87,87,87,87,87,87,87,87,87,87,87],"card_choices":[{"not_picked":["Tactician","Dash"],"picked":"Blade Dance","floor":1},{"not_picked":["Blade Dance","Skewer"],"picked":"Deadly Poison","floor":5},{"not_picked":["Prepared","Well Laid Plans"],"picked":"PiercingWail","floor":6},{"not_picked":["Tools of the Trade","Dash"],"picked":"Acrobatics","floor":7},{"not_picked":["Riddle With Holes","Bane"],"picked":"Dagger Spray","floor":11},{"not_picked":["Deflect","Dodge and Roll"],"picked":"Cloak And Dagger","floor":12},{"not_picked":["Prepared","Concentrate"],"picked":"Heel Hook","floor":13},{"not_picked":["Doppelganger","Malaise"],"picked":"After Image","floor":16},{"not_picked":["Quick Slash","Acrobatics+1"],"picked":"Bane","floor":18},{"not_picked":["Acrobatics","Poisoned Stab"],"picked":"Dagger Spray+1","floor":22},{"not_picked":["Bane","Sucker Punch"],"picked":"Escape Plan+1","floor":23},{"not_picked":["Cloak And Dagger+1","Sucker Punch"],"picked":"Caltrops+1","floor":24},{"not_picked":["Sucker Punch","Leg Sweep"],"picked":"Escape Plan+1","floor":27},{"not_picked":["Eviscerate","Infinite Blades"],"picked":"Slice+1","floor":30},{"not_picked":["Tools of the Trade","Bane+1"],"picked":"Masterful Stab","floor":31},{"not_picked":["A Thousand Cuts","Die Die Die"],"picked":"Burst","floor":33},{"not_picked":["Bane+1","Prepared+1"],"picked":"Backstab","floor":35},{"not_picked":["Prepared","Quick Slash"],"picked":"Poisoned Stab+1","floor":38},{"not_picked":["Riddle With Holes","Wraith Form v2"],"picked":"Blade Dance+1","floor":40},{"not_picked":["Deadly Poison+1","Escape Plan+1"],"picked":"Underhanded Strike+1","floor":41},{"not_picked":["PiercingWail+1","Slice"],"picked":"Deflect+1","floor":42},{"not_picked":["Bane+1","Malaise"],"picked":"Calculated Gamble+1","floor":48}],"player_experience":654622,"relics_obtained":[{"floor":6,"key":"Bronze Scales"},{"floor":9,"key":"Nunchaku"},{"floor":17,"key":"Bag of Marbles"},{"floor":17,"key":"Matryoshka"},{"floor":17,"key":"Gambling Chip"},{"floor":23,"key":"FossilizedHelix"},{"floor":26,"key":"Regal Pillow"},{"floor":26,"key":"Tiny Chest"},{"floor":27,"key":"Centennial Puzzle"},{"floor":38,"key":"Ice Cream"},{"floor":40,"key":"The Courier"},{"floor":43,"key":"Potion Belt"},{"floor":43,"key":"Blood Vial"},{"floor":46,"key":"MealTicket"}],"event_choices":[{"damage_healed":0,"gold_gain":175,"player_choice":"AGREE","damage_taken":0,"max_hp_gain":0,"max_hp_loss":0,"event_name":"Liars Game","floor":2,"gold_loss":0,"cards_obtained":["Doubt"]},{"damage_healed":0,"gold_gain":0,"player_choice":"Entered Light","damage_taken":14,"max_hp_gain":0,"max_hp_loss":0,"event_name":"Shining Light","floor":3,"gold_loss":0,"cards_upgraded":["Strike_G","Strike_G"]},{"damage_healed":0,"gold_gain":75,"player_choice":"Gather Gold","damage_taken":11,"max_hp_gain":0,"max_hp_loss":0,"event_name":"World of Goop","floor":4,"gold_loss":0},{"cards_removed":["Doubt"],"damage_healed":0,"gold_gain":0,"player_choice":"Elegance","damage_taken":0,"max_hp_gain":0,"max_hp_loss":0,"event_name":"Back to Basics","floor":20,"gold_loss":0},{"damage_healed":0,"gold_gain":100,"player_choice":"Pray","damage_taken":0,"max_hp_gain":0,"max_hp_loss":0,"event_name":"Golden Shrine","floor":21,"gold_loss":0},{"cards_removed":["Heel Hook"],"damage_healed":0,"gold_gain":0,"player_choice":"Removed Attack","damage_taken":0,"max_hp_gain":0,"max_hp_loss":0,"event_name":"Falling","floor":37,"gold_loss":0},{"damage_healed":0,"gold_gain":0,"player_choice":"Fight","damage_taken":0,"max_hp_gain":0,"max_hp_loss":0,"event_name":"Mysterious Sphere","floor":38,"gold_loss":0}],"is_beta":false,"boss_relics":[{"not_picked":["Runic Pyramid","Tiny House"],"picked":"Calling Bell"},{"not_picked":["Busted Crown","Philosopher\u0027s Stone"],"picked":"Ring of the Serpent"}],"items_purged_floors":[],"is_endless":false,"potions_floor_spawned":[1,5,6,13,16,18,22,31,33,35,38,41,48],"ascension_level":7}}