{"host":"lytdyqrwlzkmneot","time":1614253606,"event":{"mods":["Act Like it!","Ascension Reborn","BaseMod","BetterRewards","Challenge The Spire","Infinite Spire","Library of Ruina","Library of Ruina Extra","Marisa£®ÏF”Í°°ƒß¿Ì…≥£©","Minty Spire (QoL Compilation)","Quick Restart","Reimu£®≤©¿ˆ¡È√Œ£©","Shop Mod","StSLib","TestMod","The Cursed"],"gold_per_floor":[120,135,154,165,17,45,45,77,77,77,96,113,130,130,130,228,228,248,271,22,43,84,99,137,160,208,208,208,230,255,276,276,382,382,403,18,18,39,64,64,86,86,112,151,179,401,436,436,436,447,470,470,470,8,53,84],"floor_reached":57,"language":"ZHS","playtime":2142,"items_purged":["LightAttack","LightAttack","LightDefense","LightAttack"],"score":1625,"play_id":"da7a00a2-1514-463c-9dcc-7f5de4d908ea","local_time":"20210225194646","is_ascension_mode":true,"campfire_choices":[{"data":"ForTheFamily","floor":7,"key":"SMITH"},{"data":"CleanUp","floor":10,"key":"SMITH"},{"data":"DeepDrag","floor":15,"key":"SMITH"},{"floor":27,"key":"RECALL"},{"data":"LeRegole","floor":32,"key":"SMITH"},{"data":"RepressedFlesh","floor":40,"key":"SMITH"},{"data":"Guardian_lor","floor":42,"key":"SMITH"},{"data":"BoundaryOfDeath","floor":49,"key":"SMITH"},{"data":"FrontalAssault","floor":53,"key":"SMITH"}],"circlet_count":0,"master_deck":["Dodge","LightDefense","LightDefense","LightDefense","ChargeAndCover","FocusedStrikes","CleanUp+1","Faith","DeepDrag+1","TendonChords","Deflect_lor","ForTheFamily+1","AGoldenOpportunity","BiXi","Guardian_lor+1","SweepTheBackstreets","BoundaryOfDeath+1","Unlock1","Parry2","DesperateStruggle+1","ForTheFamily+1","LeRegole+1","FrontalAssault+1","BiAn","RepressedFlesh+1","Unlock1+1","BiAn","AutomatedMovement+1","testmod-DisillusionmentEcho","RushDown"],"relics":["PageOfLibrarian","testmod-TestBox","testmod-IndustrialRevolution","testmod-ThousandKnives","PageOfNosferatu","testmod-ArcanaOfDestiny","testmod-DeterminationOfClimber","testmod-Register","Red Mask","Coffee Dripper","PageOfWayBackHome","Ancient Tea Set","testmod-TurbochargingSystem","PageOfJudgementBird","Mummified Hand"],"acts_visited":["Exordium","TheCity","TheBeyond","TheEnding"],"potions_floor_usage":[8,50],"damage_taken":[{"damage":1,"enemies":"infinitespire:Voidling","floor":1,"turns":5},{"damage":0,"enemies":"Cultist","floor":2,"turns":3},{"damage":1,"enemies":"Jaw Worm","floor":3,"turns":3},{"damage":15,"enemies":"Large Slime","floor":4,"turns":4},{"damage":26,"enemies":"Gremlin Nob","floor":6,"turns":5},{"damage":8,"enemies":"3 Sentries","floor":8,"turns":11},{"damage":0,"enemies":"Blue Slaver","floor":11,"turns":3},{"damage":1,"enemies":"Red Slaver","floor":12,"turns":3},{"damage":0,"enemies":"Exordium Thugs","floor":13,"turns":6},{"damage":6,"enemies":"The Guardian","floor":16,"turns":10},{"damage":0,"enemies":"Chosen","floor":18,"turns":1},{"damage":0,"enemies":"3 Byrds","floor":19,"turns":3},{"damage":0,"enemies":"Snecko","floor":21,"turns":1},{"damage":2,"enemies":"Masked Bandits","floor":22,"turns":2},{"damage":2,"enemies":"Shelled Parasite and Fungi","floor":23,"turns":1},{"damage":2,"enemies":"Book of Stabbing","floor":24,"turns":2},{"damage":0,"enemies":"Centurion and Healer","floor":25,"turns":1},{"damage":0,"enemies":"Snake Plant","floor":29,"turns":1},{"damage":2,"enemies":"Cultist and Chosen","floor":30,"turns":2},{"damage":0,"enemies":"Shelled Parasite and Fungi","floor":31,"turns":1},{"damage":2,"enemies":"Automaton","floor":33,"turns":2},{"damage":0,"enemies":"Orb Walker","floor":35,"turns":1},{"damage":0,"enemies":"3 Darklings","floor":38,"turns":1},{"damage":0,"enemies":"Writhing Mass","floor":39,"turns":1},{"damage":0,"enemies":"Sphere and 2 Shapes","floor":41,"turns":1},{"damage":0,"enemies":"Nemesis","floor":44,"turns":1},{"damage":0,"enemies":"3 Darklings","floor":45,"turns":1},{"damage":0,"enemies":"Reptomancer","floor":47,"turns":1},{"damage":2,"enemies":"Time Eater","floor":50,"turns":2},{"damage":0,"enemies":"Time Eater","floor":51,"turns":1},{"damage":0,"enemies":"Shield and Spear","floor":55,"turns":1},{"damage":2,"enemies":"The Heart","floor":56,"turns":2}],"seed_played":"-7180381304290681091","potions_obtained":[{"floor":2,"key":"Energy Potion"},{"floor":6,"key":"GamblersBrew"},{"floor":11,"key":"testmod-TestPotion"},{"floor":16,"key":"Fire Potion"},{"floor":28,"key":"infinitespire:BlackPotion"}],"is_trial":false,"path_per_floor":["M","M","M","M","$","E","R","E","T","R","M","M","M","?","R","B",null,"M","M","$","M","?","M","E","M","T","R","?","M","M","M","R","B",null,"M","$","?","M","M","R","M","R","T","E","M","?","E","?","R","B",null,null,"R","$","E","B",null],"character_chosen":"Librarian","items_purchased":["ForTheFamily","testmod-Register","PageOfWayBackHome","testmod-DisillusionmentEcho","Swift Potion","RushDown"],"campfire_rested":0,"item_purchase_floors":[5,20,36,54,54,54],"current_hp_per_floor":[59,59,58,46,46,23,23,21,21,21,22,24,28,28,28,36,84,84,84,84,93,93,93,93,93,93,93,93,93,91,93,93,93,93,93,93,93,93,93,93,93,93,93,93,93,93,93,88,88,88,88,88,88,88,88,88],"gold":84,"neow_bonus":"ONE_RANDOM_RARE_CARD","is_daily":false,"chose_seed":false,"campfire_upgraded":8,"win_rate":0.0,"timestamp":1614253606,"path_taken":["M","?","M","M","?","E","R","E","T","R","M","M","M","?","R","BOSS","M","M","$","M","?","M","E","M","T","R","?","M","M","?","R","BOSS","M","$","?","M","?","R","M","R","T","E","?","?","E","?","R","BOSS","R","$","E","BOSS"],"items_purchased_type":["Card","Relic","Relic","Card","Potion","Card"],"build_version":"2020-12-22","purchased_purges":4,"victory":true,"max_hp_per_floor":[63,63,63,63,63,77,77,77,77,77,77,77,78,78,78,84,84,84,93,93,93,93,93,93,93,93,93,93,93,93,93,93,93,93,93,93,93,93,93,93,93,93,93,93,93,93,93,88,88,88,88,88,88,88,88,88],"card_choices":[{"not_picked":["EnergyCycle","LossOfSenses","Quickness","Tttonst","Preparation","EnergyShield","BiAn","CoordinatedAssault"],"picked":"Faith","floor":1},{"not_picked":["FieryDragonSlash","EndlessBattle","QuickAttack","Retaliate","UnavoidableGaze","Leap_lor","EnergyConversion","UndertakePrescript"],"picked":"DeepDrag","floor":2},{"not_picked":["FaintMemories","Preparation","WillOfThePrescript","Outburst","EnergyShield","MindWhip","Leap_lor","QuickAttack"],"picked":"TendonChords","floor":3},{"not_picked":["DirtyBlow","CumulusWall","Endure","HiddenBlade","DarkCloud","UndertakePrescript","Reload","FrontalAssault"],"picked":"Deflect_lor","floor":4},{"not_picked":["ViolentFlame","Standoff","CrackOfDawn","AsThePrescriptOrders","SerpentSwordTechnique","SinglePointStab","SunsetBlade","Outburst"],"picked":"AGoldenOpportunity","floor":6},{"not_picked":["StrongStrike","Clone","HardRehearsal","Thirst","StructuralAnalysis","SpearedSweep","SnakesPrey","BackAttack","WillProduceFineSilk"],"picked":"SKIP","floor":8},{"not_picked":["EndlessBattle","SerpentSwordTechnique","QuickAttack","ExtractFuel","Crush","Zzzzzap","AbsorbImpact","CoordinatedAssault"],"picked":"BiXi","floor":11},{"not_picked":["Eject","FlashingStrike","SummaryJudgment","MultiBlock","HiddenBlade","EnergyStrike","FlowOfTheSword","KeepItFresh"],"picked":"Guardian_lor","floor":12},{"not_picked":["IngredientHunt","GuardingStance","SunsetBlade","HiddenBlade","UpbeatPerformance","Track","BackAttack","StructuralAnalysis"],"picked":"SweepTheBackstreets","floor":13},{"not_picked":["GroundSmash","DaringDecision"],"picked":"BoundaryOfDeath","floor":16},{"not_picked":["SinglePointStab","BackAttack","Multislash","Pound","ClassAndRespect+1","HandleRequest","BattleCommand+1","Gigigig"],"picked":"Unlock1","floor":18},{"not_picked":["Leap_lor","SinglePointStab+1","NightInTheBackstreets","IronWall+1","SnakesPrey+1","QuickSuppression","SharpenedBlade","SuppressingShot+1"],"picked":"Parry2","floor":19},{"not_picked":["InnerArdor+1","SearingSword","AbsorbImpact","AsThePrescriptOrders","Reload","SilentMist","StructuralAnalysis","SmokingPipe"],"picked":"DesperateStruggle+1","floor":21},{"not_picked":["BackAttack","Rewind+1","SerpentSwordTechnique+1","IngredientHunt","FierceCharge+1","BindingArms+1","UpbeatPerformance+1","BiteOff+1"],"picked":"ForTheFamily+1","floor":23},{"not_picked":["FieryDragonSlash+1","Suppress","FeatherShield+1","RushDown","QuickAttack","AsThePrescriptOrders","Diversion","ClassAndRespect","SearingSword"],"picked":"SKIP","floor":24},{"not_picked":["TasteMyFlamingBat","PinpointShot","ChopItOff+1","Tailoring","MultiHit","GuidanceOfTheGears","ElectricShock+1","FocusFire+1","Leap_lor+1"],"picked":"SKIP","floor":25},{"not_picked":["DefenseOrder","Parry2","SnakeSlit+1","Zzzzzap","ShockRound+1","StructuralAnalysis","DarkCloud","SkyClearingCut"],"picked":"LeRegole","floor":29},{"not_picked":["GoinFirst","UncannyStrike","HighKick","CookingPrep","Overcharge","Diversion+1","Eliminate+1","VioletBlade+1"],"picked":"FrontalAssault","floor":30},{"not_picked":["HiddenBlade+1","SharpenedBlade","SparkingSpear","EnergyCycle","YouOnlyLiveOnce","TendonChords+1","DirtyBlow","Unlock1"],"picked":"BiAn","floor":31},{"not_picked":["CleanUp","LeRegole"],"picked":"RepressedFlesh","floor":33},{"not_picked":["JiaoTu","Reload","EnergyCycle","UnavoidableGaze+1","MultiHit","EnergyShield","NightInTheBackstreets","BizarreAttack+1"],"picked":"Unlock1+1","floor":35},{"not_picked":["InnerArdor","Overpower","SnakesPrey+1","PreemptiveStrike","BiXi+1","MultiHit+1","SerpentSwordTechnique+1","RapidGashes+1","BlowItUp"],"picked":"SKIP","floor":38},{"not_picked":["GuardingStance+1","Gigigig","DefenseOrder","GreatSerpentsImpact+1","UndertakePrescript","QuickAttack","Leap_lor","MultiHit+1","SteelKnuckles"],"picked":"SKIP","floor":39},{"not_picked":["SnakesPrey","Thrust+1","ElectricShock+1","SinglePointStab","Castigation","LoosenUp","Quickness","Standoff","FendThisOffIfYouCan+1"],"picked":"SKIP","floor":41},{"not_picked":["SnakesPrey+1","PreemptiveStrike","QuickAttack+1","SpearedSweep+1","CoordinatedAssault","RagingStormLove","UnavoidableGaze+1","VenomousFangs+1","TendonChords+1"],"picked":"SKIP","floor":44},{"not_picked":["Marionette+1","SmokingPipe+1","DefenseOrder+1","Standoff","Outburst","CoordinatedAssault+1","SilentNight","QuickSuppression+1"],"picked":"AutomatedMovement+1","floor":45},{"not_picked":["EnergyStrike+1","FlashingStrike","DesperateStruggle","GaleKick+1","HiddenBlade+1","IronWall+1","UnavoidableGaze+1","CutIn+1","FrontalAssault"],"picked":"SKIP","floor":47},{"not_picked":["CumulusWall+1","FlashOfSunup","FierceCharge","SerpentSwordTechnique","YouOnlyLiveOnce","Outburst","WillOfThePrescript","Reload","FleetEdge+1"],"picked":"SKIP","floor":55}],"player_experience":138823,"relics_obtained":[{"floor":6,"key":"testmod-ThousandKnives"},{"floor":8,"key":"PageOfNosferatu"},{"floor":9,"key":"testmod-ArcanaOfDestiny"},{"floor":22,"key":"Red Mask"},{"floor":43,"key":"Ancient Tea Set"},{"floor":44,"key":"testmod-TurbochargingSystem"},{"floor":47,"key":"PageOfJudgementBird"},{"floor":55,"key":"Mummified Hand"}],"event_choices":[{"damage_healed":0,"gold_gain":0,"player_choice":"Ignored","damage_taken":0,"max_hp_gain":0,"max_hp_loss":0,"event_name":"Liars Game","floor":14,"gold_loss":0},{"damage_healed":0,"gold_gain":0,"player_choice":"Fought Bandits","damage_taken":0,"max_hp_gain":0,"max_hp_loss":0,"event_name":"Masked Bandits","floor":22,"gold_loss":0},{"damage_healed":0,"gold_gain":0,"player_choice":"Got Potions","damage_taken":0,"max_hp_gain":0,"max_hp_loss":0,"event_name":"Lab","floor":28,"gold_loss":0},{"damage_healed":0,"gold_gain":0,"player_choice":"Copied","damage_taken":0,"max_hp_gain":0,"max_hp_loss":0,"event_name":"Duplicator","floor":37,"gold_loss":0,"cards_obtained":["BiAn"]},{"damage_healed":0,"gold_gain":222,"player_choice":"Wore Mask","damage_taken":0,"max_hp_gain":0,"max_hp_loss":0,"event_name":"Tomb of Lord Red Mask","floor":46,"gold_loss":0},{"damage_healed":0,"gold_gain":0,"player_choice":"Max HP","damage_taken":0,"max_hp_gain":0,"max_hp_loss":5,"event_name":"Winding Halls","floor":48,"gold_loss":0}],"is_beta":false,"boss_relics":[{"not_picked":["RedLine:ReiMu","testmod-NegativeEmotionEnhancer"],"picked":"testmod-DeterminationOfClimber"},{"not_picked":["testmod-CardMagician","Snecko Eye"],"picked":"Coffee Dripper"}],"items_purged_floors":[5,20,36,54],"is_endless":false,"potions_floor_spawned":[2,6,11,13,16,18,22,23,29,30,38,41,44,55],"ascension_level":0}}