{"host":"iovigr651ajk16h5","time":1614215189,"event":{"mods":["2.2 Compatiblity","AchievementEnabler","Aspiration","BaseMod","Better Altar","Better Match","Better Note","Better Sensory Stone","Better Skull","Better Third Choice","Block Reminder","CapriCore","Colored Map","Ekko","Energized Spire","GifTheSpireLib","GungeonMod","Halation","Hermit","Highlight Path","Hubris","Infinite Spire","Koishi","Luminous","Marisa????????","Minty Spire (QoL Compilation)","Nova Terra(??·??)","Onozuka Komachi Mod","Permanent Neow","Prisma Mod","Quick Restart","Railgun Mod","Remilia??????","Replay The Spire","StSLib","Stuff the Spire","Td1madao Mod","The Administrix","The Bladedancer","The Bug Knight","The Construct","The Exalted","The Immortal","The Marked","The Problem Sleuth","The Servant 0.9.4","TheFirefly","TheSwordswoman","Trackpad","Waifu the Spire","WarShipGirlsR/????R mod","everything is the same but u backflip on backflip"],"gold_per_floor":[16,16,32,32,46,80,80,107,132,132,132,149,159,159,159],"floor_reached":14,"language":"ENG","playtime":615,"items_purged":[],"score":105,"play_id":"bf1d95cb-0026-4ef6-a7e8-4ea245315344","local_time":"20210224200629","is_ascension_mode":true,"campfire_choices":[{"floor":7,"key":"RECALL"},{"data":"Koishi:FidgetySnatcher","floor":11,"key":"SMITH"}],"circlet_count":0,"master_deck":["Koishi:BasicStrike","Koishi:BasicStrike","Koishi:BasicStrike","Koishi:BasicStrike","Koishi:BasicDefend","Koishi:BasicDefend","Koishi:BasicDefend","Koishi:BasicDefend","Koishi:Provoke","Koishi:HauntingSlash","Koishi:RoseHell+1","Koishi:CatchAndRose+1","Koishi:FidgetySnatcher+1","Koishi:PhilosophyOfTheDespised","Koishi:PhantomBarrier","Koishi:UnansweredLove"],"relics":["Koishi:ImaginaryFriend","infinitespire:Lychee Nut","Bromod:ArcaneConsequence","Oddly Smooth Stone","DemoMod:GlassGuonStoneRelic"],"acts_visited":["Exordium"],"potions_floor_usage":[],"damage_taken":[{"damage":11,"enemies":"Jaw Worm","floor":1,"turns":3},{"damage":0,"enemies":"Cultist","floor":3,"turns":4},{"damage":0,"enemies":"2 Louse","floor":5,"turns":3},{"damage":11,"enemies":"Gremlin Nob","floor":6,"turns":7},{"damage":26,"enemies":"3 Sentries","floor":8,"turns":7},{"damage":13,"enemies":"Blue Slaver","floor":12,"turns":4},{"damage":28,"enemies":"Lots of Slimes","floor":13,"turns":4},{"damage":1,"enemies":"Lagavulin","floor":14,"turns":4}],"seed_played":"-2200659553786897158","potions_obtained":[{"floor":1,"key":"Strength Potion"},{"floor":8,"key":"Elixir"},{"floor":13,"key":"Reflective Coating"}],"is_trial":false,"path_per_floor":["M","?","M","?","M","E","R","E","T","?","R","M","M","E"],"character_chosen":"KOISHI","items_purchased":[],"campfire_rested":0,"item_purchase_floors":[],"current_hp_per_floor":[51,51,52,52,53,43,43,22,22,45,45,33,11,16,16],"gold":159,"neow_bonus":"THREE_RARE_CARDS","is_daily":false,"chose_seed":false,"campfire_upgraded":1,"win_rate":0.0,"timestamp":1614215189,"path_taken":["M","?","?","?","M","E","R","E","T","?","R","M","M","E"],"items_purchased_type":[],"build_version":"2020-12-22","purchased_purges":0,"victory":false,"max_hp_per_floor":[60,60,60,60,60,45,45,45,45,45,45,45,45,45,45],"card_choices":[{"not_picked":["Koishi:HeartStoppingHorror","Koishi:SilentAndRestless"],"picked":"Koishi:RoseHell","floor":0},{"not_picked":["Koishi:Prune","Koishi:Possession","Koishi:UnconsciousUprising"],"picked":"SKIP","floor":1},{"not_picked":["Koishi:SubconsciousSweep","Koishi:EmbryosDream"],"picked":"Koishi:CatchAndRose","floor":3},{"not_picked":["Koishi:PhantomStrike","Koishi:HeartfeltFancy"],"picked":"Koishi:FidgetySnatcher","floor":5},{"not_picked":["Koishi:CatchAndRose","Koishi:ImGoingToCallYouNow"],"picked":"Koishi:PhilosophyOfTheDespised","floor":6},{"not_picked":["Koishi:LastRemote","Koishi:JumpScare","Koishi:RacingHeart"],"picked":"SKIP","floor":8},{"not_picked":["Koishi:BloodcurdlingScream","Koishi:Bloodlust"],"picked":"Koishi:PhantomBarrier","floor":12},{"not_picked":["Koishi:TremblingHands","Koishi:VengefulSpirit"],"picked":"Koishi:UnansweredLove","floor":13}],"player_experience":418188,"relics_obtained":[{"floor":6,"key":"infinitespire:Lychee Nut"},{"floor":8,"key":"Bromod:ArcaneConsequence"},{"floor":9,"key":"Oddly Smooth Stone"}],"event_choices":[{"damage_healed":0,"gold_gain":0,"player_choice":"Forge","damage_taken":0,"max_hp_gain":0,"max_hp_loss":0,"event_name":"Accursed Blacksmith","floor":2,"gold_loss":0,"cards_upgraded":["Koishi:RoseHell"]},{"damage_healed":0,"gold_gain":0,"player_choice":"Grow","damage_taken":0,"max_hp_gain":0,"max_hp_loss":0,"event_name":"Living Wall","floor":4,"gold_loss":0,"cards_upgraded":["Koishi:CatchAndRose"]},{"damage_healed":23,"gold_gain":0,"player_choice":"Full Heal","damage_taken":0,"max_hp_gain":0,"max_hp_loss":0,"event_name":"Wheel of Change","floor":10,"gold_loss":0}],"is_beta":false,"boss_relics":[],"items_purged_floors":[],"is_endless":false,"potions_floor_spawned":[1,8,13],"killed_by":"Lagavulin","ascension_level":1}}