{"host":"pboyrhtqteqd23la","time":1614227557,"event":{"mods":["Aspiration","BaseMod","Bestiary","Conspire","Downfall","Energized Spire","Halation","Minty Spire (QoL Compilation)","Relic Stats","Reliquary","Shop Mod","StSLib","The Servant 0.9.4","Waifu the Spire"],"gold_per_floor":[99,118,131,131,178,195,195,258,258,258,282,300,300,300,314,314,314,314],"floor_reached":16,"language":"ENG","playtime":963,"items_purged":[],"score":94,"play_id":"6494f134-3631-4f30-9b43-11cbdcb43e1a","local_time":"20210224213237","is_ascension_mode":false,"campfire_choices":[{"data":"sneckomod:TailWhip","floor":1,"key":"SMITH"},{"floor":9,"key":"REST"}],"circlet_count":0,"master_deck":["sneckomod:Strike","sneckomod:Strike","sneckomod:Strike","sneckomod:Defend","sneckomod:Defend","sneckomod:Defend","sneckomod:TailWhip+1","sneckomod:SnekBite","sneckomod:Unknown","sneckomod:Unknown","sneckomod:Nope","sneckomod:QuickMove","sneckomod:UnknownUncommonPower","sneckomod:Unknown1Cost","sneckomod:UnknownX","sneckomod:ImprovisedAttack","sneckomod:MasterEye","sneckomod:SoulExchange","sneckomod:Nope"],"relics":["energizedSpire:EnergizedDie","Happy Flower","TungstenRod","reliquary:Knoch","reliquary:PartyBalloon","downfall:ShatteredFragment"],"acts_visited":["Exordium"],"potions_floor_usage":[6,16,16],"damage_taken":[{"damage":4,"enemies":"Cultist","floor":2,"turns":3},{"damage":2,"enemies":"2 Louse","floor":3,"turns":3},{"damage":2,"enemies":"Small Slimes","floor":4,"turns":3},{"damage":30,"enemies":"conspire:MimicChest","floor":5,"turns":7},{"damage":26,"enemies":"Gremlin Gang","floor":6,"turns":3},{"damage":11,"enemies":"Gremlin Nob","floor":8,"turns":4},{"damage":0,"enemies":"Large Slime","floor":12,"turns":7},{"damage":7,"enemies":"3 Louse","floor":14,"turns":3},{"damage":0,"enemies":"downfall:LooterAlt","floor":15,"turns":2},{"damage":27,"enemies":"DF_ARCHETYPE_STREAMLINE","floor":16,"turns":4}],"seed_played":"-5615907028692611732","potions_obtained":[{"floor":4,"key":"SkillPotion"},{"floor":6,"key":"Swift Potion"},{"floor":14,"key":"AttackPotion"},{"floor":15,"key":"sneckomod:OffclassReductionPotion"}],"is_trial":false,"path_per_floor":["R","M","M","M","?","M","T","?","R","?","T","M","?","M","M","B"],"character_chosen":"THE_SNECKO","items_purchased":[],"campfire_rested":1,"item_purchase_floors":[],"current_hp_per_floor":[90,86,84,82,52,26,26,15,42,42,42,42,22,22,22,0,0,0],"gold":314,"neow_bonus":"BOSS_RELIC","is_daily":false,"chose_seed":false,"campfire_upgraded":1,"win_rate":0.0,"timestamp":1614227557,"path_taken":["R","M","?","M","?","?","T","?","R","?","?","M","?","M","M","BOSS"],"items_purchased_type":[],"build_version":"2020-12-22","purchased_purges":0,"victory":false,"max_hp_per_floor":[90,90,90,90,90,90,90,90,90,90,90,90,90,90,90,90,90,90],"relic_stats":{"Happy Flower":[7],"counters":[10,39],"obtain_stats":[{"downfall:ShatteredFragment":13,"Happy Flower":5,"reliquary:PartyBalloon":11,"energizedSpire:EnergizedDie":0,"reliquary:Knoch":8,"sneckomod:SneckoSoul":0,"TungstenRod":7},{"downfall:ShatteredFragment":7,"Happy Flower":4,"reliquary:PartyBalloon":6,"energizedSpire:EnergizedDie":0,"reliquary:Knoch":6,"sneckomod:SneckoSoul":0,"TungstenRod":5},{"downfall:ShatteredFragment":30,"Happy Flower":16,"reliquary:PartyBalloon":23,"energizedSpire:EnergizedDie":0,"reliquary:Knoch":23,"sneckomod:SneckoSoul":0,"TungstenRod":19}],"TungstenRod":9},"card_choices":[{"not_picked":["sneckomod:UnknownUncommonAttack","sneckomod:UnendingSupply"],"picked":"sneckomod:Nope","floor":2},{"not_picked":["sneckomod:DiceBoulder","sneckomod:UnknownBlock"],"picked":"sneckomod:QuickMove","floor":3},{"not_picked":["sneckomod:QuickMove","sneckomod:SoulRoll"],"picked":"sneckomod:UnknownUncommonPower","floor":4},{"not_picked":["sneckomod:IronFang","sneckomod:RainOfDice"],"picked":"sneckomod:Unknown1Cost","floor":5},{"not_picked":["sneckomod:SoulRoll","sneckomod:Unknown2Cost"],"picked":"sneckomod:UnknownX","floor":6},{"not_picked":["sneckomod:Nope","sneckomod:SlitherStrike"],"picked":"sneckomod:ImprovisedAttack","floor":8},{"not_picked":["sneckomod:UnknownWeak","sneckomod:IronFang"],"picked":"sneckomod:MasterEye","floor":12},{"not_picked":["sneckomod:UnknownDraw","sneckomod:WideSting"],"picked":"sneckomod:SoulExchange","floor":14},{"not_picked":["sneckomod:CheapStock","sneckomod:UnknownExhaust"],"picked":"sneckomod:Nope","floor":15}],"player_experience":681302,"relics_obtained":[{"floor":5,"key":"Happy Flower"},{"floor":7,"key":"TungstenRod"},{"floor":8,"key":"reliquary:Knoch"},{"floor":11,"key":"reliquary:PartyBalloon"}],"event_choices":[],"is_beta":false,"boss_relics":[],"items_purged_floors":[],"is_endless":false,"potions_floor_spawned":[4,6,14,15],"killed_by":"DF_ARCHETYPE_STREAMLINE","ascension_level":0}}