{"host":"Bilverbakes","time":1614292147,"event":{"mods":["2.2 Compatiblity","AchievementEnabler","BaseMod","Bestiary","Colored Map","Minty Spire (QoL Compilation)","Relic Stats","StSLib","ojb\u0027s Info Mod"],"gold_per_floor":[119,119,135,135,10,45,59,94,94,94,117,153,153,174,174,174,174],"floor_reached":16,"language":"ENG","playtime":450,"items_purged":[],"score":340,"play_id":"7191e5e4-d0e6-4648-b0d4-04d42ed8edc2","local_time":"20210225162907","is_ascension_mode":true,"campfire_choices":[{"data":"Doom and Gloom","floor":10.0,"key":"SMITH"},{"data":"Lockon","floor":13.0,"key":"SMITH"},{"data":"Zap","floor":15.0,"key":"SMITH"}],"circlet_count":0,"master_deck":["AscendersBane","Strike_B","Strike_B+1","Strike_B","Strike_B","Defend_B","Defend_B","Defend_B","Defend_B+1","Zap+1","Dualcast","BootSequence","Doom and Gloom+1","Lockon+1","Auto Shields+1","Hologram+1","Aggregate+1","Genetic Algorithm+1","Coolheaded+1"],"relics":["Cracked Core","NeowsBlessing","Golden Idol","Toxic Egg 2","Lizard Tail","Ice Cream","Nunchaku"],"acts_visited":["Exordium"],"potions_floor_usage":[16],"damage_taken":[{"damage":0.0,"enemies":"Jaw Worm","floor":1.0,"turns":1.0},{"damage":0.0,"enemies":"Small Slimes","floor":3.0,"turns":1.0},{"damage":0.0,"enemies":"Lagavulin","floor":6.0,"turns":1.0},{"damage":2.0,"enemies":"Cultist","floor":7.0,"turns":4.0},{"damage":0.0,"enemies":"Gremlin Nob","floor":8.0,"turns":3.0},{"damage":0.0,"enemies":"Exordium Wildlife","floor":11.0,"turns":4.0},{"damage":12.0,"enemies":"Lagavulin","floor":12.0,"turns":6.0},{"damage":0.0,"enemies":"3 Louse","floor":14.0,"turns":4.0},{"damage":76,"enemies":"Slime Boss","floor":16,"turns":8}],"seed_played":"-274286281691173649","potions_obtained":[{"floor":1.0,"key":"PowerPotion"},{"floor":8.0,"key":"Block Potion"},{"floor":11.0,"key":"Strength Potion"},{"floor":14.0,"key":"Dexterity Potion"}],"is_trial":false,"path_per_floor":["M","?","M","?","$","E","M","E","T","R","M","E","R","M","R","B"],"character_chosen":"DEFECT","items_purchased":["Doom and Gloom","Lockon"],"campfire_rested":0,"item_purchase_floors":[5,5],"current_hp_per_floor":[64,64,64,45,45,45,43,43,43,43,43,31,31,31,31,0,0],"gold":174,"neow_bonus":"THREE_ENEMY_KILL","is_daily":false,"chose_seed":false,"campfire_upgraded":3,"win_rate":0.0,"timestamp":1614292147,"path_taken":["M","?","M","?","?","E","M","E","T","R","M","E","R","M","R","BOSS"],"items_purchased_type":["Card","Card"],"build_version":"2020-12-18","purchased_purges":0,"victory":false,"max_hp_per_floor":[71,64,64,64,64,64,64,64,64,64,64,64,64,64,64,64,64],"relic_stats":{"Lizard Tail":32,"Nunchaku":[1],"counters":[9,32],"Golden Idol":36,"obtain_stats":[{"Ice Cream":9,"Lizard Tail":8,"Nunchaku":12,"NeowsBlessing":0,"Golden Idol":2,"Toxic Egg 2":6,"Cracked Core":0},{"Ice Cream":5,"Lizard Tail":5,"Nunchaku":7,"NeowsBlessing":0,"Golden Idol":1,"Toxic Egg 2":3,"Cracked Core":0},{"Ice Cream":10,"Lizard Tail":10,"Nunchaku":20,"NeowsBlessing":0,"Golden Idol":1,"Toxic Egg 2":3,"Cracked Core":0}]},"card_choices":[{"not_picked":["Recycle","Barrage","Redo"],"picked":"SKIP","floor":1.0},{"not_picked":["Blizzard","Undo"],"picked":"BootSequence","floor":3.0},{"not_picked":["Recycle+1","Reinforced Body+1"],"picked":"Auto Shields+1","floor":6.0},{"not_picked":["Lockon","BootSequence+1"],"picked":"Hologram+1","floor":7.0},{"not_picked":["Stack+1","Sweeping Beam"],"picked":"Aggregate+1","floor":8.0},{"not_picked":["Scrape","Consume+1"],"picked":"Genetic Algorithm+1","floor":11.0},{"not_picked":["White Noise+1","Beam Cell"],"picked":"Coolheaded+1","floor":12.0},{"not_picked":["Chill+1","Undo+1","Conserve Battery+1"],"picked":"SKIP","floor":14.0}],"player_experience":1009440,"relics_obtained":[{"floor":6.0,"key":"Toxic Egg 2"},{"floor":8.0,"key":"Lizard Tail"},{"floor":9.0,"key":"Ice Cream"},{"floor":12.0,"key":"Nunchaku"}],"event_choices":[{"damage_healed":0.0,"max_hp_gain":0.0,"max_hp_loss":7.0,"gold_gain":0.0,"event_name":"Golden Idol","player_choice":"Lose Max HP","floor":2.0,"gold_loss":0.0,"damage_taken":0.0,"relics_obtained":["Golden Idol"]},{"damage_healed":0.0,"max_hp_gain":0.0,"max_hp_loss":0.0,"gold_gain":0.0,"event_name":"Shining Light","player_choice":"Entered Light","floor":4.0,"gold_loss":0.0,"damage_taken":19.0,"cards_upgraded":["Strike_B","Defend_B"]}],"is_beta":true,"boss_relics":[],"items_purged_floors":[],"is_endless":false,"potions_floor_spawned":[1,8,11,14],"killed_by":"Slime Boss","ascension_level":20}}