{"host":"0qlrtuw7bw78ucw4","time":1614238041,"event":{"mods":["BaseMod","Downfall","Minty Spire (QoL Compilation)","StSLib"],"gold_per_floor":[99,119,167,180,197,197,197,208,208,219,249,261,116,216,232,306,306,306,306,28,43,248,248,298,318,318,318,343,362,362,392,406,406,406,406],"floor_reached":33,"language":"ENG","playtime":1611,"items_purged":["Slimebound:Defend_Slimebound","downfall:Bewildered","Slimebound:SplitBruiser"],"score":574,"play_id":"3b3c8f13-aa28-45d0-9789-38fe08f9efcb","local_time":"20210225182721","is_ascension_mode":true,"campfire_choices":[{"data":"Slimebound:CorrosiveSpit","floor":1,"key":"SMITH"},{"data":"Slimebound:Split","floor":6,"key":"SMITH"},{"data":"Slimebound:SlimeBarrage","floor":9,"key":"SMITH"},{"data":"Slimebound:Prepare","floor":18,"key":"SMITH"},{"data":"Slimebound:PressTheAttack","floor":23,"key":"SMITH"},{"data":"Slimebound:RallyTheTroops","floor":27,"key":"SMITH"},{"floor":30,"key":"REST"}],"circlet_count":0,"master_deck":["AscendersBane","Slimebound:Strike_Slimebound","Slimebound:Strike_Slimebound","Slimebound:Tackle","Slimebound:Defend_Slimebound","Slimebound:Defend_Slimebound","Slimebound:Defend_Slimebound","Slimebound:Split+1","Slimebound:CorrosiveSpit+1","Slimebound:GoopSpray","Slimebound:SlimeBarrage+1","Slimebound:AcidTongue","Slimebound:PressTheAttack+1","Slimebound:SplitSpecialist","Slimebound:Prepare+1","Slimebound:Prepare","Slimebound:RallyTheTroops+1","Slimebound:OozeBath","Slimebound:LivingWall"],"relics":["Slimebound:AbsorbEndCombat","Bronze Scales","White Beast Statue","PreservedInsect","Toy Ornithopter","Busted Crown","sneckomod:BabySnecko","Omamori","Ancient Tea Set","Pantograph","Mummified Hand"],"acts_visited":["Exordium","TheCity"],"potions_floor_usage":[8,11,13,14,15,28,29,31,31,32,33],"damage_taken":[{"damage":4,"enemies":"Cultist","floor":2,"turns":3},{"damage":4,"enemies":"Small Slimes","floor":4,"turns":4},{"damage":2,"enemies":"Jaw Worm","floor":5,"turns":3},{"damage":8,"enemies":"Large Slime","floor":8,"turns":4},{"damage":10,"enemies":"Exordium Thugs","floor":10,"turns":4},{"damage":3,"enemies":"Gremlin Nob","floor":11,"turns":3},{"damage":7,"enemies":"2 Fungi Beasts","floor":12,"turns":3},{"damage":0,"enemies":"downfall:FleeingMerchant","floor":13,"turns":4},{"damage":10,"enemies":"downfall:LadyInBlue","floor":14,"turns":4},{"damage":3,"enemies":"Blue Slaver","floor":15,"turns":3},{"damage":23,"enemies":"IC_STATUS_ARCHETYPE","floor":16,"turns":7},{"damage":5,"enemies":"downfall:FleeingMerchant","floor":20,"turns":4},{"damage":3,"enemies":"Spheric Guardian","floor":21,"turns":3},{"damage":0,"enemies":"downfall:FleeingMerchant","floor":22,"turns":1},{"damage":4,"enemies":"Chosen","floor":25,"turns":4},{"damage":27,"enemies":"Book of Stabbing","floor":28,"turns":4},{"damage":25,"enemies":"Shelled Parasite and Fungi","floor":29,"turns":4},{"damage":1,"enemies":"Slavers","floor":31,"turns":3},{"damage":12,"enemies":"Snecko","floor":32,"turns":5},{"damage":78,"enemies":"WA_ARCHETYPE_CALM","floor":33,"turns":12}],"seed_played":"8902032970155635037","potions_obtained":[{"floor":2,"key":"Guardian:BlockOnCardUsePotion"},{"floor":5,"key":"PowerPotion"},{"floor":8,"key":"Strength Potion"},{"floor":11,"key":"Slimebound:ThreeZeroPotion"},{"floor":12,"key":"Regen Potion"},{"floor":13,"key":"Block Potion"},{"floor":14,"key":"Dexterity Potion"},{"floor":14,"key":"Regen Potion"},{"floor":15,"key":"Slimebound:SlimyTonguePotion"},{"floor":21,"key":"SkillPotion"},{"floor":28,"key":"FearPotion"},{"floor":29,"key":"SkillPotion"},{"floor":31,"key":"SpeedPotion"},{"floor":32,"key":"Dexterity Potion"}],"is_trial":false,"path_per_floor":["R","M","T","M","M","R","T","M","R","M","E","M","$","?","M","B",null,"R","?","$","M","$","R","T","M","?","R","E","M","R","E","M","B"],"character_chosen":"SLIMEBOUND","items_purchased":["Slimebound:Prepare","Omamori"],"campfire_rested":1,"item_purchase_floors":[13,20],"current_hp_per_floor":[53,53,53,51,51,51,51,45,45,39,38,33,51,47,59,44,55,55,55,58,55,57,57,57,57,41,41,25,13,32,49,46,0,0,0],"gold":406,"neow_bonus":"TRANSFORM_CARD","is_daily":false,"chose_seed":false,"campfire_upgraded":6,"win_rate":0.0,"timestamp":1614238041,"path_taken":["R","M","?","M","M","R","T","M","R","M","E","M","$","?","M","BOSS","R","?","$","M","$","R","T","M","?","R","E","M","R","E","M","BOSS"],"items_purchased_type":["Card","Relic"],"build_version":"2020-12-22","purchased_purges":3,"victory":false,"max_hp_per_floor":[59,59,59,59,59,59,59,59,59,59,59,59,59,59,59,59,59,59,59,59,59,59,59,59,59,64,64,64,64,64,64,64,64,64,64],"card_choices":[{"not_picked":["Slimebound:GoopTackle","Slimebound:DivideAndConquer"],"picked":"Slimebound:SlimeBarrage","floor":2},{"not_picked":["Slimebound:SlimeTap","Slimebound:RollThrough"],"picked":"Slimebound:SplitBruiser","floor":4},{"not_picked":["Slimebound:ItLooksTasty","Slimebound:HungryTackle","Slimebound:ComboTackle"],"picked":"SKIP","floor":5},{"not_picked":["Slimebound:SamplingLick","Slimebound:SplitLeeching"],"picked":"Slimebound:AcidTongue","floor":8},{"not_picked":["Slimebound:DivideAndConquer","Slimebound:RainOfGoop"],"picked":"Slimebound:PressTheAttack","floor":10},{"not_picked":["Slimebound:SlimeTap","Slimebound:AcidTongue"],"picked":"Slimebound:SplitSpecialist","floor":11},{"not_picked":["Slimebound:SamplingLick","Slimebound:SplitAcid","Slimebound:Nibble"],"picked":"SKIP","floor":12},{"not_picked":["Slimebound:Gluttony","Slimebound:ComboTackle"],"picked":"Slimebound:Prepare","floor":13},{"not_picked":["Slimebound:SplitAcid","Slimebound:RejuvenatingLick"],"picked":"Slimebound:RallyTheTroops","floor":15},{"not_picked":["Slimebound:SlimeSlap","Slimebound:Recycling"],"picked":"Slimebound:OozeBath","floor":16},{"not_picked":["Slimebound:SlimeBrawl"],"picked":"SKIP","floor":20},{"not_picked":["Slimebound:SlimeSpikes"],"picked":"SKIP","floor":21},{"not_picked":["Slimebound:ForwardTackle"],"picked":"SKIP","floor":22},{"not_picked":[],"picked":"Slimebound:LivingWall","floor":25},{"not_picked":["Slimebound:SplitBruiser+1"],"picked":"SKIP","floor":28},{"not_picked":["Slimebound:RollThrough+1"],"picked":"SKIP","floor":29},{"not_picked":["Slimebound:MegaLick"],"picked":"SKIP","floor":31},{"not_picked":["Slimebound:LeechingTouch"],"picked":"SKIP","floor":32}],"player_experience":1073924,"relics_obtained":[{"floor":3,"key":"Bronze Scales"},{"floor":7,"key":"White Beast Statue"},{"floor":11,"key":"PreservedInsect"},{"floor":14,"key":"Toy Ornithopter"},{"floor":24,"key":"Ancient Tea Set"},{"floor":28,"key":"Pantograph"},{"floor":31,"key":"Mummified Hand"}],"event_choices":[],"is_beta":false,"boss_relics":[{"not_picked":["Runic Pyramid","Runic Dome"],"picked":"Busted Crown"}],"items_purged_floors":[13,20,22],"is_endless":false,"potions_floor_spawned":[2,5,8,10,11,12,13,14,15,16,20,21,22,25,28,29,31,32],"killed_by":"WA_ARCHETYPE_CALM","ascension_level":20}}