{"host":"1vy6j31128f61x2z","time":1614213373,"event":{"mods":["AchievementEnabler","BaseMod","Colored Powertips","Curses Come First","Minty Spire (QoL Compilation)","Permanent Neow","Random Character Button","Relic Stats","StSLib"],"gold_per_floor":[110,110,14,26,44,73,73,88,136,12,31,64,75,101,101,202,202,202,202],"floor_reached":18,"language":"ENG","playtime":1039,"items_purged":["Strike_R"],"score":348,"play_id":"ca73db24-6d63-4d4c-bac9-14f523903201","local_time":"20210224193612","is_ascension_mode":true,"campfire_choices":[{"data":"Flame Barrier","floor":7,"key":"SMITH"},{"data":"Disarm","floor":15,"key":"SMITH"}],"circlet_count":0,"master_deck":["AscendersBane","Strike_R","Strike_R","Strike_R","Defend_R","Defend_R","Defend_R","Defend_R","Bash","Carnage","Bludgeon","Flame Barrier+1","Wild Strike","Disarm+1","Demon Form","Shockwave","Rage","Wild Strike","Offering","Hemokinesis","Rupture","Fiend Fire"],"relics":["Burning Blood","NeowsBlessing","Letter Opener","Smiling Mask","PreservedInsect","Ancient Tea Set","Runic Cube"],"acts_visited":["Exordium","TheCity"],"potions_floor_usage":[6],"damage_taken":[{"damage":0,"enemies":"Small Slimes","floor":1,"turns":2},{"damage":0,"enemies":"Cultist","floor":4,"turns":1},{"damage":0,"enemies":"Jaw Worm","floor":5,"turns":1},{"damage":25,"enemies":"3 Sentries","floor":6,"turns":8},{"damage":7,"enemies":"Exordium Wildlife","floor":8,"turns":3},{"damage":1,"enemies":"3 Louse","floor":11,"turns":5},{"damage":22,"enemies":"Gremlin Nob","floor":12,"turns":4},{"damage":6,"enemies":"Lots of Slimes","floor":13,"turns":5},{"damage":15,"enemies":"3 Sentries","floor":14,"turns":5},{"damage":8,"enemies":"Slime Boss","floor":16,"turns":5},{"damage":0,"enemies":"Shell Parasite","floor":18,"turns":3}],"seed_played":"-1877300489151939347","potions_obtained":[{"floor":1,"key":"EssenceOfSteel"},{"floor":4,"key":"LiquidMemories"},{"floor":11,"key":"FearPotion"},{"floor":13,"key":"PowerPotion"}],"is_trial":false,"path_per_floor":["M","?","$","M","M","E","R","M","T","$","M","E","M","E","R","B",null,"M"],"character_chosen":"IRONCLAD","items_purchased":["Flame Barrier","Wild Strike","Rage"],"campfire_rested":0,"item_purchase_floors":[3,3,10],"current_hp_per_floor":[78,78,78,80,80,61,61,60,60,60,65,49,49,40,40,38,70,70,70],"gold":202,"neow_bonus":"THREE_ENEMY_KILL","is_daily":false,"chose_seed":false,"campfire_upgraded":2,"win_rate":0.0,"timestamp":1614213372,"path_taken":["M","?","$","?","M","E","R","M","T","?","M","E","M","E","R","BOSS","M"],"items_purchased_type":["Card","Card","Card"],"build_version":"2020-12-22","purchased_purges":1,"victory":false,"max_hp_per_floor":[80,80,80,80,80,80,80,80,80,80,80,80,80,80,80,80,80,80,80],"relic_stats":{"counters":[11,42],"PreservedInsect":33,"Letter Opener":[25],"Smiling Mask":25,"obtain_stats":[{"NeowsBlessing":0,"PreservedInsect":12,"Letter Opener":6,"Smiling Mask":9,"Ancient Tea Set":14,"Burning Blood":0,"Runic Cube":17},{"NeowsBlessing":0,"PreservedInsect":7,"Letter Opener":4,"Smiling Mask":5,"Ancient Tea Set":9,"Burning Blood":0,"Runic Cube":10},{"NeowsBlessing":0,"PreservedInsect":24,"Letter Opener":12,"Smiling Mask":15,"Ancient Tea Set":34,"Burning Blood":0,"Runic Cube":39}],"Burning Blood":50,"Runic Cube":[0]},"card_choices":[{"not_picked":["Flex","Armaments"],"picked":"Carnage","floor":1},{"not_picked":["Wild Strike","Twin Strike","Clothesline"],"picked":"SKIP","floor":4},{"not_picked":["Intimidate","Sword Boomerang"],"picked":"Disarm","floor":5},{"not_picked":["Fire Breathing","Flame Barrier"],"picked":"Demon Form","floor":6},{"not_picked":["Spot Weakness","Flex"],"picked":"Shockwave","floor":8},{"not_picked":["Perfected Strike","Havoc"],"picked":"Wild Strike","floor":11},{"not_picked":["Iron Wave","Heavy Blade"],"picked":"Offering","floor":12},{"not_picked":["Warcry","Heavy Blade"],"picked":"Hemokinesis","floor":13},{"not_picked":["Body Slam","Wild Strike"],"picked":"Rupture","floor":14},{"not_picked":["Feed","Exhume"],"picked":"Fiend Fire","floor":16}],"player_experience":147541,"relics_obtained":[{"floor":6,"key":"Letter Opener"},{"floor":9,"key":"Smiling Mask"},{"floor":12,"key":"PreservedInsect"},{"floor":14,"key":"Ancient Tea Set"}],"event_choices":[{"damage_healed":0,"gold_gain":0,"cards_transformed":["Strike_R"],"player_choice":"Transformed","damage_taken":0,"max_hp_gain":0,"max_hp_loss":0,"event_name":"Transmorgrifier","floor":2,"gold_loss":0,"cards_obtained":["Bludgeon"]}],"is_beta":false,"boss_relics":[{"not_picked":["Empty Cage","Tiny House"],"picked":"Runic Cube"}],"items_purged_floors":[10],"is_endless":false,"potions_floor_spawned":[1,4,11,13,14],"killed_by":"Shell Parasite","ascension_level":10}}