{"host":"x8sop9v6zw8yitbt","time":1614216146,"event":{"mods":["BaseMod","Best Route Mod","Block Reminder","Challenge The Spire","Colored Powertips","Custom Start","Dark Map","DeckTracker","Minty Spire (QoL Compilation)","Permanent Neow","Quick Restart","Rare Cards Sparkle","Reliquary","Spicy Shops","Spikes Relics","StSLib","Virulent Crown"],"gold_per_floor":[115,115,115,129,129,129,165,165,234,84,123,144,144,182,182,305,305,328,243,261,261,282,282,303,336,336,336,336],"floor_reached":27,"language":"ENG","playtime":683,"items_purged":["Strike_G"],"score":314,"play_id":"a0749d1f-573a-41e7-a7ad-20a1bfc37214","local_time":"20210224202226","is_ascension_mode":true,"campfire_choices":[{"data":"Strike_G","floor":6,"key":"SMITH"},{"data":"Survivor","floor":8,"key":"SMITH"},{"data":"Noxious Fumes","floor":13,"key":"SMITH"},{"data":"Catalyst","floor":15,"key":"SMITH"},{"data":"Corpse Explosion","floor":23,"key":"SMITH"}],"circlet_count":0,"master_deck":["Strike_G","Strike_G","Strike_G+1","Strike_G","Defend_G","Defend_G","Defend_G","Defend_G","Defend_G","Survivor+1","Neutralize+1","Catalyst+1","Noxious Fumes+1","Well Laid Plans","Leg Sweep","Corpse Explosion+1","Deadly Poison","Deadly Poison+1","Dodge and Roll+1"],"relics":["Ring of the Snake","NeowsBlessing","Golden Idol","reliquary:PartyBalloon","Meat on the Bone","reliquary:IridiumChain","reliquary:SharkskinSheath","Black Star","HornCleat","reliquary:HotPoker","Smiling Mask","ZombieTooth"],"acts_visited":["Exordium","TheCity"],"potions_floor_usage":[25,25],"damage_taken":[{"damage":0,"enemies":"2 Louse","floor":1,"turns":1},{"damage":0,"enemies":"Small Slimes","floor":4,"turns":1},{"damage":0,"enemies":"Lagavulin","floor":7,"turns":1},{"damage":21,"enemies":"Gremlin Nob","floor":11,"turns":5},{"damage":1,"enemies":"Jaw Worm","floor":12,"turns":4},{"damage":3,"enemies":"Lagavulin","floor":14,"turns":5},{"damage":3,"enemies":"The Guardian","floor":16,"turns":8},{"damage":2,"enemies":"3 Byrds","floor":18,"turns":3},{"damage":11,"enemies":"Spheric Guardian","floor":20,"turns":5},{"damage":15,"enemies":"Shelled Parasite and Fungi","floor":22,"turns":6},{"damage":8,"enemies":"Snake Plant","floor":24,"turns":6},{"damage":30,"enemies":"Gremlin Leader","floor":25,"turns":5},{"damage":0,"enemies":"Slavers","floor":27,"turns":1}],"seed_played":"-5438116650324235552","potions_obtained":[{"floor":4,"key":"FearPotion"},{"floor":7,"key":"Regen Potion"},{"floor":12,"key":"Fire Potion"},{"floor":21,"key":"AttackPotion"},{"floor":22,"key":"DistilledChaos"},{"floor":25,"key":"Poison Potion"}],"is_trial":false,"path_per_floor":["M","?","?","M","?","R","E","R","T","$","E","M","R","E","R","B",null,"M","?","M","?","M","R","M","E","T","E"],"character_chosen":"THE_SILENT","items_purchased":["Noxious Fumes"],"campfire_rested":0,"item_purchase_floors":[10],"current_hp_per_floor":[70,70,65,65,65,65,65,65,65,65,44,43,43,40,40,37,65,63,63,52,52,37,37,41,38,38,38,38],"gold":336,"neow_bonus":"THREE_ENEMY_KILL","is_daily":false,"chose_seed":false,"campfire_upgraded":5,"win_rate":0.0,"timestamp":1614216146,"path_taken":["M","?","?","M","?","R","E","R","T","$","E","M","R","E","R","BOSS","M","?","M","?","M","R","M","E","T","E"],"items_purchased_type":["Card"],"build_version":"2020-12-22","purchased_purges":1,"victory":false,"max_hp_per_floor":[70,70,65,65,65,65,65,65,65,65,65,65,65,65,65,65,65,65,65,65,65,65,65,65,65,65,65,65],"card_choices":[{"not_picked":["Sucker Punch","Well Laid Plans"],"picked":"Catalyst","floor":1},{"not_picked":["Quick Slash","Bane","Distraction"],"picked":"SKIP","floor":4},{"not_picked":["Backflip","Terror","Sucker Punch"],"picked":"SKIP","floor":7},{"not_picked":["Flying Knee","Dodge and Roll"],"picked":"Well Laid Plans","floor":11},{"not_picked":["Underhanded Strike","Poisoned Stab"],"picked":"Leg Sweep","floor":12},{"not_picked":["Blade Dance","Underhanded Strike","Masterful Stab"],"picked":"SKIP","floor":14},{"not_picked":["Wraith Form v2","Venomology"],"picked":"Corpse Explosion","floor":16},{"not_picked":["Underhanded Strike","Deflect","Terror"],"picked":"SKIP","floor":18},{"not_picked":["Blade Dance+1","Quick Slash","Deadly Poison"],"picked":"SKIP","floor":20},{"not_picked":["Blade Dance+1","Quick Slash"],"picked":"Deadly Poison","floor":20},{"not_picked":["Slice","Expertise","Blade Dance"],"picked":"SKIP","floor":22},{"not_picked":["Reflex","Backflip"],"picked":"Deadly Poison+1","floor":24},{"not_picked":["Bane","Quick Slash"],"picked":"Dodge and Roll+1","floor":25}],"player_experience":908582,"relics_obtained":[{"floor":7,"key":"reliquary:PartyBalloon"},{"floor":9,"key":"Meat on the Bone"},{"floor":11,"key":"reliquary:IridiumChain"},{"floor":14,"key":"reliquary:SharkskinSheath"},{"floor":25,"key":"reliquary:HotPoker"},{"floor":25,"key":"Smiling Mask"},{"floor":26,"key":"ZombieTooth"}],"event_choices":[{"damage_healed":0,"gold_gain":0,"player_choice":"Grow","damage_taken":0,"max_hp_gain":0,"max_hp_loss":0,"event_name":"Living Wall","floor":2,"gold_loss":0,"cards_upgraded":["Neutralize"]},{"damage_healed":0,"gold_gain":0,"player_choice":"Lose Max HP","damage_taken":0,"relics_obtained":["Golden Idol"],"max_hp_gain":0,"max_hp_loss":5,"event_name":"Golden Idol","floor":3,"gold_loss":0},{"damage_healed":0,"gold_gain":0,"player_choice":"Ignored","damage_taken":0,"max_hp_gain":0,"max_hp_loss":0,"event_name":"Liars Game","floor":5,"gold_loss":0},{"damage_healed":0,"gold_gain":0,"player_choice":"Obtained Relic","damage_taken":0,"relics_obtained":["HornCleat"],"max_hp_gain":0,"max_hp_loss":0,"event_name":"Addict","floor":19,"gold_loss":85},{"damage_healed":0,"gold_gain":0,"player_choice":"Got Potions","damage_taken":0,"max_hp_gain":0,"max_hp_loss":0,"event_name":"Lab","floor":21,"gold_loss":0}],"is_beta":false,"boss_relics":[{"not_picked":["Tiny House","Calling Bell"],"picked":"Black Star"}],"items_purged_floors":[10],"is_endless":false,"potions_floor_spawned":[4,7,12,14,16,22,25],"killed_by":"Slavers","ascension_level":1}}