{"host":"ovivighfa421z0zp","time":1614267463,"event":{"mods":["BaseMod","Colored Map","DeckTracker","Keyboard Shortcuts","Minty Spire (QoL Compilation)","Permanent Neow","Quick Restart","Replay The Spire","StSLib","SuperFastMode","The Cursed","The Hierophant"],"gold_per_floor":[118,218,236,236,236,236,262,262,311,311,311],"floor_reached":10,"language":"KOR","playtime":277,"items_purged":[],"score":128,"play_id":"c85db466-dcc2-42bb-9a21-f6faba365fe7","local_time":"20210226003743","is_ascension_mode":true,"campfire_choices":[{"data":"TheCursedMod:CircleOfFlame","floor":6,"key":"SMITH"},{"floor":8,"key":"REST"}],"circlet_count":0,"master_deck":["AscendersBane","TheCursedMod:Strike_TheCursed","TheCursedMod:Strike_TheCursed","TheCursedMod:Strike_TheCursed","TheCursedMod:Strike_TheCursed","TheCursedMod:Defend_TheCursed","TheCursedMod:Defend_TheCursed","TheCursedMod:Defend_TheCursed","TheCursedMod:Defend_TheCursed","TheCursedMod:CursedWand","TheCursedMod:CleanUpWorkshop+1","TheCursedMod:Dregs","ReplayTheSpireMod:Splinters","TheCursedMod:RapidMovement","TheCursedMod:CircleOfFlame+1","TheCursedMod:SpitefulPlan"],"relics":["TheCursedMod:BlackMagic101","Dead Branch","Darkstone Periapt","Omamori"],"acts_visited":["Exordium"],"potions_floor_usage":[10],"damage_taken":[{"damage":12.0,"enemies":"Small Slimes","floor":1.0,"turns":5.0},{"damage":0.0,"enemies":"Cultist","floor":3.0,"turns":3.0},{"damage":24,"enemies":"Lagavulin","floor":7,"turns":8},{"damage":23,"enemies":"Gremlin Nob","floor":10,"turns":4}],"seed_played":"-8521964739686306767","potions_obtained":[{"floor":7,"key":"LifebloodPotion"}],"is_trial":false,"path_per_floor":["M","?","M","?","?","R","E","R","T","E"],"character_chosen":"THE_CURSED","items_purchased":[],"campfire_rested":1,"item_purchase_floors":[],"current_hp_per_floor":[52,52,52,52,52,52,28,49,49,26,26],"gold":311,"neow_bonus":"ONE_RARE_RELIC","is_daily":false,"chose_seed":false,"campfire_upgraded":1,"win_rate":0.0,"timestamp":1614267463,"path_taken":["M","?","?","?","?","R","E","R","T","E"],"items_purchased_type":[],"build_version":"2020-12-22","purchased_purges":0,"victory":false,"max_hp_per_floor":[71,71,71,71,71,71,71,71,71,71,71],"card_choices":[{"not_picked":["TheCursedMod:Stretching","TheCursedMod:VitalStrike"],"picked":"TheCursedMod:RapidMovement","floor":1.0},{"not_picked":["TheCursedMod:CircleOfFocus","TheCursedMod:FleshFromBone"],"picked":"TheCursedMod:CircleOfFlame","floor":3.0},{"not_picked":["TheCursedMod:FleshFromBone","TheCursedMod:SpitefulStrike"],"picked":"TheCursedMod:SpitefulPlan","floor":7}],"player_experience":877588,"relics_obtained":[{"floor":7,"key":"Darkstone Periapt"},{"floor":9,"key":"Omamori"}],"event_choices":[{"damage_healed":0.0,"max_hp_gain":0.0,"max_hp_loss":0.0,"gold_gain":100.0,"event_name":"Wheel of Change","player_choice":"Gold","floor":2.0,"gold_loss":0.0,"damage_taken":0.0},{"damage_healed":0.0,"max_hp_gain":0.0,"max_hp_loss":0.0,"gold_gain":0.0,"event_name":"Shining Light","player_choice":"Ignored","floor":4.0,"gold_loss":0.0,"damage_taken":0.0},{"damage_healed":0.0,"max_hp_gain":0.0,"max_hp_loss":0.0,"gold_gain":0.0,"event_name":"Upgrade Shrine","player_choice":"Upgraded","floor":5.0,"gold_loss":0.0,"damage_taken":0.0,"cards_upgraded":["TheCursedMod:CleanUpWorkshop"]}],"is_beta":false,"boss_relics":[],"items_purged_floors":[],"is_endless":false,"potions_floor_spawned":[7],"killed_by":"Gremlin Nob","ascension_level":20}}