{"host":"dbkc9h3etq50r1dq","time":1614220657,"event":{"mods":["AchievementEnabler","BaseMod","Block Reminder","Colored Powertips","Curses Come First","Dark Map","Marisa£®ÏF”Í°°ƒß¿Ì…≥£©","Minty Spire (QoL Compilation)","Permanent Neow","Potion Indicator Mod","Random Character Button","Rare Cards Sparkle","StSLib","SuperFastMode","Weighted Paths"],"gold_per_floor":[215,390,390,228,246,246,321,334,334,334,363,363,383,418,418,518,518,536,536,556,568,583,583,583,583],"floor_reached":24,"language":"ZHS","playtime":712,"items_purged":["Doubt"],"score":278,"play_id":"94f04459-0352-4872-be2b-8fa5d3f723d9","local_time":"20210225103737","is_ascension_mode":true,"campfire_choices":[{"data":"Searing Blow","floor":6,"key":"SMITH"},{"floor":10,"key":"REST"},{"data":"Searing Blow+1","floor":12,"key":"SMITH"},{"data":"Searing Blow+2","floor":15,"key":"SMITH"},{"floor":23,"key":"REST"}],"circlet_count":0,"master_deck":["Strike_R","Strike_R","Strike_R","Strike_R+1","Strike_R","Defend_R","Defend_R","Defend_R+1","Defend_R","Bash","Searing Blow+3","Flash of Steel","Uppercut","Armaments+1","Shrug It Off+1","Whirlwind","Shrug It Off+1"],"relics":["Black Blood","Magic Flower","Toxic Egg 2","Eternal Feather"],"acts_visited":["Exordium","TheCity"],"potions_floor_usage":[11,11,16,22],"damage_taken":[{"damage":8,"enemies":"2 Louse","floor":1,"turns":3},{"damage":2,"enemies":"Jaw Worm","floor":5,"turns":3},{"damage":1,"enemies":"Cultist","floor":8,"turns":4},{"damage":10,"enemies":"3 Sentries","floor":11,"turns":9},{"damage":6,"enemies":"Exordium Wildlife","floor":13,"turns":2},{"damage":20,"enemies":"Gremlin Nob","floor":14,"turns":4},{"damage":23,"enemies":"Slime Boss","floor":16,"turns":14},{"damage":28,"enemies":"2 Thieves","floor":18,"turns":4},{"damage":37,"enemies":"Spheric Guardian","floor":20,"turns":6},{"damage":33,"enemies":"Snake Plant","floor":21,"turns":5},{"damage":20,"enemies":"Snecko","floor":22,"turns":7},{"damage":66,"enemies":"Book of Stabbing","floor":24,"turns":8}],"seed_played":"-599851957905070410","potions_obtained":[{"floor":1,"key":"LiquidBronze"},{"floor":5,"key":"HeartOfIron"},{"floor":8,"key":"Regen Potion"},{"floor":21,"key":"DistilledChaos"}],"is_trial":false,"path_per_floor":["M","?","?","$","M","R","?","M","T","R","E","R","M","E","R","B",null,"M","?","M","M","M","R","E"],"character_chosen":"IRONCLAD","items_purchased":["Flash of Steel"],"campfire_rested":2,"item_purchase_floors":[4],"current_hp_per_floor":[70,70,54,54,58,58,47,52,52,76,80,80,80,69,78,64,76,66,66,47,32,30,63,0,0],"gold":583,"neow_bonus":"HUNDRED_GOLD","is_daily":false,"chose_seed":false,"campfire_upgraded":3,"win_rate":0.0,"timestamp":1614220657,"path_taken":["M","?","?","$","M","R","?","M","T","R","E","R","M","E","R","BOSS","M","?","M","M","M","R","E"],"items_purchased_type":["Card"],"build_version":"2020-12-22","purchased_purges":1,"victory":false,"max_hp_per_floor":[80,80,80,80,80,80,80,80,80,80,80,80,80,80,80,80,80,80,80,80,80,80,80,80,80],"card_choices":[{"not_picked":["Ghostly Armor","Perfected Strike"],"picked":"Searing Blow","floor":1},{"not_picked":["Sever Soul","Fire Breathing","Evolve"],"picked":"SKIP","floor":5},{"not_picked":["Sword Boomerang","Warcry"],"picked":"Uppercut","floor":8},{"not_picked":["Thunderclap","Intimidate+1"],"picked":"Armaments+1","floor":11},{"not_picked":["Uppercut","Thunderclap","Iron Wave"],"picked":"SKIP","floor":13},{"not_picked":["Cleave","Sever Soul"],"picked":"Shrug It Off+1","floor":14},{"not_picked":["Body Slam+1","Sever Soul"],"picked":"Whirlwind","floor":18},{"not_picked":["Dropkick","Body Slam","Reckless Charge"],"picked":"SKIP","floor":20},{"not_picked":["Dark Embrace+1","Twin Strike"],"picked":"Shrug It Off+1","floor":21},{"not_picked":["Pummel","Thunderclap","Feel No Pain+1"],"picked":"SKIP","floor":22}],"player_experience":205526,"relics_obtained":[{"floor":9,"key":"Magic Flower"},{"floor":11,"key":"Toxic Egg 2"},{"floor":14,"key":"Eternal Feather"}],"event_choices":[{"damage_healed":0,"gold_gain":175,"player_choice":"AGREE","damage_taken":0,"max_hp_gain":0,"max_hp_loss":0,"event_name":"Liars Game","floor":2,"gold_loss":0,"cards_obtained":["Doubt"]},{"damage_healed":0,"gold_gain":0,"player_choice":"Entered Light","damage_taken":16,"max_hp_gain":0,"max_hp_loss":0,"event_name":"Shining Light","floor":3,"gold_loss":0,"cards_upgraded":["Defend_R","Strike_R"]},{"damage_healed":0,"gold_gain":75,"player_choice":"Gather Gold","damage_taken":11,"max_hp_gain":0,"max_hp_loss":0,"event_name":"World of Goop","floor":7,"gold_loss":0},{"damage_healed":0,"gold_gain":0,"player_choice":"Ignored","damage_taken":0,"max_hp_gain":0,"max_hp_loss":0,"event_name":"Ghosts","floor":19,"gold_loss":0}],"is_beta":false,"boss_relics":[{"not_picked":["Tiny House","Mark of Pain"],"picked":"Black Blood"}],"items_purged_floors":[4],"is_endless":false,"potions_floor_spawned":[1,5,8,21],"killed_by":"Book of Stabbing","ascension_level":7}}