{"host":"bg8va46pgqgvtzim","time":1614265579,"event":{"mods":["BaseMod","Minty Spire (QoL Compilation)","Quick Restart","StSLib","SuperFastMode"],"gold_per_floor":[113,41,41,57,57,57,75,94,128,128,156,156,181,216,231,249,261,261,279,279,279,377,377,397,397,397,412,511,535,535,564,564,596,596,650,431,445,476,486,504,504,521,539,539,641,641,653,663,663,675,690,703,439,439,472,518,530,548,573,573,573,588,638,638,668,668,668,684,249,249,249,249,249,99,125,125],"floor_reached":77,"language":"ZHS","playtime":10424,"items_purged":["Twin Strike","Bash","Spot Weakness"],"score":1674,"play_id":"642082d6-903c-4101-a2f7-af1e94a6a2af","local_time":"20210225230619","is_ascension_mode":true,"campfire_choices":[{"data":"Feed","floor":10.0,"key":"SMITH"},{"data":"Body Slam","floor":12.0,"key":"SMITH"},{"data":"Armaments","floor":18.0,"key":"SMITH"},{"data":"True Grit","floor":20.0,"key":"SMITH"},{"data":"Disarm","floor":21.0,"key":"SMITH"},{"data":"Shrug It Off","floor":30.0,"key":"SMITH"},{"data":"Shockwave","floor":44.0,"key":"SMITH"},{"data":"Apotheosis","floor":54.0,"key":"SMITH"},{"data":"Warcry","floor":61,"key":"SMITH"},{"data":"Exhume","floor":64,"key":"SMITH"},{"data":"Evolve","floor":67,"key":"SMITH"},{"floor":70,"key":"RECALL"},{"data":"Offering","floor":73,"key":"SMITH"}],"circlet_count":0,"master_deck":["Feed+1","Disarm+1","Evolve+1","Reckless Charge","Body Slam+1","Wild Strike","Carnage","Shrug It Off+1","Armaments+1","True Grit+1","Exhume+1","Havoc","Double Tap","Warcry+1","Shrug It Off","Metallicize+1","Fire Breathing","Dark Embrace+1","Shockwave+1","Second Wind+1","Corruption","Bloodletting+1","Metallicize+1","Apotheosis+1","Metallicize+1","True Grit+1","Offering+1","MasterReality"],"relics":["Burning Blood","Bag of Preparation","War Paint","Mercury Hourglass","Kunai","Pandora\u0027s Box","Nilry\u0027s Codex","Vajra","Red Skull","Boot","Lantern","ClockworkSouvenir","Regal Pillow","Nloth\u0027s Gift","Runic Pyramid","Bottled Lightning","Pocketwatch","Bronze Scales","Turnip","Incense Burner","Bottled Tornado","Centennial Puzzle","PrismaticShard","TheAbacus","Shuriken"],"acts_visited":["Exordium","TheCity","TheBeyond","TheEnding"],"potions_floor_usage":[59,76,76,76,76,76,76,76,76],"damage_taken":[{"damage":3.0,"enemies":"Jaw Worm","floor":1.0,"turns":5.0},{"damage":10.0,"enemies":"Small Slimes","floor":4.0,"turns":3.0},{"damage":4.0,"enemies":"Cultist","floor":7.0,"turns":3.0},{"damage":21.0,"enemies":"Large Slime","floor":8.0,"turns":10.0},{"damage":26.0,"enemies":"3 Sentries","floor":9.0,"turns":9.0},{"damage":36.0,"enemies":"Lagavulin","floor":11.0,"turns":12.0},{"damage":9.0,"enemies":"3 Sentries","floor":14.0,"turns":8.0},{"damage":6.0,"enemies":"Exordium Wildlife","floor":15.0,"turns":4.0},{"damage":2.0,"enemies":"Looter","floor":16.0,"turns":3.0},{"damage":5.0,"enemies":"3 Louse","floor":17.0,"turns":3.0},{"damage":0.0,"enemies":"Lots of Slimes","floor":19.0,"turns":2.0},{"damage":14.0,"enemies":"The Guardian","floor":22.0,"turns":14.0},{"damage":0.0,"enemies":"Chosen","floor":24.0,"turns":4.0},{"damage":26.0,"enemies":"Spheric Guardian","floor":27.0,"turns":8.0},{"damage":14.0,"enemies":"Gremlin Leader","floor":31.0,"turns":9.0},{"damage":22.0,"enemies":"Slavers","floor":33.0,"turns":6.0},{"damage":0.0,"enemies":"Centurion and Healer","floor":37.0,"turns":6.0},{"damage":1.0,"enemies":"Gremlin Leader","floor":38.0,"turns":7.0},{"damage":16.0,"enemies":"Sentry and Sphere","floor":39.0,"turns":6.0},{"damage":0.0,"enemies":"Snake Plant","floor":40.0,"turns":6.0},{"damage":7.0,"enemies":"3 Cultists","floor":42.0,"turns":6.0},{"damage":11.0,"enemies":"Centurion and Healer","floor":43.0,"turns":12.0},{"damage":24.0,"enemies":"Champ","floor":45.0,"turns":14.0},{"damage":0.0,"enemies":"Orb Walker","floor":47.0,"turns":3.0},{"damage":8.0,"enemies":"3 Darklings","floor":48.0,"turns":6.0},{"damage":5.0,"enemies":"Spire Growth","floor":50.0,"turns":6.0},{"damage":8.0,"enemies":"Writhing Mass","floor":51.0,"turns":5.0},{"damage":15.0,"enemies":"Sphere and 2 Shapes","floor":52.0,"turns":5.0},{"damage":3.0,"enemies":"Nemesis","floor":55.0,"turns":7.0},{"damage":6.0,"enemies":"2 Orb Walkers","floor":56.0,"turns":8.0},{"damage":17.0,"enemies":"4 Shapes","floor":57.0,"turns":8.0},{"damage":5.0,"enemies":"Transient","floor":58.0,"turns":5.0},{"damage":38,"enemies":"Reptomancer","floor":59,"turns":5},{"damage":3,"enemies":"Spire Growth","floor":62,"turns":3},{"damage":3,"enemies":"Mind Bloom Boss Battle","floor":63,"turns":3},{"damage":9,"enemies":"Giant Head","floor":65,"turns":7},{"damage":12,"enemies":"Maw","floor":68,"turns":6},{"damage":26,"enemies":"Time Eater","floor":71,"turns":12},{"damage":21,"enemies":"Shield and Spear","floor":75,"turns":3},{"damage":27,"enemies":"The Heart","floor":76,"turns":6}],"seed_played":"-610909929874358245","potions_obtained":[{"floor":1.0,"key":"Regen Potion"},{"floor":4.0,"key":"Regen Potion"},{"floor":8.0,"key":"SpeedPotion"},{"floor":14.0,"key":"DuplicationPotion"},{"floor":22.0,"key":"AttackPotion"},{"floor":27.0,"key":"BlessingOfTheForge"},{"floor":33.0,"key":"PowerPotion"},{"floor":40.0,"key":"Explosive Potion"},{"floor":42.0,"key":"ColorlessPotion"},{"floor":45.0,"key":"Block Potion"},{"floor":48.0,"key":"BloodPotion"},{"floor":52.0,"key":"PowerPotion"},{"floor":56.0,"key":"EntropicBrew"},{"floor":59,"key":"DuplicationPotion"}],"is_trial":false,"path_per_floor":["M","$","?","M","T","?","M","M","E","R","E","R","T","E","M","M","M","R","M","R","R","B",null,"M","?","?","M","?","T","R","E","?","E","T","T","$","M","E","M","M","?","M","M","R","B",null,"M","M","?","M","M","M","$","R","E","?","M","M","E","T","R","M","?","R","E","?","R","M","$","R","B",null,"R","$","E","B",null],"character_chosen":"IRONCLAD","items_purchased":["Reckless Charge","ClockworkSouvenir","Apotheosis","Centennial Puzzle","PrismaticShard","TheAbacus"],"campfire_rested":0,"item_purchase_floors":[2,36,53,69,69,74],"current_hp_per_floor":[75,75,75,74,74,74,79,67,50,50,24,24,24,74,78,86,91,91,101,101,101,97,115,119,119,103,87,87,87,87,83,83,74,74,74,74,88,97,94,104,104,115,118,118,104,181,185,187,187,192,194,192,192,192,199,207,208,209,181,181,181,188,195,195,196,196,196,194,194,194,178,252,252,252,241,250],"gold":125,"neow_bonus":"TRANSFORM_TWO_CARDS","is_daily":false,"chose_seed":false,"campfire_upgraded":12,"win_rate":0.0,"timestamp":1614265579,"path_taken":["M","$","?","M","?","?","M","?","E","R","E","R","T","E","M","M","M","R","M","R","R","BOSS","M","?","?","M","?","?","R","E","?","E","T","T","$","?","E","M","M","?","M","?","R","BOSS","M","M","?","M","?","M","$","R","E","?","M","M","E","T","R","M","?","R","E","?","R","M","?","R","BOSS","R","$","E","BOSS"],"items_purchased_type":["Card","Relic","Card","Relic","Relic","Relic"],"build_version":"2020-12-22","purchased_purges":3,"victory":true,"max_hp_per_floor":[75,75,75,78,78,78,81,84,87,87,91,91,91,95,99,103,107,107,111,111,111,115,115,119,119,119,123,123,123,123,127,127,134,134,134,134,142,146,153,157,157,169,177,177,181,181,185,189,189,193,197,204,204,204,208,216,228,228,232,232,232,236,240,240,244,244,244,248,248,248,252,252,252,252,256,256],"card_choices":[{"not_picked":["Bloodletting","Entrench"],"picked":"Evolve","floor":1.0},{"not_picked":["Wild Strike","Pummel","Sword Boomerang"],"picked":"SKIP","floor":4.0},{"not_picked":["Dropkick","Flame Barrier"],"picked":"Body Slam","floor":7.0},{"not_picked":["Sever Soul","Pommel Strike"],"picked":"Wild Strike","floor":8.0},{"not_picked":["Cleave","Pommel Strike"],"picked":"Carnage","floor":9.0},{"not_picked":["Cleave","Rage","Iron Wave"],"picked":"SKIP","floor":11.0},{"not_picked":["Bloodletting","Wild Strike"],"picked":"Shrug It Off","floor":14.0},{"not_picked":["Headbutt","Iron Wave"],"picked":"Armaments","floor":15.0},{"not_picked":["Headbutt","Body Slam"],"picked":"True Grit","floor":16.0},{"not_picked":["Seeing Red","Heavy Blade","Limit Break"],"picked":"SKIP","floor":17.0},{"not_picked":["Reckless Charge","Twin Strike","Searing Blow"],"picked":"SKIP","floor":19.0},{"not_picked":["Fiend Fire","Double Tap"],"picked":"Exhume","floor":22.0},{"not_picked":["Iron Wave","Sword Boomerang"],"picked":"Shrug It Off","floor":24.0},{"not_picked":["Twin Strike","Anger"],"picked":"Metallicize+1","floor":27.0},{"not_picked":["Iron Wave","Seeing Red+1"],"picked":"Fire Breathing","floor":31.0},{"not_picked":["Combust","Shrug It Off"],"picked":"Dark Embrace+1","floor":33.0},{"not_picked":["True Grit","Headbutt","Havoc"],"picked":"SKIP","floor":37.0},{"not_picked":["Iron Wave","Bloodletting"],"picked":"Shockwave","floor":38.0},{"not_picked":["Warcry","Sword Boomerang"],"picked":"Second Wind+1","floor":39.0},{"not_picked":["Havoc","Anger","Cleave"],"picked":"SKIP","floor":40.0},{"not_picked":["Armaments","Double Tap","Clothesline"],"picked":"SKIP","floor":42.0},{"not_picked":["Hemokinesis+1","Wild Strike","Pommel Strike"],"picked":"SKIP","floor":43.0},{"not_picked":["Fiend Fire","Impervious"],"picked":"Corruption","floor":45.0},{"not_picked":["Pommel Strike+1","Clash+1"],"picked":"Bloodletting+1","floor":47.0},{"not_picked":["Bludgeon","Armaments","Pommel Strike+1"],"picked":"SKIP","floor":48.0},{"not_picked":["Wild Strike+1","Headbutt+1","Disarm+1"],"picked":"SKIP","floor":50.0},{"not_picked":["Combust","Headbutt+1"],"picked":"Metallicize+1","floor":51.0},{"not_picked":["Headbutt","Anger+1","Evolve"],"picked":"SKIP","floor":52.0},{"not_picked":["Body Slam+1","Reaper"],"picked":"Metallicize+1","floor":55.0},{"not_picked":["Body Slam+1","Pommel Strike","Battle Trance+1"],"picked":"SKIP","floor":57.0},{"not_picked":["Second Wind","Pommel Strike+1","Feed"],"picked":"SKIP","floor":58.0},{"not_picked":["Immolate","Bludgeon"],"picked":"True Grit+1","floor":59},{"not_picked":["Pummel","Cleave","Headbutt"],"picked":"SKIP","floor":62},{"not_picked":["Searing Blow","Inflame+1"],"picked":"Offering","floor":65},{"not_picked":["Wild Strike+1","Bloodletting","Flame Barrier"],"picked":"SKIP","floor":68},{"not_picked":["EmptyMind+1","PathToVictory+1"],"picked":"MasterReality","floor":75}],"player_experience":2556658,"relics_obtained":[{"floor":5.0,"key":"Bag of Preparation"},{"floor":9.0,"key":"War Paint"},{"floor":11.0,"key":"Mercury Hourglass"},{"floor":13.0,"key":"Potion Belt"},{"floor":14.0,"key":"Kunai"},{"floor":26.0,"key":"Nilry\u0027s Codex"},{"floor":29.0,"key":"Vajra"},{"floor":31.0,"key":"Red Skull"},{"floor":33.0,"key":"Boot"},{"floor":35.0,"key":"Lantern"},{"floor":38.0,"key":"Regal Pillow"},{"floor":55.0,"key":"Bottled Lightning"},{"floor":56.0,"key":"Pocketwatch"},{"floor":59,"key":"Bronze Scales"},{"floor":60,"key":"Turnip"},{"floor":63,"key":"Incense Burner"},{"floor":65,"key":"Bottled Tornado"},{"floor":75,"key":"Shuriken"}],"event_choices":[{"damage_healed":0.0,"max_hp_gain":0.0,"max_hp_loss":0.0,"gold_gain":0.0,"event_name":"The Cleric","player_choice":"Leave","floor":3.0,"gold_loss":0.0,"damage_taken":0.0},{"cards_removed":["Strike_R"],"damage_healed":0.0,"max_hp_gain":0.0,"max_hp_loss":0.0,"gold_gain":0.0,"event_name":"Purifier","player_choice":"Purged","floor":6.0,"gold_loss":0.0,"damage_taken":0.0},{"damage_healed":0.0,"max_hp_gain":0.0,"max_hp_loss":0.0,"gold_gain":0.0,"event_name":"Vampires","player_choice":"Ignored","floor":25.0,"gold_loss":0.0,"damage_taken":0.0},{"damage_healed":0.0,"max_hp_gain":0.0,"max_hp_loss":0.0,"gold_gain":0.0,"event_name":"Cursed Tome","player_choice":"Obtained Book","floor":26.0,"gold_loss":0.0,"damage_taken":16.0},{"damage_healed":0.0,"max_hp_gain":0.0,"max_hp_loss":0.0,"gold_gain":99.0,"event_name":"Nest","player_choice":"Stole From Cult","floor":28.0,"gold_loss":0.0,"damage_taken":0.0},{"damage_healed":0.0,"max_hp_gain":0.0,"max_hp_loss":0.0,"gold_gain":0.0,"event_name":"The Mausoleum","player_choice":"Ignored","floor":32.0,"gold_loss":0.0,"damage_taken":0.0},{"damage_healed":0.0,"max_hp_gain":0.0,"max_hp_loss":0.0,"gold_gain":0.0,"event_name":"N\u0027loth","player_choice":"Traded Relic","floor":41.0,"relics_lost":["Potion Belt"],"gold_loss":0.0,"damage_taken":0.0,"relics_obtained":["Nloth\u0027s Gift"]},{"damage_healed":0.0,"max_hp_gain":0.0,"max_hp_loss":0.0,"gold_gain":0.0,"event_name":"The Woman in Blue","player_choice":"Bought 0 Potions","floor":49.0,"gold_loss":0.0,"damage_taken":0.0},{"damage_healed":0.0,"max_hp_gain":0.0,"max_hp_loss":0.0,"gold_gain":0.0,"event_name":"Mysterious Sphere","player_choice":"Fight","floor":56.0,"gold_loss":0.0,"damage_taken":0.0},{"damage_healed":0,"gold_gain":0,"player_choice":"Fight","damage_taken":0,"max_hp_gain":0,"max_hp_loss":0,"event_name":"MindBloom","floor":63,"gold_loss":0},{"cards_removed":["Feed"],"damage_healed":0,"gold_gain":0,"player_choice":"Removed Attack","damage_taken":0,"max_hp_gain":0,"max_hp_loss":0,"event_name":"Falling","floor":66,"gold_loss":0}],"is_beta":false,"boss_relics":[{"not_picked":["Empty Cage","Cursed Key"],"picked":"Pandora\u0027s Box"},{"not_picked":["Black Star","Astrolabe"],"picked":"Runic Pyramid"}],"items_purged_floors":[36,53,69],"is_endless":false,"potions_floor_spawned":[1,4,8,11,14,22,27,33,40,42,45,48,50,52,56,58,59],"ascension_level":1}}