{"host":"u1dfzl6o6mfmauc3","time":1614227140,"event":{"mods":["2.2 Compatiblity","AchievementEnabler","BaseMod","Bestiary","Block Reminder","Challenge The Spire","Colored Map","Dark Map","Hermit","Highlight Path","Minty Spire (QoL Compilation)","Random Character Button","Rare Cards Sparkle","Relic Stats","Robot Space Explorer","StSLib","The Disciple"],"gold_per_floor":[20,37,37,37,57,74,108,22,22,22,22,43,43,56,75,75,196,196,216,216,251,265,17,17,57,71,140,140,27,43,57,57,57],"floor_reached":32,"language":"ENG","playtime":2765,"items_purged":["Shame"],"score":264,"play_id":"eb0da74e-edcb-4d3b-aa02-3b27763a1e1f","local_time":"20210224232540","is_ascension_mode":false,"campfire_choices":[{"floor":9,"key":"REST"},{"data":"BiteCommand","floor":13,"key":"SMITH"},{"floor":16,"key":"REST"},{"data":"DaylightSavings","floor":24,"key":"SMITH"}],"circlet_count":0,"master_deck":["Strike_Br","Strike_Br","Strike_Br","Strike_Br","Defend_Br","Defend_Br","Defend_Br","Defend_Br","SecondHand","PatternShift","LockedFlame","LockedScales","BiteCommand+1","PrimeTime","Echoward","DaylightSavings+2","Keepsakes+1","WindUp+1","SlimeSpray+1","LockedUrn+1","Fragmentalize+1","Accruing+1","Blind","LockedMedicine+1","TiringSlam+1","WatchCommand+1"],"relics":["Chronometer","Whetstone?","Molten Egg 2","Frozen Egg 2","Golden Idol","Busted Crown","Red Mask","Strawberry","Blue Candle","Bottled Lightning","Regal Pillow"],"acts_visited":["Exordium","TheCity"],"potions_floor_usage":[12,17,17,17,22,32],"damage_taken":[{"damage":3,"enemies":"2 Louse","floor":1,"turns":4},{"damage":0,"enemies":"Small Slimes","floor":2,"turns":5},{"damage":0,"enemies":"Jaw Worm","floor":5,"turns":4},{"damage":6,"enemies":"Gremlin Gang","floor":6,"turns":4},{"damage":52,"enemies":"Gremlin Nob","floor":7,"turns":4},{"damage":2,"enemies":"3 Louse","floor":12,"turns":3},{"damage":2,"enemies":"Blue Slaver","floor":14,"turns":3},{"damage":7,"enemies":"Exordium Wildlife","floor":15,"turns":2},{"damage":29,"enemies":"Hexaghost","floor":17,"turns":9},{"damage":0,"enemies":"Chosen","floor":19,"turns":3},{"damage":5,"enemies":"Masked Bandits","floor":21,"turns":2},{"damage":20,"enemies":"3 Byrds","floor":22,"turns":4},{"damage":6,"enemies":"Gremlin Leader","floor":25,"turns":6},{"damage":5,"enemies":"Centurion and Healer","floor":26,"turns":5},{"damage":20,"enemies":"Sentry and Sphere","floor":30,"turns":4},{"damage":5,"enemies":"Chosen and Byrds","floor":31,"turns":3},{"damage":22,"enemies":"3 Cultists","floor":32,"turns":3}],"seed_played":"-7464839021779125134","potions_obtained":[{"floor":1,"key":"GamblersBrew"},{"floor":2,"key":"PowerPotion"},{"floor":7,"key":"PowerPotion"},{"floor":15,"key":"Explosive Potion"},{"floor":17,"key":"HastePotion"},{"floor":21,"key":"Swift Potion"},{"floor":26,"key":"Dexterity Potion"},{"floor":30,"key":"Fire Potion"}],"is_trial":false,"path_per_floor":["M","M","?","?","M","M","E","$","R","T","?","M","R","M","M","R","B",null,"M","?","?","M","$","R","E","M","T","?","$","M","M","M"],"character_chosen":"CHRONO_CLASS","items_purchased":["Keepsakes+1","Block Potion","Strawberry","Blind","TiringSlam+1"],"campfire_rested":2,"item_purchase_floors":[8,8,23,23,29],"current_hp_per_floor":[62,62,62,67,67,61,9,9,30,30,30,28,28,26,19,38,15,65,65,65,63,46,53,53,47,42,42,42,42,22,20,0,0],"gold":57,"neow_bonus":"THREE_RARE_CARDS","is_daily":false,"chose_seed":false,"campfire_upgraded":2,"win_rate":0.0,"timestamp":1614227140,"path_taken":["M","M","?","?","M","M","E","$","R","T","?","M","R","?","?","R","BOSS","M","?","?","M","?","R","E","M","T","?","$","M","M","M"],"items_purchased_type":["Card","Potion","Relic","Card","Card"],"build_version":"2020-12-22","purchased_purges":1,"victory":false,"max_hp_per_floor":[65,65,65,70,70,70,70,70,70,70,65,65,65,65,65,65,65,65,65,65,65,65,72,72,72,72,72,72,72,72,72,72,72],"relic_stats":{"Regal Pillow":0,"Busted Crown":14,"counters":[17,68],"Golden Idol":66,"Blue Candle":[0],"obtain_stats":[{"Regal Pillow":28,"Busted Crown":18,"Chronometer":0,"Golden Idol":11,"Strawberry":23,"Blue Candle":25,"Molten Egg 2":7,"Whetstone?":3,"Red Mask":21,"Bottled Lightning":27,"Frozen Egg 2":10},{"Regal Pillow":14,"Busted Crown":9,"Chronometer":0,"Golden Idol":5,"Strawberry":12,"Blue Candle":13,"Molten Egg 2":5,"Whetstone?":2,"Red Mask":11,"Bottled Lightning":14,"Frozen Egg 2":5},{"Regal Pillow":58,"Busted Crown":38,"Chronometer":0,"Golden Idol":21,"Strawberry":47,"Blue Candle":53,"Molten Egg 2":21,"Whetstone?":9,"Red Mask":43,"Bottled Lightning":58,"Frozen Egg 2":21}]},"card_choices":[{"not_picked":["LockedCalendar","OverTime"],"picked":"LockedFlame","floor":0},{"not_picked":["LockedBlood","LockedMedicine"],"picked":"LockedScales","floor":1},{"not_picked":["LockedMawBank","LockedAnchor"],"picked":"BiteCommand","floor":2},{"not_picked":["LockedCalendar","LockedAnchor"],"picked":"PrimeTime","floor":5},{"not_picked":["LockedScales","LockedWhetstone"],"picked":"Echoward","floor":6},{"not_picked":["BiteCommand+1","EscortCommand"],"picked":"DaylightSavings","floor":7},{"not_picked":["AlternateTimeline","LockedScales+1"],"picked":"WindUp+1","floor":12},{"not_picked":["BiteCommand+1","OverTime+1"],"picked":"SlimeSpray+1","floor":14},{"not_picked":["HandsUpC+1","HandsUpB"],"picked":"LockedUrn+1","floor":15},{"not_picked":["LockedCalendar+1","RageCommand+1"],"picked":"Fragmentalize+1","floor":17},{"not_picked":["Echoward"],"picked":"SKIP","floor":19},{"not_picked":[],"picked":"Accruing+1","floor":22},{"not_picked":[],"picked":"LockedMedicine+1","floor":25},{"not_picked":["Tempo+1"],"picked":"SKIP","floor":26},{"not_picked":[],"picked":"WatchCommand+1","floor":30},{"not_picked":["Engulf+1"],"picked":"SKIP","floor":31}],"player_experience":269940,"relics_obtained":[{"floor":7,"key":"Molten Egg 2"},{"floor":10,"key":"Frozen Egg 2"},{"floor":21,"key":"Red Mask"},{"floor":25,"key":"Blue Candle"},{"floor":27,"key":"Bottled Lightning"}],"event_choices":[{"damage_healed":0,"gold_gain":0,"player_choice":"Donut","damage_taken":0,"max_hp_gain":5,"max_hp_loss":0,"event_name":"Big Fish","floor":4,"gold_loss":0},{"damage_healed":0,"gold_gain":0,"player_choice":"Lose Max HP","damage_taken":0,"relics_obtained":["Golden Idol"],"max_hp_gain":0,"max_hp_loss":5,"event_name":"Golden Idol","floor":11,"gold_loss":0},{"damage_healed":0,"gold_gain":0,"player_choice":"Ignored","damage_taken":0,"max_hp_gain":0,"max_hp_loss":0,"event_name":"Ghosts","floor":20,"gold_loss":0},{"damage_healed":0,"gold_gain":0,"player_choice":"Fought Bandits","damage_taken":0,"max_hp_gain":0,"max_hp_loss":0,"event_name":"Masked Bandits","floor":21,"gold_loss":0},{"damage_healed":0,"gold_gain":0,"player_choice":"Stole Relic","damage_taken":0,"relics_obtained":["Regal Pillow"],"max_hp_gain":0,"max_hp_loss":0,"event_name":"Addict","floor":28,"gold_loss":0,"cards_obtained":["Shame"]}],"is_beta":false,"boss_relics":[{"not_picked":["Empty Cage","Sozu"],"picked":"Busted Crown"}],"items_purged_floors":[29],"is_endless":false,"potions_floor_spawned":[1,2,7,15,17,21,26,30,31],"killed_by":"3 Cultists","ascension_level":0}}