{"host":"ndpbn7fqb3wjbd7p","time":1614288844,"event":{"mods":["AchievementEnabler","Act Like it!","AlwaysNeverKeys","BaseMod","Better Vampires","Block Reminder","Colored Powertips","DeckTracker","Defuse TimeMaze Blight","Friendly Minions","Highlight Path","MarisaÅiñ∂âJÅ@ñÇóùçπÅj","Minty Spire (QoL Compilation)","Permanent Neow","StSLib","SuperFastMode","Synergy Search","Unceasing Turn Reminder","Wandering Minibosses"],"gold_per_floor":[211,211,211,211,227,257,257,257,303,321,175,215,290,317,317,317,317],"floor_reached":16,"language":"ENG","playtime":830,"items_purged":["Strike_MRS"],"score":124,"play_id":"4a3b54e6-4bf4-4dd5-bfb4-848635c6a09b","local_time":"20210225223404","is_ascension_mode":true,"campfire_choices":[{"data":"StarDustReverie","floor":8,"key":"SMITH"},{"data":"WitchOfGreed","floor":15,"key":"SMITH"}],"circlet_count":0,"master_deck":["Strike_MRS","Strike_MRS","Defend_MRS","Defend_MRS","Defend_MRS","Defend_MRS","MasterSpark","UpSweep","PowerUp","StarDustReverie+1","MysteriousBeam","WitchOfGreed+1","OortCloud","MilkyWay"],"relics":["MiniHakkero","Ornamental Fan","Matryoshka","Smiling Mask","Orichalcum","PreservedInsect","Dream Catcher"],"acts_visited":["Exordium"],"potions_floor_usage":[11,12,14,14,14,16],"damage_taken":[{"damage":0,"enemies":"Cultist","floor":1,"turns":3},{"damage":7,"enemies":"Jaw Worm","floor":5,"turns":3},{"damage":31,"enemies":"Lagavulin","floor":6,"turns":6},{"damage":0,"enemies":"Small Slimes","floor":10,"turns":2},{"damage":6,"enemies":"3 Sentries","floor":12,"turns":3},{"damage":4,"enemies":"Exordium Wildlife","floor":14,"turns":3},{"damage":22,"enemies":"The Guardian","floor":16,"turns":6}],"seed_played":"-7213715530402571153","potions_obtained":[{"floor":5,"key":"LiquidBronze"},{"floor":6,"key":"StarNLove"},{"floor":7,"key":"Explosive Potion"},{"floor":7,"key":"BlessingOfTheForge"},{"floor":12,"key":"EssenceOfSteel"},{"floor":12,"key":"SkillPotion"},{"floor":14,"key":"AttackPotion"}],"is_trial":false,"path_per_floor":["M","T","?","?","M","E","?","R","T","M","$","E","?","M","R","B"],"character_chosen":"MARISA","items_purchased":["Fruit Juice"],"campfire_rested":0,"item_purchase_floors":[11],"current_hp_per_floor":[75,75,72,72,65,34,34,34,34,34,39,33,25,21,21,0,0],"gold":317,"neow_bonus":"HUNDRED_GOLD","is_daily":false,"chose_seed":false,"campfire_upgraded":2,"win_rate":0.0,"timestamp":1614288844,"path_taken":["M","?","?","?","?","E","?","R","T","?","$","E","?","M","R","BOSS"],"items_purchased_type":["Potion"],"build_version":"2020-12-22","purchased_purges":1,"victory":false,"max_hp_per_floor":[75,75,75,75,75,75,75,75,75,75,80,80,80,80,80,80,80],"card_choices":[{"not_picked":["MilkyWay","DC"],"picked":"PowerUp","floor":1},{"not_picked":["LuminesStrike","ShootingEcho"],"picked":"StarDustReverie","floor":5},{"not_picked":["GalacticHalo","DragonMeteor"],"picked":"MysteriousBeam","floor":6},{"not_picked":["GravityBeat","GrandCross"],"picked":"WitchOfGreed","floor":10},{"not_picked":["SporeBomb","GravityBeat"],"picked":"OortCloud","floor":12},{"not_picked":["StarBarrage","BlazeAway"],"picked":"MilkyWay","floor":14}],"player_experience":1222035,"relics_obtained":[{"floor":2,"key":"Ornamental Fan"},{"floor":6,"key":"Smiling Mask"},{"floor":9,"key":"Orichalcum"},{"floor":9,"key":"PreservedInsect"},{"floor":12,"key":"Dream Catcher"}],"event_choices":[{"damage_healed":0,"gold_gain":0,"player_choice":"Success","damage_taken":3,"relics_obtained":["Matryoshka"],"max_hp_gain":0,"max_hp_loss":0,"event_name":"Scrap Ooze","floor":3,"gold_loss":0},{"cards_removed":["Strike_MRS"],"damage_healed":0,"gold_gain":0,"player_choice":"Forget","damage_taken":0,"max_hp_gain":0,"max_hp_loss":0,"event_name":"Living Wall","floor":4,"gold_loss":0},{"damage_healed":0,"gold_gain":0,"player_choice":"Got Potions","damage_taken":0,"max_hp_gain":0,"max_hp_loss":0,"event_name":"Lab","floor":7,"gold_loss":0},{"damage_healed":0,"gold_gain":75,"player_choice":"Touch","damage_taken":8,"max_hp_gain":0,"max_hp_loss":0,"event_name":"FaceTrader","floor":13,"gold_loss":0}],"is_beta":false,"boss_relics":[],"items_purged_floors":[11],"is_endless":false,"potions_floor_spawned":[5,6,12],"killed_by":"The Guardian","ascension_level":3}}