{"host":"5hj512uv6i1x1iks","time":1614287204,"event":{"mods":["BaseMod","Block Reminder","Colored Powertips","Minty Spire (QoL Compilation)","Random Character Button","Relic Stats","Slay the Relics Exporter","ojb\u0027s Info Mod: The sequel"],"gold_per_floor":[19,29,29,47,66,66,110,110,162,175,193,193,212,3,3,98,98,114,114,114,64,77,77,77,77],"floor_reached":24,"language":"ENG","playtime":980,"items_purged":[],"score":366,"play_id":"d5f2ca37-2f21-40f6-8b94-28873645e13b","local_time":"20210225150644","is_ascension_mode":true,"campfire_choices":[{"data":"Cleave","floor":6.0,"key":"SMITH"},{"data":"Bash","floor":12,"key":"SMITH"},{"data":"Hemokinesis","floor":15,"key":"SMITH"},{"data":"Berserk","floor":23,"key":"SMITH"}],"circlet_count":0,"master_deck":["AscendersBane","Strike_R","Strike_R","Strike_R","Strike_R","Defend_R","Defend_R","Defend_R","Defend_R","Bash+1","Twin Strike","Shrug It Off","Cleave+1","Battle Trance","Flame Barrier","Hemokinesis+1","Reaper","CurseOfTheBell","Power Through+1","Berserk+1","True Grit"],"relics":["Burning Blood","Lizard Tail","Golden Idol","InkBottle","NlothsMask","Blood Vial","Calling Bell","Anchor","HornCleat","Unceasing Top"],"acts_visited":["Exordium","TheCity"],"potions_floor_usage":[16,16,22],"damage_taken":[{"damage":3.0,"enemies":"2 Louse","floor":1.0,"turns":4.0},{"damage":4.0,"enemies":"Small Slimes","floor":2.0,"turns":4.0},{"damage":1.0,"enemies":"Cultist","floor":4.0,"turns":3.0},{"damage":7.0,"enemies":"2 Fungi Beasts","floor":5.0,"turns":5.0},{"damage":30.0,"enemies":"Gremlin Nob","floor":7.0,"turns":4.0},{"damage":19.0,"enemies":"Lots of Slimes","floor":10.0,"turns":5.0},{"damage":12.0,"enemies":"Looter","floor":11.0,"turns":3.0},{"damage":2,"enemies":"2 Fungi Beasts","floor":13,"turns":5},{"damage":48,"enemies":"The Guardian","floor":16,"turns":17},{"damage":0,"enemies":"3 Byrds","floor":18,"turns":1},{"damage":39,"enemies":"Chosen","floor":22,"turns":8},{"damage":50,"enemies":"Slavers","floor":24,"turns":3}],"seed_played":"-4166944277507241705","potions_obtained":[{"floor":5.0,"key":"DistilledChaos"},{"floor":7.0,"key":"EssenceOfSteel"},{"floor":11,"key":"SmokeBomb"},{"floor":13,"key":"Fire Potion"},{"floor":16,"key":"AttackPotion"}],"is_trial":false,"path_per_floor":["M","M","?","M","M","R","E","?","T","M","M","R","M","$","R","B",null,"M","?","?","$","M","R","E"],"character_chosen":"IRONCLAD","items_purchased":["Blood Vial","Hemokinesis","True Grit"],"campfire_rested":0,"item_purchase_floors":[14,14,21],"current_hp_per_floor":[71,73,68,68,67,67,43,43,43,30,24,24,28,28,28,27,58,66,66,66,66,35,35,0,0],"gold":77,"neow_bonus":"ONE_RARE_RELIC","is_daily":false,"chose_seed":false,"campfire_upgraded":4,"win_rate":0.0,"timestamp":1614287204,"path_taken":["M","M","?","M","M","R","E","?","T","M","M","R","M","$","R","BOSS","M","?","?","$","?","R","E"],"items_purchased_type":["Relic","Card","Card"],"build_version":"2020-12-22","purchased_purges":0,"victory":false,"max_hp_per_floor":[75,75,68,68,68,68,68,68,68,68,68,68,68,68,68,68,68,68,68,68,68,68,68,68,68],"relic_stats":{"Blood Vial":8,"Lizard Tail":34,"counters":[12,62],"Golden Idol":57,"obtain_stats":[{"Blood Vial":14,"Calling Bell":17,"Lizard Tail":0,"Anchor":17,"HornCleat":17,"Golden Idol":3,"Burning Blood":0,"InkBottle":7,"Unceasing Top":17,"NlothsMask":8},{"Blood Vial":8,"Calling Bell":9,"Lizard Tail":0,"Anchor":9,"HornCleat":9,"Golden Idol":2,"Burning Blood":0,"InkBottle":5,"Unceasing Top":9,"NlothsMask":5},{"Blood Vial":33,"Calling Bell":50,"Lizard Tail":0,"Anchor":50,"HornCleat":50,"Golden Idol":8,"Burning Blood":0,"InkBottle":20,"Unceasing Top":50,"NlothsMask":20}],"Burning Blood":61,"InkBottle":[8],"Unceasing Top":[0]},"card_choices":[{"not_picked":["True Grit","Clash"],"picked":"Twin Strike","floor":1.0},{"not_picked":["Twin Strike","Armaments","Iron Wave"],"picked":"SKIP","floor":2.0},{"not_picked":["Barricade","Pommel Strike"],"picked":"Shrug It Off","floor":4.0},{"not_picked":["Hemokinesis","Twin Strike"],"picked":"Cleave","floor":5.0},{"not_picked":["Ghostly Armor","Sentinel"],"picked":"Battle Trance","floor":7.0},{"not_picked":["Perfected Strike","Wild Strike","Cleave"],"picked":"SKIP","floor":10.0},{"not_picked":["Sword Boomerang","Body Slam","Heavy Blade"],"picked":"SKIP","floor":11},{"not_picked":["Heavy Blade","Sword Boomerang"],"picked":"Flame Barrier","floor":13},{"not_picked":["Brutality","Offering"],"picked":"Reaper","floor":16},{"not_picked":["Power Through+1","Rampage","Anger"],"picked":"SKIP","floor":18},{"not_picked":["Rampage","Anger"],"picked":"Power Through+1","floor":18},{"not_picked":["Dark Embrace+1","Thunderclap+1","Heavy Blade+1"],"picked":"SKIP","floor":22}],"player_experience":660920,"relics_obtained":[{"floor":7.0,"key":"InkBottle"},{"floor":17,"key":"Anchor"},{"floor":17,"key":"HornCleat"},{"floor":17,"key":"Unceasing Top"}],"event_choices":[{"damage_healed":0.0,"max_hp_gain":0.0,"max_hp_loss":7.0,"gold_gain":0.0,"event_name":"Golden Idol","player_choice":"Lose Max HP","floor":3.0,"gold_loss":0.0,"damage_taken":0.0,"relics_obtained":["Golden Idol"]},{"damage_healed":0.0,"max_hp_gain":0.0,"max_hp_loss":0.0,"gold_gain":0.0,"event_name":"FaceTrader","player_choice":"Trade","floor":8.0,"gold_loss":0.0,"damage_taken":0.0,"relics_obtained":["NlothsMask"]},{"damage_healed":0,"gold_gain":0,"player_choice":"Ignored","damage_taken":0,"max_hp_gain":0,"max_hp_loss":0,"event_name":"The Mausoleum","floor":19,"gold_loss":0},{"damage_healed":0,"gold_gain":0,"cards_transformed":["Strike_R"],"player_choice":"Transformed","damage_taken":0,"max_hp_gain":0,"max_hp_loss":0,"event_name":"Transmorgrifier","floor":20,"gold_loss":0,"cards_obtained":["Berserk"]}],"is_beta":false,"boss_relics":[{"not_picked":["SacredBark","Sozu"],"picked":"Calling Bell"}],"items_purged_floors":[],"is_endless":false,"potions_floor_spawned":[5,7,11,13,16],"killed_by":"Slavers","ascension_level":17}}