{"host":"fuszjwm6fqgjjp4d","time":1614221762,"event":{"mods":["BaseMod","Colored Map","Minty Spire (QoL Compilation)","Permanent Neow","Relic Sorter","Relic Stats","StSLib"],"gold_per_floor":[215,7,7,18,30,56,21,32,58,58,58,102,102,124,124,208,267,294,303,330,10,20,20,33,33,33],"floor_reached":25,"language":"ENG","playtime":619,"items_purged":["Defend_R"],"score":426,"play_id":"25d7b421-ac36-4b6b-8301-bb93ec02ec6c","local_time":"20210224205602","is_ascension_mode":true,"campfire_choices":[{"data":"Sword Boomerang","floor":11.0,"key":"SMITH"},{"data":"Bludgeon","floor":13.0,"key":"SMITH"},{"data":"Clash","floor":15.0,"key":"SMITH"},{"floor":23,"key":"REST"}],"circlet_count":0,"master_deck":["AscendersBane","Strike_R","Strike_R","Strike_R","Strike_R","Defend_R","Defend_R","Bash","Sword Boomerang+1","Sever Soul+1","Headbutt","Clash+1","Headbutt","Bludgeon+1","Second Wind","Demon Form","Warcry","Pommel Strike+1","Uppercut","Pommel Strike","Inflame"],"relics":["Burning Blood","Pen Nib","Regal Pillow","CeramicFish","Nunchaku","Tiny House","Tiny Chest"],"acts_visited":["Exordium","TheCity"],"potions_floor_usage":[18,20,22,24,24],"damage_taken":[{"damage":19.0,"enemies":"Small Slimes","floor":1.0,"turns":3.0},{"damage":1.0,"enemies":"Cultist","floor":4.0,"turns":3.0},{"damage":2.0,"enemies":"Jaw Worm","floor":5.0,"turns":2.0},{"damage":36.0,"enemies":"3 Sentries","floor":6.0,"turns":6.0},{"damage":6.0,"enemies":"2 Fungi Beasts","floor":8.0,"turns":3.0},{"damage":10.0,"enemies":"Lagavulin","floor":12.0,"turns":3.0},{"damage":12.0,"enemies":"Exordium Thugs","floor":14.0,"turns":3.0},{"damage":36,"enemies":"Slime Boss","floor":16,"turns":8},{"damage":28,"enemies":"2 Thieves","floor":18,"turns":3},{"damage":0,"enemies":"Chosen","floor":20,"turns":2},{"damage":16,"enemies":"Sentry and Sphere","floor":22,"turns":4},{"damage":0,"enemies":"Snecko","floor":24,"turns":2},{"damage":83,"enemies":"Slavers","floor":25,"turns":5}],"seed_played":"2242801859022234661","potions_obtained":[{"floor":5.0,"key":"PowerPotion"},{"floor":6.0,"key":"Regen Potion"},{"floor":10.0,"key":"SteroidPotion"},{"floor":12.0,"key":"PowerPotion"},{"floor":17,"key":"Swift Potion"},{"floor":18,"key":"DuplicationPotion"},{"floor":22,"key":"LiquidMemories"}],"is_trial":false,"path_per_floor":["M","$","?","M","M","E","?","M","T","?","R","E","R","M","R","B",null,"M","?","M","$","M","R","M","E"],"character_chosen":"IRONCLAD","items_purchased":["Pen Nib","Sever Soul","Inflame","Tiny Chest","Block Potion"],"campfire_rested":1,"item_purchase_floors":[2,2,21,21,21],"current_hp_per_floor":[55,55,55,60,64,34,52,52,52,52,52,57,57,51,51,21,67,45,45,51,51,41,80,80,0,0],"gold":33,"neow_bonus":"HUNDRED_GOLD","is_daily":false,"chose_seed":false,"campfire_upgraded":3,"win_rate":0.0,"timestamp":1614221762,"path_taken":["M","$","?","M","?","E","?","M","T","?","R","E","R","M","R","BOSS","M","?","M","$","M","R","?","E"],"items_purchased_type":["Relic","Card","Card","Relic","Potion"],"build_version":"2020-12-22","purchased_purges":1,"victory":false,"max_hp_per_floor":[75,75,75,75,75,75,75,75,75,75,75,75,75,75,75,75,80,80,80,80,80,80,80,80,80,80],"relic_stats":{"Regal Pillow":15,"Nunchaku":[5],"counters":[13,47],"CeramicFish":72,"Tiny Chest":0,"Pen Nib":[8],"obtain_stats":[{"Regal Pillow":6,"Nunchaku":12,"Tiny House":17,"CeramicFish":9,"Tiny Chest":21,"Pen Nib":2,"Burning Blood":0},{"Regal Pillow":4,"Nunchaku":6,"Tiny House":8,"CeramicFish":5,"Tiny Chest":10,"Pen Nib":1,"Burning Blood":0},{"Regal Pillow":14,"Nunchaku":20,"Tiny House":31,"CeramicFish":17,"Tiny Chest":36,"Pen Nib":3,"Burning Blood":0}],"Burning Blood":66},"card_choices":[{"not_picked":["Rupture","Shrug It Off"],"picked":"Sword Boomerang","floor":1.0},{"not_picked":["Flex","Wild Strike"],"picked":"Clash","floor":4.0},{"not_picked":["Body Slam","Iron Wave","Havoc"],"picked":"SKIP","floor":5.0},{"not_picked":["Anger","Seeing Red","Barricade"],"picked":"SKIP","floor":6.0},{"not_picked":["Body Slam","Perfected Strike"],"picked":"Headbutt","floor":8.0},{"not_picked":["Warcry","Power Through"],"picked":"Bludgeon","floor":12.0},{"not_picked":["Warcry","Headbutt"],"picked":"Second Wind","floor":14.0},{"not_picked":["Berserk","Reaper"],"picked":"Demon Form","floor":16},{"not_picked":["Armaments","Sever Soul"],"picked":"Warcry","floor":17},{"not_picked":["Iron Wave","Anger"],"picked":"Pommel Strike+1","floor":18},{"not_picked":["Thunderclap","Clothesline+1"],"picked":"Pommel Strike","floor":20},{"not_picked":["Twin Strike","Reckless Charge","Havoc"],"picked":"SKIP","floor":22},{"not_picked":["Body Slam","Clothesline","Sentinel"],"picked":"SKIP","floor":24}],"player_experience":1534681,"relics_obtained":[{"floor":6.0,"key":"Regal Pillow"},{"floor":9.0,"key":"CeramicFish"},{"floor":12.0,"key":"Nunchaku"}],"event_choices":[{"damage_healed":0.0,"max_hp_gain":0.0,"max_hp_loss":0.0,"gold_gain":0.0,"cards_transformed":["Strike_R"],"event_name":"Transmorgrifier","player_choice":"Transformed","floor":3.0,"gold_loss":0.0,"damage_taken":0.0,"cards_obtained":["Headbutt"]},{"damage_healed":18.0,"max_hp_gain":0.0,"max_hp_loss":0.0,"gold_gain":0.0,"event_name":"The Cleric","player_choice":"Healed","floor":7.0,"gold_loss":35.0,"damage_taken":0.0},{"damage_healed":0.0,"max_hp_gain":0.0,"max_hp_loss":0.0,"gold_gain":0.0,"event_name":"Lab","player_choice":"Got Potions","floor":10.0,"gold_loss":0.0,"damage_taken":0.0},{"damage_healed":0,"gold_gain":0,"cards_transformed":["Defend_R"],"player_choice":"Transformed","damage_taken":0,"max_hp_gain":0,"max_hp_loss":0,"event_name":"Transmorgrifier","floor":19,"gold_loss":0,"cards_obtained":["Uppercut"]}],"is_beta":false,"boss_relics":[{"not_picked":["Philosopher\u0027s Stone","Black Blood"],"picked":"Tiny House"}],"items_purged_floors":[21],"is_endless":false,"potions_floor_spawned":[5,6,12,18,22],"killed_by":"Slavers","ascension_level":20}}