{"host":"gm50ke85n5jz306u","time":1614275448,"event":{"mods":["AchievementEnabler","AlwaysNeverKeys","Aspiration","BaseMod","Beaked The Cultist","Bestiary","Better Altar","Better Match","Better Note","Better Sensory Stone","Better Skull","Better Third Choice","Better Vampires","Better-Laid Plans","BetterRewards","Colored Powertips","Curses Come First","DNKmod","Defuse TimeMaze Blight","Disable Question Mark Monsters","Displayed Cursed Tome","Downfall","Emptier Cage","Extra Virgin Snecko Oil","Filter the Spire","Friendly Minions","Gremlin Skip","Hermit","Hubris","Hyrulean Relics","Ironclad Rager","Koishi","Lobotomy","Marisa????????","Marked Mod","Minty Spire (QoL Compilation)","Permanent Neow","Poor People Problems","Quick Restart","Reimu??????","Relic Filter Mod","Relic Sorter","Remove Card Discount Mod","Reorder Act Four","Replay The Spire","Shop Mod","StSLib","Synergy Search","Td1madao Mod","The Administrix","The Animator","The Blue Laboratory","The Bug Knight","The Construct","The Cursed","The Disciple","The Hierophant","The Necromancer","The Runesmith","The Senshi","The Servant 0.9.4","Thieving Mod","Transform Curses","WarShipGirlsR/????R mod"],"gold_per_floor":[10014,10014,9180,9199,9199,9199,9219,9237,9237,9237,9256,9273,9273,8535,8535,8611,8611,8629,8644,8663,7914,7929,7929,7949,7959,7983,7995,7995,6982,6300,6316,6316,6393,6393,6393,6393],"floor_reached":35,"language":"ENG","playtime":1725,"items_purged":["Bash","Whirlwind","Strike_R","Strike_R","Strike_R","Strike_R","Iron Wave","Strike_R+1","Defend_R"],"score":703,"play_id":"2a738715-c3a9-4d60-b8c9-c777cc6d4548","local_time":"20210225185048","is_ascension_mode":true,"campfire_choices":[{"data":"Body Slam","floor":6.0,"key":"SMITH"},{"data":"Sword Boomerang","floor":13,"key":"SMITH"},{"floor":15,"key":"REST"},{"data":"Defend_R","floor":23,"key":"SMITH"},{"data":"Berserk","floor":28,"key":"SMITH"},{"data":"Mayhem","floor":32,"key":"SMITH"}],"circlet_count":0,"master_deck":["AscendersBane","Defend_R+1","Defend_R+1","Defend_R+1","Cleave+1","Body Slam+1","Sword Boomerang+1","Headbutt+1","Metallicize+1","Shrug It Off+1","Berserk+1","Metallicize","Mayhem+1","Dramatic Entrance","Inflame+1","Madness+1","Headbutt","Demon Form"],"relics":["Burning Blood","hubris:Icosahedron","Boot","TheAbacus","Chemical X","Replay:Mystery Machine","hubris:DeckOfHolding","MerchantsRug","Singing Bowl","Chameleon Ring","NlothsMask","HollowMod:StagPassRelic","Guide Book","Black Star","ClockworkSouvenir","Garlic","War Paint","Prayer Wheel","ReplayTheSpireMod:ShopPack","Potion Belt","Replay:Grab Bag","Replay:Bronze Core","hubris:GrandSneckoEye","hubris:Backtick","Replay:Bottled Snecko"],"acts_visited":["Exordium","TheCity","TheBeyond"],"potions_floor_usage":[11,18,19,25,33],"damage_taken":[{"damage":4.0,"enemies":"Small Slimes","floor":1.0,"turns":4.0},{"damage":7.0,"enemies":"Cultist","floor":4.0,"turns":4.0},{"damage":7.0,"enemies":"Jaw Worm","floor":7.0,"turns":3.0},{"damage":14.0,"enemies":"Lots of Slimes","floor":8.0,"turns":4.0},{"damage":26,"enemies":"Exordium Thugs","floor":11,"turns":3},{"damage":11,"enemies":"Blue Slaver","floor":12,"turns":4},{"damage":26,"enemies":"The Guardian","floor":16,"turns":17},{"damage":42,"enemies":"Spheric Guardian","floor":18,"turns":10},{"damage":8,"enemies":"2 Thieves","floor":19,"turns":3},{"damage":42,"enemies":"Sentry and Sphere","floor":20,"turns":7},{"damage":0,"enemies":"Cultist and Chosen","floor":22,"turns":6},{"damage":4,"enemies":"3 Cultists","floor":24,"turns":5},{"damage":0,"enemies":"Sentry and Sphere","floor":25,"turns":6},{"damage":0,"enemies":"Snake Plant","floor":27,"turns":4},{"damage":0,"enemies":"Chosen and Byrds","floor":31,"turns":5},{"damage":68,"enemies":"Collector","floor":33,"turns":10},{"damage":0,"enemies":"3 Shapes","floor":35,"turns":1}],"seed_played":"8075333193832789423","potions_obtained":[{"floor":4.0,"key":"hexamod:SoulburnPotion"},{"floor":16,"key":"blueLaboratory:ForbiddenFruitJuice"},{"floor":19,"key":"PowerPotion"},{"floor":27,"key":"Fire Potion"}],"is_trial":false,"path_per_floor":["M","?","$","M","?","R","M","M","T","?","M","M","R","$","R","B",null,"M","M","M","$","M","R","M","M","T","M","R","$","$","M","R","B",null,"M"],"character_chosen":"IRONCLAD","items_purchased":["Cleave","Singing Bowl","Chemical X","MerchantsRug","Flashbang","FearPotion","Metallicize","Boot","HollowMod:StagPassRelic","Guide Book","blueLaboratory:IronCompound","ClockworkSouvenir","Garlic","War Paint","LifebloodPotion","Energy Potion","Metallicize","Prayer Wheel","hubris:DeckOfHolding","Death Potion","Flashbang","ReplayTheSpireMod:ShopPack","Inflame","Potion Belt","Replay:Mystery Machine","TheAbacus","Madness"],"campfire_rested":1,"item_purchase_floors":[3,3,3,3,3,3,14,14,14,14,14,21,21,21,21,21,29,29,29,29,29,29,30,30,30,30,30],"current_hp_per_floor":[70,70,70,69,46,46,47,41,41,41,21,16,16,16,39,21,66,78,78,42,42,50,50,52,60,60,68,68,70,70,78,78,16,72,72,72],"gold":6393,"neow_bonus":"THREE_CARDS","is_daily":false,"chose_seed":false,"campfire_upgraded":5,"win_rate":0.0,"timestamp":1614275448,"path_taken":["M","?","$","M","?","R","M","M","T","?","?","M","R","$","R","BOSS","M","?","M","$","M","R","M","M","T","M","R","?","$","M","R","BOSS","M"],"items_purchased_type":["Card","Relic","Relic","Relic","Potion","Potion","Card","Relic","Relic","Relic","Potion","Relic","Relic","Relic","Potion","Potion","Card","Relic","Relic","Potion","Potion","Relic","Card","Relic","Relic","Relic","Card"],"build_version":"2020-12-22","purchased_purges":9,"victory":false,"max_hp_per_floor":[75,75,75,75,75,75,77,79,79,79,79,79,79,79,79,81,81,78,80,80,80,82,82,82,84,84,86,86,88,88,90,90,90,90,90,90],"card_choices":[{"not_picked":["ReplayReversal","Thunderclap"],"picked":"Whirlwind","floor":0.0},{"not_picked":["Run Through","Replay:Undeath\u0027s Touch"],"picked":"Iron Wave","floor":1.0},{"not_picked":["Pommel Strike","Heavy Blade"],"picked":"Body Slam","floor":4.0},{"not_picked":["Seeing Red","Anger","Iron Wave"],"picked":"Singing Bowl","floor":7.0},{"not_picked":["Thunderclap","ReplayTheSpireMod:Corrosion Curse","Abandon"],"picked":"Singing Bowl","floor":8.0},{"not_picked":["Flex","Perfected Strike"],"picked":"Sword Boomerang","floor":11},{"not_picked":["True Grit","Havoc"],"picked":"Headbutt","floor":12},{"not_picked":["Replay:Many Hands","Brutality","hubris:StunningStrike"],"picked":"Singing Bowl","floor":16},{"not_picked":["ReplayTheSpireMod:Strike From Hell","Heavy Blade","Shockwave"],"picked":"Singing Bowl","floor":18},{"not_picked":["Warcry+1","Sever Soul","Flex"],"picked":"Singing Bowl","floor":19},{"not_picked":["Thunderclap","Life Link"],"picked":"Shrug It Off+1","floor":20},{"not_picked":["Replay:Undeath\u0027s Touch","Heavy Blade","Fire Breathing"],"picked":"Singing Bowl","floor":22},{"not_picked":["Armaments","Heavy Blade"],"picked":"Berserk","floor":24},{"not_picked":["Rage","Infernal Blade","Clash"],"picked":"Singing Bowl","floor":25},{"not_picked":["Heavy Blade","Wild Strike","ReplayTheSpireMod:Corrosion Curse"],"picked":"Singing Bowl","floor":27},{"not_picked":["Transmutation","Crow Ritual"],"picked":"Mayhem","floor":29},{"not_picked":["hubris:Ssssneak","ReplayTheSpireMod:Necrogeddon","Flash of Steel"],"picked":"Singing Bowl","floor":29},{"not_picked":["hubris:Ssssneak","Transmutation"],"picked":"Dramatic Entrance","floor":29},{"not_picked":["Replay:Many Hands","Heavy Blade","Armaments"],"picked":"Singing Bowl","floor":31},{"not_picked":["Run Through","Pommel Strike"],"picked":"Headbutt","floor":31},{"not_picked":["Bludgeon","Impervious"],"picked":"Demon Form","floor":33}],"player_experience":491621,"relics_obtained":[{"floor":9.0,"key":"Chameleon Ring"}],"event_choices":[{"damage_healed":69.0,"max_hp_gain":0.0,"max_hp_loss":75.0,"gold_gain":0.0,"event_name":"betterThird:BetterShining","player_choice":"Upgrade","floor":5.0,"gold_loss":0.0,"damage_taken":23.0,"cards_upgraded":["Cleave","Strike_R"]},{"damage_healed":0.0,"max_hp_gain":0.0,"max_hp_loss":0.0,"gold_gain":0.0,"event_name":"FaceTrader","player_choice":"Trade","floor":10.0,"gold_loss":0.0,"damage_taken":0.0,"relics_obtained":["NlothsMask"]}],"is_beta":false,"boss_relics":[{"not_picked":["hubris:HollowSoul","RedLine:ReiMu"],"picked":"Black Star"},{"not_picked":["SlaversCollar","Runic Cube"],"picked":"Replay:Grab Bag"},{"not_picked":["Velvet Choker","Painkiller Herb"],"picked":"Replay:Bronze Core"},{"not_picked":["beaked:MawFillet","Electric Blood"],"picked":"hubris:GrandSneckoEye"},{"not_picked":["aspiration:WatcherSkillbook","hubris:BlackHole"],"picked":"hubris:Backtick"}],"items_purged_floors":[3,3,3,3,14,14,14,29,30],"is_endless":false,"potions_floor_spawned":[4,7,16,19,22,27,31],"killed_by":"3 Shapes","ascension_level":17}}