{"host":"2okas1s8lto464g9","time":1614262756,"event":{"mods":["BaseMod","Minty Spire (QoL Compilation)","StSLib","WarShipGirlsR/’ΩΩ¢…Ÿ≈ÆR mod"],"gold_per_floor":[36,36,75,130,230,230,260,347,370,471,566,566,609,94,94,195,195,234,269,81,122,122,182,30,30,30],"floor_reached":25,"language":"ZHS","playtime":1140,"items_purged":["Strike_R","Strike_R"],"score":309,"play_id":"aa8499bb-043c-43ae-bd5a-e32f8187cc61","local_time":"20210225221916","is_ascension_mode":true,"campfire_choices":[{"data":"Armaments","floor":6.0,"key":"SMITH"},{"data":"Entrench","floor":12.0,"key":"SMITH"},{"data":"True Grit","floor":15.0,"key":"SMITH"}],"circlet_count":0,"master_deck":["Strike_R","Strike_R","Strike_R+1","Defend_R","Defend_R","Defend_R","Defend_R","Bash","HandOfGreed+1","Shockwave","Armaments+1","Shrug It Off","Offering","Entrench+1","True Grit+1","Feel No Pain","Impervious","CurseOfTheBell","Body Slam","Power Through","Enlightenment","Seeing Red"],"relics":["Burning Blood","Whetstone","Bag of Marbles","PreservedInsect","Potion Belt","HandDrill","Calling Bell","Matryoshka","Nunchaku","Mango","Nilry\u0027s Codex","Pen Nib","Juzu Bracelet"],"acts_visited":["Exordium","TheCity"],"potions_floor_usage":[23,23],"damage_taken":[{"damage":3.0,"enemies":"2 Louse","floor":1.0,"turns":3.0},{"damage":4.0,"enemies":"Cultist","floor":3.0,"turns":5.0},{"damage":4.0,"enemies":"Small Slimes","floor":4.0,"turns":4.0},{"damage":24.0,"enemies":"Gremlin Nob","floor":7.0,"turns":4.0},{"damage":26.0,"enemies":"Gremlin Gang","floor":8.0,"turns":6.0},{"damage":9.0,"enemies":"3 Sentries","floor":10.0,"turns":11.0},{"damage":14.0,"enemies":"Lots of Slimes","floor":11.0,"turns":6.0},{"damage":6.0,"enemies":"Exordium Thugs","floor":13.0,"turns":3.0},{"damage":46.0,"enemies":"Hexaghost","floor":16.0,"turns":15.0},{"damage":13.0,"enemies":"Shell Parasite","floor":18.0,"turns":8.0},{"damage":42.0,"enemies":"3 Byrds","floor":19.0,"turns":10.0},{"damage":22.0,"enemies":"Cultist and Chosen","floor":21.0,"turns":9.0},{"damage":6,"enemies":"Book of Stabbing","floor":23,"turns":10},{"damage":6,"enemies":"Sentry and Sphere","floor":25,"turns":1}],"seed_played":"-5050115610703613994","potions_obtained":[{"floor":3.0,"key":"GamblersBrew"},{"floor":4.0,"key":"Block Potion"},{"floor":7.0,"key":"BloodPotion"},{"floor":8.0,"key":"Fire Potion"},{"floor":10.0,"key":"Energy Potion"},{"floor":13.0,"key":"EntropicBrew"},{"floor":18.0,"key":"AttackPotion"},{"floor":23,"key":"Fruit Juice"}],"is_trial":false,"path_per_floor":["M","$","M","M","?","R","E","M","T","E","M","R","M","$","R","B",null,"M","M","$","M","?","E","$","M"],"character_chosen":"IRONCLAD","items_purchased":["Potion Belt","True Grit","Feel No Pain","HandDrill","Enlightenment","Juzu Bracelet"],"campfire_rested":0,"item_purchase_floors":[14,14,14,14,20,24],"current_hp_per_floor":[80,80,80,80,80,80,62,58,58,55,47,47,47,47,47,7,94,87,51,51,35,19,24,24,18,18],"gold":30,"neow_bonus":"RANDOM_COLORLESS_2","is_daily":false,"chose_seed":false,"campfire_upgraded":3,"win_rate":0.0,"timestamp":1614262756,"path_taken":["M","$","M","M","?","R","E","M","T","E","M","R","M","$","R","BOSS","M","M","?","?","?","E","$","M"],"items_purchased_type":["Relic","Card","Card","Relic","Card","Relic"],"build_version":"2020-12-22","purchased_purges":2,"victory":false,"max_hp_per_floor":[80,80,80,80,80,80,80,80,80,80,80,80,80,80,80,80,94,94,94,94,94,94,99,99,99,99],"card_choices":[{"not_picked":["Mayhem","Master of Strategy"],"picked":"HandOfGreed","floor":0.0},{"not_picked":["Clash","Metallicize"],"picked":"Shockwave","floor":1.0},{"not_picked":["Battle Trance","Flex"],"picked":"Armaments","floor":3.0},{"not_picked":["Heavy Blade","Rupture"],"picked":"Shrug It Off","floor":4.0},{"not_picked":["Rampage","Twin Strike"],"picked":"Offering","floor":7.0},{"not_picked":["Hemokinesis","Ghostly Armor","Warcry"],"picked":"SKIP","floor":8.0},{"not_picked":["Dropkick","Thunderclap","Perfected Strike"],"picked":"SKIP","floor":10.0},{"not_picked":["Sentinel","Warcry"],"picked":"Entrench","floor":11.0},{"not_picked":["Shrug It Off","Wild Strike","Warcry"],"picked":"SKIP","floor":13.0},{"not_picked":["Limit Break","Brutality"],"picked":"Impervious","floor":16.0},{"not_picked":["Shrug It Off","Entrench"],"picked":"Body Slam","floor":18.0},{"not_picked":["Anger","Pommel Strike"],"picked":"Power Through","floor":19.0},{"not_picked":["Power Through","Whirlwind","Clash+1"],"picked":"SKIP","floor":21.0},{"not_picked":["Sword Boomerang","Dropkick"],"picked":"Seeing Red","floor":23}],"player_experience":488663,"relics_obtained":[{"floor":7.0,"key":"Whetstone"},{"floor":9.0,"key":"Bag of Marbles"},{"floor":10.0,"key":"PreservedInsect"},{"floor":17.0,"key":"Matryoshka"},{"floor":17.0,"key":"Nunchaku"},{"floor":17.0,"key":"Mango"},{"floor":22,"key":"Nilry\u0027s Codex"},{"floor":23,"key":"Pen Nib"}],"event_choices":[{"damage_healed":0.0,"max_hp_gain":0.0,"max_hp_loss":0.0,"gold_gain":100.0,"event_name":"Golden Shrine","player_choice":"Pray","floor":5.0,"gold_loss":0.0,"damage_taken":0.0},{"damage_healed":0,"gold_gain":0,"player_choice":"Obtained Book","damage_taken":16,"max_hp_gain":0,"max_hp_loss":0,"event_name":"Cursed Tome","floor":22,"gold_loss":0}],"is_beta":false,"boss_relics":[{"not_picked":["SlaversCollar","Fusion Hammer"],"picked":"Calling Bell"}],"items_purged_floors":[14,20],"is_endless":false,"potions_floor_spawned":[3,4,7,8,10,13,18,23],"killed_by":"Sentry and Sphere","ascension_level":2}}