{"host":"lmshf3swj20gmdor","time":1614254313,"event":{"mods":["2.2 Compatiblity","BaseMod","Conspire","Downfall","Googly Eyes","Hubris","Minty Spire (QoL Compilation)","Replay The Spire","Spikes Relics","StSLib","Synergy Search","The Servant 0.9.4"],"gold_per_floor":[99,115,191,24,34,54,54,86,86,117,17,17,28,113,127,229,229,129,145,158,171,171,171,194,367,401,415,515,515,196,212,231,328,328,328,328,328,134,152,169,169,169,169,169,180,197,197,208,222,222,222,222],"floor_reached":50,"language":"ENG","playtime":3159,"items_purged":[],"score":546,"play_id":"63568e1c-5508-4b35-84e2-4c210ade793c","local_time":"20210225115833","is_ascension_mode":true,"campfire_choices":[{"floor":1.0,"key":"RECALL"},{"data":"bronze:HardenedForm","floor":9.0,"key":"SMITH"},{"data":"bronze:Virus","floor":11.0,"key":"SMITH"},{"data":"bronze:InfiniteBeams","floor":23,"key":"SMITH"},{"floor":29,"key":"REST"},{"data":"bronze:ChosenStrike","floor":42,"key":"SMITH"},{"data":"bronze:MaxOutput","floor":44,"key":"SMITH"},{"data":"bronze:Verify","floor":47,"key":"SMITH"}],"circlet_count":0,"master_deck":["bronze:Strike","bronze:Strike","bronze:Defend","bronze:Defend","bronze:Defend","bronze:Replicate+1","bronze:Goto","bronze:Virus+1","bronze:ChosenStrike+1","bronze:HardenedForm+1","bronze:InfiniteBeams+1","bronze:DelayedSlice+1","bronze:ThunderWave+1","bronze:BitShift","bronze:MaxOutput+1","bronze:Verify+1","bronze:InfiniteBeams+1","bronze:Fortify+1","expansioncontent:DashGenerateEvil+1","bronze:DelayedSlice+1","Parasite","bronze:Separator+1"],"relics":["bronze:PlatinumCore","Garlic","hubris:Potato","Molten Egg 2","Happy Flower","downfall:HeartBlessingRed","hubris:Icosahedron","downfall:HeartBlessingGreen","SnailShell","Orichalcum","Gremlin Food","hexamod:CandleOfCauterizing","Ring of Chaos","HornCleat","bronze:BottledCode"],"acts_visited":["Exordium","TheCity","TheBeyond"],"potions_floor_usage":[32,48,50,50,50],"damage_taken":[{"damage":1.0,"enemies":"Cultist","floor":2.0,"turns":3.0},{"damage":0.0,"enemies":"downfall:FleeingMerchant","floor":4.0,"turns":4.0},{"damage":5.0,"enemies":"2 Louse","floor":5.0,"turns":2.0},{"damage":12.0,"enemies":"Jaw Worm","floor":6.0,"turns":2.0},{"damage":13.0,"enemies":"Lagavulin","floor":8.0,"turns":4.0},{"damage":13.0,"enemies":"3 Sentries","floor":10.0,"turns":6.0},{"damage":4,"enemies":"2 Fungi Beasts","floor":13,"turns":3},{"damage":0,"enemies":"downfall:FleeingMerchant","floor":14,"turns":4},{"damage":0,"enemies":"Blue Slaver","floor":15,"turns":2},{"damage":5,"enemies":"SI_SHIV_ARCHETYPE","floor":16,"turns":4},{"damage":6,"enemies":"Chosen","floor":19,"turns":2},{"damage":12,"enemies":"Shell Parasite","floor":20,"turns":4},{"damage":0,"enemies":"Sentry and Sphere","floor":21,"turns":3},{"damage":10,"enemies":"downfall:FleeingMerchant","floor":25,"turns":4},{"damage":19,"enemies":"conspire:Head Lice","floor":26,"turns":4},{"damage":1,"enemies":"conspire:HollyBat","floor":27,"turns":6},{"damage":1,"enemies":"Cultist and Chosen","floor":31,"turns":3},{"damage":3,"enemies":"Chosen and Byrds","floor":32,"turns":3},{"damage":43,"enemies":"DF_ARCHETYPE_CLAW","floor":33,"turns":6},{"damage":0,"enemies":"3 Shapes","floor":39,"turns":4},{"damage":18,"enemies":"3 Darklings","floor":40,"turns":4},{"damage":0,"enemies":"Writhing Mass","floor":45,"turns":3},{"damage":0,"enemies":"Spire Growth","floor":46,"turns":3},{"damage":18,"enemies":"Transient","floor":48,"turns":5},{"damage":0,"enemies":"3 Darklings","floor":49,"turns":4},{"damage":36,"enemies":"WA_ARCHETYPE_DIVINITY","floor":50,"turns":7}],"seed_played":"-7004970665782251691","potions_obtained":[{"floor":5.0,"key":"bronze:FreeFunctionsPotion"},{"floor":6.0,"key":"AttackPotion"},{"floor":10.0,"key":"ColorlessPotion"},{"floor":32,"key":"Languid Potion"},{"floor":45,"key":"AttackPotion"},{"floor":49,"key":"Languid Potion"}],"is_trial":false,"path_per_floor":["R","M","T","$","M","M","T","E","R","E","R","?","M","$","M","B",null,"R","M","M","M","?","R","T","$","E","M","?","R","$","M","M","B",null,"R","?","?","$","M","M","T","R","?","R","M","M","R","M","M","B"],"character_chosen":"THE_AUTOMATON","items_purchased":["bronze:HardenedForm","Orichalcum","hexamod:CandleOfCauterizing","bronze:InfiniteBeams+1","expansioncontent:DashGenerateEvil"],"campfire_rested":1,"item_purchase_floors":[4,25,30,30,38],"current_hp_per_floor":[70,69,69,69,64,52,52,39,39,26,26,26,22,22,22,17,70,70,64,52,52,52,52,52,42,23,22,22,43,43,42,39,27,70,70,70,70,70,70,52,52,52,52,52,52,52,52,34,34,0,0,0],"gold":222,"neow_bonus":"ONE_RANDOM_RARE_CARD","is_daily":false,"chose_seed":false,"campfire_upgraded":6,"win_rate":0.0,"timestamp":1614254313,"path_taken":["R","?","?","?","M","M","T","E","R","E","R","?","M","$","M","BOSS","R","M","M","M","?","R","T","$","E","M","?","R","$","?","M","BOSS","R","?","?","?","?","M","T","R","?","R","M","M","R","M","M","BOSS"],"items_purchased_type":["Card","Relic","Relic","Card","Card"],"build_version":"2020-12-22","purchased_purges":0,"victory":false,"max_hp_per_floor":[70,70,70,70,70,70,70,70,70,70,70,70,70,70,70,70,70,70,70,70,70,70,70,70,70,70,70,70,70,70,70,70,70,70,70,70,70,70,70,70,70,70,60,60,60,60,60,60,60,60,60,60],"card_choices":[{"not_picked":["bronze:WhirlingStrike","bronze:MaxOutput"],"picked":"bronze:ChosenStrike","floor":2.0},{"not_picked":["bronze:ChildClass","bronze:Shield","bronze:Branch"],"picked":"SKIP","floor":4.0},{"not_picked":["bronze:BugBarrage","bronze:DarkDash"],"picked":"bronze:InfiniteBeams","floor":5.0},{"not_picked":["bronze:Constructor","bronze:Shield","bronze:BitShift"],"picked":"SKIP","floor":6.0},{"not_picked":["bronze:FineTuning","bronze:Refactor","bronze:Philosophize"],"picked":"SKIP","floor":8.0},{"not_picked":["bronze:Separator+1","bronze:Turbo"],"picked":"bronze:DelayedSlice+1","floor":10.0},{"not_picked":["bronze:Turbo","bronze:DelayedGuard","bronze:Overheat+1"],"picked":"SKIP","floor":13},{"not_picked":["bronze:OilSpill+1","bronze:BitShift","bronze:ItsAFeature"],"picked":"SKIP","floor":14},{"not_picked":["bronze:Deprecate","bronze:BitShift","bronze:CutThrough+1"],"picked":"SKIP","floor":15},{"not_picked":["bronze:Hardcode","bronze:Format"],"picked":"bronze:ThunderWave+1","floor":16},{"not_picked":["bronze:Overheat+1","bronze:BuggyMess","bronze:FineTuning"],"picked":"SKIP","floor":19},{"not_picked":["bronze:Flail+1","bronze:BugBarrage+1","bronze:Refactor"],"picked":"SKIP","floor":20},{"not_picked":["bronze:CutThrough+1","bronze:DelayedGuard","bronze:FineTuning"],"picked":"SKIP","floor":21},{"not_picked":["bronze:ClassDefault","bronze:Invalidate"],"picked":"bronze:MaxOutput","floor":25},{"not_picked":["bronze:Return","bronze:DigitalCarnage+1"],"picked":"bronze:Verify","floor":26},{"not_picked":["bronze:DelayedSlice+1","bronze:ItsAFeature","bronze:Repulsor"],"picked":"SKIP","floor":27},{"not_picked":["bronze:Shield+1","bronze:Constructor+1","bronze:Separator+1"],"picked":"SKIP","floor":31},{"not_picked":["bronze:Break+1","bronze:Fortify+1","bronze:BronzeArmor+1"],"picked":"SKIP","floor":32},{"not_picked":["bronze:BugBarrage+1","bronze:Turbo","bronze:DigitalCarnage+1"],"picked":"SKIP","floor":39},{"not_picked":["bronze:Turbo+1","bronze:DelayedSlice+1","bronze:Invalidate"],"picked":"SKIP","floor":40},{"not_picked":["bronze:Turbo+1","bronze:Invalidate"],"picked":"bronze:DelayedSlice+1","floor":40},{"not_picked":["bronze:FineTuning","bronze:WhirlingStrike+1"],"picked":"bronze:Separator+1","floor":45},{"not_picked":["bronze:OilSpill+1","bronze:Frontload","bronze:WildBeam+1"],"picked":"SKIP","floor":46},{"not_picked":["bronze:Backtrace+1","bronze:Safeguard+1","bronze:ClassDefault"],"picked":"SKIP","floor":48},{"not_picked":["bronze:Deprecate+1","bronze:ChosenStrike+1","bronze:Iterate+1"],"picked":"SKIP","floor":49}],"player_experience":844134,"relics_obtained":[{"floor":3.0,"key":"Garlic"},{"floor":7.0,"key":"hubris:Potato"},{"floor":8.0,"key":"Molten Egg 2"},{"floor":10.0,"key":"Happy Flower"},{"floor":24,"key":"SnailShell"},{"floor":26,"key":"Gremlin Food"},{"floor":41,"key":"HornCleat"}],"event_choices":[{"cards_removed":["bronze:Defend"],"damage_healed":0,"gold_gain":0,"player_choice":"Removed Skill","damage_taken":0,"max_hp_gain":0,"max_hp_loss":0,"event_name":"Falling","floor":36,"gold_loss":0}],"is_beta":false,"boss_relics":[{"not_picked":["Kintsugi","Honey Jar"],"picked":"bronze:PlatinumCore"},{"not_picked":["conspire:RunicOctahedron","conspire:RoyalGoblet"],"picked":"Ring of Chaos"}],"items_purged_floors":[],"is_endless":false,"potions_floor_spawned":[5,6,10,13,16,27,31,32,33,39,45,49],"killed_by":"WA_ARCHETYPE_DIVINITY","ascension_level":2}}