{"host":"9l4jcdn1v1hb3xgl","time":1614270065,"event":{"mods":["BaseMod","Colored Map","Colored Powertips","DeckTracker","Highlight Path","Marisa????????","Minty Spire (QoL Compilation)","Quick Restart","StSLib","The Cursed","The Servant 0.9.4"],"gold_per_floor":[115,115,63,82,115,149,149,149,149,203,278,331,383,402,402,402,402],"floor_reached":16,"language":"ENG","playtime":559,"items_purged":[],"score":106,"play_id":"39a72e78-c9e0-43b5-bbd4-efdd1ede7725","local_time":"20210226002105","is_ascension_mode":false,"campfire_choices":[{"data":"WitchOfGreed","floor":7,"key":"SMITH"},{"floor":15,"key":"REST"}],"circlet_count":0,"master_deck":["Strike_MRS","Strike_MRS","Strike_MRS","Defend_MRS","Defend_MRS","Defend_MRS","Defend_MRS","MasterSpark","UpSweep","UnstableBomb","WitchOfGreed+1","UnstableBomb","WitchLeyline","WitchOfGreed","SprinkleStarSeal","GalacticHalo"],"relics":["MiniHakkero","NeowsBlessing","Mercury Hourglass","Calipers"],"acts_visited":["Exordium"],"potions_floor_usage":[10,10,11,12,13,13,14,14,16],"damage_taken":[{"damage":0,"enemies":"2 Louse","floor":1,"turns":1},{"damage":0,"enemies":"Cultist","floor":4,"turns":1},{"damage":0,"enemies":"Small Slimes","floor":5,"turns":2},{"damage":11,"enemies":"Red Slaver","floor":6,"turns":3},{"damage":11,"enemies":"Large Slime","floor":10,"turns":4},{"damage":38,"enemies":"3 Sentries","floor":11,"turns":6},{"damage":12,"enemies":"Looter","floor":12,"turns":3},{"damage":16,"enemies":"Exordium Wildlife","floor":13,"turns":3},{"damage":0,"enemies":"Exordium Thugs","floor":14,"turns":3},{"damage":9,"enemies":"Hexaghost","floor":16,"turns":10}],"seed_played":"6614279010723246930","potions_obtained":[{"floor":5,"key":"PowerPotion"},{"floor":5,"key":"FearPotion"},{"floor":6,"key":"StarNLove"},{"floor":6,"key":"LiquidMemories"},{"floor":10,"key":"Ancient Potion"},{"floor":10,"key":"SpeedPotion"},{"floor":10,"key":"Regen Potion"},{"floor":11,"key":"LiquidMemories"},{"floor":12,"key":"SpeedPotion"},{"floor":13,"key":"DistilledChaos"},{"floor":13,"key":"LiquidMemories"}],"is_trial":false,"path_per_floor":["M","?","$","M","M","M","R","?","T","M","E","M","M","M","R","B"],"character_chosen":"MARISA","items_purchased":["WitchOfGreed"],"campfire_rested":1,"item_purchase_floors":[3],"current_hp_per_floor":[75,75,75,75,75,64,64,64,64,53,29,17,1,1,23,14,14],"gold":402,"neow_bonus":"THREE_ENEMY_KILL","is_daily":false,"chose_seed":false,"campfire_upgraded":1,"win_rate":0.0,"timestamp":1614270065,"path_taken":["M","?","$","?","M","M","R","?","T","M","E","?","M","M","R","BOSS"],"items_purchased_type":["Card"],"build_version":"2020-12-22","purchased_purges":0,"victory":false,"max_hp_per_floor":[75,75,75,75,75,75,75,75,75,75,75,75,75,75,75,75,75],"card_choices":[{"not_picked":["DoubleSpark","ChargingUp"],"picked":"UnstableBomb","floor":1},{"not_picked":["OneTimeOff","PulseMagic"],"picked":"UnstableBomb","floor":4},{"not_picked":["EventHorizon","Occultation"],"picked":"WitchLeyline","floor":5},{"not_picked":["Acceleration","MagicChant"],"picked":"WitchOfGreed","floor":6},{"not_picked":["GalacticHalo","SporeBomb","6A"],"picked":"SKIP","floor":10},{"not_picked":["EventHorizon","PropBag"],"picked":"SprinkleStarSeal","floor":11},{"not_picked":["GasGiant","SporeBomb","ShootingEcho"],"picked":"SKIP","floor":12},{"not_picked":["EventHorizon","GravityBeat","JA"],"picked":"SKIP","floor":13},{"not_picked":["WitchOfGreed","WitchLeyline"],"picked":"GalacticHalo","floor":14}],"player_experience":113169,"relics_obtained":[{"floor":9,"key":"Mercury Hourglass"},{"floor":11,"key":"Calipers"}],"event_choices":[{"damage_healed":0,"gold_gain":0,"player_choice":"Ignored","damage_taken":0,"max_hp_gain":0,"max_hp_loss":0,"event_name":"NoteForYourself","floor":2,"gold_loss":0},{"cards_removed":["Strike_MRS"],"damage_healed":0,"gold_gain":0,"player_choice":"Offered Basic","damage_taken":0,"max_hp_gain":0,"max_hp_loss":0,"event_name":"Bonfire Elementals","floor":8,"gold_loss":0}],"is_beta":false,"boss_relics":[],"items_purged_floors":[],"is_endless":false,"potions_floor_spawned":[5,6,10,13],"killed_by":"Hexaghost","ascension_level":0}}