{"host":"5gc11emcm5chfr5t","time":1614232944,"event":{"mods":["2.2 Compatiblity","AchievementEnabler","BaseMod","Bestiary","Better Note","Colored Map","Colored Powertips","Downfall","Googly Eyes","Minty Spire (QoL Compilation)","Quick Restart","Rare Cards Sparkle","StSLib"],"gold_per_floor":[99,99,99,99,99,9,57,82,92,92,92,77,77,103,118,118,118,118],"floor_reached":16,"language":"ENG","playtime":524,"items_purged":["Regret"],"score":208,"play_id":"01b6f616-f98c-45dc-93d8-c5f43769baf1","local_time":"20210225010224","is_ascension_mode":true,"campfire_choices":[{"floor":1,"key":"RECALL"},{"data":"sneckomod:SerpentIdol","floor":11,"key":"SMITH"},{"data":"sneckomod:TailWhip","floor":13,"key":"SMITH"}],"circlet_count":0,"master_deck":["AscendersBane","sneckomod:Strike","sneckomod:Strike","sneckomod:Strike","sneckomod:Defend","sneckomod:Defend","sneckomod:Defend","sneckomod:TailWhip+1","sneckomod:SnekBite","sneckomod:Unknown","sneckomod:Unknown","sneckomod:SoulRoll","sneckomod:SnakeSap","sneckomod:UnknownClassGREEN","sneckomod:RainOfDice","sneckomod:SerpentIdol+1","sneckomod:DiceBlock","sneckomod:UnknownStrength","sneckomod:UnknownX"],"relics":["sneckomod:SneckoSoul","downfall:HeartsMalice","sneckomod:BlankCard","Toy Ornithopter","Darkstone Periapt","Anchor"],"acts_visited":["Exordium"],"potions_floor_usage":[14,14,16],"damage_taken":[{"damage":0,"enemies":"Cultist","floor":2,"turns":1},{"damage":0,"enemies":"2 Louse","floor":3,"turns":1},{"damage":0,"enemies":"Jaw Worm","floor":4,"turns":1},{"damage":0,"enemies":"downfall:FleeingMerchant","floor":6,"turns":4},{"damage":46,"enemies":"Lagavulin","floor":8,"turns":6},{"damage":1,"enemies":"Blue Slaver","floor":9,"turns":3},{"damage":0,"enemies":"downfall:FleeingMerchant","floor":12,"turns":4},{"damage":38,"enemies":"Gremlin Nob","floor":14,"turns":4},{"damage":2,"enemies":"Red Slaver","floor":15,"turns":3},{"damage":54,"enemies":"WA_ARCHETYPE_RETAIN","floor":16,"turns":7}],"seed_played":"804798893740266964","potions_obtained":[{"floor":8,"key":"Explosive Potion"},{"floor":9,"key":"Explosive Potion"},{"floor":14,"key":"SneckoOil"}],"is_trial":false,"path_per_floor":["R","M","M","M","?","$","T","E","M","?","R","$","R","E","M","B"],"character_chosen":"THE_SNECKO","items_purchased":[],"campfire_rested":0,"item_purchase_floors":[],"current_hp_per_floor":[75,75,75,75,75,75,75,29,28,83,83,83,83,50,48,0,0,0],"gold":118,"neow_bonus":"THREE_ENEMY_KILL","is_daily":false,"chose_seed":false,"campfire_upgraded":2,"win_rate":0.0,"timestamp":1614232944,"path_taken":["R","?","M","M","?","?","T","E","M","?","R","$","R","E","M","BOSS"],"items_purchased_type":[],"build_version":"2020-12-22","purchased_purges":1,"victory":false,"max_hp_per_floor":[83,83,83,83,83,83,83,83,83,83,83,83,83,83,83,83,83,83],"card_choices":[{"not_picked":["sneckomod:UnknownClassTHE_BRONZE_AUTOMATON","sneckomod:UnknownCommonAttack"],"picked":"sneckomod:Rotation","floor":2},{"not_picked":["sneckomod:Nope","sneckomod:UnknownVulnerable"],"picked":"sneckomod:SoulRoll","floor":3},{"not_picked":["sneckomod:MasterEye","sneckomod:DiceBlock"],"picked":"sneckomod:SnakeSap","floor":4},{"not_picked":["sneckomod:UnknownClassTHE_BRONZE_AUTOMATON","sneckomod:DiceBlock"],"picked":"sneckomod:UnknownClassGREEN","floor":6},{"not_picked":["sneckomod:MixItUp","sneckomod:Nope"],"picked":"sneckomod:RainOfDice","floor":8},{"not_picked":["sneckomod:UnknownClassSLIMEBOUND","sneckomod:UnknownClassTHE_CHAMP_GRAY"],"picked":"sneckomod:SerpentIdol","floor":9},{"not_picked":["sneckomod:Unknown1Cost","sneckomod:Rotation"],"picked":"sneckomod:DiceBlock","floor":12},{"not_picked":["sneckomod:SerpentMind","sneckomod:Unknown2Cost"],"picked":"sneckomod:UnknownStrength","floor":14},{"not_picked":["sneckomod:SoulRoll","sneckomod:SnekBeam"],"picked":"sneckomod:UnknownX","floor":15}],"player_experience":608833,"relics_obtained":[{"floor":7,"key":"Toy Ornithopter"},{"floor":8,"key":"Darkstone Periapt"},{"floor":14,"key":"Anchor"}],"event_choices":[{"damage_healed":0,"gold_gain":0,"player_choice":"Box","damage_taken":0,"relics_obtained":["sneckomod:BlankCard"],"max_hp_gain":0,"max_hp_loss":0,"event_name":"Big Fish","floor":5,"gold_loss":0,"cards_obtained":["Regret"]},{"cards_removed":["sneckomod:Rotation"],"damage_healed":55,"gold_gain":0,"player_choice":"Offered Uncommon","damage_taken":0,"max_hp_gain":0,"max_hp_loss":0,"event_name":"Bonfire Elementals","floor":10,"gold_loss":0}],"is_beta":false,"boss_relics":[],"items_purged_floors":[6],"is_endless":false,"potions_floor_spawned":[8,9,14],"killed_by":"WA_ARCHETYPE_RETAIN","ascension_level":20}}