{"host":"7jag2woc339g1nhm","time":1614220025,"event":{"mods":["AchievementEnabler","BaseMod","Bestiary","DeckTracker","Minty Spire (QoL Compilation)"],"gold_per_floor":[117,117,133,133,31,69,90,90,90,158,66,241,260,280,280,280,280],"floor_reached":16,"language":"ENG","playtime":2062,"items_purged":["Injury"],"score":100,"play_id":"cd20854f-3f44-4d7b-bbd3-bbab282f40cd","local_time":"20210225125705","is_ascension_mode":false,"campfire_choices":[{"floor":8,"key":"REST"},{"floor":15,"key":"REST"}],"circlet_count":0,"master_deck":["Strike_P","Strike_P","Strike_P","Strike_P","Defend_P","Defend_P","Defend_P","Defend_P","Eruption","Vigilance","FlyingSleeves","FlyingSleeves","Consecrate","Protect","ClearTheMind","Bandage Up","Doubt","Vengeance"],"relics":["Black Star","Golden Idol","Happy Flower","PreservedInsect","Damaru","Darkstone Periapt","Centennial Puzzle"],"acts_visited":["Exordium"],"potions_floor_usage":[6,10],"damage_taken":[{"damage":16,"enemies":"Small Slimes","floor":1,"turns":3},{"damage":0,"enemies":"2 Louse","floor":3,"turns":3},{"damage":28,"enemies":"Gremlin Nob","floor":6,"turns":5},{"damage":6,"enemies":"Jaw Worm","floor":7,"turns":2},{"damage":14,"enemies":"Lagavulin Event","floor":10,"turns":5},{"damage":18,"enemies":"Lots of Slimes","floor":13,"turns":5},{"damage":19,"enemies":"Blue Slaver","floor":14,"turns":3},{"damage":59,"enemies":"Hexaghost","floor":16,"turns":10}],"seed_played":"8144167071525746970","potions_obtained":[{"floor":3,"key":"Fire Potion"},{"floor":6,"key":"Energy Potion"},{"floor":14,"key":"FairyPotion"}],"is_trial":false,"path_per_floor":["M","?","M","?","$","E","M","R","T","?","$","?","M","M","R","B"],"character_chosen":"WATCHER","items_purchased":["FlyingSleeves","Bandage Up"],"campfire_rested":2,"item_purchase_floors":[5,11],"current_hp_per_floor":[56,56,56,53,53,25,19,40,40,26,26,32,18,3,26,0,0],"gold":280,"neow_bonus":"BOSS_RELIC","is_daily":false,"chose_seed":false,"campfire_upgraded":0,"win_rate":0.0,"timestamp":1614220025,"path_taken":["M","?","M","?","?","E","?","R","T","?","$","?","M","M","R","BOSS"],"items_purchased_type":["Card","Card"],"build_version":"2020-12-22","purchased_purges":1,"victory":false,"max_hp_per_floor":[72,72,72,72,72,72,72,72,72,72,72,78,78,78,78,78,78],"card_choices":[{"not_picked":["Halt","SashWhip"],"picked":"FlyingSleeves","floor":1},{"not_picked":["Wallop","Evaluate","SashWhip"],"picked":"SKIP","floor":3},{"not_picked":["PathToVictory","Wallop"],"picked":"Consecrate","floor":6},{"not_picked":["ConjureBlade","ThirdEye"],"picked":"Protect","floor":7},{"not_picked":["SandsOfTime","Conclude"],"picked":"ClearTheMind","floor":10},{"not_picked":["BowlingBash","EmptyFist","SashWhip"],"picked":"SKIP","floor":13},{"not_picked":["ClearTheMind","PathToVictory"],"picked":"Vengeance","floor":14}],"player_experience":133746,"relics_obtained":[{"floor":6,"key":"PreservedInsect"},{"floor":6,"key":"Damaru"},{"floor":9,"key":"Darkstone Periapt"},{"floor":10,"key":"Centennial Puzzle"}],"event_choices":[{"damage_healed":0,"gold_gain":0,"player_choice":"Take Wound","damage_taken":0,"relics_obtained":["Golden Idol"],"max_hp_gain":0,"max_hp_loss":0,"event_name":"Golden Idol","floor":2,"gold_loss":0,"cards_obtained":["Injury"]},{"damage_healed":0,"gold_gain":0,"player_choice":"Success","damage_taken":3,"relics_obtained":["Happy Flower"],"max_hp_gain":0,"max_hp_loss":0,"event_name":"Scrap Ooze","floor":4,"gold_loss":0},{"damage_healed":0,"gold_gain":30,"player_choice":"Searched \u00273\u0027 times","damage_taken":0,"max_hp_gain":0,"max_hp_loss":0,"event_name":"Dead Adventurer","floor":10,"gold_loss":0},{"damage_healed":0,"gold_gain":175,"player_choice":"AGREE","damage_taken":0,"max_hp_gain":0,"max_hp_loss":0,"event_name":"Liars Game","floor":12,"gold_loss":0,"cards_obtained":["Doubt"]}],"is_beta":false,"boss_relics":[],"items_purged_floors":[5],"is_endless":false,"potions_floor_spawned":[3,6,14],"killed_by":"Hexaghost","ascension_level":0}}