{"host":"auii0tli5ebhxikt","time":1614219489,"event":{"mods":["ATMod(°¢èªMod)","Aspiration","BaseMod","Downfall","Energized Spire","Library of Ruina","Minty Spire (QoL Compilation)","Quick Restart","Relic Stats","Reliquary","Replay The Spire","Spicy Shops","StSLib","The Marked","Warlord Emblem","[IsaacMod]ÒÔÈö¼âËþ","¡¾ÒÅÎï¿¨ÅÆ¡¿REMEMod"],"gold_per_floor":[119,119,25,44,58,90,108,36,36,61,61,76,34,44,44,144,144,160,160,179,7,7,39,39,39,39,72,72,72],"floor_reached":28,"language":"ZHS","playtime":1538,"items_purged":[],"score":306,"play_id":"d5914f86-a999-4dda-85c2-0c7f662a594d","local_time":"20210225101809","is_ascension_mode":true,"campfire_choices":[{"data":"Mayhem","floor":11,"key":"SMITH"},{"floor":15,"key":"REST"},{"floor":25,"key":"REST"}],"circlet_count":0,"master_deck":["Defend_B","Defend_B","Defend_B","Defend_B","Zap","Dualcast","AT_KingSlayer+1","Mayhem+1","Cold Snap","Capacitor","Chill","Ball Lightning","Storm","Storm","ElectricPowerLearning+1","Redo+1","Panache","Slimebound:Tackle+1","Slimebound:Tackle+1","Slimebound:Tackle+1","AT_RightCognition"],"relics":["Cracked Core","AT_ATBox","HushsDoor","REME_ComplimentaryCards","SteamSale","NeowsBlessing","PageOfQueenBee","AT_BladeRuinedKing","Pet Ghost","TheAbacus","reliquary:Vitrine","Nunchaku","aspiration:BursterCore","Guide Book","HornCleat","TheBean","ReplayTheSpireMod:Lightbulb"],"acts_visited":["Exordium","TheCity"],"potions_floor_usage":[16],"damage_taken":[{"damage":0,"enemies":"Small Slimes","floor":1,"turns":1},{"damage":0,"enemies":"Jaw Worm","floor":4,"turns":1},{"damage":0,"enemies":"Cultist","floor":5,"turns":1},{"damage":16,"enemies":"Gremlin Nob","floor":6,"turns":4},{"damage":11,"enemies":"Exordium Thugs","floor":7,"turns":3},{"damage":2,"enemies":"Lagavulin","floor":10,"turns":5},{"damage":15,"enemies":"Exordium Wildlife","floor":12,"turns":5},{"damage":1,"enemies":"3 Louse","floor":14,"turns":4},{"damage":11,"enemies":"Fading Forest","floor":16,"turns":11},{"damage":34,"enemies":"2 Thieves","floor":18,"turns":4},{"damage":18,"enemies":"3 Byrds","floor":20,"turns":4},{"damage":29,"enemies":"Gremlin Leader","floor":23,"turns":4},{"damage":26,"enemies":"REME_1_Revenger","floor":27,"turns":3},{"damage":13,"enemies":"Centurion and Healer","floor":28,"turns":1}],"seed_played":"3967351584924150509","potions_obtained":[{"floor":4,"key":"Elixir"},{"floor":5,"key":"bronze:BurnAndBuffPotion"},{"floor":6,"key":"PowerPotion"},{"floor":16,"key":"Energy Potion"}],"is_trial":false,"path_per_floor":["M","?","$","M","M","E","M","$","T","E","R","M","$","M","R","B",null,"M","?","M","$","?","E","?","R","T","E","M"],"character_chosen":"DEFECT","items_purchased":["PageOfQueenBee","AT_BladeRuinedKing","TheAbacus","Storm","Panache","Guide Book"],"campfire_rested":2,"item_purchase_floors":[3,3,8,13,21,21],"current_hp_per_floor":[75,75,75,75,75,59,48,48,48,46,46,31,31,30,51,48,72,38,38,20,20,44,15,15,36,36,10,0,0],"gold":72,"neow_bonus":"THREE_ENEMY_KILL","is_daily":false,"chose_seed":false,"campfire_upgraded":1,"win_rate":0.0,"timestamp":1614219489,"path_taken":["M","?","?","M","?","E","M","$","T","E","R","M","$","M","R","BOSS","M","?","M","$","?","E","?","R","T","E","M"],"items_purchased_type":["Relic","Relic","Relic","Card","Card","Relic"],"build_version":"2020-12-22","purchased_purges":0,"victory":false,"max_hp_per_floor":[75,75,75,75,75,75,75,75,72,72,72,72,72,72,72,72,72,72,72,72,72,72,72,72,72,72,72,72,72],"relic_stats":{"Nunchaku":[4],"TheAbacus":[72],"counters":[14,51],"aspiration:BursterCore":[18],"obtain_stats":[{"KeepersGift":0,"AT_ATBox":0,"NeowsBlessing":0,"Guide Book":21,"AT_BladeRuinedKing":3,"SteamSale":0,"aspiration:BursterCore":17,"Pet Ghost":6,"Nunchaku":10,"TheAbacus":8,"HornCleat":23,"TheBean":26,"PageOfQueenBee":3,"reliquary:Vitrine":9,"Cracked Core":0,"HushsDoor":0,"ReplayTheSpireMod:Lightbulb":27,"REME_ComplimentaryCards":0},{"KeepersGift":0,"AT_ATBox":0,"NeowsBlessing":0,"Guide Book":11,"AT_BladeRuinedKing":1,"SteamSale":0,"aspiration:BursterCore":9,"Pet Ghost":4,"Nunchaku":6,"TheAbacus":5,"HornCleat":12,"TheBean":12,"PageOfQueenBee":1,"reliquary:Vitrine":5,"Cracked Core":0,"HushsDoor":0,"ReplayTheSpireMod:Lightbulb":13,"REME_ComplimentaryCards":0},{"KeepersGift":0,"AT_ATBox":0,"NeowsBlessing":0,"Guide Book":43,"AT_BladeRuinedKing":1,"SteamSale":0,"aspiration:BursterCore":35,"Pet Ghost":7,"Nunchaku":15,"TheAbacus":10,"HornCleat":47,"TheBean":47,"PageOfQueenBee":1,"reliquary:Vitrine":10,"Cracked Core":0,"HushsDoor":0,"ReplayTheSpireMod:Lightbulb":50,"REME_ComplimentaryCards":0}]},"card_choices":[{"not_picked":["Streamline","Hologram","Turbo"],"picked":"SKIP","floor":1},{"not_picked":["Stack","White Noise","Fusion"],"picked":"SKIP","floor":4},{"not_picked":["Compile Driver","Darkness"],"picked":"Cold Snap","floor":5},{"not_picked":["Compile Driver","Reboot"],"picked":"Capacitor","floor":6},{"not_picked":["Streamline","Conserve Battery","Sweeping Beam"],"picked":"SKIP","floor":7},{"not_picked":["Panic Button","Beam Cell"],"picked":"Chill","floor":10},{"not_picked":["Stack","Distribution"],"picked":"Ball Lightning","floor":12},{"not_picked":["Stack","Double Energy"],"picked":"ElectricPowerLearning","floor":14},{"not_picked":["Sunder","Hologram+1"],"picked":"Redo+1","floor":18},{"not_picked":["Streamline+1","Darkness+1","Storm"],"picked":"SKIP","floor":20},{"not_picked":["Glacier+1","Go for the Eyes","Panic Button"],"picked":"SKIP","floor":23},{"not_picked":["Sweeping Beam","Hologram+1"],"picked":"AT_RightCognition","floor":27}],"player_experience":158518,"relics_obtained":[{"floor":6,"key":"Pet Ghost"},{"floor":9,"key":"reliquary:Vitrine"},{"floor":10,"key":"Nunchaku"},{"floor":23,"key":"HornCleat"},{"floor":26,"key":"TheBean"},{"floor":27,"key":"ReplayTheSpireMod:Lightbulb"}],"event_choices":[{"damage_healed":0,"gold_gain":0,"player_choice":"Ignored","damage_taken":0,"max_hp_gain":0,"max_hp_loss":0,"event_name":"Golden Wing","floor":2,"gold_loss":0},{"damage_healed":24,"gold_gain":0,"player_choice":"Heal","damage_taken":0,"max_hp_gain":0,"max_hp_loss":0,"event_name":"The Library","floor":22,"gold_loss":0}],"is_beta":false,"boss_relics":[{"not_picked":["energizedSpire:OgreHead","reliquary:WritOfMandamus"],"picked":"aspiration:BursterCore"},{"not_picked":[]}],"items_purged_floors":[],"is_endless":false,"potions_floor_spawned":[4,5,6,14,16,18,20],"killed_by":"Centurion and Healer","ascension_level":3}}