{"host":"sav7uxregyirlf69","time":1614215429,"event":{"mods":["AchievementEnabler","BaseMod","Colored Map","DeckTracker","Keyboard Shortcuts","Minty Spire (QoL Compilation)","READ ME - Guardian Mod","StSLib","SuperFastMode"],"gold_per_floor":[119,43,54,72,90,118,118,118,118,118,58,58,102,120,120,216,216,229,243,243,243,243,243],"floor_reached":22,"language":"KOR","playtime":383,"items_purged":["Strike_R"],"score":388,"play_id":"60f360ae-6add-46c3-ab8c-1b883732554f","local_time":"20210225101029","is_ascension_mode":true,"campfire_choices":[{"floor":7.0,"key":"REST"},{"data":"Carnage","floor":10.0,"key":"SMITH"},{"data":"Fire Breathing","floor":12.0,"key":"SMITH"},{"floor":15.0,"key":"REST"}],"circlet_count":0,"master_deck":["AscendersBane","Strike_R","Strike_R","Strike_R","Strike_R","Defend_R","Defend_R","Defend_R","Defend_R","Bash","Fire Breathing+1","Carnage+1","Wild Strike","Evolve","Feel No Pain","True Grit","Shrug It Off","Corruption","Entrench+1"],"relics":["Burning Blood","Turnip","Gremlin Horn","Golden Idol","The Courier","Self Forming Clay","Fusion Hammer"],"acts_visited":["Exordium","TheCity"],"potions_floor_usage":[16,22],"damage_taken":[{"damage":11.0,"enemies":"Cultist","floor":1.0,"turns":4.0},{"damage":18.0,"enemies":"Small Slimes","floor":3.0,"turns":4.0},{"damage":6.0,"enemies":"Jaw Worm","floor":4.0,"turns":5.0},{"damage":11.0,"enemies":"Looter","floor":5.0,"turns":2.0},{"damage":35.0,"enemies":"Lagavulin","floor":6.0,"turns":6.0},{"damage":25.0,"enemies":"3 Sentries","floor":13.0,"turns":4.0},{"damage":13.0,"enemies":"Blue Slaver","floor":14.0,"turns":4.0},{"damage":18,"enemies":"Slime Boss","floor":16,"turns":6},{"damage":0,"enemies":"Chosen","floor":18,"turns":4},{"damage":14,"enemies":"Spheric Guardian","floor":19,"turns":6},{"damage":51,"enemies":"Snecko","floor":22,"turns":8}],"seed_played":"-7817007408237716946","potions_obtained":[{"floor":1.0,"key":"Strength Potion"},{"floor":5.0,"key":"DuplicationPotion"},{"floor":14.0,"key":"FearPotion"}],"is_trial":false,"path_per_floor":["M","$","M","M","M","E","R","?","T","R","$","R","E","M","R","B",null,"M","M","?","?","M"],"character_chosen":"IRONCLAD","items_purchased":["Carnage"],"campfire_rested":2,"item_purchase_floors":[2],"current_hp_per_floor":[63,63,51,51,46,17,37,37,37,37,37,37,18,11,29,17,51,57,49,49,49,0,0],"gold":243,"neow_bonus":"ONE_RARE_RELIC","is_daily":false,"chose_seed":false,"campfire_upgraded":2,"win_rate":0.0,"timestamp":1614215429,"path_taken":["M","?","?","M","M","E","R","?","T","R","?","R","E","M","R","BOSS","M","M","?","?","M"],"items_purchased_type":["Card"],"build_version":"2020-12-22","purchased_purges":1,"victory":false,"max_hp_per_floor":[68,68,68,68,68,68,68,62,62,62,62,62,62,62,62,62,62,62,62,62,62,62,62],"card_choices":[{"not_picked":["Clash","True Grit"],"picked":"Fire Breathing","floor":1.0},{"not_picked":["Cleave","Feel No Pain","Thunderclap"],"picked":"SKIP","floor":3.0},{"not_picked":["Bloodletting","Clash"],"picked":"Wild Strike","floor":4.0},{"not_picked":["Battle Trance","Body Slam"],"picked":"Evolve","floor":5.0},{"not_picked":["Entrench","Bludgeon"],"picked":"Feel No Pain","floor":6.0},{"not_picked":["Searing Blow","Flex"],"picked":"True Grit","floor":13.0},{"not_picked":["Sever Soul","Heavy Blade"],"picked":"Shrug It Off","floor":14.0},{"not_picked":["Berserk","Barricade"],"picked":"Corruption","floor":16},{"not_picked":["Searing Blow","Twin Strike"],"picked":"Entrench+1","floor":18},{"not_picked":["Wild Strike","Sword Boomerang","Clothesline"],"picked":"SKIP","floor":19}],"player_experience":1690360,"relics_obtained":[{"floor":6.0,"key":"Gremlin Horn"},{"floor":9.0,"key":"The Courier"},{"floor":13.0,"key":"Self Forming Clay"}],"event_choices":[{"damage_healed":0.0,"max_hp_gain":0.0,"max_hp_loss":6.0,"gold_gain":0.0,"event_name":"Golden Idol","player_choice":"Lose Max HP","floor":8.0,"gold_loss":0.0,"damage_taken":0.0,"relics_obtained":["Golden Idol"]},{"damage_healed":0,"gold_gain":0,"player_choice":"Ignored","damage_taken":0,"max_hp_gain":0,"max_hp_loss":0,"event_name":"Ghosts","floor":20,"gold_loss":0},{"damage_healed":0,"gold_gain":0,"player_choice":"Ignored","damage_taken":0,"max_hp_gain":0,"max_hp_loss":0,"event_name":"Vampires","floor":21,"gold_loss":0}],"is_beta":false,"boss_relics":[{"not_picked":["Astrolabe","SacredBark"],"picked":"Fusion Hammer"}],"items_purged_floors":[11],"is_endless":false,"potions_floor_spawned":[1,5,14],"killed_by":"Snecko","ascension_level":20}}