{"host":"y27lpgkuecypkeb8","time":1614262409,"event":{"mods":["AchievementEnabler","Act Like it!","Aspiration","BaseMod","Better Sensory Stone","Better Skull","Colored Map","Colored Powertips","Conspire","DeckTracker","Dota2Spire","Energized Spire","GifTheSpireLib","GungeonMod","Highlight Path","Infinite Spire","Minty Spire (QoL Compilation)","Permanent Neow","Rare Cards Sparkle","Relic Sorter","Replay The Spire","Spicy Shops","StSLib","Stuff the Spire","The Cursed","The Disciple","The Poker Player"],"gold_per_floor":[116,116,139,157,175,175,175,191,215,235,245,256,256,273,273,368,368,383,402,402,402],"floor_reached":20,"language":"ENG","playtime":1795,"items_purged":[],"score":170,"play_id":"e1a78ee0-d4d9-4b9d-9fdb-29ccc75785a8","local_time":"20210225221329","is_ascension_mode":false,"campfire_choices":[{"data":"Secret Weapon","floor":6,"key":"SMITH"},{"data":"StuffTheSpire:Shiver","floor":13,"key":"SMITH"},{"data":"Cloak And Dagger","floor":15,"key":"SMITH"}],"circlet_count":0,"master_deck":["Strike_G","Strike_G","Strike_G","Strike_G","Defend_G","Defend_G","Defend_G","Defend_G","Defend_G","Survivor","Deflect","Secret Weapon+1","Neutralize+1","Quick Slash","StuffTheSpire:Shiver+1","Cloak And Dagger+1","Accuracy","Sneak Up","Flying Knee"],"relics":["Ring of the Snake","StuffTheSpire:Mouthbags","aspiration:TomeofQuesting","aspiration:FutureDiary"],"acts_visited":["Exordium","TheCity"],"potions_floor_usage":[16,16,19,20],"damage_taken":[{"damage":0,"enemies":"2 Louse","floor":1,"turns":3},{"damage":0,"enemies":"Jaw Worm","floor":4,"turns":5},{"damage":0,"enemies":"Small Slimes","floor":5,"turns":4},{"damage":8,"enemies":"Gremlin Gang","floor":8,"turns":6},{"damage":0,"enemies":"Red Slaver","floor":10,"turns":3},{"damage":0,"enemies":"2 Fungi Beasts","floor":11,"turns":4},{"damage":1,"enemies":"Exordium Wildlife","floor":12,"turns":5},{"damage":0,"enemies":"Blue Slaver","floor":14,"turns":5},{"damage":72,"enemies":"Fading Forest","floor":16,"turns":11},{"damage":36,"enemies":"conspire:FuzzyDice","floor":18,"turns":8},{"damage":3,"enemies":"2 Thieves","floor":19,"turns":5},{"damage":36,"enemies":"Snecko","floor":20,"turns":7}],"seed_played":"5838878842813290292","potions_obtained":[{"floor":1,"key":"SteroidPotion"},{"floor":4,"key":"Reflective Coating"},{"floor":8,"key":"DemoMod:LeadSkinPotion"},{"floor":19,"key":"Block Potion"}],"is_trial":false,"path_per_floor":["M","?","T","M","M","R","?","M","T","M","M","M","R","M","R","B",null,"M","M","M"],"character_chosen":"THE_SILENT","items_purchased":[],"campfire_rested":0,"item_purchase_floors":[],"current_hp_per_floor":[70,70,70,70,70,70,70,62,62,62,62,61,61,61,61,13,70,34,31,0,0],"gold":402,"neow_bonus":"RANDOM_EVENT","is_daily":false,"chose_seed":false,"campfire_upgraded":3,"win_rate":0.0,"timestamp":1614262409,"path_taken":["M","?","?","M","M","R","?","M","T","M","M","M","R","M","R","BOSS","M","M","?"],"items_purchased_type":[],"build_version":"2020-12-22","purchased_purges":0,"victory":false,"max_hp_per_floor":[70,70,70,70,70,70,70,70,70,70,70,70,70,70,70,70,70,70,70,70,70],"card_choices":[{"not_picked":["Catalyst","StuffTheSpire:BumpUp"],"picked":"Deflect","floor":1},{"not_picked":["StuffTheSpire:PlasmaPunch","ReplayTheSpireMod:Necrogeddon"],"picked":"Secret Weapon","floor":2},{"not_picked":["Crippling Poison","Flechettes","Backflip"],"picked":"SKIP","floor":4},{"not_picked":["Dagger Throw","ReplayTheSpireMod:Shiv Toss","Masterful Stab"],"picked":"SKIP","floor":5},{"not_picked":["Draining Mist","PiercingWail"],"picked":"Quick Slash","floor":8},{"not_picked":["Sucker Punch","Dagger Throw"],"picked":"StuffTheSpire:Shiver","floor":10},{"not_picked":["StuffTheSpire:Incursion","Distraction"],"picked":"Cloak And Dagger","floor":11},{"not_picked":["Slice","Flying Knee"],"picked":"Accuracy","floor":12},{"not_picked":["Blade Dance","Sucker Punch"],"picked":"Sneak Up","floor":14},{"not_picked":["Crippling Poison","StuffTheSpire:BumpUp"],"picked":"Flying Knee","floor":18},{"not_picked":["Poisoned Stab+1","Acrobatics","StuffTheSpire:BrimstoneBlast"],"picked":"SKIP","floor":19}],"player_experience":43129,"relics_obtained":[{"floor":3,"key":"StuffTheSpire:Mouthbags"},{"floor":9,"key":"aspiration:TomeofQuesting"}],"event_choices":[{"damage_healed":0,"gold_gain":0,"player_choice":"Grow","damage_taken":0,"max_hp_gain":0,"max_hp_loss":0,"event_name":"Living Wall","floor":0,"gold_loss":0,"cards_upgraded":["Neutralize"]},{"damage_healed":0,"gold_gain":1,"player_choice":"1","damage_taken":0,"max_hp_gain":0,"max_hp_loss":0,"event_name":"betterStone:BetterStone","floor":2,"gold_loss":0},{"cards_removed":["Strike_G"],"damage_healed":0,"gold_gain":0,"player_choice":"Offered Basic","damage_taken":0,"max_hp_gain":0,"max_hp_loss":0,"event_name":"Bonfire Elementals","floor":7,"gold_loss":0}],"is_beta":false,"boss_relics":[{"not_picked":["aspiration:DefectSkillbook","Cursed Key"],"picked":"aspiration:FutureDiary"}],"items_purged_floors":[],"is_endless":false,"potions_floor_spawned":[1,4,8,19],"killed_by":"Snecko","ascension_level":0}}