{"host":"z8uivwf40jrpk7h3","time":1614269101,"event":{"mods":["BaseMod","Lobotomy","Minty Spire (QoL Compilation)","Replay The Spire","StSLib"],"gold_per_floor":[118,132,7,7,7,32,32,48,75,75,90,125,139,139,139,236,236,236,248,347,394,412,437,437,457,511,522,535,535,450,466,466,466,466],"floor_reached":33,"language":"ZHS","playtime":1043,"items_purged":["Defend_P"],"score":379,"play_id":"fe7b41a1-1be4-47c3-9370-ef98ea9f9a61","local_time":"20210226000501","is_ascension_mode":false,"campfire_choices":[{"data":"Eruption","floor":7.0,"key":"SMITH"},{"data":"Consecrate","floor":10.0,"key":"SMITH"},{"data":"Defend_P","floor":15.0,"key":"PURGE"},{"data":"Scrawl","floor":24.0,"key":"SMITH"},{"data":"Vault","floor":29.0,"key":"SMITH"},{"data":"FollowUp","floor":32.0,"key":"SMITH"}],"circlet_count":0,"master_deck":["Strike_P+1","Strike_P","Strike_P+1","Defend_P","Defend_P+1","Eruption+1","Vigilance","Consecrate+1","GreedKing","FollowUp+1","Scorched","Wallop+1","OSAHOGD","Vault+1","Swivel+1","Alriune","Scrawl+1"],"relics":["PureWater","CogitoBucket","Smiling Mask","Anchor","Simple Rune","BackwardClock","Painkiller Herb","Garlic","Replay:Bottled Flurry","BehaviorAdjustment","Bronze Scales","Replay:Accelerometer"],"acts_visited":["Exordium","TheCity"],"potions_floor_usage":[33],"damage_taken":[{"damage":3.0,"enemies":"Jaw Worm","floor":1.0,"turns":3.0},{"damage":0.0,"enemies":"2 Louse","floor":2.0,"turns":2.0},{"damage":10.0,"enemies":"Gremlin Nob","floor":6.0,"turns":4.0},{"damage":0.0,"enemies":"Cultist","floor":8.0,"turns":2.0},{"damage":0.0,"enemies":"Exordium Thugs","floor":11.0,"turns":2.0},{"damage":0.0,"enemies":"3 Sentries","floor":12.0,"turns":2.0},{"damage":0.0,"enemies":"Exordium Wildlife","floor":13.0,"turns":1.0},{"damage":0.0,"enemies":"Fading Forest","floor":16.0,"turns":11.0},{"damage":10.0,"enemies":"2 Thieves","floor":18.0,"turns":2.0},{"damage":0.0,"enemies":"3 Byrds","floor":19.0,"turns":3.0},{"damage":0.0,"enemies":"3 Cultists","floor":22.0,"turns":3.0},{"damage":0.0,"enemies":"Gremlin Leader","floor":23.0,"turns":3.0},{"damage":0.0,"enemies":"Sentry and Sphere","floor":25.0,"turns":3.0},{"damage":0.0,"enemies":"Snake Plant","floor":27.0,"turns":3.0},{"damage":0.0,"enemies":"3 Cultists","floor":28.0,"turns":3.0},{"damage":0.0,"enemies":"Shelled Parasite and Fungi","floor":31.0,"turns":2.0},{"damage":53,"enemies":"Collector","floor":33,"turns":4}],"seed_played":"-4763348548006612476","potions_obtained":[{"floor":1.0,"key":"Strength Potion"},{"floor":5.0,"key":"Death Potion"},{"floor":5.0,"key":"DuplicationPotion"}],"is_trial":false,"path_per_floor":["M","M","$","?","?","E","R","M","T","R","M","E","M","?","R","B",null,"?","?","?","?","?","E","T","?","T","?","?","T","?","?","T","B"],"character_chosen":"WATCHER","items_purchased":["FollowUp"],"campfire_rested":0,"item_purchase_floors":[3],"current_hp_per_floor":[69,69,69,62,62,52,52,52,52,52,52,52,52,38,38,48,72,62,62,62,44,44,44,44,44,44,44,44,44,44,44,44,0,0],"gold":466,"neow_bonus":"","is_daily":false,"chose_seed":false,"campfire_upgraded":5,"win_rate":0.0,"timestamp":1614269101,"path_taken":["M","M","$","?","?","E","R","M","T","R","?","E","M","?","R","BOSS","?","?","?","?","?","E","T","?","T","?","?","T","?","?","T","BOSS"],"items_purchased_type":["Card"],"build_version":"2020-12-22","purchased_purges":1,"victory":false,"max_hp_per_floor":[72,72,72,72,72,72,72,72,72,72,72,72,72,72,72,72,72,72,72,72,72,72,72,72,72,72,72,72,72,72,72,72,72,72],"card_choices":[{"not_picked":["Meditate","Pray","EmptyFist"],"picked":"SKIP","floor":1.0},{"not_picked":["Collect","SandsOfTime"],"picked":"Consecrate","floor":2.0},{"not_picked":["RedShoes","OSAHOGD"],"picked":"GreedKing","floor":2.0},{"not_picked":["MHz","HappyTeddy"],"picked":"Scorched","floor":6.0},{"not_picked":["Halt","BowlingBash"],"picked":"Wallop","floor":6.0},{"not_picked":["Tantrum","Replay:AtTheReady","Halt"],"picked":"SKIP","floor":8.0},{"not_picked":["ThirdEye","BowlingBash","Replay:ManipulateFuture"],"picked":"SKIP","floor":11.0},{"not_picked":["Perseverance","Indignation","WreathOfFlame"],"picked":"SKIP","floor":12.0},{"not_picked":["GalaxyChild","BeautyBeast"],"picked":"OSAHOGD","floor":13.0},{"not_picked":["CutThroughFate","CarveReality","ClearTheMind"],"picked":"SKIP","floor":13.0},{"not_picked":["DevaForm","Establishment"],"picked":"Vault","floor":16.0},{"not_picked":["Replay:BluntJabs+1","Prostrate","ClearTheMind"],"picked":"SKIP","floor":18.0},{"not_picked":["Evaluate","Protect","BowlingBash"],"picked":"SKIP","floor":19.0},{"not_picked":["DeceiveReality","EmptyMind"],"picked":"Swivel+1","floor":21.0},{"not_picked":["Replay:Battleflow","Crescendo","Replay:ManipulateFuture"],"picked":"SKIP","floor":22.0},{"not_picked":["Woodsman","Yin"],"picked":"Alriune","floor":23.0},{"not_picked":["Crescendo","Evaluate+1"],"picked":"Scrawl","floor":23.0},{"not_picked":["CutThroughFate+1","CrushJoints","FlyingSleeves+1"],"picked":"SKIP","floor":25.0},{"not_picked":["EmptyMind","SashWhip+1","Replay:DivineShield"],"picked":"SKIP","floor":27.0},{"not_picked":["Halt","Wish","Replay:AtTheReady"],"picked":"SKIP","floor":28.0},{"not_picked":["CutThroughFate","EmptyFist","Swivel"],"picked":"SKIP","floor":31.0},{"not_picked":["CutThroughFate","EmptyFist","Swivel"],"picked":"SKIP","floor":31.0}],"player_experience":104439,"relics_obtained":[{"floor":6.0,"key":"Smiling Mask"},{"floor":9.0,"key":"Anchor"},{"floor":12.0,"key":"Simple Rune"},{"floor":21.0,"key":"Garlic"},{"floor":23.0,"key":"Replay:Bottled Flurry"},{"floor":26.0,"key":"Bronze Scales"}],"event_choices":[{"cards_removed":["Strike_P"],"damage_healed":0.0,"max_hp_gain":0.0,"max_hp_loss":0.0,"gold_gain":0.0,"event_name":"Golden Wing","player_choice":"Card Removal","floor":4.0,"gold_loss":0.0,"damage_taken":7.0},{"damage_healed":0.0,"max_hp_gain":0.0,"max_hp_loss":0.0,"gold_gain":0.0,"event_name":"Lab","player_choice":"Got Potions","floor":5.0,"gold_loss":0.0,"damage_taken":0.0},{"damage_healed":0.0,"max_hp_gain":0.0,"max_hp_loss":0.0,"gold_gain":0.0,"event_name":"Shining Light","player_choice":"Entered Light","floor":14.0,"gold_loss":0.0,"damage_taken":14.0,"cards_upgraded":["Wallop","Strike_P"]},{"damage_healed":0.0,"max_hp_gain":0.0,"max_hp_loss":0.0,"gold_gain":99.0,"event_name":"Nest","player_choice":"Stole From Cult","floor":20.0,"gold_loss":0.0,"damage_taken":0.0},{"damage_healed":0.0,"max_hp_gain":0.0,"max_hp_loss":0.0,"gold_gain":0.0,"event_name":"Addict","player_choice":"Obtained Relic","floor":30.0,"gold_loss":85.0,"damage_taken":0.0,"relics_obtained":["Replay:Accelerometer"]}],"is_beta":false,"boss_relics":[{"not_picked":["Astrolabe","Snecko Eye"],"picked":"Painkiller Herb"}],"items_purged_floors":[3],"is_endless":false,"potions_floor_spawned":[1,6,12,13,19,22,23,27],"killed_by":"Collector","ascension_level":0}}