{"host":"3h49aoss7u87eyhw","time":1614252938,"event":{"mods":["AchievementEnabler","BaseMod","Library of Ruina","Library of Ruina Extra","Minty Spire (QoL Compilation)","StSLib"],"gold_per_floor":[131,158,182,194,218,248,287,314,326,349,374,386,398,423,435,546,558,585,607,619,631,661,705,717,759,798,810,837,860,487,487,487,583,583,593,603,616,633,265,279,279,307,333,352,386,404,152,180,180,180],"floor_reached":51,"language":"ZHS","playtime":4429,"items_purged":["RipSpace"],"score":1139,"play_id":"928d94dd-60f9-4d4c-9faa-941ff0866bc5","local_time":"20210225193538","is_ascension_mode":false,"campfire_choices":[{"floor":12.0,"key":"REST"},{"data":"SharpenedBlade","floor":15.0,"key":"SMITH"},{"data":"DegradedPillar","floor":24.0,"key":"SMITH"},{"data":"DegradedPillar","floor":27.0,"key":"SMITH"},{"data":"RipSpace","floor":32.0,"key":"SMITH"},{"floor":41.0,"key":"REST"},{"floor":49.0,"key":"REST"}],"circlet_count":0,"master_deck":["DegradedFairy","DegradedFairy","DegradedFairy","DegradedChain","DegradedChain","DegradedLock","DegradedPillar+1","DegradedPillar+1","DegradedShockwave","SharpenedBlade+1","HandlingWork","QuickSuppression","SerpentSwordTechnique","SkyClearingCut","Unlock1","DesperateStruggle","QuickAttack","Leap_lor","HighKick+1","BlowItUp+1","Writhe","GreatSerpentsImpact","HardRehearsal+1","WillOfThePrescript+1","Faith","BackAttack+1","Reload+1","RipSpace+1","Multislash","Brawl+1","CoordinatedAssault","VenomousFangs+1","EnergyCycle+1","GatherIntel+1","Gamble+1","TendonChords+1","Ripple+1","CumulusWall+1","ClassAndRespect+1"],"relics":["PageOfLibrarian","MawBank","Darkstone Periapt","Orichalcum","PageOfScorchedGirl","Busted Crown","Oddly Smooth Stone","WingedGreaves","Mummified Hand","Boot","PageOfNothingThere","Orrery","Fusion Hammer","PageOfTodaysShyLook","Vajra","PageOfGreed","PageOfTheQueenOfHatred","PageOfTheKnightOfDespair","PageOfForsakenMurderer","PageOfWrath","PageOfNihil"],"acts_visited":["Exordium","TheCity","TheBeyond"],"potions_floor_usage":[],"damage_taken":[{"damage":0.0,"enemies":"2 Louse","floor":1.0,"turns":1.0},{"damage":0.0,"enemies":"Jaw Worm","floor":2.0,"turns":1.0},{"damage":0.0,"enemies":"Cultist","floor":3.0,"turns":2.0},{"damage":0.0,"enemies":"Blue Slaver","floor":5.0,"turns":1.0},{"damage":8.0,"enemies":"Gremlin Gang","floor":6.0,"turns":3.0},{"damage":0.0,"enemies":"Lagavulin","floor":7.0,"turns":3.0},{"damage":0.0,"enemies":"Exordium Wildlife","floor":8.0,"turns":2.0},{"damage":0.0,"enemies":"2 Fungi Beasts","floor":10.0,"turns":1.0},{"damage":2.0,"enemies":"Large Slime","floor":11.0,"turns":1.0},{"damage":0.0,"enemies":"Exordium Thugs","floor":14.0,"turns":2.0},{"damage":2.0,"enemies":"Slime Boss","floor":16.0,"turns":4.0},{"damage":4.0,"enemies":"3 Byrds","floor":18.0,"turns":3.0},{"damage":0.0,"enemies":"Shell Parasite","floor":19.0,"turns":2.0},{"damage":0.0,"enemies":"Shelled Parasite and Fungi","floor":22.0,"turns":2.0},{"damage":0.0,"enemies":"Gremlin Leader","floor":23.0,"turns":3.0},{"damage":0.0,"enemies":"Slavers","floor":25.0,"turns":3.0},{"damage":0.0,"enemies":"Snake Plant","floor":28.0,"turns":2.0},{"damage":2.0,"enemies":"3 Cultists","floor":29.0,"turns":2.0},{"damage":72.0,"enemies":"RedHoodMercenary","floor":33.0,"turns":6.0},{"damage":0.0,"enemies":"Orb Walker","floor":35.0,"turns":2.0},{"damage":9.0,"enemies":"3 Darklings","floor":36.0,"turns":2.0},{"damage":11.0,"enemies":"Maw","floor":37.0,"turns":4.0},{"damage":2.0,"enemies":"Transient","floor":38.0,"turns":5.0},{"damage":2.0,"enemies":"Writhing Mass","floor":40.0,"turns":2.0},{"damage":7.0,"enemies":"Giant Head","floor":42.0,"turns":4.0},{"damage":0.0,"enemies":"Jaw Worm Horde","floor":44.0,"turns":2.0},{"damage":0.0,"enemies":"Reptomancer","floor":45.0,"turns":3.0},{"damage":0.0,"enemies":"Transient","floor":46.0,"turns":5.0},{"damage":11.0,"enemies":"Nemesis","floor":48.0,"turns":3.0},{"damage":0.0,"enemies":"Time Eater","floor":50.0,"turns":3.0},{"damage":55.0,"enemies":"Time Eater","floor":51.0,"turns":5.0}],"seed_played":"3580977660567882444","potions_obtained":[{"floor":3.0,"key":"Block Potion"},{"floor":7.0,"key":"ColorlessPotion"},{"floor":8.0,"key":"Fire Potion"},{"floor":11.0,"key":"Weak Potion"},{"floor":16.0,"key":"Swift Potion"},{"floor":40.0,"key":"LiquidMemories"},{"floor":45.0,"key":"AttackPotion"}],"is_trial":false,"path_per_floor":["M","M","M","?","M","M","E","M","T","M","M","R","?","M","R","B",null,"M","M","$","?","M","E","R","E","T","R","M","M","$","?","R","B",null,"M","M","M","M","$","M","R","E","T","M","E","M","$","E","R","B",null],"character_chosen":"Librarian","items_purchased":["PageOfNothingThere","Orrery","PageOfTodaysShyLook","Vajra","PageOfForsakenMurderer"],"campfire_rested":3,"item_purchase_floors":[30,30,39,39,47],"current_hp_per_floor":[60,60,60,48,48,40,40,40,40,40,38,65,65,65,65,63,90,86,86,86,92,92,92,92,92,92,92,92,90,90,90,90,18,96,96,87,76,78,78,76,96,92,92,92,95,96,96,85,96,96],"gold":195,"neow_bonus":"RANDOM_COMMON_RELIC","is_daily":false,"chose_seed":false,"campfire_upgraded":4,"win_rate":0.0,"timestamp":1614252938,"path_taken":["M","M","M","?","M","M","E","M","T","M","M","R","?","M","R","BOSS","M","?","$","?","M","E","R","E","T","R","M","M","$","?","R","BOSS","M","M","?","M","$","M","R","E","T","M","E","M","$","E","R","BOSS"],"items_purchased_type":["Relic","Relic","Relic","Relic","Relic"],"build_version":"2020-12-22","purchased_purges":1,"victory":true,"max_hp_per_floor":[90,90,90,90,90,90,90,90,90,90,90,90,90,90,90,90,90,90,90,90,96,96,96,96,96,96,96,96,96,96,96,96,96,96,96,96,96,96,96,96,96,96,96,96,96,96,96,96,96,96],"card_choices":[{"not_picked":["Multislash","Rampage_lor","DimensionalRift","GatherIntel","GrazeTheGrass","BiAn","BayonetCombat","ForTheFamily"],"picked":"SharpenedBlade","floor":1.0},{"not_picked":["HighKick","CutIn","QuickAttack","GuidanceOfTheGears","Laceration","CircusKnives","AssaultOrder","ToOvercomeCrisis"],"picked":"HandlingWork","floor":2.0},{"not_picked":["WillOfThePrescript","MultiBlock","SmokingPipe","ClassAndRespect","MultiHit","Parry2","TasteMyFlamingBat","TieShanKao"],"picked":"QuickSuppression","floor":3.0},{"not_picked":["BayonetCombat","SharpSwipe","BiteOff","DarkCloud","SuppressingShot","FlashOfSunup","Parry2","AsThePrescriptOrders"],"picked":"SerpentSwordTechnique","floor":5.0},{"not_picked":["SunsetBlade","HighKick","Thrust","SinglePointStab","EndlessBattle","BiAn","AutonomousRush","EnergyCycle"],"picked":"ClassAndRespect","floor":6.0},{"not_picked":["GuidanceOfTheGears","EnergyStrike","QuickAttack","Reload","GreatSerpentsImpact","BlowItUp","StrikeDown","Laceration"],"picked":"SkyClearingCut","floor":7.0},{"not_picked":["SunsetBlade","Wallop_lor","QuickSuppression","SteelKnuckles","PreemptiveStrike","Suppress","HandlingWork","PinpointShot"],"picked":"Unlock1","floor":8.0},{"not_picked":["BackstreetsDash","LoosenUp","IllEndYou","PinpointShot","FleetEdge","BiAn","SpearedSweep","Wallop_lor"],"picked":"DesperateStruggle","floor":10.0},{"not_picked":["Duel_lor","HandleRequest","CircusKnives","Unlock1","StrongStrike","DarkCloud","AlloutWar","StructuralAnalysis"],"picked":"QuickAttack","floor":11.0},{"not_picked":["YourShield","TasteMyFlamingBat","HeavyPeaks","EnergyStrike","ForTheFamily","Quickness","DefenseOrder","GutHarvesting"],"picked":"Leap_lor","floor":14.0},{"not_picked":["UpbeatPerformance","PreemptiveStrike+1","GatherIntel","HardRehearsal","SpearedSweep+1","Fence+1"],"picked":"HighKick+1","floor":18.0},{"not_picked":["HighKick","Thrust","Parry2","StrongStrike+1","MultiHit+1","DefenseOrder+1"],"picked":"BlowItUp+1","floor":19.0},{"not_picked":["GuidanceOfTheGears","Punishment","UpbeatPerformance","Feast","FleetEdge","DesperateStruggle"],"picked":"GreatSerpentsImpact","floor":22.0},{"not_picked":["SilentNight","DesperateStruggle","SpearedSweep","MultiBlock","SuanNi","FleetEdge"],"picked":"HardRehearsal+1","floor":23.0},{"not_picked":["UnavoidableGaze","SkitterAway","SerpentSwordTechnique","ViolentFlame","Quickness","SunsetBlade"],"picked":"WillOfThePrescript+1","floor":25.0},{"not_picked":["Crush","Duel_lor","SpearedSweep","IllEndYou+1","StructuralAnalysis+1","FleetEdge"],"picked":"Faith","floor":28.0},{"not_picked":["TieShanKao","Parry2","BackstreetsDash","GuardingStance","EnergyStrike","AGoldenOpportunity"],"picked":"BackAttack+1","floor":29.0},{"not_picked":["StrikeDown","Struggle","UnavoidableGaze","StructuralAnalysis","BackAttack","Rewind"],"picked":"Reload+1","floor":30.0},{"not_picked":["FaintMemories","QuickSuppression","GreatSerpentsImpact","ChiWen","GuardingStance","BiAn+1"],"picked":"RipSpace","floor":30.0},{"not_picked":["MindWhip+1","GrazeTheGrass","BurningFlash","GuardingStance+1","ExtremeEdge","FrontalAssault"],"picked":"Multislash","floor":30.0},{"not_picked":["WillOfThePrescript","BiAn","FierceCharge","EnergyStrike","Overpower","CleanUp"],"picked":"Brawl+1","floor":30.0},{"not_picked":["SharpNails","DevastatingThrash","GuidanceOfTheGears","StructuralAnalysis","WillOfThePrescript","BindingChains"],"picked":"CoordinatedAssault","floor":30.0},{"not_picked":[],"picked":"RipSpace","floor":33.0},{"not_picked":["SkyClearingCut+1","PinpointShot","QuickSuppression","RapidGashes","WillOfThePrescript+1","EndlessBattle+1"],"picked":"VenomousFangs+1","floor":35.0},{"not_picked":["Unlock1","Quickness","Thrust","EnergyStrike+1","BiAn+1","Castigation"],"picked":"EnergyCycle+1","floor":36.0},{"not_picked":["ExtremeEdge+1","Unlock1","EnergyStrike","Parry2","SmokingPipe+1","ClassAndRespect"],"picked":"GatherIntel+1","floor":37.0},{"not_picked":["ElectricShock","CircusKnives+1","FleetFootsteps+1","Observe","StrikeDown","Duel_lor+1"],"picked":"Gamble+1","floor":38.0},{"not_picked":["MultiBlock+1","FendThisOffIfYouCan","BindingArms+1","StrikeDown","SinglePointStab+1","Diversion"],"picked":"TendonChords+1","floor":40.0},{"not_picked":["Guardian_lor+1","AsThePrescriptOrders","RatsGuideToSurvival","Eradication","BackAttack","MultiHit+1","SharpSwipe+1"],"picked":"SKIP","floor":42.0},{"not_picked":["Thirst","EndlessBattle","Bvapour+1","StrikeDown","QuickAttack+1","EnergyCycle"],"picked":"Ripple+1","floor":44.0},{"not_picked":["TraceOfFumes","QuickSuppression+1","UnavoidableGaze+1","EnergyShield+1","Guardian_lor","Punishment"],"picked":"CumulusWall+1","floor":45.0},{"not_picked":["Zzzzzap+1","Thrust+1","EnergyCycle","SunsetBlade","ElectricShock","CoordinatedAssault","DefenseOrder+1"],"picked":"SKIP","floor":46.0},{"not_picked":["WillOfThePrescript+1","SinglePointStab+1","MultiBlock","ToWhereThePrescriptPoints","QuickAttack+1","GuidanceOfTheGears+1","Reload+1"],"picked":"SKIP","floor":48.0},{"not_picked":["LoosenUp","TrimTheIngredients+1","SharpSwipe","DesperateStruggle","EnergyShield","ChiWen"],"picked":"ClassAndRespect+1","floor":51}],"player_experience":39044,"relics_obtained":[{"floor":7.0,"key":"Orichalcum"},{"floor":9.0,"key":"PageOfScorchedGirl"},{"floor":23.0,"key":"WingedGreaves"},{"floor":25.0,"key":"Mummified Hand"},{"floor":26.0,"key":"Boot"},{"floor":42.0,"key":"PageOfGreed"},{"floor":43.0,"key":"PageOfTheQueenOfHatred"},{"floor":45.0,"key":"PageOfTheKnightOfDespair"},{"floor":48.0,"key":"PageOfWrath"},{"floor":51,"key":"PageOfNihil"}],"event_choices":[{"damage_healed":0.0,"max_hp_gain":0.0,"max_hp_loss":0.0,"gold_gain":0.0,"event_name":"Scrap Ooze","player_choice":"Success","floor":4.0,"gold_loss":0.0,"damage_taken":12.0,"relics_obtained":["Darkstone Periapt"]},{"cards_removed":["ClassAndRespect"],"damage_healed":0.0,"max_hp_gain":0.0,"max_hp_loss":0.0,"gold_gain":0.0,"event_name":"Purifier","player_choice":"Purged","floor":13.0,"gold_loss":0.0,"damage_taken":0.0},{"damage_healed":0.0,"max_hp_gain":0.0,"max_hp_loss":0.0,"gold_gain":0.0,"event_name":"The Mausoleum","player_choice":"Opened","floor":21.0,"gold_loss":0.0,"damage_taken":0.0,"relics_obtained":["Oddly Smooth Stone"],"cards_obtained":["Writhe"]},{"damage_healed":0.0,"max_hp_gain":0.0,"max_hp_loss":0.0,"gold_gain":0.0,"event_name":"NoteForYourself","player_choice":"Ignored","floor":31.0,"gold_loss":0.0,"damage_taken":0.0}],"is_beta":false,"boss_relics":[{"not_picked":["Cursed Key","Ectoplasm"],"picked":"Busted Crown"},{"not_picked":["Snecko Eye","Velvet Choker"],"picked":"Fusion Hammer"}],"items_purged_floors":[39],"is_endless":false,"potions_floor_spawned":[3,7,8,11,16,22,23,28,36,40,45,46],"ascension_level":0}}