{"host":"3wucmrsmney0jioo","time":1614230580,"event":{"mods":["BaseMod","Minty Spire (QoL Compilation)","MostiFishMod","Prisma Mod","Reliquary","Replay The Spire","Spicy Shops","StSLib","¡¾ÒÅÎï¿¨ÅÆ¡¿REMEMod"],"gold_per_floor":[116,130,145,145,155,155,9,9,9,9,39,39,70,84,84,187,187,200,3,3,102,112,142,152,492,516,516,516,516,544,569,297,320,370,478,478,505,153,171,199,228,228,256,356,437,460,487,505,505,544,544,544,544,544,14,57,57],"floor_reached":58,"language":"ZHS","playtime":3109,"items_purged":["PrismaMod:IllyaCommonDefend","PrismaMod:IllyaCommonAttack","PrismaMod:IllyaCommonAttack","PrismaMod:IllyaCommonAttack","PrismaMod:IllyaCommonAttack","PrismaMod:IllyaCommonAttack"],"score":1826,"play_id":"6a06c3cd-a112-4525-b3e9-b3ce7d9fb6b8","local_time":"20210225132300","is_ascension_mode":true,"campfire_choices":[{"floor":6,"key":"RECALL"},{"data":"PrismaMod:IllyaSaphire","floor":8,"key":"SMITH"},{"data":"PrismaMod:IllyaCommandSeal","floor":15,"key":"SMITH"},{"data":"PrismaMod:IllyaCarnivalAttack","floor":29,"key":"SMITH"},{"data":"PrismaMod:IllyaZwei","floor":42,"key":"SMITH"},{"data":"PrismaMod:IllyaUberAttackChannel","floor":49,"key":"SMITH"},{"floor":51,"key":"DIG"},{"data":"PrismaMod:IllyaCarnivalAttack","floor":54,"key":"SMITH"}],"circlet_count":0,"master_deck":["PrismaMod:IllyaCommonDefend","PrismaMod:IllyaCommonDefend","PrismaMod:IllyaCommonDefend","PrismaMod:IllyaUncommonAttack+1","PrismaMod:IllyaUncommonDefend","PrismaMod:IllyaInstallRuler","PrismaMod:IllyaCommandSeal+1","PrismaMod:IllyaUncommonAOEAttack+1","PrismaMod:IllyaBerserCAR","PrismaMod:IllyaSaphire+1","PrismaMod:IllyaCheapChannelDefend","PrismaMod:IllyaUberAttackChannel+1","PrismaMod:IllyaMaid","PrismaMod:IllyaInstallLancer","PrismaMod:IllyaSaphire+1","PrismaMod:IllyaCarnivalAttack+1","PrismaMod:IllyaAOECommonAttack+1","PrismaMod:IllyaRapidFire+1","REME_PuzzleBox","PrismaMod:IllyaCarnivalAttack","PrismaMod:IllyaCarnivalAttack+1","PrismaMod:IllyaZwei+1","PrismaMod:IllyaUberChannel+1","PrismaMod:IllyaMinorReinForce","PrismaMod:IllyaBride+1","PrismaMod:IllyaGrail+1","PrismaMod:IllyaCarnivalAttack","MostiFishMod:BrokenBlackCloak","PrismaMod:IllyaInstallCaster"],"relics":["PrismaMod:PrismaRuby","DaveBox","REME_ComplimentaryCards","ShadowXiaoBlade","SynthV:TestCard","Membership Card","reliquary:HotPoker","Nunchaku","Replay:Accelerometer","OneHitWonderSystem","Replay:Baseball","CeramicFish","reliquary:TatteredRug","Old Coin","REME_PuzzleBoxRelic","Torii","Sling","reliquary:RoseTintedGlasses","reliquary:FerryPass","Shuriken","Painkiller Herb","Ying","reliquary:Knoch","Vajra","TheAbacus","Bottled Lightning","reliquary:GummyVitamins","reliquary:Stiletto","HornCleat","Civilization","Replay:Wax Seal","ImprovedEquipment","Ornamental Fan","Whetstone"],"acts_visited":["Exordium","TheCity","TheBeyond","TheEnding"],"potions_floor_usage":[11,13,23,23,57,57],"damage_taken":[{"damage":0,"enemies":"Small Slimes","floor":1,"turns":3},{"damage":0,"enemies":"Cultist","floor":2,"turns":3},{"damage":2,"enemies":"Jaw Worm","floor":3,"turns":3},{"damage":6,"enemies":"Exordium Wildlife","floor":5,"turns":2},{"damage":3,"enemies":"Replay:BlueRogue","floor":11,"turns":3},{"damage":0,"enemies":"Gremlin Nob","floor":13,"turns":3},{"damage":0,"enemies":"2 Fungi Beasts","floor":14,"turns":4},{"damage":12,"enemies":"Hexaghost","floor":16,"turns":6},{"damage":0,"enemies":"2 Thieves","floor":18,"turns":4},{"damage":0,"enemies":"Chosen","floor":22,"turns":3},{"damage":0,"enemies":"Slavers","floor":23,"turns":3},{"damage":0,"enemies":"Snake Plant","floor":24,"turns":3},{"damage":0,"enemies":"Replay:Snechameleon","floor":25,"turns":4},{"damage":0,"enemies":"3 Cultists","floor":30,"turns":3},{"damage":0,"enemies":"Shelled Parasite and Fungi","floor":31,"turns":2},{"damage":0,"enemies":"Collector","floor":35,"turns":5},{"damage":0,"enemies":"3 Shapes","floor":37,"turns":3},{"damage":0,"enemies":"3 Darklings","floor":39,"turns":3},{"damage":0,"enemies":"Transient","floor":40,"turns":5},{"damage":0,"enemies":"Maw","floor":41,"turns":5},{"damage":0,"enemies":"R_Hoarder","floor":43,"turns":6},{"damage":0,"enemies":"Jaw Worm Horde","floor":46,"turns":4},{"damage":0,"enemies":"Nemesis","floor":47,"turns":5},{"damage":0,"enemies":"Sphere and 2 Shapes","floor":48,"turns":2},{"damage":0,"enemies":"4 Shapes","floor":50,"turns":2},{"damage":0,"enemies":"Donu and Deca","floor":52,"turns":9},{"damage":0,"enemies":"Shield and Spear","floor":56,"turns":2},{"damage":0,"enemies":"The Heart","floor":57,"turns":4}],"seed_played":"-9079066883499934959","potions_obtained":[{"floor":2,"key":"LiquidMemories"},{"floor":5,"key":"DistilledChaos"},{"floor":11,"key":"REME_GoldPotion"},{"floor":18,"key":"Reflective Coating"},{"floor":22,"key":"Adrenaline Potion"},{"floor":23,"key":"Milkshake"},{"floor":24,"key":"Weak Potion"},{"floor":39,"key":"SteroidPotion"},{"floor":41,"key":"Venom Potion"}],"is_trial":false,"path_per_floor":["M","M","M","?","M","R","$","R","T","?","E","?","E","M","R","B",null,"M","$","?","?","M","E","M","E","T","PTL","PTL","R","M","M","$","T","R","B",null,"?","T","?","?","?","T","E","?","T","?","E","?","T","?","T","B",null,"T","T","E","B",null],"character_chosen":"ILLYA","items_purchased":["Membership Card","Replay:Baseball","CeramicFish","Torii","Sling","reliquary:RoseTintedGlasses","BlessingOfTheForge","FairyPotion","Ancient Potion","Languid Potion","REME_PuzzleBox","PrismaMod:IllyaCarnivalAttack","Ying","reliquary:Knoch","Vajra","TheAbacus","Civilization","Replay:Wax Seal","ImprovedEquipment","Ornamental Fan","PrismaMod:IllyaCarnivalAttack","MostiFishMod:BrokenBlackCloak"],"campfire_rested":0,"item_purchase_floors":[7,19,19,32,32,32,32,32,32,32,32,32,38,38,38,38,55,55,55,55,55,55],"current_hp_per_floor":[75,75,75,75,69,69,69,69,69,44,41,41,44,47,47,35,1,1,1,1,1,1,1,1,1,1,1,1,1,1,1,1,1,1,1,1,1,1,1,1,1,1,1,1,1,1,1,1,1,1,1,1,1,1,1,3,4],"gold":57,"neow_bonus":"THREE_CARDS","is_daily":false,"chose_seed":false,"campfire_upgraded":6,"win_rate":0.0,"timestamp":1614230580,"path_taken":["M","M","M","?","M","R","$","R","T","?","E","?","E","M","R","BOSS","M","$","?","?","M","E","M","E","T","PTL","PTL","R","M","M","$","?","R","BOSS","?","T","?","?","?","T","E","?","T","?","E","?","T","?","T","BOSS","T","T","E","BOSS"],"items_purchased_type":["Relic","Relic","Relic","Relic","Relic","Relic","Potion","Potion","Potion","Potion","Card","Card","Relic","Relic","Relic","Relic","Relic","Relic","Relic","Relic","Card","Card"],"build_version":"2020-12-22","purchased_purges":6,"victory":true,"max_hp_per_floor":[75,75,75,75,75,75,75,75,75,75,75,75,75,75,75,75,1,1,1,1,1,1,1,1,1,1,1,1,1,1,1,1,1,1,1,1,1,1,1,1,1,1,1,1,1,1,1,1,1,1,1,1,1,1,1,3,4],"card_choices":[{"not_picked":["PrismaMod:IllyaDevil","PrismaMod:IllyaCheapChannelAttack"],"picked":"PrismaMod:IllyaCommandSeal","floor":0.0},{"not_picked":["PrismaMod:IllyaFriendMaker","PrismaMod:IllyaCommonEvoke","PrismaMod:IllyaReinForce"],"picked":"SKIP","floor":1},{"not_picked":["PrismaMod:IllyaPoisoningPhantasm","PrismaMod:IllyaUberPoisonBlock","PrismaMod:IllyaMaid","PrismaMod:IllyaBoysLove"],"picked":"PrismaMod:IllyaUncommonAOEAttack","floor":2},{"not_picked":["PrismaMod:IllyaFriendMaker","PrismaMod:IllyaCheapChannelDefend","PrismaMod:IllyaAlice","PrismaMod:IllyaRubysPotion"],"picked":"PrismaMod:IllyaBerserCAR","floor":3},{"not_picked":["PrismaMod:IllyaPoisonBlock","PrismaMod:IllyaPoisonBomb","PrismaMod:IllyaRubysPotion","PrismaMod:IllyaPoisonTippedWeapons"],"picked":"PrismaMod:IllyaSaphire","floor":5},{"not_picked":["PrismaMod:IllyaRussianRoulette","PrismaMod:IllyaUncommonAOEAttack","PrismaMod:IllyaUncommonEvoke","PrismaMod:IllyaStunPoison"],"picked":"PrismaMod:IllyaCheapChannelDefend","floor":11},{"not_picked":["PrismaMod:IllyaCommonEvoke","PrismaMod:IllyaAlice","PrismaMod:IllyaCheapDefend","PrismaMod:IllyaFriendMaker"],"picked":"PrismaMod:IllyaUberAttackChannel","floor":13},{"not_picked":["PrismaMod:IllyaBerserCAR","PrismaMod:IllyaRussianRoulette","PrismaMod:IllyaRubysPotion","PrismaMod:IllyaGun"],"picked":"PrismaMod:IllyaMaid","floor":14},{"not_picked":["PrismaMod:IllyaZwei","PrismaMod:IllyaCarnivalAttack","PrismaMod:IllyaInstallForeigner","PrismaMod:IllyaUberDefendChannel"],"picked":"PrismaMod:IllyaInstallLancer","floor":16},{"not_picked":["PrismaMod:IllyaPoisonTippedWeapons","PrismaMod:IllyaCheapChannelDefend+1","PrismaMod:IllyaHassanGift","PrismaMod:IllyaPoisoningPhantasm"],"picked":"PrismaMod:IllyaSaphire+1","floor":18},{"not_picked":["PrismaMod:IllyaUberPoisonBlock","PrismaMod:IllyaCheapDefend","PrismaMod:IllyaUberChannel","PrismaMod:IllyaGrailKun","PrismaMod:IllyaBerserCAR"],"picked":"SKIP","floor":22},{"not_picked":["PrismaMod:IllyaCheapDefend","PrismaMod:IllyaUpgradeOrbs","PrismaMod:IllyaBlindPoisonToss+1","PrismaMod:IllyaStunPoison","PrismaMod:IllyaFeed+1"],"picked":"SKIP","floor":23},{"not_picked":["PrismaMod:IllyaBride","PrismaMod:IllyaCommonEvoke","PrismaMod:IllyaRubysPotion+1","PrismaMod:IllyaMinorRapidFire","PrismaMod:IllyaFriendMaker"],"picked":"SKIP","floor":24},{"not_picked":["PrismaMod:IllyaDualEvoke","PrismaMod:IllyaAlice","PrismaMod:IllyaMinorZwei","PrismaMod:IllyaRussianRoulette"],"picked":"PrismaMod:IllyaCarnivalAttack","floor":25},{"not_picked":["PrismaMod:IllyaMinorRapidFire","PrismaMod:IllyaRussianRoulette","PrismaMod:IllyaCheapChannelAttack","PrismaMod:IllyaCommonEvoke"],"picked":"PrismaMod:IllyaAOECommonAttack","floor":30},{"not_picked":["PrismaMod:IllyaCommandSeal","PrismaMod:IllyaAOECommonAttack","PrismaMod:IllyaCheapChannelAttack","PrismaMod:IllyaUncommonAOEAttack"],"picked":"PrismaMod:IllyaRapidFire+1","floor":31},{"not_picked":["PrismaMod:IllyaCarnivalPrismaAstolfo","PrismaMod:IllyaInstallForeigner","PrismaMod:IllyaInstallLancer","PrismaMod:IllyaCarnivalOrbs"],"picked":"PrismaMod:IllyaZwei","floor":35},{"not_picked":["PrismaMod:IllyaCheapChannelAttack+1","PrismaMod:IllyaDetonatingBlow+1","PrismaMod:IllyaHassanGift+1","PrismaMod:IllyaPoisonBlock+1"],"picked":"PrismaMod:IllyaUberChannel+1","floor":37},{"not_picked":["PrismaMod:IllyaPartialInstallAssassin","PrismaMod:IllyaDetonatingBlow+1","PrismaMod:IllyaAOECommonAttack","PrismaMod:IllyaCheapChannelDefend","PrismaMod:IllyaBoysLove"],"picked":"SKIP","floor":39},{"not_picked":["PrismaMod:IllyaBerserCAR","PrismaMod:IllyaFeed+1","PrismaMod:IllyaHassanGift","PrismaMod:IllyaCheapChannelDefend+1"],"picked":"PrismaMod:IllyaMinorReinForce","floor":40},{"not_picked":["PrismaMod:IllyaDetonatingBlow+1","PrismaMod:IllyaUpgradeOrbs+1","PrismaMod:IllyaCheapChannelDefend","PrismaMod:IllyaFeed+1"],"picked":"PrismaMod:IllyaBride+1","floor":41},{"not_picked":["PrismaMod:IllyaUpgradeOrbs+1","PrismaMod:IllyaCarnivalAttack","PrismaMod:IllyaCheapChannelAttack+1","PrismaMod:IllyaMinorRapidFire","PrismaMod:IllyaBride+1"],"picked":"SKIP","floor":43},{"not_picked":["PrismaMod:IllyaCheapAttack+1","PrismaMod:IllyaGun","PrismaMod:IllyaPoisonBomb","PrismaMod:IllyaCommandSeal"],"picked":"PrismaMod:IllyaGrail+1","floor":46},{"not_picked":["PrismaMod:IllyaRapidFire+1","PrismaMod:IllyaFeed","PrismaMod:IllyaUberPoisonChannel","PrismaMod:IllyaMinorRapidFire","PrismaMod:IllyaPoisoningPhantasm+1"],"picked":"SKIP","floor":47},{"not_picked":["PrismaMod:IllyaMinorReinForce+1","PrismaMod:IllyaBride+1","PrismaMod:IllyaRussianRoulette","PrismaMod:IllyaHassanGift","PrismaMod:IllyaBlindPoisonToss+1"],"picked":"SKIP","floor":48},{"not_picked":["PrismaMod:IllyaReinForce+1","PrismaMod:IllyaCommonEvoke+1","PrismaMod:IllyaMinorZwei+1","PrismaMod:IllyaRapidFire+1","PrismaMod:IllyaAlice"],"picked":"SKIP","floor":50},{"not_picked":["PrismaMod:IllyaUncommonAOEAttack+1","PrismaMod:IllyaBlindPoisonToss","PrismaMod:IllyaDetonatingBlow","PrismaMod:IllyaBoysLove"],"picked":"PrismaMod:IllyaInstallCaster","floor":56}],"player_experience":110321,"relics_obtained":[{"floor":1,"key":"SynthV:TestCard"},{"floor":11,"key":"Nunchaku"},{"floor":13,"key":"Replay:Accelerometer"},{"floor":23,"key":"reliquary:TatteredRug"},{"floor":25,"key":"Old Coin"},{"floor":26,"key":"REME_PuzzleBoxRelic"},{"floor":33,"key":"reliquary:FerryPass"},{"floor":34,"key":"Shuriken"},{"floor":43,"key":"Bottled Lightning"},{"floor":45,"key":"reliquary:GummyVitamins"},{"floor":47,"key":"reliquary:Stiletto"},{"floor":51,"key":"HornCleat"},{"floor":56,"key":"Whetstone"}],"event_choices":[{"damage_healed":0,"gold_gain":0,"player_choice":"Success","damage_taken":25,"relics_obtained":["reliquary:HotPoker"],"max_hp_gain":0,"max_hp_loss":0,"event_name":"Scrap Ooze","floor":10,"gold_loss":0},{"cards_removed":["PrismaMod:IllyaCommonDefend"],"damage_healed":0,"gold_gain":0,"player_choice":"Purged","damage_taken":0,"max_hp_gain":0,"max_hp_loss":0,"event_name":"Purifier","floor":12,"gold_loss":0},{"damage_healed":0,"gold_gain":0,"player_choice":"Ignored","damage_taken":0,"max_hp_gain":0,"max_hp_loss":0,"event_name":"Ghosts","floor":20,"gold_loss":0},{"damage_healed":0,"gold_gain":99,"player_choice":"Stole From Cult","damage_taken":0,"max_hp_gain":0,"max_hp_loss":0,"event_name":"Nest","floor":21,"gold_loss":0},{"damage_healed":0,"gold_gain":100,"player_choice":"Pray","damage_taken":0,"max_hp_gain":0,"max_hp_loss":0,"event_name":"Golden Shrine","floor":44,"gold_loss":0}],"is_beta":false,"boss_relics":[{"not_picked":["HereWithMe","SacredBark"],"picked":"OneHitWonderSystem"},{"not_picked":["Velvet Choker","Sozu"],"picked":"Painkiller Herb"}],"items_purged_floors":[19,19,32,32,38,55],"is_endless":false,"potions_floor_spawned":[2,5,11,18,22,23,24,39,41,46,47,56],"ascension_level":2}}