{"host":"c1oza4x7xlyuasvd","time":1614273298,"event":{"mods":["ATMod(阿瑾Mod)","Act Like it!","BaseMod","Better Vampires","Colored Powertips","Gensokyo","Library of Ruina","Library of Ruina Extra","Minty Spire (QoL Compilation)","MostiFishMod","StSLib","TestMod","The Animator","Waifu the Spire"],"gold_per_floor":[116,150,230,230,70,97,108,118,118,149,159,159,84,104,104,204,204,214,224,124,124,124,158,158,192,192,211,211,228,52,66,66,468,468,718,718,331,373,24,51,106,152,152,152,179,179,221,621,621,621,621,621,621,124,163,163],"floor_reached":57,"language":"ZHS","playtime":2700,"items_purged":["LightAttack","LightAttack","Brawl","LightDefense"],"score":1720,"play_id":"c1ec4b03-c591-48be-a0e7-62d6f0dca3c2","local_time":"20210226011458","is_ascension_mode":false,"campfire_choices":[{"data":"CumulusWall","floor":12.0,"key":"SMITH"},{"data":"SnakeSlit","floor":15.0,"key":"SMITH"},{"data":"CleanUp","floor":24,"key":"SMITH"},{"data":"DarkCloud","floor":32,"key":"SMITH"},{"data":"ExtractFuel","floor":44,"key":"SMITH"},{"floor":46,"key":"RECALL"},{"data":"AT_ChampionStep","floor":49,"key":"SMITH"},{"data":"FrontalAssault","floor":53,"key":"SMITH"}],"circlet_count":0,"master_deck":["LightDefense","LightDefense","LightDefense","AT_ChampionStep+1","SharpenedBlade","FrontalAssault+1","SnakeSlit+1","CumulusWall+1","Unlock1","RulesOfTheBackstreets","CleanUp+1","GatherIntel+1","Slice_lor+1","SnakesPrey","DarkCloud+1","Writhe","Quickness+1","TheArtOfRapidSteps+1","GutHarvesting","ExtractFuel+1","RulesOfTheBackstreets+1","Parry2","Parry2","Quickness+1"],"relics":["PageOfLibrarian","AT_ATBox","DaveBox","testmod-FatalChain","EGODaCapo","SynthV:TestCard","Gremlin Horn","Enchiridion","testmod-CasingShield","Centennial Puzzle","Transparent","Bottled Flame","Incense Burner","testmod-Nine","PageOfLittleHelper","BirthdayGift-Icosahedron","OrangePellets","PageOfLaetitia","PageOfTodaysShyLook","CeramicFish","testmod-Maize","PageOfScorchedGirl","PageOfBloodbath","testmod-IndustrialRevolution","Bronze Scales","PageOfQueenBee"],"acts_visited":["Exordium","Gensokyo:Gensokyo","Gensokyo:Gensokyoer","TheEnding"],"potions_floor_usage":[51],"damage_taken":[{"damage":0.0,"enemies":"Gensokyo:2_Kodama","floor":1.0,"turns":3.0},{"damage":0.0,"enemies":"Gensokyo:Cirno","floor":2.0,"turns":5.0},{"damage":8.0,"enemies":"Gensokyo:Aya","floor":6.0,"turns":7.0},{"damage":0.0,"enemies":"Gensokyo:Python","floor":7.0,"turns":4.0},{"damage":0.0,"enemies":"Gensokyo:3_Fairies","floor":8.0,"turns":2.0},{"damage":3.0,"enemies":"Gensokyo:Mamizou","floor":10.0,"turns":5.0},{"damage":0.0,"enemies":"Gensokyo:VengefulSpirit","floor":11.0,"turns":2.0},{"damage":0.0,"enemies":"Gensokyo:LivingMonolith","floor":14.0,"turns":3.0},{"damage":0.0,"enemies":"Gensokyo:Kokoro","floor":16.0,"turns":7.0},{"damage":16.0,"enemies":"Gensokyo:AngelMirror","floor":18.0,"turns":1.0},{"damage":16,"enemies":"Gensokyo:3_Dogs","floor":19,"turns":1},{"damage":32,"enemies":"Gensokyo:Koishi","floor":23,"turns":2},{"damage":32,"enemies":"Gensokyo:Tenshi","floor":25,"turns":2},{"damage":30,"enemies":"Gensokyo:Slime_Group","floor":27,"turns":2},{"damage":30,"enemies":"Gensokyo:Swordslinger","floor":29,"turns":2},{"damage":45,"enemies":"Gensokyo:Monolith_and_Dog","floor":31,"turns":3},{"damage":60,"enemies":"Gensokyo:Kaguya","floor":33,"turns":4},{"damage":30,"enemies":"Gensokyo:3_Bats","floor":35,"turns":2},{"damage":15,"enemies":"Gensokyo:AncientGuardian","floor":38,"turns":1},{"damage":30,"enemies":"Gensokyo:Kasen","floor":40,"turns":3},{"damage":0,"enemies":"Gensokyo:Dusk_and_Dawn","floor":41,"turns":1},{"damage":0,"enemies":"Gensokyo:SeedOfUnknown","floor":42,"turns":1},{"damage":15,"enemies":"Gensokyo:Marisa","floor":45,"turns":2},{"damage":0,"enemies":"Gensokyo:AtlasGolem","floor":47,"turns":1},{"damage":30,"enemies":"Gensokyo:Shinki","floor":50,"turns":3},{"damage":15,"enemies":"Gensokyo:Shinki","floor":51,"turns":2},{"damage":0,"enemies":"Shield and Spear","floor":55,"turns":1},{"damage":16,"enemies":"The Heart","floor":56,"turns":3}],"seed_played":"8073361170989190767","potions_obtained":[{"floor":2.0,"key":"PowerPotion"},{"floor":6.0,"key":"SkillPotion"},{"floor":11.0,"key":"ColorlessPotion"},{"floor":16.0,"key":"AttackPotion"}],"is_trial":false,"path_per_floor":["M","?","?","?","?","E","M","M","T","E","M","R","$","M","R","B",null,"M","M","$","?","?","E","R","E","T","M","?","M","COS","M","R","B",null,"M","?","$","M","COS","E","M","M","T","R","E","R","M","?","R","B",null,null,"R","$","E","B",null],"character_chosen":"Librarian","items_purchased":["PageOfLittleHelper","Parry2","testmod-IndustrialRevolution","Bronze Scales"],"campfire_rested":0,"item_purchase_floors":[37,54,54,54],"current_hp_per_floor":[66,66,66,66,66,67,70,73,73,76,79,79,79,81,81,81,81,81,81,81,81,81,81,81,76,76,76,76,76,76,76,76,61,76,76,76,76,76,76,76,76,76,76,76,76,76,76,76,76,76,76,76,76,76,76,76],"gold":163,"neow_bonus":"TEN_PERCENT_HP_BONUS","is_daily":false,"chose_seed":false,"campfire_upgraded":7,"win_rate":0.0,"timestamp":1614273298,"path_taken":["M","?","?","?","?","E","M","M","T","E","M","R","?","M","R","BOSS","M","M","$","?","?","E","R","E","T","M","?","M","COS","M","R","BOSS","M","?","$","?","COS","E","M","M","T","R","E","R","M","?","R","BOSS","R","$","E","BOSS"],"items_purchased_type":["Relic","Card","Relic","Relic"],"build_version":"2020-12-22","purchased_purges":4,"victory":true,"max_hp_per_floor":[81,81,81,81,81,81,81,81,81,81,81,81,81,81,81,81,81,81,81,81,81,81,83,83,76,76,76,76,76,76,76,76,76,76,76,76,76,76,76,76,76,76,76,76,76,76,76,76,76,76,76,76,76,76,76,76],"card_choices":[{"not_picked":["RapidGashes","JiaoTu","RhinoRam","SilentMist","RushDown","MultiBlock","FlyingSword","BayonetCombat"],"picked":"SharpenedBlade","floor":1.0},{"not_picked":["TimeForALittleTest","Tailoring","HighKick","Standoff","StrongStrike","YoureAHindrance","HardRehearsal","ViolentFlame","MultiHit","Thirst"],"picked":"TendonChords","floor":2.0},{"not_picked":["BayonetCombat","QuickSuppression","Multislash","StrikeDown","HandleRequest","Faith","EnergyShield","SinglePointStab","TheRedNotes","SerpentSwordTechnique"],"picked":"Brawl","floor":6.0},{"not_picked":["Multislash","Standoff","FleetEdge","UnavoidableGaze","EnergyCycle","WillOfThePrescript","FleetFootsteps","WrathOfTorment","FlyingSword","CleanUp"],"picked":"FrontalAssault","floor":7.0},{"not_picked":["TheRedNotes","SharpSwipe","Eliminate","CombatPreparation","InnerArdor","EnergyCycle","WildCard","EnergyStrike","Feast","DaringDecision"],"picked":"SnakeSlit","floor":8.0},{"not_picked":["InnerArdor","EnergyStrike","Quickness","ViolentFlame","Tttonst","Rampage_lor","SuppressingShot","EnergyShield","Rewind","FlashingStrike"],"picked":"CumulusWall","floor":10.0},{"not_picked":["ReadyUp","SerpentineBarrier","KeepItFresh","SmokingPipe","GuardingStance","TendonChords","ForcefulGesture","WillOfThePrescript","UnavoidableGaze","SnakeSlit"],"picked":"Unlock1","floor":11.0},{"not_picked":["Pound","AutonomousRush","SerpentSwordTechnique","GuardingStance","SunsetBlade","StrongStrike","Juggling","SpearedSweep","Parry","ViolentFlame"],"picked":"RulesOfTheBackstreets","floor":14.0},{"not_picked":["TieShanKao","BoundaryOfDeath","RipSpace","RagingStormLove"],"picked":"CleanUp","floor":16.0},{"not_picked":["TendonChords","GuardingStance","FrontalAssault","UpbeatPerformance+1","Clone","Parry2","FierceCharge","Guardian_lor","Cruelty","HighSpeedStabbing"],"picked":"GatherIntel+1","floor":18},{"not_picked":["SharpSwipe+1","DevastatingThrash","QuickAttack+1","GuardingStance","SpearedSweep","EnergyShield","CoordinatedAssault+1","Rampage_lor","Tailoring","Parry"],"picked":"Slice_lor+1","floor":19},{"not_picked":["BoundaryOfDeath","HiddenBlade+1","EndlessBattle","RepressedFlesh","Quickness+1","AsThePrescriptOrders","ViolentFlame+1","SuppressingShot","GuidanceOfTheGears","GatherIntel"],"picked":"SnakesPrey","floor":23},{"not_picked":["ElectricShock","Overpower+1","MultiBlock","ChargeUp","SuanNi","Creak","StrongStrike+1","GrazeTheGrass","HighSpeedStabbing+1","SpearedSweep+1","Disposal"],"picked":"SKIP","floor":25},{"not_picked":["SerpentSwordTechnique+1","TendonChords","WrathOfTorment+1","SpearedSweep","Standoff","RhinoRam","FendThisOffIfYouCan","QuickAttack+1","Fence","RagingStormLove"],"picked":"DarkCloud","floor":27},{"not_picked":["MultiHit","HandleRequest","Rewind","WillOfThePrescript","DefenseOrder","FleetFootsteps","FieryDragonSlash+1","Duel_lor","TieShanKao","AGoldenOpportunity"],"picked":"Quickness+1","floor":29},{"not_picked":["BiAn+1","HighKick","SpearedSweep","SharpSwipe","AGoldenOpportunity","ViolentFlame+1","FieryDragonSlash","GuardingStance","FlamingDragonFist","DirtyBlow"],"picked":"TheArtOfRapidSteps+1","floor":31},{"not_picked":["Punishment","RipSpace","FormingStorm","BoundaryOfDeath"],"picked":"GutHarvesting","floor":33},{"not_picked":["BackAttack","TraceOfFumes+1","SharpenedBlade","Diversion","ViolentFlame","Tailoring","Outburst+1","Rampage_lor","TendonChords","SmokingPipe"],"picked":"ExtractFuel","floor":35},{"not_picked":["UndertakePrescript+1","HandlingWork+1","Multislash+1","BiteOff+1","GuardingStance","SpearedSweep+1","MultiBlock","SuanNi","HighKick+1","ScatteringSlash","Laceration+1"],"picked":"SKIP","floor":38},{"not_picked":["UndertakePrescript+1","HandlingWork+1","Multislash+1","BiteOff+1","GuardingStance","SpearedSweep+1","MultiBlock","SuanNi","HighKick+1","ScatteringSlash","Laceration+1"],"picked":"SKIP","floor":38},{"not_picked":["Leap_lor","SetFire","YoureAHindrance","FlashingStrike","Wallop_lor+1","SkyClearingCut+1","MindPrepared","GuidanceOfTheGears+1","Pound","GroundSmash"],"picked":"RulesOfTheBackstreets+1","floor":40},{"not_picked":["HighKick+1","BizarreAttack+1","LoosenUp+1","Riposte","Thrust+1","StayCalm","SunsetBlade","EnergyStrike","SharpenedBlade+1","EnergyCycle+1"],"picked":"Parry2","floor":41},{"not_picked":["SharpSwipe","BiAn","Parry","FendThisOffIfYouCan","MindPrepared+1","FleetFootsteps+1","StrongStrike+1","MultiBlock+1","DesperateStruggle+1","ToOvercomeCrisis","Wallop_lor"],"picked":"SKIP","floor":42},{"not_picked":["ToWhereThePrescriptPoints+1","CoordinatedAssault","Parry2","NightInTheBackstreets+1","FeelinGood","ViolentFlame","EndlessBattle+1","HiddenBlade+1","SnakesPrey+1","SpearedSweep","TieShanKao"],"picked":"SKIP","floor":45},{"not_picked":["ToWhereThePrescriptPoints+1","CoordinatedAssault","Parry2","NightInTheBackstreets+1","FeelinGood","ViolentFlame","EndlessBattle+1","HiddenBlade+1","SnakesPrey+1","SpearedSweep","TieShanKao"],"picked":"SKIP","floor":45},{"not_picked":["TendonChords","MirageStorm","Eliminate+1","LossOfSenses","HiddenBlade","HighKick","SpearedSweep","IronWall","UndertakePrescript+1","DarkCloud+1","StrongStrike+1"],"picked":"SKIP","floor":47},{"not_picked":["TendonChords","MirageStorm","Eliminate+1","LossOfSenses","HiddenBlade","HighKick","SpearedSweep","IronWall","UndertakePrescript+1","DarkCloud+1","StrongStrike+1"],"picked":"SKIP","floor":47},{"not_picked":["RatsGuideToSurvival","Leap_lor+1","WildCard","PreemptiveStrike+1","IngredientHunt","SavageMode","GrazeTheGrass","EndlessBattle","ScatteringSlash","IdentifyWeakpoint+1"],"picked":"Quickness+1","floor":55}],"player_experience":260473,"relics_obtained":[{"floor":1.0,"key":"SynthV:TestCard"},{"floor":2.0,"key":"Gremlin Horn"},{"floor":6.0,"key":"testmod-CasingShield"},{"floor":9.0,"key":"testmod-RandomTest"},{"floor":10.0,"key":"Centennial Puzzle"},{"floor":23,"key":"Bottled Flame"},{"floor":25,"key":"Incense Burner"},{"floor":40,"key":"PageOfTodaysShyLook"},{"floor":43,"key":"PageOfScorchedGirl"},{"floor":45,"key":"PageOfBloodbath"},{"floor":55,"key":"PageOfQueenBee"}],"event_choices":[{"damage_healed":0.0,"max_hp_gain":0.0,"max_hp_loss":0.0,"gold_gain":0.0,"event_name":"给自己的盒子","player_choice":"Ignored","floor":4.0,"gold_loss":0.0,"damage_taken":0.0},{"damage_healed":0,"gold_gain":400,"player_choice":"Sell","damage_taken":0,"max_hp_gain":0,"max_hp_loss":0,"event_name":"恩洛斯的盘子","floor":48,"relics_lost":["testmod-TestBox"],"gold_loss":0}],"is_beta":false,"boss_relics":[{"not_picked":["Cursed Key","testmod-BatchProcessingSystem"],"picked":"Transparent"},{"not_picked":["FixedStarFall","testmod-StringDisintegrator"],"picked":"testmod-Nine"}],"items_purged_floors":[13,20,37,54],"is_endless":false,"potions_floor_spawned":[2,6,11,14,16,19,27,31,41,42],"ascension_level":0}}