{"host":"kvo7eymyd21g9abd","time":1614211635,"event":{"mods":["AchievementEnabler","BaseMod","Bestiary","Colored Map","Minty Spire (QoL Compilation)","StSLib"],"gold_per_floor":[119,50,125,125,139,139,172,189,215,234,267,267,267,76,76,175,175,191,25,25,78,88,88,100,100,100],"floor_reached":25,"language":"ENG","playtime":640,"items_purged":[],"score":293,"play_id":"15618b3d-748e-4755-a385-d3f82671b5cb","local_time":"20210224190715","is_ascension_mode":true,"campfire_choices":[{"floor":6,"key":"RECALL"},{"floor":13,"key":"REST"},{"floor":15,"key":"REST"},{"floor":23,"key":"REST"}],"circlet_count":0,"master_deck":["Strike_G","Strike_G","Strike_G","Strike_G","Defend_G","Defend_G","Defend_G","Defend_G","Defend_G","Survivor","Neutralize","Bouncing Flask","Bouncing Flask","Sucker Punch","Noxious Fumes","Backflip","Deadly Poison","Poisoned Stab","Outmaneuver","Malaise","Dash","Catalyst","Poisoned Stab","Poisoned Stab+1","Terror"],"relics":["Ring of the Snake","NeowsBlessing","Blood Vial","Question Card","Tiny Chest","Blue Candle","Chemical X","SacredBark","Membership Card"],"acts_visited":["Exordium","TheCity"],"potions_floor_usage":[16],"damage_taken":[{"damage":0,"enemies":"Jaw Worm","floor":1,"turns":1},{"damage":0,"enemies":"2 Louse","floor":5,"turns":1},{"damage":0,"enemies":"Gremlin Nob","floor":7,"turns":1},{"damage":0,"enemies":"Cultist","floor":8,"turns":3},{"damage":19,"enemies":"Looter","floor":10,"turns":3},{"damage":32,"enemies":"3 Sentries","floor":11,"turns":7},{"damage":15,"enemies":"The Guardian","floor":16,"turns":7},{"damage":20,"enemies":"3 Byrds","floor":18,"turns":5},{"damage":10,"enemies":"Chosen","floor":22,"turns":5},{"damage":41,"enemies":"Centurion and Healer","floor":24,"turns":7},{"damage":27,"enemies":"Slavers","floor":25,"turns":2}],"seed_played":"6123751889460766962","potions_obtained":[{"floor":8,"key":"FearPotion"},{"floor":16,"key":"Dexterity Potion"},{"floor":24,"key":"Ancient Potion"}],"is_trial":false,"path_per_floor":["M","$","?","?","M","R","E","M","T","M","E","?","R","$","R","B",null,"M","$","?","T","M","R","M","E"],"character_chosen":"THE_SILENT","items_purchased":["Bouncing Flask","Poison Potion","Chemical X","Membership Card","Catalyst"],"campfire_rested":3,"item_purchase_floors":[2,14,14,19,19],"current_hp_per_floor":[70,70,59,59,61,61,63,65,65,48,18,18,39,39,60,47,64,46,46,46,46,38,59,20,0,0],"gold":100,"neow_bonus":"THREE_ENEMY_KILL","is_daily":false,"chose_seed":false,"campfire_upgraded":0,"win_rate":0.0,"timestamp":1614211635,"path_taken":["M","$","?","?","M","R","E","M","T","?","E","?","R","$","R","BOSS","M","$","?","?","M","R","M","E"],"items_purchased_type":["Card","Potion","Relic","Relic","Card"],"build_version":"2020-12-22","purchased_purges":0,"victory":false,"max_hp_per_floor":[70,70,70,70,70,70,70,70,70,70,70,70,70,70,70,70,70,70,70,70,70,70,70,70,70,70],"card_choices":[{"not_picked":["PiercingWail","Footwork"],"picked":"Bouncing Flask","floor":1},{"not_picked":["Prepared","Flying Knee"],"picked":"Sucker Punch","floor":5},{"not_picked":["Bouncing Flask","Leg Sweep"],"picked":"Noxious Fumes","floor":7},{"not_picked":["Flying Knee","Accuracy","Blade Dance"],"picked":"Backflip","floor":8},{"not_picked":["Endless Agony","Flying Knee","Infinite Blades"],"picked":"Deadly Poison","floor":10},{"not_picked":["Finisher","Deflect","Deadly Poison"],"picked":"Poisoned Stab","floor":11},{"not_picked":["Storm of Steel","Unload","Phantasmal Killer"],"picked":"Malaise","floor":16},{"not_picked":["Dagger Spray","Quick Slash","Cloak And Dagger"],"picked":"Dash","floor":18},{"not_picked":["Quick Slash+1","Well Laid Plans","Sucker Punch"],"picked":"Poisoned Stab+1","floor":22},{"not_picked":["Flying Knee","Accuracy","Reflex"],"picked":"Terror","floor":24}],"player_experience":477690,"relics_obtained":[{"floor":4,"key":"Blood Vial"},{"floor":7,"key":"Question Card"},{"floor":9,"key":"Tiny Chest"},{"floor":11,"key":"Blue Candle"}],"event_choices":[{"damage_healed":0,"gold_gain":75,"player_choice":"Gather Gold","damage_taken":11,"max_hp_gain":0,"max_hp_loss":0,"event_name":"World of Goop","floor":3,"gold_loss":0},{"damage_healed":0,"gold_gain":0,"player_choice":"Relic","damage_taken":0,"max_hp_gain":0,"max_hp_loss":0,"event_name":"Wheel of Change","floor":4,"gold_loss":0},{"damage_healed":0,"gold_gain":0,"cards_transformed":["Strike_G"],"player_choice":"Transformed","damage_taken":0,"max_hp_gain":0,"max_hp_loss":0,"event_name":"Transmorgrifier","floor":12,"gold_loss":0,"cards_obtained":["Outmaneuver"]},{"damage_healed":0,"gold_gain":0,"player_choice":"Read","damage_taken":0,"max_hp_gain":0,"max_hp_loss":0,"event_name":"The Library","floor":20,"gold_loss":0,"cards_obtained":["Poisoned Stab"]}],"is_beta":false,"boss_relics":[{"not_picked":["Busted Crown","HoveringKite"],"picked":"SacredBark"}],"items_purged_floors":[],"is_endless":false,"potions_floor_spawned":[8,16,24],"killed_by":"Slavers","ascension_level":5}}