{"host":"o70jlri6sl1lb4ns","time":1614228550,"event":{"mods":["(人物)100% Spire Juice","(人物)Astrologer","(人物)Chen/陈","(人物)KinomotoSakura/木之本樱","(人物)Marisa/F雨魔理沙","(人物)Reimu/博丽灵梦","(人物)The Bug Knight/空洞骑士","(人物)The Hierophant/圣职者","(人物)The Immortal/藤原妹红","(人物)The Servant/D夜","(人物)WarShipGirlsR/战舰少女R","(人物)Youmu/魂魄妖梦","(人物)Yuyuko/幽幽子","(前置)Act Like it!","(前置)CapriCore","(前置)StSLib","(功能)Colored Map/彩色地图","(功能)Curses Come First/诅咒卡牌显示","(功能)Energized Spire/能量尖塔","(功能)Highlight Path/选择路径","(功能)REMEMod/遗物卡牌","(功能)RumiaBox-露米娅的神秘盒子","(功能)Spicy Shops/更好的商店","(功能)Waifu the Spire/萌化","(大型)LobotomyExtend/脑叶拓展","(大型)Replay The Spire/重游尖塔","(辅助)Colored Powertips/buff提示","(辅助)Quick Restart/便捷重启","ATMod(阿瑾Mod)","BaseMod","Lobotomy","Minty Spire (QoL Compilation)","Reliquary","The Marked","Yakumo Yukari mod","【功能Mod】混沌之环修复补丁"],"gold_per_floor":[109,121,137,32,32,32,32,22,22],"floor_reached":8,"language":"ZHS","playtime":1209,"items_purged":[],"score":48,"play_id":"f8265845-d917-40d2-bb66-9a74f5bf5ed4","local_time":"20210225124910","is_ascension_mode":false,"campfire_choices":[],"circlet_count":0,"master_deck":["Moonworks:Strike","Moonworks:Strike","Moonworks:Strike","Moonworks:Strike","Moonworks:Defend","Moonworks:Defend","Moonworks:Defend","Moonworks:Defend","Moonworks:Ambush","Moonworks:LongDistanceShot","AT_FamilyPortrait","MeatLantern","Moonworks:Assault","Moonworks:MetallicMonocoque","Bloodbath","Moonworks:UnpaidWork","Freischutz","Moonworks:ReflectiveShell","Moonworks:Poppoformation"],"relics":["Moonworks:BrokenBomb","Moonworks:Homemark","AT_ATBox","REME_ComplimentaryCards","CogitoBucket","LetterFromLob","Baka2"],"acts_visited":["Exordium"],"potions_floor_usage":[],"damage_taken":[{"damage":0,"enemies":"2 Louse","floor":1,"turns":2},{"damage":2,"enemies":"Cultist","floor":2,"turns":7},{"damage":0,"enemies":"Jaw Worm","floor":3,"turns":4},{"damage":29,"enemies":"Gremlin Gang","floor":4,"turns":5},{"damage":74,"enemies":"3 Sentries","floor":8,"turns":4}],"seed_played":"1309733031939672553","potions_obtained":[{"floor":1,"key":"LifebloodPotion"},{"floor":3,"key":"Doom Potion"}],"is_trial":false,"path_per_floor":["M","M","M","M","PTL","PTL","?","E"],"character_chosen":"THE_STARBREAKER","items_purchased":[],"campfire_rested":0,"item_purchase_floors":[],"current_hp_per_floor":[60,58,58,36,36,36,36,0,0],"gold":22,"neow_bonus":"","is_daily":false,"chose_seed":false,"campfire_upgraded":0,"win_rate":0.0,"timestamp":1614228550,"path_taken":["M","M","M","M","PTL","PTL","?","E"],"items_purchased_type":[],"build_version":"2020-12-22","purchased_purges":0,"victory":false,"max_hp_per_floor":[60,60,60,60,60,60,60,60,60],"card_choices":[{"not_picked":["Variant","BlueStar"],"picked":"MeatLantern","floor":1},{"not_picked":["Moonworks:BeyondHell","Moonworks:SelfDestruct"],"picked":"Moonworks:Assault","floor":1},{"not_picked":["Moonworks:DeployBits","Moonworks:JonathanRush"],"picked":"Moonworks:MetallicMonocoque","floor":2},{"not_picked":["PunishingBird","LongBird"],"picked":"Bloodbath","floor":2},{"not_picked":["Moonworks:EvilSpyWorkPreparation","Moonworks:SakisCookie"],"picked":"Moonworks:UnpaidWork","floor":3},{"not_picked":["CherryBlossoms","FairyFestival"],"picked":"GalaxyChild","floor":3},{"not_picked":["UniverseFragment","CherryBlossoms","BigBadWolf"],"picked":"Singing Bowl","floor":4},{"not_picked":["ShyLook","CherryBlossoms"],"picked":"Freischutz","floor":4},{"not_picked":["Moonworks:ImOnFire","Moonworks:IntelligenceOfficer"],"picked":"Moonworks:ReflectiveShell","floor":4}],"player_experience":33529,"relics_obtained":[{"floor":1,"key":"Baka"},{"floor":1,"key":"LetterFromLob"},{"floor":2,"key":"Baka2"}],"event_choices":[{"damage_healed":0,"gold_gain":0,"cards_transformed":["theMarked:TakeOffHeels"],"player_choice":"Transformed","damage_taken":0,"max_hp_gain":0,"max_hp_loss":0,"event_name":"Transmorgrifier","floor":7,"gold_loss":0,"cards_obtained":["Moonworks:Poppoformation"]}],"is_beta":false,"boss_relics":[],"items_purged_floors":[],"is_endless":false,"potions_floor_spawned":[1,3],"killed_by":"3 Sentries","ascension_level":0}}