{"host":"m4a4k3ia027windw","time":1614293367,"event":{"mods":["2.2 Compatiblity","AchievementEnabler","BaseMod","Colored Map","DeckTracker","Highlight Path","Minty Spire (QoL Compilation)","Random Character Button","Rare Cards Sparkle"],"gold_per_floor":[113,133,149,24,36,36,56,56,81,81,112,124,136,163,175,261,273,295,307,319,345,377,389,414,426,426],"floor_reached":25,"language":"POL","playtime":1459,"items_purged":["Clumsy"],"score":410,"play_id":"1586bddb-831a-422a-ba32-19586b5427d2","local_time":"20210225234927","is_ascension_mode":true,"campfire_choices":[{"data":"Shrug It Off","floor":6,"key":"SMITH"},{"data":"Cleave","floor":8,"key":"SMITH"},{"data":"True Grit","floor":10,"key":"SMITH"},{"data":"Demon Form","floor":12,"key":"SMITH"},{"data":"Heavy Blade","floor":15,"key":"SMITH"},{"floor":23,"key":"REST"}],"circlet_count":0,"master_deck":["AscendersBane","Strike_R+1","Strike_R","Strike_R","Strike_R","Defend_R","Defend_R","Bash+1","Cleave+1","Flame Barrier","Pommel Strike","Shrug It Off+1","Inflame","True Grit+1","Inflame","Demon Form+1","Heavy Blade+1","Immolate+1","Shrug It Off","Pummel"],"relics":["Burning Blood","Whetstone","MawBank","Tiny Chest","Fusion Hammer"],"acts_visited":["Exordium","TheCity"],"potions_floor_usage":[5,11,16,16,21,24,25],"damage_taken":[{"damage":6,"enemies":"Cultist","floor":1,"turns":4},{"damage":8,"enemies":"Small Slimes","floor":2,"turns":3},{"damage":0,"enemies":"2 Louse","floor":3,"turns":2},{"damage":5,"enemies":"Exordium Thugs","floor":5,"turns":4},{"damage":9,"enemies":"Blue Slaver","floor":7,"turns":4},{"damage":18,"enemies":"3 Sentries","floor":11,"turns":8},{"damage":11,"enemies":"Looter","floor":14,"turns":3},{"damage":22,"enemies":"Hexaghost","floor":16,"turns":7},{"damage":0,"enemies":"3 Byrds","floor":18,"turns":3},{"damage":15,"enemies":"2 Thieves","floor":21,"turns":3},{"damage":30,"enemies":"Centurion and Healer","floor":22,"turns":5},{"damage":15,"enemies":"3 Cultists","floor":24,"turns":4},{"damage":56,"enemies":"Book of Stabbing","floor":25,"turns":5}],"seed_played":"7246066936850480875","potions_obtained":[{"floor":1,"key":"SkillPotion"},{"floor":2,"key":"PowerPotion"},{"floor":5,"key":"LiquidMemories"},{"floor":11,"key":"BloodPotion"},{"floor":14,"key":"LiquidMemories"},{"floor":18,"key":"PowerPotion"},{"floor":22,"key":"Weak Potion"},{"floor":24,"key":"SteroidPotion"}],"is_trial":false,"path_per_floor":["M","M","M","$","M","R","M","R","T","R","E","R","?","M","R","B",null,"M","?","?","M","M","R","M","E"],"character_chosen":"IRONCLAD","items_purchased":["True Grit"],"campfire_rested":1,"item_purchase_floors":[4],"current_hp_per_floor":[68,66,72,72,73,73,70,70,70,70,58,58,58,53,53,37,66,72,72,72,63,39,61,52,0,0],"gold":426,"neow_bonus":"TRANSFORM_TWO_CARDS","is_daily":false,"chose_seed":false,"campfire_upgraded":5,"win_rate":0.0,"timestamp":1614293367,"path_taken":["M","M","M","?","M","R","M","R","T","R","E","R","?","?","R","BOSS","M","?","?","M","M","R","M","E"],"items_purchased_type":["Card"],"build_version":"2020-12-22","purchased_purges":1,"victory":false,"max_hp_per_floor":[75,75,75,75,75,75,75,75,75,75,75,75,75,75,75,75,75,75,75,75,75,75,75,75,75,75],"card_choices":[{"not_picked":["Cleave","Pummel"],"picked":"Pommel Strike","floor":1},{"not_picked":["Heavy Blade","True Grit"],"picked":"Shrug It Off","floor":2},{"not_picked":["Clash","Armaments"],"picked":"Inflame","floor":3},{"not_picked":["Warcry","Armaments","Perfected Strike"],"picked":"SKIP","floor":5},{"not_picked":["Warcry","Armaments","Perfected Strike"],"picked":"SKIP","floor":5},{"not_picked":["Iron Wave","Seeing Red"],"picked":"Inflame","floor":7},{"not_picked":["Intimidate","Shrug It Off"],"picked":"Demon Form","floor":11},{"not_picked":["Inflame","Flex"],"picked":"Heavy Blade","floor":14},{"not_picked":["Exhume","Corruption"],"picked":"Immolate","floor":16},{"not_picked":["Pommel Strike","Warcry"],"picked":"Shrug It Off","floor":18},{"not_picked":["Metallicize","Combust+1","Pommel Strike"],"picked":"SKIP","floor":21},{"not_picked":["Anger","Berserk"],"picked":"Pummel","floor":22},{"not_picked":["Disarm","Clash+1","Clothesline"],"picked":"SKIP","floor":24}],"player_experience":471679,"relics_obtained":[{"floor":9,"key":"Whetstone"},{"floor":11,"key":"MawBank"}],"event_choices":[{"damage_healed":0,"gold_gain":0,"player_choice":"Gave Potion","damage_taken":0,"relics_obtained":["Tiny Chest"],"max_hp_gain":0,"max_hp_loss":0,"event_name":"WeMeetAgain","floor":13,"gold_loss":0},{"cards_removed":["Strike_R"],"damage_healed":0,"gold_gain":0,"player_choice":"Elegance","damage_taken":0,"max_hp_gain":0,"max_hp_loss":0,"event_name":"Back to Basics","floor":19,"gold_loss":0},{"damage_healed":0,"gold_gain":0,"player_choice":"Forge","damage_taken":0,"max_hp_gain":0,"max_hp_loss":0,"event_name":"Accursed Blacksmith","floor":20,"gold_loss":0,"cards_upgraded":["Immolate"]}],"is_beta":false,"boss_relics":[{"not_picked":["Black Star","Calling Bell"],"picked":"Fusion Hammer"}],"items_purged_floors":[4],"is_endless":false,"potions_floor_spawned":[1,2,5,11,14,18,22,24],"killed_by":"Book of Stabbing","ascension_level":20}}