{"host":"o9lehcdjc4u6j9un","time":1614235257,"event":{"mods":["Aspiration","BaseMod","Better-Laid Plans","Bossed Relics","Colored Map","Koishi","Marisa£®ÏF”Í°°ƒß¿Ì…≥£©","Minty Spire (QoL Compilation)","Reimu£®≤©¿ˆ¡È√Œ£©","Remilia£®¿Ÿ√◊¿Ú—«£©","StSLib","The Senshi","The Servant 0.9.4","Yakumo Yukari mod","Youmu£®ªÍ∆«—˝√Œ£©"],"gold_per_floor":[115,40,40,53,71,106,106,281,281,281,307,64,79,94,94,196,196,196,196],"floor_reached":18,"language":"ZHS","playtime":1655,"items_purged":["theSenshi:SailorKick","Pain"],"score":195,"play_id":"84b72de6-8f84-4568-87b5-2b73ed020ba0","local_time":"20210225144057","is_ascension_mode":false,"campfire_choices":[{"data":"theSenshi:MoonPrismPowerMakeUp","floor":7,"key":"SMITH"},{"data":"theSenshi:SailorMarsAssists","floor":15,"key":"SMITH"}],"circlet_count":0,"master_deck":["theSenshi:SailorKick","theSenshi:SailorKick","theSenshi:SailorKick","theSenshi:SailorBlock","theSenshi:SailorBlock","theSenshi:SailorBlock","theSenshi:SailorBlock","theSenshi:RoseThrow","theSenshi:MoonPrismPowerMakeUp+1","theSenshi:VenusGlamour","theSenshi:SailorMarsAssists+1","theSenshi:MoonTiaraMagic","theSenshi:Sidestep","Doubt","theSenshi:SailorStarMakerAssists","theSenshi:SailorNeptuneAssists","theSenshi:MercurysCunning","theSenshi:ChibiMoonsLove"],"relics":["theSenshi:TransformationBroochRelic","WarpedTongs","Bird Faced Urn","Centennial Puzzle","aspiration:BabyByrd","Pear","Bag of Marbles","Runic Dome"],"acts_visited":["Exordium","TheCity"],"potions_floor_usage":[6,11],"damage_taken":[{"damage":0,"enemies":"Small Slimes","floor":1,"turns":3},{"damage":7,"enemies":"Cultist","floor":4,"turns":3},{"damage":2,"enemies":"2 Louse","floor":5,"turns":1},{"damage":21,"enemies":"Lagavulin","floor":6,"turns":7},{"damage":17,"enemies":"3 Sentries","floor":11,"turns":5},{"damage":4,"enemies":"Looter","floor":13,"turns":3},{"damage":4,"enemies":"Large Slime","floor":14,"turns":7},{"damage":9,"enemies":"Slime Boss","floor":16,"turns":10},{"damage":1,"enemies":"Spheric Guardian","floor":18,"turns":3}],"seed_played":"8712763780994700592","potions_obtained":[{"floor":4,"key":"Weak Potion"},{"floor":6,"key":"SkillPotion"},{"floor":14,"key":"Explosive Potion"}],"is_trial":false,"path_per_floor":["M","$","?","M","M","E","R","?","T","?","E","$","M","M","R","B",null,"M"],"character_chosen":"THE_SENSHI","items_purchased":["Bag of Marbles"],"campfire_rested":0,"item_purchase_floors":[12],"current_hp_per_floor":[82,82,82,75,73,52,52,52,52,52,47,47,45,43,43,36,92,91,91],"gold":196,"neow_bonus":"TEN_PERCENT_HP_BONUS","is_daily":false,"chose_seed":false,"campfire_upgraded":2,"win_rate":0.0,"timestamp":1614235257,"path_taken":["M","$","?","?","M","E","R","?","T","?","E","$","M","M","R","BOSS","M"],"items_purchased_type":["Relic"],"build_version":"2020-12-22","purchased_purges":2,"victory":false,"max_hp_per_floor":[82,82,82,82,82,82,82,82,82,82,92,92,92,92,92,92,92,92,92],"card_choices":[{"not_picked":["theSenshi:TallSilhouette","theSenshi:LunaWiseMentor"],"picked":"theSenshi:VenusGlamour","floor":1},{"not_picked":["theSenshi:HesSoDreamy","theSenshi:SailorUranusAssists"],"picked":"theSenshi:SailorMarsAssists","floor":4},{"not_picked":["theSenshi:SupersonicWaves","theSenshi:EncouragingSpeech"],"picked":"theSenshi:MoonTiaraMagic","floor":5},{"not_picked":["theSenshi:FatedKiss","theSenshi:SteeledNerves"],"picked":"theSenshi:Sidestep","floor":6},{"not_picked":["theSenshi:CrisisMakeUp","theSenshi:MoonTiaraMagic"],"picked":"theSenshi:SailorStarMakerAssists","floor":11},{"not_picked":["theSenshi:HesSoDreamy","theSenshi:SchoolBag"],"picked":"theSenshi:SailorNeptuneAssists","floor":13},{"not_picked":["theSenshi:LateForSchool","theSenshi:SailorVenusAssists"],"picked":"theSenshi:MercurysCunning","floor":14},{"not_picked":["theSenshi:SilverMoonCrystalPowerKiss","theSenshi:InTheNameOfTheMoon"],"picked":"theSenshi:ChibiMoonsLove","floor":16}],"player_experience":215493,"relics_obtained":[{"floor":6,"key":"Bird Faced Urn"},{"floor":9,"key":"Centennial Puzzle"},{"floor":11,"key":"Pear"}],"event_choices":[{"damage_healed":0,"gold_gain":0,"player_choice":"Rummage","damage_taken":0,"relics_obtained":["WarpedTongs"],"max_hp_gain":0,"max_hp_loss":0,"event_name":"Accursed Blacksmith","floor":3,"gold_loss":0,"cards_obtained":["Pain"]},{"damage_healed":0,"gold_gain":175,"player_choice":"AGREE","damage_taken":0,"max_hp_gain":0,"max_hp_loss":0,"event_name":"Liars Game","floor":8,"gold_loss":0,"cards_obtained":["Doubt"]}],"is_beta":false,"boss_relics":[{"not_picked":["Runic Pyramid","aspiration:DefectSkillbook"],"picked":"Runic Dome"}],"items_purged_floors":[2,12],"is_endless":false,"potions_floor_spawned":[4,6,14],"killed_by":"Spheric Guardian","ascension_level":0}}