{"host":"2haferq23ht5nrlk","time":1614284719,"event":{"mods":["ATMod(°¢èªMod)","Alarm Clock","Aspiration","BaseMod","BetterRewards","Colored Powertips","Conspire","Dota2Spire","Faster Ascension Climbing","KomeijiMod","Library of Ruina","Library of Ruina Extra","Lobotomy","LobotomyExtend","Marked Mod","Minty Spire (QoL Compilation)","Quick Restart","Relic Filter Mod","Relic Stats","Reliquary","Replay The Spire","RumiaBox-Â¶Ã×æ«µÄÉñÃØºÐ×Ó","Spicy Shops","StSLib","TestMod","The Cursed","The Jungle","UnlockEverythingMod","¡¾ÒÅÎï¿¨ÅÆ¡¿REMEMod"],"gold_per_floor":[121,121,141,141,158,163,163],"floor_reached":6,"language":"ZHS","playtime":293,"items_purged":[],"score":36,"play_id":"378a0f82-2899-4e85-8df0-3bfa2b6d24c6","local_time":"20210226042519","is_ascension_mode":false,"campfire_choices":[],"circlet_count":0,"master_deck":["Dodge","LightDefense","LightAttack","LightAttack","LightDefense","LightDefense","LightDefense","ChargeAndCover","FocusedStrikes","AT_DivineConfetti","Observe","Scorched","ExtractFuel","Wellcheers","Thrust","Regret","GaleKick"],"relics":["PageOfLibrarian","AT_ATBox","REME_ComplimentaryCards","testmod-TestBox","CogitoBucket","RabbitCall","testmod-DeterminationOfClimber","LetterFromLob","ReplayTheSpireMod:CursedCoin","aspiration:DSix"],"acts_visited":["Exordium"],"potions_floor_usage":[6],"damage_taken":[{"damage":0,"enemies":"Cultist","floor":1,"turns":2},{"damage":1,"enemies":"2 Louse","floor":3,"turns":2},{"damage":2,"enemies":"Jaw Worm","floor":5,"turns":3},{"damage":70,"enemies":"Lagavulin","floor":6,"turns":4}],"seed_played":"768860239122758433","potions_obtained":[{"floor":3,"key":"Energy Potion"}],"is_trial":false,"path_per_floor":["M","?","M","$","M","E"],"character_chosen":"Librarian","items_purchased":["ReplayTheSpireMod:CursedCoin","aspiration:DSix"],"campfire_rested":0,"item_purchase_floors":[4,4],"current_hp_per_floor":[60,60,60,60,59,0,0],"gold":163,"neow_bonus":"","is_daily":false,"chose_seed":false,"campfire_upgraded":0,"win_rate":0.0,"timestamp":1614284719,"path_taken":["M","?","?","$","M","E"],"items_purchased_type":["Relic","Relic"],"build_version":"2020-12-22","purchased_purges":0,"victory":false,"max_hp_per_floor":[63,63,63,63,62,62,62],"relic_stats":{"counters":[4,11],"obtain_stats":[{"PageOfLibrarian":0,"RabbitCall":0,"CogitoBucket":0,"AT_ATBox":0,"testmod-TestBox":0,"ReplayTheSpireMod:CursedCoin":4,"testmod-DeterminationOfClimber":0,"LetterFromLob":1,"aspiration:DSix":4,"REME_ComplimentaryCards":0},{"PageOfLibrarian":0,"RabbitCall":0,"CogitoBucket":0,"AT_ATBox":0,"testmod-TestBox":0,"ReplayTheSpireMod:CursedCoin":2,"testmod-DeterminationOfClimber":0,"LetterFromLob":1,"aspiration:DSix":2,"REME_ComplimentaryCards":0},{"PageOfLibrarian":0,"RabbitCall":0,"CogitoBucket":0,"AT_ATBox":0,"testmod-TestBox":0,"ReplayTheSpireMod:CursedCoin":4,"testmod-DeterminationOfClimber":0,"LetterFromLob":2,"aspiration:DSix":4,"REME_ComplimentaryCards":0}]},"card_choices":[{"not_picked":["ShyLook","UniverseFragment"],"picked":"Scorched","floor":1},{"not_picked":["SkitterAway","Collision","AsThePrescriptOrders","FierceCharge","SuppressingShot","Rewind","DefenseOrder","Struggle"],"picked":"ExtractFuel","floor":1},{"not_picked":["BeautyBeast","Bloodbath"],"picked":"Wellcheers","floor":3},{"not_picked":["StrongStrike","Track","HardRehearsal","Commandeering","Reload","VenomousFangs","Standoff","MultiHit"],"picked":"Thrust","floor":3},{"not_picked":["UpbeatPerformance","CleanUp","Thrust","SnakesPrey","Reload","ChiWen","Standoff","AsThePrescriptOrders"],"picked":"GaleKick","floor":5}],"player_experience":38840,"relics_obtained":[{"floor":1,"key":"LetterFromLob"}],"event_choices":[{"cards_removed":["LightAttack"],"damage_healed":0,"gold_gain":0,"player_choice":"Purged","damage_taken":0,"max_hp_gain":0,"max_hp_loss":0,"event_name":"Purifier","floor":2,"gold_loss":0}],"is_beta":false,"boss_relics":[],"items_purged_floors":[],"is_endless":false,"potions_floor_spawned":[3],"killed_by":"Lagavulin","ascension_level":0}}