{"host":"7jbuhzz8yy5cuou7","time":1614218537,"event":{"mods":["AchievementEnabler","Act Like it!","BaseMod","Better Third Choice","Bossed Relics","Colored Map","Colored Powertips","Dark Map","DeckTracker","Minty Spire (QoL Compilation)","Permanent Neow","Quick Restart","Ruina","StSLib","The Cursed","The Hierophant","Weighted Paths"],"gold_per_floor":[115,115,128,141,158,158,190,190,215,241,241,241,280,280,280,280,280],"floor_reached":16,"language":"ENG","playtime":658,"items_purged":[],"score":177,"play_id":"917f4a4c-82b5-4272-babe-fa9a4cd442b1","local_time":"20210224190217","is_ascension_mode":true,"campfire_choices":[{"data":"Thunderclap","floor":6,"key":"SMITH"},{"data":"Battle Trance","floor":8,"key":"SMITH"},{"data":"Bloodletting","floor":12,"key":"SMITH"},{"data":"Immolate","floor":15,"key":"SMITH"}],"circlet_count":0,"master_deck":["AscendersBane","Strike_R","Strike_R","Strike_R","Strike_R","Strike_R","Defend_R","Defend_R","Defend_R","Defend_R","Bash+1","Thunderclap+1","Bloodletting+1","Battle Trance+1","Immolate+1"],"relics":["Burning Blood","Omamori","Juzu Bracelet","Golden Idol","Smiling Mask"],"acts_visited":["Exordium"],"potions_floor_usage":[5,7],"damage_taken":[{"damage":1,"enemies":"Jaw Worm","floor":1,"turns":4},{"damage":6,"enemies":"2 Louse","floor":3,"turns":2},{"damage":4,"enemies":"Small Slimes","floor":4,"turns":4},{"damage":0,"enemies":"2 Fungi Beasts","floor":5,"turns":2},{"damage":15,"enemies":"3 Sentries","floor":7,"turns":3},{"damage":21,"enemies":"Gremlin Nob","floor":10,"turns":3},{"damage":26,"enemies":"3 Sentries","floor":13,"turns":8},{"damage":35,"enemies":"The Guardian","floor":16,"turns":8}],"seed_played":"4691963393289084233","potions_obtained":[{"floor":3,"key":"Fire Potion"},{"floor":5,"key":"ColorlessPotion"}],"is_trial":false,"path_per_floor":["M","?","M","M","M","R","E","R","T","E","?","R","E","$","R","B"],"character_chosen":"IRONCLAD","items_purchased":[],"campfire_rested":0,"item_purchase_floors":[],"current_hp_per_floor":[77,82,82,84,85,85,76,76,76,61,61,61,41,41,41,6,6],"gold":280,"neow_bonus":"UPGRADE_CARD","is_daily":false,"chose_seed":false,"campfire_upgraded":4,"win_rate":0.0,"timestamp":1614218537,"path_taken":["M","?","M","M","M","R","E","R","T","E","?","R","E","$","R","BOSS"],"items_purchased_type":[],"build_version":"2020-12-22","purchased_purges":0,"victory":false,"max_hp_per_floor":[80,85,85,85,85,85,85,85,85,85,79,79,79,79,79,79,79],"card_choices":[{"not_picked":["Warcry","Flex"],"picked":"Thunderclap","floor":1},{"not_picked":["Anger","Second Wind","Disarm"],"picked":"SKIP","floor":3},{"not_picked":["Uppercut","Thunderclap","Metallicize"],"picked":"SKIP","floor":4},{"not_picked":["Sword Boomerang","Fiend Fire"],"picked":"Bloodletting","floor":5},{"not_picked":["Wild Strike","Shrug It Off"],"picked":"Battle Trance","floor":7},{"not_picked":["Dropkick","Body Slam","Anger"],"picked":"SKIP","floor":10},{"not_picked":["Body Slam","Wild Strike"],"picked":"Immolate","floor":13}],"player_experience":441776,"relics_obtained":[{"floor":7,"key":"Omamori"},{"floor":10,"key":"Juzu Bracelet"},{"floor":13,"key":"Smiling Mask"}],"event_choices":[{"damage_healed":0,"gold_gain":0,"player_choice":"Donut","damage_taken":0,"max_hp_gain":5,"max_hp_loss":0,"event_name":"Big Fish","floor":2,"gold_loss":0},{"damage_healed":0,"gold_gain":0,"player_choice":"Lose Max HP","damage_taken":0,"relics_obtained":["Golden Idol"],"max_hp_gain":0,"max_hp_loss":6,"event_name":"Golden Idol","floor":11,"gold_loss":0}],"is_beta":false,"boss_relics":[],"items_purged_floors":[],"is_endless":false,"potions_floor_spawned":[3,5],"killed_by":"The Guardian","ascension_level":10}}