{"host":"cpsutu8lprjuipd6","time":1614275366,"event":{"mods":["BaseMod","Colored Map","Minty Spire (QoL Compilation)","Permanent Neow","Quick Restart","StSLib","SuperFastMode","The Bug Knight","Together in Spire"],"gold_per_floor":[113,125,142,242,259,259,275,289,316,92,112,122,132,32,32,32,32],"floor_reached":16,"language":"KOR","playtime":574,"items_purged":["Strike_R","Defend_R"],"score":103,"play_id":"02547f87-b10d-4ee0-a299-2332edaee0e1","local_time":"20210226024926","is_ascension_mode":true,"campfire_choices":[{"data":"Thunderclap","floor":6.0,"key":"SMITH"},{"floor":15,"key":"REST"}],"circlet_count":0,"master_deck":["Strike_R","Strike_R","Strike_R","Strike_R","Defend_R","Defend_R","Defend_R","Bash","Thunderclap+1","Dropkick"],"relics":["Burning Blood","Pen Nib","Regal Pillow"],"acts_visited":["Exordium"],"potions_floor_usage":[16,16],"damage_taken":[{"damage":4.0,"enemies":"Cultist","floor":1.0,"turns":4.0},{"damage":5.0,"enemies":"Small Slimes","floor":2.0,"turns":3.0},{"damage":10.0,"enemies":"Jaw Worm","floor":3.0,"turns":5.0},{"damage":22.0,"enemies":"Exordium Wildlife","floor":5.0,"turns":6.0},{"damage":11.0,"enemies":"Lots of Slimes","floor":7.0,"turns":2.0},{"damage":27.0,"enemies":"Large Slime","floor":8.0,"turns":7.0},{"damage":8.0,"enemies":"2 Fungi Beasts","floor":11.0,"turns":3.0},{"damage":11.0,"enemies":"Blue Slaver","floor":12.0,"turns":4.0},{"damage":23,"enemies":"Large Slime","floor":13,"turns":4},{"damage":58,"enemies":"Hexaghost","floor":16,"turns":11}],"seed_played":"-5062590323539412345","potions_obtained":[{"floor":1.0,"key":"BlessingOfTheForge"},{"floor":7.0,"key":"SteroidPotion"},{"floor":11.0,"key":"AttackPotion"},{"floor":12.0,"key":"Regen Potion"}],"is_trial":false,"path_per_floor":["M","M","M","?","M","R","M","M","T","$","M","M","M","$","R","B"],"character_chosen":"IRONCLAD","items_purchased":["Regal Pillow"],"campfire_rested":1,"item_purchase_floors":[10],"current_hp_per_floor":[80,80,76,76,60,60,55,34,34,34,32,27,10,10,49,6,6],"gold":32,"neow_bonus":"THREE_CARDS","is_daily":false,"chose_seed":false,"campfire_upgraded":1,"win_rate":0.0,"timestamp":1614275366,"path_taken":["M","M","?","?","M","R","M","M","T","$","M","M","M","$","R","BOSS"],"items_purchased_type":["Relic"],"build_version":"2020-12-22","purchased_purges":2,"victory":false,"max_hp_per_floor":[80,80,80,80,80,80,80,80,80,80,80,80,80,80,80,80,80],"card_choices":[{"not_picked":["Metallicize","Clothesline"],"picked":"Thunderclap","floor":0.0},{"not_picked":["Uppercut","Searing Blow","Body Slam"],"picked":"SKIP","floor":1.0},{"not_picked":["Thunderclap","Pommel Strike","Perfected Strike"],"picked":"SKIP","floor":2.0},{"not_picked":["Perfected Strike","Bloodletting","Twin Strike"],"picked":"SKIP","floor":3.0},{"not_picked":["Shrug It Off","Evolve","Iron Wave"],"picked":"SKIP","floor":5.0},{"not_picked":["Wild Strike","Heavy Blade","Clothesline"],"picked":"SKIP","floor":7.0},{"not_picked":["Whirlwind","Burning Pact","Anger"],"picked":"SKIP","floor":8.0},{"not_picked":["Searing Blow","Cleave","Fire Breathing"],"picked":"SKIP","floor":11.0},{"not_picked":["Warcry","Sentinel"],"picked":"Dropkick","floor":12.0},{"not_picked":["Pommel Strike","Flex","Perfected Strike"],"picked":"SKIP","floor":13}],"player_experience":148298,"relics_obtained":[{"floor":9.0,"key":"Pen Nib"}],"event_choices":[{"damage_healed":0.0,"max_hp_gain":0.0,"max_hp_loss":0.0,"gold_gain":100.0,"event_name":"Wheel of Change","player_choice":"Gold","floor":4.0,"gold_loss":0.0,"damage_taken":0.0}],"is_beta":false,"boss_relics":[],"items_purged_floors":[10,14],"is_endless":false,"potions_floor_spawned":[1,7,11,12,13],"killed_by":"Hexaghost","ascension_level":1}}