{"host":"rhdzd7if6vauof3v","time":1614283380,"event":{"mods":["AchievementEnabler","BaseMod","Colored Map","Minty Spire (QoL Compilation)","Permanent Neow","Relic Stats","StSLib","Transform Curses"],"gold_per_floor":[117,117,42,67,67,101,28,28,28,58,58,90,90,120,120,224,224,244,244,244,244,244,244,263,263,263,263,282,282,282],"floor_reached":29,"language":"ENG","playtime":2456,"items_purged":["Regret"],"score":270,"play_id":"b90d17fd-c0ac-4a4c-bab7-fb33659d7cfe","local_time":"20210225150300","is_ascension_mode":true,"campfire_choices":[{"data":"Catalyst","floor":8,"key":"SMITH"},{"floor":11,"key":"REST"},{"floor":15,"key":"REST"},{"data":"Envenom","floor":23,"key":"SMITH"},{"data":"Bane","floor":25,"key":"SMITH"}],"circlet_count":0,"master_deck":["Defend_G+1","Defend_G+1","Defend_G+1","Defend_G+1","Defend_G+1","Survivor","Neutralize","Deadly Poison","Quick Slash","Burst","Catalyst+1","Poisoned Stab","Blur","Envenom+1","CurseOfTheBell","Bite","Bite","Bite","Bite","Bite","Bane+1"],"relics":["Ring of the Snake","Mango","FaceOfCleric","Unceasing Top","Tough Bandages","Vajra","Orichalcum","Calling Bell","Omamori","Letter Opener","Peace Pipe","Pen Nib","White Beast Statue","Nilry\u0027s Codex"],"acts_visited":["Exordium","TheCity"],"potions_floor_usage":[],"damage_taken":[{"damage":5,"enemies":"Small Slimes","floor":1,"turns":5},{"damage":38,"enemies":"Gremlin Nob","floor":6,"turns":5},{"damage":10,"enemies":"Lagavulin","floor":12,"turns":6},{"damage":16,"enemies":"Gremlin Nob","floor":14,"turns":3},{"damage":40,"enemies":"Hexaghost","floor":16,"turns":10},{"damage":19,"enemies":"Shell Parasite","floor":18,"turns":6},{"damage":8,"enemies":"Chosen","floor":24,"turns":5},{"damage":27,"enemies":"Shelled Parasite and Fungi","floor":28,"turns":6},{"damage":32,"enemies":"Sentry and Sphere","floor":29,"turns":7}],"seed_played":"6827460232639326522","potions_obtained":[{"floor":14,"key":"PowerPotion"},{"floor":18,"key":"EssenceOfSteel"},{"floor":28,"key":"Swift Potion"}],"is_trial":false,"path_per_floor":["M","?","$","T","?","E","$","R","T","?","R","E","?","E","R","B",null,"M","?","?","$","?","R","M","R","T","?","M","M"],"character_chosen":"THE_SILENT","items_purchased":["Catalyst"],"campfire_rested":2,"item_purchase_floors":[7],"current_hp_per_floor":[79,79,79,79,79,42,42,42,42,42,67,58,51,36,62,23,88,70,70,62,62,62,62,55,55,55,39,21,0,0],"gold":282,"neow_bonus":"ONE_RARE_RELIC","is_daily":false,"chose_seed":false,"campfire_upgraded":3,"win_rate":0.0,"timestamp":1614283380,"path_taken":["M","?","?","?","?","E","$","R","T","?","R","E","?","E","R","BOSS","M","?","?","$","?","R","M","R","T","?","M","?"],"items_purchased_type":["Card"],"build_version":"2020-12-22","purchased_purges":1,"victory":false,"max_hp_per_floor":[84,84,84,84,84,85,85,85,85,85,85,86,86,87,87,88,88,89,89,62,62,62,62,63,63,63,63,64,64,64],"relic_stats":{"Peace Pipe":0,"Tough Bandages":[30],"FaceOfCleric":7,"counters":[9,53],"Pen Nib":[2],"Letter Opener":[5],"Orichalcum":[60],"obtain_stats":[{"Nilry\u0027s Codex":27,"Vajra":12,"Mango":0,"Pen Nib":22,"Omamori":17,"Letter Opener":17,"Orichalcum":14,"White Beast Statue":26,"Calling Bell":17,"Peace Pipe":17,"Tough Bandages":10,"FaceOfCleric":2,"Unceasing Top":9,"Ring of the Snake":0},{"Nilry\u0027s Codex":7,"Vajra":3,"Mango":0,"Pen Nib":6,"Omamori":5,"Letter Opener":5,"Orichalcum":4,"White Beast Statue":7,"Calling Bell":5,"Peace Pipe":5,"Tough Bandages":2,"FaceOfCleric":1,"Unceasing Top":2,"Ring of the Snake":0},{"Nilry\u0027s Codex":40,"Vajra":16,"Mango":0,"Pen Nib":35,"Omamori":29,"Letter Opener":29,"Orichalcum":19,"White Beast Statue":40,"Calling Bell":29,"Peace Pipe":29,"Tough Bandages":10,"FaceOfCleric":5,"Unceasing Top":10,"Ring of the Snake":0}],"Unceasing Top":[1],"Ring of the Snake":[18]},"card_choices":[{"not_picked":["Accuracy","Sucker Punch"],"picked":"Deadly Poison","floor":1},{"not_picked":["Outmaneuver","PiercingWail"],"picked":"Burst","floor":6},{"not_picked":["Cloak And Dagger","Sucker Punch"],"picked":"Poisoned Stab","floor":12},{"not_picked":["Sucker Punch","Blade Dance"],"picked":"Blur","floor":14},{"not_picked":["Die Die Die","Unload"],"picked":"Envenom","floor":16},{"not_picked":["Reflex","Dagger Throw","Dodge and Roll"],"picked":"SKIP","floor":18},{"not_picked":["Flechettes","Deflect"],"picked":"Bane","floor":24},{"not_picked":["Flying Knee","Skewer","Dagger Throw"],"picked":"SKIP","floor":28}],"player_experience":95361,"relics_obtained":[{"floor":9,"key":"Unceasing Top"},{"floor":12,"key":"Vajra"},{"floor":14,"key":"Orichalcum"},{"floor":17,"key":"Omamori"},{"floor":17,"key":"Letter Opener"},{"floor":17,"key":"Peace Pipe"},{"floor":26,"key":"White Beast Statue"},{"floor":27,"key":"Nilry\u0027s Codex"}],"event_choices":[{"damage_healed":0,"gold_gain":0,"player_choice":"Trade","damage_taken":0,"relics_obtained":["FaceOfCleric"],"max_hp_gain":0,"max_hp_loss":0,"event_name":"FaceTrader","floor":2,"gold_loss":0},{"damage_healed":0,"gold_gain":0,"cards_transformed":["Strike_G"],"player_choice":"Change","damage_taken":0,"max_hp_gain":0,"max_hp_loss":0,"event_name":"Living Wall","floor":5,"gold_loss":0,"cards_obtained":["Quick Slash"]},{"damage_healed":0,"gold_gain":30,"player_choice":"Searched \u00272\u0027 times","damage_taken":0,"relics_obtained":["Tough Bandages"],"max_hp_gain":0,"max_hp_loss":0,"event_name":"Dead Adventurer","floor":10,"gold_loss":0},{"cards_removed":["Strike_G"],"damage_healed":0,"gold_gain":0,"player_choice":"Card Removal","damage_taken":7,"max_hp_gain":0,"max_hp_loss":0,"event_name":"Golden Wing","floor":13,"gold_loss":0},{"damage_healed":0,"gold_gain":0,"player_choice":"Simplicity","damage_taken":0,"max_hp_gain":0,"max_hp_loss":0,"event_name":"Back to Basics","floor":19,"gold_loss":0,"cards_upgraded":["Strike_G","Strike_G","Strike_G","Defend_G","Defend_G","Defend_G","Defend_G","Defend_G"]},{"damage_healed":0,"gold_gain":0,"player_choice":"Became a vampire","damage_taken":0,"max_hp_gain":0,"max_hp_loss":27,"event_name":"Vampires","floor":20,"gold_loss":0,"cards_obtained":["Bite","Bite","Bite","Bite","Bite"]},{"damage_healed":0,"gold_gain":0,"player_choice":"Opened","damage_taken":0,"relics_obtained":["Pen Nib"],"max_hp_gain":0,"max_hp_loss":0,"event_name":"The Mausoleum","floor":22,"gold_loss":0,"cards_obtained":["Writhe"]},{"damage_healed":0,"gold_gain":0,"player_choice":"Obtained Book","damage_taken":16,"max_hp_gain":0,"max_hp_loss":0,"event_name":"Cursed Tome","floor":27,"gold_loss":0}],"is_beta":false,"boss_relics":[{"not_picked":["Cursed Key","Coffee Dripper"],"picked":"Calling Bell"}],"items_purged_floors":[3],"is_endless":false,"potions_floor_spawned":[14,18,28],"killed_by":"Sentry and Sphere","ascension_level":1}}