{"host":"vyjryxuuuxkt43k4","time":1614262482,"event":{"mods":["AchievementEnabler","BaseMod","Colored Map","DeckTracker","Keyboard Shortcuts","Minty Spire (QoL Compilation)","Permanent Neow","Quick Restart","StSLib","SuperFastMode","everything is the same but u backflip on backflip"],"gold_per_floor":[109,120,120,170,181,181,193,219,219,65,78,3,19,30,30,30,30],"floor_reached":16,"language":"KOR","playtime":545,"items_purged":["Strike_R"],"score":208,"play_id":"278494d8-80bb-4ad3-9115-12bae4a5883d","local_time":"20210225231442","is_ascension_mode":true,"campfire_choices":[{"data":"Searing Blow","floor":6.0,"key":"SMITH"},{"data":"Searing Blow+1","floor":15.0,"key":"SMITH"}],"circlet_count":0,"master_deck":["AscendersBane","Strike_R","Strike_R","Defend_R","Defend_R","Defend_R+1","Defend_R","Bash","Anger","Shrug It Off+1","Searing Blow+2","Evolve","Dark Embrace","Power Through","Battle Trance","Corruption"],"relics":["Burning Blood","Self Forming Clay","CaptainsWheel"],"acts_visited":["Exordium"],"potions_floor_usage":[16,16],"damage_taken":[{"damage":9.0,"enemies":"Small Slimes","floor":1.0,"turns":5.0},{"damage":2.0,"enemies":"2 Louse","floor":2.0,"turns":3.0},{"damage":0.0,"enemies":"Cultist","floor":5.0,"turns":3.0},{"damage":13.0,"enemies":"Gremlin Gang","floor":7.0,"turns":5.0},{"damage":23.0,"enemies":"Lagavulin","floor":8.0,"turns":7.0},{"damage":1.0,"enemies":"2 Fungi Beasts","floor":11.0,"turns":4.0},{"damage":0.0,"enemies":"3 Louse","floor":13.0,"turns":4.0},{"damage":6.0,"enemies":"Looter","floor":14.0,"turns":3.0},{"damage":45,"enemies":"The Guardian","floor":16,"turns":11}],"seed_played":"-4449179488853652347","potions_obtained":[{"floor":5.0,"key":"DistilledChaos"},{"floor":7.0,"key":"Strength Potion"},{"floor":11.0,"key":"BlessingOfTheForge"}],"is_trial":false,"path_per_floor":["M","M","?","?","M","R","M","E","T","$","M","$","M","M","R","B"],"character_chosen":"IRONCLAD","items_purchased":["Power Through","DuplicationPotion"],"campfire_rested":0,"item_purchase_floors":[10,10],"current_hp_per_floor":[65,68,48,48,54,54,47,30,30,30,35,35,41,41,41,0,0],"gold":30,"neow_bonus":"REMOVE_TWO","is_daily":false,"chose_seed":false,"campfire_upgraded":2,"win_rate":0.0,"timestamp":1614262482,"path_taken":["M","M","?","?","?","R","M","E","T","$","M","$","?","M","R","BOSS"],"items_purchased_type":["Card","Potion"],"build_version":"2020-12-22","purchased_purges":1,"victory":false,"max_hp_per_floor":[68,68,68,68,68,68,68,68,68,68,68,68,68,68,68,68,68],"card_choices":[{"not_picked":["Armaments","Seeing Red"],"picked":"Anger","floor":1.0},{"not_picked":["Rampage","Cleave"],"picked":"Shrug It Off","floor":2.0},{"not_picked":["Combust","Infernal Blade"],"picked":"Searing Blow","floor":5.0},{"not_picked":["Havoc","Whirlwind"],"picked":"Evolve","floor":7.0},{"not_picked":["Anger","Infernal Blade"],"picked":"Dark Embrace","floor":8.0},{"not_picked":["True Grit","Clothesline","Heavy Blade"],"picked":"SKIP","floor":11.0},{"not_picked":["Headbutt","Iron Wave"],"picked":"Battle Trance","floor":13.0},{"not_picked":["Reckless Charge","Twin Strike"],"picked":"Corruption","floor":14.0}],"player_experience":1061188,"relics_obtained":[{"floor":8.0,"key":"Self Forming Clay"},{"floor":9.0,"key":"CaptainsWheel"}],"event_choices":[{"damage_healed":0.0,"max_hp_gain":0.0,"max_hp_loss":0.0,"gold_gain":0.0,"event_name":"Shining Light","player_choice":"Entered Light","floor":3.0,"gold_loss":0.0,"damage_taken":20.0,"cards_upgraded":["Defend_R","Shrug It Off"]},{"damage_healed":0.0,"max_hp_gain":0.0,"max_hp_loss":0.0,"gold_gain":50.0,"event_name":"Golden Shrine","player_choice":"Pray","floor":4.0,"gold_loss":0.0,"damage_taken":0.0}],"is_beta":false,"boss_relics":[],"items_purged_floors":[12],"is_endless":false,"potions_floor_spawned":[5,7,11,14],"killed_by":"The Guardian","ascension_level":20}}