{"host":"zdahj580pq9zy75i","time":1614283359,"event":{"mods":["AchievementEnabler","BaseMod","Bestiary","Colored Map","Minty Spire (QoL Compilation)","Relic Stats","StSLib","ojb\u0027s Info Mod: The sequel"],"gold_per_floor":[369,369,157,171,187,222,222,249,249,308,141,176,176,192,192,266,266,282,294,344,344,360,360,360,360,412,430,463,463,480,113,113,113,113],"floor_reached":33,"language":"ENG","playtime":1568,"items_purged":["Strike_R","Defend_R"],"score":591,"play_id":"4ac1f8ce-0c58-4c37-9e92-7627ce775ff9","local_time":"20210225150239","is_ascension_mode":true,"campfire_choices":[{"data":"Hemokinesis","floor":7.0,"key":"SMITH"},{"data":"Iron Wave","floor":13.0,"key":"SMITH"},{"data":"Bash","floor":15.0,"key":"SMITH"},{"floor":23,"key":"REST"},{"data":"Shockwave","floor":25,"key":"SMITH"},{"floor":29,"key":"REST"},{"data":"Offering","floor":32,"key":"SMITH"}],"circlet_count":0,"master_deck":["AscendersBane","Defend_R","Defend_R","Defend_R","Bash+1","Iron Wave+1","Sever Soul","Hemokinesis+1","Blind","Offering+1","Shockwave+1","Bite","Bite","Bite","Bite","Bite","Battle Trance","Shrug It Off"],"relics":["Burning Blood","PreservedInsect","MealTicket","Mango","White Beast Statue","Regal Pillow","Snecko Eye","Toy Ornithopter","Dead Branch","Gremlin Horn"],"acts_visited":["Exordium","TheCity"],"potions_floor_usage":[22,28,30,33,33],"damage_taken":[{"damage":12.0,"enemies":"Cultist","floor":1.0,"turns":4.0},{"damage":14.0,"enemies":"Jaw Worm","floor":4.0,"turns":5.0},{"damage":10.0,"enemies":"2 Louse","floor":5.0,"turns":3.0},{"damage":8.0,"enemies":"Gremlin Nob","floor":6.0,"turns":3.0},{"damage":29.0,"enemies":"3 Sentries","floor":8.0,"turns":6.0},{"damage":6.0,"enemies":"Gremlin Nob","floor":10.0,"turns":3.0},{"damage":3.0,"enemies":"Gremlin Nob","floor":12.0,"turns":3.0},{"damage":13.0,"enemies":"Looter","floor":14.0,"turns":2.0},{"damage":50.0,"enemies":"The Guardian","floor":16.0,"turns":10.0},{"damage":28.0,"enemies":"2 Thieves","floor":18.0,"turns":4.0},{"damage":35.0,"enemies":"Shell Parasite","floor":19.0,"turns":5.0},{"damage":25,"enemies":"Sentry and Sphere","floor":22,"turns":4},{"damage":62,"enemies":"Cultist and Chosen","floor":27,"turns":7},{"damage":17,"enemies":"Slavers","floor":28,"turns":3},{"damage":17,"enemies":"Centurion and Healer","floor":30,"turns":9},{"damage":147,"enemies":"Champ","floor":33,"turns":12}],"seed_played":"7922580301425186784","potions_obtained":[{"floor":1.0,"key":"EntropicBrew"},{"floor":8.0,"key":"AttackPotion"},{"floor":10.0,"key":"Swift Potion"},{"floor":12.0,"key":"BloodPotion"},{"floor":14.0,"key":"SkillPotion"},{"floor":16.0,"key":"Energy Potion"},{"floor":18.0,"key":"Fire Potion"},{"floor":19.0,"key":"GamblersBrew"},{"floor":22,"key":"Strength Potion"},{"floor":28,"key":"Fruit Juice"},{"floor":30,"key":"SpeedPotion"}],"is_trial":false,"path_per_floor":["M","?","$","M","M","E","R","E","T","?","$","E","R","M","R","B",null,"M","M","?","?","M","R","?","R","T","M","E","R","M","$","R","B"],"character_chosen":"IRONCLAD","items_purchased":["PreservedInsect","Iron Wave","Blind","Gremlin Horn"],"campfire_rested":2,"item_purchase_floors":[3,3,11,31],"current_hp_per_floor":[62,62,62,54,50,48,48,39,39,39,54,59,59,71,71,29,74,54,27,27,27,10,51,51,51,51,11,15,56,71,86,86,0,0],"gold":113,"neow_bonus":"TWO_FIFTY_GOLD","is_daily":false,"chose_seed":false,"campfire_upgraded":5,"win_rate":0.0,"timestamp":1614283359,"path_taken":["M","?","$","M","?","E","R","E","T","?","$","E","R","M","R","BOSS","M","M","?","?","M","R","?","R","T","M","E","R","?","$","R","BOSS"],"items_purchased_type":["Relic","Card","Card","Relic"],"build_version":"2020-12-22","purchased_purges":2,"victory":false,"max_hp_per_floor":[75,75,75,75,75,75,75,89,89,89,89,89,89,89,89,89,89,89,89,89,89,89,89,89,89,89,89,89,89,94,94,94,94,94],"relic_stats":{"Regal Pillow":30,"Gremlin Horn":[0,0],"counters":[16,83],"Dead Branch":[13],"Snecko Eye":[78,84,84,92],"MealTicket":30,"PreservedInsect":140,"obtain_stats":[{"Blood Vial":10,"Regal Pillow":12,"Gremlin Horn":31,"Dead Branch":28,"Snecko Eye":17,"MealTicket":6,"Mango":8,"PreservedInsect":3,"Burning Blood":0,"White Beast Statue":9,"Toy Ornithopter":26},{"Blood Vial":6,"Regal Pillow":7,"Gremlin Horn":15,"Dead Branch":14,"Snecko Eye":9,"MealTicket":4,"Mango":5,"PreservedInsect":1,"Burning Blood":0,"White Beast Statue":5,"Toy Ornithopter":12},{"Blood Vial":24,"Regal Pillow":27,"Gremlin Horn":71,"Dead Branch":62,"Snecko Eye":39,"MealTicket":15,"Mango":21,"PreservedInsect":4,"Burning Blood":0,"White Beast Statue":21,"Toy Ornithopter":52}],"Burning Blood":90,"Toy Ornithopter":20},"card_choices":[{"not_picked":["Warcry","Rupture","Blood for Blood"],"picked":"SKIP","floor":1.0},{"not_picked":["Warcry","Clash","Heavy Blade"],"picked":"SKIP","floor":4.0},{"not_picked":["Sentinel","Power Through"],"picked":"Sever Soul","floor":5.0},{"not_picked":["Thunderclap","Dropkick"],"picked":"Hemokinesis","floor":6.0},{"not_picked":["Limit Break","Warcry","Perfected Strike"],"picked":"SKIP","floor":8.0},{"not_picked":["Seeing Red","Pommel Strike","Heavy Blade"],"picked":"SKIP","floor":12.0},{"not_picked":["Reckless Charge","Twin Strike","Warcry"],"picked":"SKIP","floor":14.0},{"not_picked":["Fiend Fire","Bludgeon"],"picked":"Offering","floor":16.0},{"not_picked":["Cleave","Iron Wave","Searing Blow"],"picked":"SKIP","floor":18.0},{"not_picked":["Body Slam+1","Flex","Headbutt"],"picked":"SKIP","floor":19.0},{"not_picked":["Rupture","Dropkick"],"picked":"Shockwave","floor":22},{"not_picked":["Clash+1","Power Through"],"picked":"Battle Trance","floor":27},{"not_picked":["Cleave","Iron Wave","Rampage"],"picked":"SKIP","floor":28},{"not_picked":["Heavy Blade","Seeing Red"],"picked":"Shrug It Off","floor":30}],"player_experience":816534,"relics_obtained":[{"floor":6.0,"key":"MealTicket"},{"floor":8.0,"key":"Mango"},{"floor":9.0,"key":"White Beast Statue"},{"floor":10.0,"key":"Blood Vial"},{"floor":12.0,"key":"Regal Pillow"},{"floor":26,"key":"Toy Ornithopter"},{"floor":28,"key":"Dead Branch"}],"event_choices":[{"cards_removed":["Pain"],"damage_healed":0.0,"max_hp_gain":0.0,"max_hp_loss":0.0,"gold_gain":0.0,"event_name":"Fountain of Cleansing","player_choice":"Removed Curses","floor":2.0,"gold_loss":0.0,"damage_taken":0.0},{"damage_healed":0.0,"max_hp_gain":0.0,"max_hp_loss":0.0,"gold_gain":0.0,"event_name":"Dead Adventurer","player_choice":"Searched \u00271\u0027 times","floor":10.0,"gold_loss":0.0,"damage_taken":0.0},{"damage_healed":0.0,"max_hp_gain":0.0,"max_hp_loss":0.0,"gold_gain":50.0,"event_name":"Nest","player_choice":"Stole From Cult","floor":20.0,"gold_loss":0.0,"damage_taken":0.0},{"damage_healed":0,"gold_gain":0,"player_choice":"Ignored","damage_taken":0,"max_hp_gain":0,"max_hp_loss":0,"event_name":"The Mausoleum","floor":21,"gold_loss":0},{"damage_healed":0,"gold_gain":0,"player_choice":"Became a vampire (Vial)","damage_taken":0,"max_hp_gain":0,"max_hp_loss":0,"event_name":"Vampires","floor":24,"relics_lost":["Blood Vial"],"gold_loss":0,"cards_obtained":["Bite","Bite","Bite","Bite","Bite"]}],"is_beta":false,"boss_relics":[{"not_picked":["Pandora\u0027s Box","Ectoplasm"],"picked":"Snecko Eye"}],"items_purged_floors":[11,31],"is_endless":false,"potions_floor_spawned":[1,8,10,12,14,16,18,19,22,27,28,30],"killed_by":"Champ","ascension_level":20}}