{"host":"gskw3fqxgzc0ydo2","time":1614246301,"event":{"mods":["AchievementEnabler","Act Like it!","Ascension Reborn","Aspiration","BaseMod","BetterRewards","Colored Powertips","Conspire","Downfall","Infinite Spire","Lobotomy","Marisa£®ÏF”Í°°ƒß¿Ì…≥£©","Minty Spire (QoL Compilation)","Replay The Spire","Shop Mod","StSLib","The Construct","The Poker Player","The Runesmith","The Servant 0.9.4"],"gold_per_floor":[109,109,109,139,21,34,34,60,60,85,85,105,132,151,151,254,254,265,323,334,38,55,55,55,55,55,80,97,116,156,170,170,170,170],"floor_reached":33,"language":"ZHS","playtime":2603,"items_purged":["Defend_G"],"score":287,"play_id":"3179ee12-1616-4a58-9452-c6c5c70a79df","local_time":"20210225174501","is_ascension_mode":true,"campfire_choices":[{"data":"Hidden Blade","floor":7,"key":"SMITH"},{"floor":11,"key":"REST"},{"data":"Toxin Wave","floor":15,"key":"SMITH"},{"data":"HandOfGreed","floor":23,"key":"SMITH"},{"data":"Replay:Poison Smokescreen","floor":25,"key":"SMITH"}],"circlet_count":0,"master_deck":["Strike_G","Strike_G","Strike_G","Strike_G","Strike_G","Defend_G","Defend_G","Defend_G","Defend_G","Survivor","Neutralize","Flying Knee","PokerPlayerMod:Club3","PokerPlayerMod:Club4","PokerPlayerMod:Club4","PokerPlayerMod:Club5","PokerPlayerMod:Club6","Quick Slash","Hidden Blade+1","Toxin Wave+1","Deadly Poison","Bane","Catalyst","Poisoned Stab+1","Unload","Dagger Spray+1","Prepared","Replay:Poison Smokescreen+1","HandOfGreed+1","Crippling Poison+1","Poisoned Stab","conspire:DoublingDagger","Poisoned Stab+1"],"relics":["Ring of the Snake","aspiration:Nostalgia","infinitespire:DarkRift","Smiling Mask","Guide Book","Regal Pillow","infinitespire:ShieldingShard","Ninja Scroll","Potion Belt","aspiration:PoetsPen_weak","BargainBundle","MutagenicStrength","White Beast Statue","Byrd Skull"],"acts_visited":["Exordium","TheCity"],"potions_floor_usage":[30,30,30,31,33,33,33,33,33],"damage_taken":[{"damage":13,"enemies":"conspire:RoseBush","floor":1,"turns":2},{"damage":6,"enemies":"conspire:MimicChest","floor":4,"turns":4},{"damage":3,"enemies":"Jaw Worm","floor":6,"turns":2},{"damage":1,"enemies":"Replay:BlueRogue","floor":8,"turns":2},{"damage":26,"enemies":"Lagavulin","floor":10,"turns":5},{"damage":0,"enemies":"Small Slimes","floor":12,"turns":1},{"damage":6,"enemies":"3 Sentries","floor":13,"turns":4},{"damage":4,"enemies":"Looter","floor":14,"turns":2},{"damage":45,"enemies":"Slime Boss","floor":16,"turns":10},{"damage":0,"enemies":"3 Byrds","floor":18,"turns":2},{"damage":1,"enemies":"Shell Parasite","floor":20,"turns":2},{"damage":0,"enemies":"3 Cultists","floor":22,"turns":3},{"damage":12,"enemies":"Gremlin Leader","floor":27,"turns":3},{"damage":35,"enemies":"conspire:HollyBat","floor":28,"turns":15},{"damage":0,"enemies":"Snake Plant","floor":29,"turns":2},{"damage":0,"enemies":"Shelled Parasite and Fungi","floor":30,"turns":1},{"damage":0,"enemies":"Cultist and Chosen","floor":31,"turns":2},{"damage":8,"enemies":"Pondfish","floor":33,"turns":5}],"seed_played":"5139359272602961339","potions_obtained":[{"floor":4,"key":"SneckoOil"},{"floor":8,"key":"Energy Potion"},{"floor":10,"key":"Fire Potion"},{"floor":14,"key":"conspire:TimeTravelPotion"},{"floor":18,"key":"LifebloodPotion"},{"floor":30,"key":"AttackPotion"},{"floor":31,"key":"CultistPotion"},{"floor":32,"key":"Elixir"},{"floor":32,"key":"Flashbang"}],"is_trial":false,"path_per_floor":["M","?","?","?","$","M","R","E","T","E","R","M","E","M","R","B",null,"M","?","M","$","M","R","?","R","T","E","M","M","M","M","R","B"],"character_chosen":"THE_SILENT","items_purchased":["Guide Book","HandOfGreed","BargainBundle"],"campfire_rested":1,"item_purchase_floors":[5,21,21],"current_hp_per_floor":[57,57,70,64,64,61,61,60,60,34,70,70,64,60,60,15,70,70,53,52,52,52,52,52,52,52,40,5,5,5,5,5,0,0],"gold":170,"neow_bonus":"NOSTALGIA","is_daily":false,"chose_seed":false,"campfire_upgraded":4,"win_rate":0.0,"timestamp":1614246301,"path_taken":["M","?","?","?","$","M","R","E","T","E","R","M","E","M","R","BOSS","M","?","M","$","M","R","?","R","T","E","M","M","M","M","R","BOSS"],"items_purchased_type":["Relic","Card","Relic"],"build_version":"2020-12-22","purchased_purges":1,"victory":false,"max_hp_per_floor":[70,70,70,70,70,70,70,70,70,70,70,70,70,70,70,70,70,70,70,70,70,70,70,70,70,70,70,70,70,70,70,70,70,70],"card_choices":[{"not_picked":["Sucker Punch","Slice"],"picked":"Flying Knee","floor":1},{"not_picked":["Flying Knee","Sucker Punch"],"picked":"Quick Slash","floor":4},{"not_picked":["Dagger Throw","Tools of the Trade"],"picked":"Hidden Blade","floor":6},{"not_picked":["ReplayTheSpireMod:Exploit Weakness","Quick Slash"],"picked":"Toxin Wave","floor":8},{"not_picked":["Tools of the Trade","Sucker Punch"],"picked":"Deadly Poison","floor":10},{"not_picked":["Dagger Throw","Acrobatics+1"],"picked":"Bane","floor":12},{"not_picked":["Poisoned Stab","Expertise"],"picked":"Catalyst","floor":13},{"not_picked":["Acrobatics+1","Backflip"],"picked":"Poisoned Stab+1","floor":14},{"not_picked":["Night Terror","Tools of the Trade"],"picked":"Unload","floor":16},{"not_picked":["Dodge and Roll+1","Blade Dance"],"picked":"Dagger Spray+1","floor":18},{"not_picked":["Dash","Masterful Stab+1"],"picked":"Prepared","floor":19},{"not_picked":["Sneak Up","Underhanded Strike"],"picked":"Replay:Poison Smokescreen","floor":20},{"not_picked":["Heel Hook","Reflex+1"],"picked":"Crippling Poison+1","floor":22},{"not_picked":["Hidden Blade","conspire:DoublingDagger"],"picked":"Poisoned Stab","floor":27},{"not_picked":["Sucker Punch","Blade Dance"],"picked":"conspire:DoublingDagger","floor":28},{"not_picked":["Outmaneuver","Deflect+1"],"picked":"Poisoned Stab+1","floor":29},{"not_picked":["Doppelganger","PiercingWail+1","Backflip"],"picked":"SKIP","floor":30},{"not_picked":["Dagger Spray","Dagger Throw","Deadly Poison"],"picked":"SKIP","floor":31}],"player_experience":35686,"relics_obtained":[{"floor":4,"key":"Smiling Mask"},{"floor":8,"key":"Regal Pillow"},{"floor":9,"key":"infinitespire:ShieldingShard"},{"floor":10,"key":"Ninja Scroll"},{"floor":13,"key":"Potion Belt"},{"floor":26,"key":"White Beast Statue"},{"floor":27,"key":"Byrd Skull"}],"event_choices":[{"damage_healed":0,"gold_gain":0,"player_choice":"Jackpot","damage_taken":0,"max_hp_gain":0,"max_hp_loss":0,"event_name":"PokerPlayerMod:ExordiumClub","floor":2,"gold_loss":0,"cards_obtained":["PokerPlayerMod:Club2","PokerPlayerMod:Club3","PokerPlayerMod:Club4","PokerPlayerMod:Club5","PokerPlayerMod:Club6"]},{"damage_healed":0,"gold_gain":0,"player_choice":"Jackpot","damage_taken":0,"max_hp_gain":0,"max_hp_loss":0,"event_name":"PokerPlayerMod:ExordiumClub","floor":2,"gold_loss":0,"cards_obtained":["PokerPlayerMod:Club2","PokerPlayerMod:Club3","PokerPlayerMod:Club4","PokerPlayerMod:Club5","PokerPlayerMod:Club6"]},{"damage_healed":0,"gold_gain":0,"player_choice":"Jackpot","damage_taken":0,"max_hp_gain":0,"max_hp_loss":0,"event_name":"PokerPlayerMod:ExordiumClub","floor":2,"gold_loss":0,"cards_obtained":["PokerPlayerMod:Club2","PokerPlayerMod:Club3","PokerPlayerMod:Club4","PokerPlayerMod:Club5","PokerPlayerMod:Club6"]},{"damage_healed":0,"gold_gain":0,"player_choice":"Jackpot","damage_taken":0,"max_hp_gain":0,"max_hp_loss":0,"event_name":"PokerPlayerMod:ExordiumClub","floor":2,"gold_loss":0,"cards_obtained":["PokerPlayerMod:Club2","PokerPlayerMod:Club3","PokerPlayerMod:Club4","PokerPlayerMod:Club5","PokerPlayerMod:Club6"]},{"damage_healed":0,"gold_gain":0,"player_choice":"Jackpot","damage_taken":0,"max_hp_gain":0,"max_hp_loss":0,"event_name":"PokerPlayerMod:ExordiumClub","floor":2,"gold_loss":0,"cards_obtained":["PokerPlayerMod:Club2","PokerPlayerMod:Club3","PokerPlayerMod:Club4","PokerPlayerMod:Club5","PokerPlayerMod:Club6"]},{"damage_healed":0,"gold_gain":0,"player_choice":"Inject Mutagens","damage_taken":0,"relics_obtained":["MutagenicStrength"],"max_hp_gain":0,"max_hp_loss":0,"event_name":"Drug Dealer","floor":24,"gold_loss":0}],"is_beta":false,"boss_relics":[{"not_picked":["ReplayTheSpireMod:DimensionalGlitch","Snecko Scales"],"picked":"aspiration:PoetsPen_weak"}],"items_purged_floors":[21],"is_endless":false,"potions_floor_spawned":[4,8,10,14,18,27,28,29,30,31],"killed_by":"Pondfish","ascension_level":0}}