{"host":"kejh1c9c53env2nx","time":1614275049,"event":{"mods":["BaseMod","Downfall","Minty Spire (QoL Compilation)","StSLib"],"gold_per_floor":[11,25,37,54,69,95,95,126,178,178,235,255,255,268,268,366,366,382,156,156,169,169,169,169,204,216,228,240,167,229,141,141,238,238,253,253,253,271,271,271,321,321,344,105,138,12,24,24,24],"floor_reached":48,"language":"ENG","playtime":2273,"items_purged":["Strike_P","Eruption","Strike_P","Conclude"],"score":509,"play_id":"11eda20b-2ff9-432b-9432-a8a56a49405a","local_time":"20210225174409","is_ascension_mode":false,"campfire_choices":[{"floor":7,"key":"REST"},{"floor":10,"key":"REST"},{"floor":15,"key":"REST"},{"floor":23,"key":"REST"},{"data":"Alpha","floor":24,"key":"SMITH"},{"floor":27,"key":"REST"},{"floor":32,"key":"REST"},{"floor":40,"key":"REST"},{"floor":42,"key":"REST"}],"circlet_count":0,"master_deck":["Defend_P","Defend_P","Defend_P","Defend_P","Vigilance","FlyingSleeves","FlyingSleeves","Prostrate","FlurryOfBlows","Alpha","JustLucky","Evaluate","Prostrate","Alpha+1","Crescendo+1","Prostrate+1","Nirvana+1","DeusExMachina+1","ThirdEye+1","Evaluate+1","Pray+1","Secret Technique+1","JustLucky+1"],"relics":["PureWater","WingedGreaves","Pantograph","Happy Flower","Lantern","Kunai","Black Star","Lee\u0027s Waffle","Ice Cream","Ornamental Fan","Strawberry","MawBank","Toxic Egg 2","Dream Catcher","Empty Cage","Smiling Mask","Du-Vu Doll","Blood Vial","Calipers","Torii"],"acts_visited":["Exordium","TheCity","TheBeyond"],"potions_floor_usage":[5,6,14,25,45,47,48],"damage_taken":[{"damage":3,"enemies":"Jaw Worm","floor":1,"turns":4},{"damage":1,"enemies":"Cultist","floor":2,"turns":3},{"damage":0,"enemies":"Small Slimes","floor":3,"turns":3},{"damage":0,"enemies":"2 Fungi Beasts","floor":4,"turns":2},{"damage":23,"enemies":"Large Slime","floor":5,"turns":3},{"damage":28,"enemies":"Gremlin Nob","floor":6,"turns":4},{"damage":32,"enemies":"Lagavulin","floor":8,"turns":8},{"damage":13,"enemies":"3 Sentries","floor":11,"turns":4},{"damage":3,"enemies":"Red Slaver","floor":12,"turns":4},{"damage":6,"enemies":"3 Louse","floor":14,"turns":2},{"damage":16,"enemies":"Hexaghost","floor":16,"turns":6},{"damage":26,"enemies":"Shell Parasite","floor":18,"turns":6},{"damage":50,"enemies":"Spheric Guardian","floor":21,"turns":4},{"damage":46,"enemies":"Slavers","floor":25,"turns":4},{"damage":16,"enemies":"Champ","floor":33,"turns":9},{"damage":35,"enemies":"3 Shapes","floor":35,"turns":6},{"damage":18,"enemies":"Orb Walker","floor":38,"turns":4},{"damage":41,"enemies":"Mind Bloom Boss Battle","floor":41,"turns":6},{"damage":39,"enemies":"Reptomancer","floor":45,"turns":4},{"damage":28,"enemies":"4 Shapes","floor":47,"turns":3},{"damage":0,"enemies":"Jaw Worm Horde","floor":48,"turns":2}],"seed_played":"4247375663596652732","potions_obtained":[{"floor":3,"key":"FearPotion"},{"floor":4,"key":"PowerPotion"},{"floor":12,"key":"Fire Potion"},{"floor":16,"key":"Weak Potion"},{"floor":35,"key":"bronze:BurnAndBuffPotion"},{"floor":41,"key":"Swift Potion"},{"floor":47,"key":"Weak Potion"}],"is_trial":false,"path_per_floor":["M","M","M","M","M","E","R","E","T","R","?","M","?","M","R","B",null,"M","$","T","M","T","R","R","E","T","R","?","?","?","$","R","B",null,"M","T","?","M","?","R","?","R","T","$","E","$","M","M"],"character_chosen":"WATCHER","items_purchased":["Lee\u0027s Waffle","Secret Technique+1","DistilledChaos"],"campfire_rested":8,"item_purchase_floors":[19,44,46],"current_hp_per_floor":[69,68,68,68,45,17,38,6,6,27,14,11,11,5,26,35,72,46,79,79,29,29,52,52,13,13,38,38,38,38,38,63,70,86,51,51,51,33,33,57,41,65,65,65,28,28,2,4,4],"gold":24,"neow_bonus":"ONE_RARE_RELIC","is_daily":false,"chose_seed":false,"campfire_upgraded":1,"win_rate":0.0,"timestamp":1614275049,"path_taken":["M","M","M","M","M","E","R","E","T","R","?","M","?","M","R","BOSS","M","$","?","?","?","R","R","E","T","R","?","?","?","$","R","BOSS","M","?","?","M","?","R","?","R","T","$","E","?","M","M"],"items_purchased_type":["Relic","Card","Potion"],"build_version":"2020-12-22","purchased_purges":4,"victory":false,"max_hp_per_floor":[72,72,72,72,72,72,72,72,72,72,72,72,72,72,72,72,72,72,79,79,79,79,79,79,86,86,86,86,86,86,86,86,86,86,86,86,82,82,82,82,82,82,82,82,82,82,82,82,82],"card_choices":[{"not_picked":["EmptyBody","Vengeance"],"picked":"FlyingSleeves","floor":1},{"not_picked":["InnerPeace","SashWhip"],"picked":"FlyingSleeves","floor":2},{"not_picked":["JustLucky","EmptyBody"],"picked":"Prostrate","floor":3},{"not_picked":["InnerPeace","Crescendo"],"picked":"Conclude","floor":4},{"not_picked":["Evaluate","BowlingBash"],"picked":"SashWhip","floor":5},{"not_picked":["ForeignInfluence","SandsOfTime"],"picked":"FlurryOfBlows","floor":6},{"not_picked":["ThirdEye","DeceiveReality"],"picked":"Alpha","floor":8},{"not_picked":["Protect","EmptyFist"],"picked":"JustLucky","floor":11},{"not_picked":["WreathOfFlame","MentalFortress"],"picked":"Evaluate","floor":12},{"not_picked":["CutThroughFate","TalkToTheHand"],"picked":"Prostrate","floor":14},{"not_picked":["Devotion","Ragnarok"],"picked":"Alpha","floor":16},{"not_picked":["Worship","ClearTheMind"],"picked":"Crescendo+1","floor":18},{"not_picked":["FlurryOfBlows","Tantrum"],"picked":"Prostrate+1","floor":21},{"not_picked":["Vengeance+1","Prostrate"],"picked":"Nirvana+1","floor":25},{"not_picked":["ConjureBlade+1","DevaForm"],"picked":"DeusExMachina+1","floor":33},{"not_picked":["FlurryOfBlows+1","EmptyFist","SashWhip+1"],"picked":"SKIP","floor":35},{"not_picked":["SandsOfTime+1","Conclude"],"picked":"ThirdEye+1","floor":38},{"not_picked":["FlurryOfBlows+1","LikeWater+1"],"picked":"Evaluate+1","floor":40},{"not_picked":["JustLucky","Prostrate+1"],"picked":"Pray+1","floor":42},{"not_picked":["Alpha+1","Vengeance+1","TalkToTheHand+1"],"picked":"SKIP","floor":45},{"not_picked":["Study","FollowUp"],"picked":"JustLucky+1","floor":47}],"player_experience":107258,"relics_obtained":[{"floor":6,"key":"Pantograph"},{"floor":8,"key":"Happy Flower"},{"floor":9,"key":"Lantern"},{"floor":11,"key":"Kunai"},{"floor":20,"key":"Ice Cream"},{"floor":22,"key":"Ornamental Fan"},{"floor":25,"key":"Strawberry"},{"floor":25,"key":"MawBank"},{"floor":26,"key":"Toxic Egg 2"},{"floor":36,"key":"Smiling Mask"},{"floor":41,"key":"Du-Vu Doll"},{"floor":43,"key":"Blood Vial"},{"floor":45,"key":"Calipers"},{"floor":45,"key":"Torii"}],"event_choices":[{"damage_healed":0,"gold_gain":30,"player_choice":"Searched \u00272\u0027 times","damage_taken":0,"max_hp_gain":0,"max_hp_loss":0,"event_name":"Dead Adventurer","floor":11,"gold_loss":0},{"cards_removed":["SashWhip"],"damage_healed":0,"gold_gain":0,"player_choice":"Purged","damage_taken":0,"max_hp_gain":0,"max_hp_loss":0,"event_name":"Purifier","floor":13,"gold_loss":0},{"damage_healed":0,"gold_gain":0,"player_choice":"Ignored","damage_taken":0,"max_hp_gain":0,"max_hp_loss":0,"event_name":"The Mausoleum","floor":28,"gold_loss":0},{"damage_healed":0,"gold_gain":0,"player_choice":"Obtained Relic","damage_taken":0,"relics_obtained":["Dream Catcher"],"max_hp_gain":0,"max_hp_loss":0,"event_name":"Addict","floor":29,"gold_loss":85},{"damage_healed":0,"gold_gain":100,"player_choice":"Bet on Murderer","damage_taken":0,"max_hp_gain":0,"max_hp_loss":0,"event_name":"The Joust","floor":30,"gold_loss":50},{"damage_healed":0,"gold_gain":0,"player_choice":"Max HP","damage_taken":0,"max_hp_gain":0,"max_hp_loss":4,"event_name":"Winding Halls","floor":37,"gold_loss":0},{"damage_healed":0,"gold_gain":0,"player_choice":"Ignored","damage_taken":0,"max_hp_gain":0,"max_hp_loss":0,"event_name":"Tomb of Lord Red Mask","floor":39,"gold_loss":0},{"damage_healed":0,"gold_gain":0,"player_choice":"Fight","damage_taken":0,"max_hp_gain":0,"max_hp_loss":0,"event_name":"MindBloom","floor":41,"gold_loss":0}],"is_beta":false,"boss_relics":[{"not_picked":["Cursed Key","Sozu"],"picked":"Black Star"},{"not_picked":["Astrolabe","HolyWater"],"picked":"Empty Cage"}],"items_purged_floors":[19,31,44,46],"is_endless":false,"potions_floor_spawned":[3,4,12,16,35,41,47],"killed_by":"Jaw Worm Horde","ascension_level":0}}