{"host":"8so2ajx8h59tj2mr","time":1614257295,"event":{"mods":["Act Like it!","BaseMod","Better Note","Better Sensory Stone","Colored Map","Curses Come First","Minty Spire (QoL Compilation)","Relic Stats","Reliquary","Ruina","Spire Arcade","StSLib","The Blue Laboratory","The Hierophant"],"gold_per_floor":[113,124,144,161,141,141,172,172,172,137,172,172,182,182],"floor_reached":13,"language":"ENG","playtime":608,"items_purged":[],"score":95,"play_id":"1e0d4249-cee9-4366-b231-f3a0f54a3db8","local_time":"20210225144815","is_ascension_mode":false,"campfire_choices":[{"floor":6,"key":"REST"},{"floor":12,"key":"REST"}],"circlet_count":0,"master_deck":["hierophant:Strike_Hierophant","hierophant:Strike_Hierophant","hierophant:Strike_Hierophant","hierophant:Strike_Hierophant","hierophant:Punish","hierophant:Defend_Hierophant","hierophant:Defend_Hierophant","hierophant:Defend_Hierophant","hierophant:Defend_Hierophant","hierophant:ChurchCoffers","hierophant:Martyrdom","hierophant:Anathema+1","hierophant:FlamingChariot","hierophant:Embezzle","hierophant:Embezzle","hierophant:RepressedViolence"],"relics":["hierophant:PropheticMaskRelic","Bag of Preparation","reliquary:WeakTea","The Courier","reliquary:IridiumChain"],"acts_visited":["Exordium"],"potions_floor_usage":[11,11,11],"damage_taken":[{"damage":0,"enemies":"Small Slimes","floor":1,"turns":3},{"damage":3,"enemies":"Jaw Worm","floor":2,"turns":3},{"damage":0,"enemies":"2 Louse","floor":3,"turns":1},{"damage":30,"enemies":"Large Slime","floor":4,"turns":6},{"damage":27,"enemies":"Exordium Thugs","floor":5,"turns":5},{"damage":31,"enemies":"Gremlin Nob","floor":7,"turns":4},{"damage":18,"enemies":"Lagavulin","floor":11,"turns":7},{"damage":35,"enemies":"Gremlin Nob","floor":13,"turns":3}],"seed_played":"-5539966984326028479","potions_obtained":[{"floor":4,"key":"Dexterity Potion"},{"floor":7,"key":"blueLaboratory:BottleOfRum"},{"floor":11,"key":"Fruit Juice"}],"is_trial":false,"path_per_floor":["M","M","M","M","M","R","E","?","T","?","E","R","E"],"character_chosen":"HIEROPHANT","items_purchased":[],"campfire_rested":2,"item_purchase_floors":[],"current_hp_per_floor":[75,72,72,42,15,37,6,6,6,24,11,35,0,0],"gold":182,"neow_bonus":"RANDOM_COMMON_RELIC","is_daily":false,"chose_seed":false,"campfire_upgraded":0,"win_rate":0.0,"timestamp":1614257295,"path_taken":["M","M","M","M","M","R","E","?","T","?","E","R","E"],"items_purchased_type":[],"build_version":"2020-12-22","purchased_purges":0,"victory":false,"max_hp_per_floor":[75,75,75,75,75,75,75,75,75,75,80,80,80,80],"relic_stats":{"counters":[8,32],"Bag of Preparation":[16],"obtain_stats":[{"hierophant:PropheticMaskRelic":0,"The Courier":9,"Bag of Preparation":0,"reliquary:WeakTea":7,"reliquary:IridiumChain":11},{"hierophant:PropheticMaskRelic":0,"The Courier":6,"Bag of Preparation":0,"reliquary:WeakTea":6,"reliquary:IridiumChain":7},{"hierophant:PropheticMaskRelic":0,"The Courier":22,"Bag of Preparation":0,"reliquary:WeakTea":22,"reliquary:IridiumChain":29}]},"card_choices":[{"not_picked":["hierophant:Shelter","hierophant:DisplayOfPower"],"picked":"hierophant:Martyrdom","floor":1},{"not_picked":["hierophant:Sermon","hierophant:AuricBeam"],"picked":"hierophant:Anathema","floor":2},{"not_picked":["hierophant:AuricBeam","hierophant:Encroach"],"picked":"hierophant:FlamingChariot","floor":3},{"not_picked":["hierophant:Charity","hierophant:Dazzle"],"picked":"hierophant:Embezzle","floor":4},{"not_picked":["hierophant:Upheaval","hierophant:Community","hierophant:SealAway"],"picked":"SKIP","floor":5},{"not_picked":["hierophant:Batter","hierophant:PristineSoul"],"picked":"hierophant:Embezzle","floor":7},{"not_picked":["hierophant:OrnateBuckler","hierophant:SolarFlare"],"picked":"hierophant:RepressedViolence","floor":11}],"player_experience":73995,"relics_obtained":[{"floor":7,"key":"reliquary:WeakTea"},{"floor":9,"key":"The Courier"},{"floor":11,"key":"reliquary:IridiumChain"}],"event_choices":[{"damage_healed":0,"gold_gain":0,"player_choice":"Grow","damage_taken":0,"max_hp_gain":0,"max_hp_loss":0,"event_name":"Living Wall","floor":8,"gold_loss":0,"cards_upgraded":["hierophant:Anathema"]},{"damage_healed":18,"gold_gain":0,"player_choice":"Healed","damage_taken":0,"max_hp_gain":0,"max_hp_loss":0,"event_name":"The Cleric","floor":10,"gold_loss":35}],"is_beta":false,"boss_relics":[],"items_purged_floors":[],"is_endless":false,"potions_floor_spawned":[4,7,11],"killed_by":"Gremlin Nob","ascension_level":0}}