{"host":"3n5xmnb54n2y5mb4","time":1614217020,"event":{"mods":["BaseMod","Colored Map","Colored Powertips","Minty Spire (QoL Compilation)","Permanent Neow","StSLib","Unceasing Turn Reminder","everything is the same but u backflip on backflip"],"gold_per_floor":[12,12,12,12,12,50,66,100,100,100,120,151,151,167,167,167,167],"floor_reached":16,"language":"ENG","playtime":477,"items_purged":[],"score":195,"play_id":"3b7d89b4-1aa1-4a55-a635-89952bc6c703","local_time":"20210224203700","is_ascension_mode":true,"campfire_choices":[{"floor":10,"key":"REST"},{"floor":13,"key":"REST"},{"floor":15,"key":"REST"}],"circlet_count":0,"master_deck":["AscendersBane","Strike_G","Strike_G","Strike_G","Strike_G","Strike_G","Defend_G","Defend_G","Defend_G","Defend_G","Defend_G","Survivor","Neutralize","Blade Dance","Deflect","Blade Dance","Terror","Caltrops","Underhanded Strike"],"relics":["Ring of the Snake","Tough Bandages","Golden Idol","Du-Vu Doll","Bird Faced Urn","Ice Cream","Toy Ornithopter"],"acts_visited":["Exordium"],"potions_floor_usage":[8,12],"damage_taken":[{"damage":0,"enemies":"Jaw Worm","floor":1,"turns":3},{"damage":32,"enemies":"3 Sentries","floor":6,"turns":12},{"damage":7,"enemies":"Small Slimes","floor":7,"turns":3},{"damage":2,"enemies":"Gremlin Nob","floor":8,"turns":3},{"damage":0,"enemies":"Cultist","floor":11,"turns":2},{"damage":31,"enemies":"3 Sentries","floor":12,"turns":8},{"damage":1,"enemies":"Large Slime","floor":14,"turns":5},{"damage":68,"enemies":"Slime Boss","floor":16,"turns":6}],"seed_played":"-6186788224390647175","potions_obtained":[{"floor":7,"key":"BlessingOfTheForge"},{"floor":8,"key":"Regen Potion"},{"floor":12,"key":"Regen Potion"}],"is_trial":false,"path_per_floor":["M","?","$","?","?","E","M","E","T","R","M","E","R","M","R","B"],"character_chosen":"THE_SILENT","items_purchased":[],"campfire_rested":3,"item_purchase_floors":[],"current_hp_per_floor":[63,46,46,46,51,19,12,10,10,32,32,18,40,41,63,0,0],"gold":167,"neow_bonus":"ONE_RARE_RELIC","is_daily":false,"chose_seed":false,"campfire_upgraded":0,"win_rate":0.0,"timestamp":1614217020,"path_taken":["M","?","$","?","?","E","M","E","T","R","M","E","R","M","R","BOSS"],"items_purchased_type":[],"build_version":"2020-12-22","purchased_purges":0,"victory":false,"max_hp_per_floor":[70,70,70,70,75,75,75,75,75,75,75,75,75,75,75,75,75],"card_choices":[{"not_picked":["Poisoned Stab","Outmaneuver"],"picked":"Blade Dance","floor":1},{"not_picked":["PiercingWail","Concentrate"],"picked":"Deflect","floor":6},{"not_picked":["Flying Knee","Concentrate"],"picked":"Blade Dance","floor":7},{"not_picked":["Riddle With Holes","Crippling Poison"],"picked":"Terror","floor":8},{"not_picked":["Poisoned Stab","Dodge and Roll"],"picked":"Caltrops","floor":11},{"not_picked":["Blur","Bane","Flechettes"],"picked":"SKIP","floor":12},{"not_picked":["Masterful Stab","Poisoned Stab"],"picked":"Underhanded Strike","floor":14}],"player_experience":1029645,"relics_obtained":[{"floor":6,"key":"Du-Vu Doll"},{"floor":8,"key":"Bird Faced Urn"},{"floor":9,"key":"Ice Cream"},{"floor":12,"key":"Toy Ornithopter"}],"event_choices":[{"damage_healed":0,"gold_gain":0,"player_choice":"Take Damage","damage_taken":17,"relics_obtained":["Golden Idol"],"max_hp_gain":0,"max_hp_loss":0,"event_name":"Golden Idol","floor":2,"gold_loss":0},{"damage_healed":0,"gold_gain":0,"player_choice":"Ignored","damage_taken":0,"max_hp_gain":0,"max_hp_loss":0,"event_name":"Liars Game","floor":4,"gold_loss":0},{"damage_healed":0,"gold_gain":0,"player_choice":"Donut","damage_taken":0,"max_hp_gain":5,"max_hp_loss":0,"event_name":"Big Fish","floor":5,"gold_loss":0}],"is_beta":false,"boss_relics":[],"items_purged_floors":[],"is_endless":false,"potions_floor_spawned":[7,8,12],"killed_by":"Slime Boss","ascension_level":13}}