{"host":"jfbo3eu2ui08ej1u","time":1614239486,"event":{"mods":["2.2 Compatiblity","AchievementEnabler","Act Like it!","Aspiration","BaseMod","Better Altar","Better Match","Better Note","Better Sensory Stone","Better Skull","Better Third Choice","Block Reminder","Colored Map","Colored Powertips","Conspire","DeckTracker","Displayed Cursed Tome","Energized Spire","Fox Events","GifTheSpireLib","Hermit","Hubris","Infinite Spire","Marked Mod","Minty Spire (QoL Compilation)","Monster B Gone","Pale of the Ancients","Poor People Problems","Quick Restart","Relic Filter","Reliquary","Reorder Act Four","Replay The Spire","Shop Mod","Spicy Shops","Spire Arcade","StSLib","Stuff the Spire","The Blue Laboratory","The Disciple","The Forsaken","The Hierophant","The Marked","Uncapped","Unceasing Turn Reminder","Wandering Minibosses"],"gold_per_floor":[112,122,122,147,159,159,16,49,101,101,113,144,159,234,234,234,234],"floor_reached":16,"language":"ENG","playtime":547,"items_purged":[],"score":228,"play_id":"9908998a-a05b-4faa-a102-ffea4471328a","local_time":"20210225025126","is_ascension_mode":true,"campfire_choices":[{"data":"Cloak And Dagger","floor":6.0,"key":"SMITH"},{"floor":10.0,"key":"REST"},{"floor":15.0,"key":"REST"}],"circlet_count":0,"master_deck":["AscendersBane","Strike_G","Strike_G","Strike_G","Strike_G","Strike_G","Defend_G","Defend_G","Defend_G","Defend_G","Defend_G","Survivor","Neutralize+1","Acrobatics","Dagger Throw","Cloak And Dagger+1","Dagger Throw","Infinite Blades","Skewer","Backstab","Unload","Acrobatics"],"relics":["Ring of the Snake","infinitespire:Lychee Nut","Orichalcum","reliquary:Knoch"],"acts_visited":["Exordium"],"potions_floor_usage":[16],"damage_taken":[{"damage":2.0,"enemies":"2 Louse","floor":1.0,"turns":4.0},{"damage":9.0,"enemies":"Cultist","floor":2.0,"turns":5.0},{"damage":3.0,"enemies":"Jaw Worm","floor":4.0,"turns":5.0},{"damage":3.0,"enemies":"Blue Slaver","floor":5.0,"turns":5.0},{"damage":24.0,"enemies":"Gremlin Nob","floor":8.0,"turns":4.0},{"damage":19.0,"enemies":"Exordium Thugs","floor":11.0,"turns":5.0},{"damage":12.0,"enemies":"3 Sentries","floor":12.0,"turns":7.0},{"damage":0.0,"enemies":"Large Slime","floor":13.0,"turns":4.0},{"damage":6.0,"enemies":"Blue Slaver","floor":14.0,"turns":5.0},{"damage":34,"enemies":"Slime Boss","floor":16,"turns":7}],"seed_played":"1123975031280077839","potions_obtained":[{"floor":4.0,"key":"blueLaboratory:AbyssPotion"},{"floor":5.0,"key":"PowerPotion"},{"floor":8.0,"key":"blueLaboratory:PhilterOfMotion"},{"floor":14.0,"key":"blueLaboratory:LouseDecoction"}],"is_trial":false,"path_per_floor":["M","M","?","M","M","R","$","E","T","R","M","E","M","M","R","B"],"character_chosen":"THE_SILENT","items_purchased":["Infinite Blades","blueLaboratory:FruitPunch"],"campfire_rested":2,"item_purchase_floors":[7,7],"current_hp_per_floor":[63,54,54,51,48,48,48,26,26,42,29,23,29,29,45,17,17],"gold":234,"neow_bonus":"TEN_PERCENT_HP_BONUS","is_daily":false,"chose_seed":false,"campfire_upgraded":1,"win_rate":0.0,"timestamp":1614239486,"path_taken":["M","M","?","M","M","R","$","E","T","R","M","E","M","M","R","BOSS"],"items_purchased_type":["Card","Potion"],"build_version":"2020-12-22","purchased_purges":0,"victory":false,"max_hp_per_floor":[72,72,72,72,72,72,72,55,55,55,55,55,55,55,55,55,55],"card_choices":[{"not_picked":["Crippling Poison","Backflip"],"picked":"Acrobatics","floor":1.0},{"not_picked":["Cloak And Dagger","ReplayTheSpireMod:The Works"],"picked":"Dagger Throw","floor":2.0},{"not_picked":["Toxin Wave","hubris:SlightOfHand"],"picked":"Cloak And Dagger","floor":4.0},{"not_picked":["Dodge and Roll","Sucker Punch"],"picked":"Dagger Throw","floor":5.0},{"not_picked":["PiercingWail","All Out Attack"],"picked":"Skewer","floor":8.0},{"not_picked":["aspiration:Lunge","Deflect"],"picked":"Backstab","floor":11.0},{"not_picked":["Slice","StuffTheSpire:ClusterCrunch"],"picked":"Unload","floor":12.0},{"not_picked":["hubris:SlightOfHand","StuffTheSpire:BumpUp","StuffTheSpire:Injection"],"picked":"SKIP","floor":13.0},{"not_picked":["StuffTheSpire:BrimstoneBlast","Masterful Stab"],"picked":"Acrobatics","floor":14.0}],"player_experience":1380131,"relics_obtained":[{"floor":8.0,"key":"infinitespire:Lychee Nut"},{"floor":9.0,"key":"Orichalcum"},{"floor":12.0,"key":"reliquary:Knoch"}],"event_choices":[{"damage_healed":0.0,"max_hp_gain":0.0,"max_hp_loss":0.0,"gold_gain":0.0,"event_name":"Upgrade Shrine","player_choice":"Upgraded","floor":3.0,"gold_loss":0.0,"damage_taken":0.0,"cards_upgraded":["Neutralize"]}],"is_beta":false,"boss_relics":[],"items_purged_floors":[],"is_endless":false,"potions_floor_spawned":[4,5,8,14],"killed_by":"Slime Boss","ascension_level":20}}