{"host":"x73jdofm2fk9hsud","time":1614225884,"event":{"mods":["BaseMod","Bestiary","Minty Spire (QoL Compilation)","Relic Stats","ojb\u0027s Better Paths Mod","ojb\u0027s Info Mod"],"gold_per_floor":[113,132,89,89,89,114,114,148,148,67,98,98,98,124,124,124,124],"floor_reached":16,"language":"ENG","playtime":383,"items_purged":[],"score":278,"play_id":"d2d3b510-fd26-41d5-a04f-995477f0ca66","local_time":"20210224230444","is_ascension_mode":true,"campfire_choices":[{"data":"MentalFortress","floor":7.0,"key":"SMITH"},{"data":"SandsOfTime","floor":12,"key":"SMITH"},{"data":"BowlingBash","floor":15,"key":"SMITH"}],"circlet_count":0,"master_deck":["AscendersBane","Strike_P","Strike_P","Strike_P","Defend_P","Defend_P","Defend_P","Defend_P","Eruption","Vigilance","MentalFortress+1","BowlingBash+1","SandsOfTime+1","ClearTheMind","DevaForm","BattleHymn","Wallop"],"relics":["Coffee Dripper","White Beast Statue","CaptainsWheel","Centennial Puzzle","Omamori"],"acts_visited":["Exordium"],"potions_floor_usage":[11,16],"damage_taken":[{"damage":4.0,"enemies":"2 Louse","floor":1.0,"turns":3.0},{"damage":4.0,"enemies":"Small Slimes","floor":2.0,"turns":3.0},{"damage":14.0,"enemies":"Lagavulin","floor":6.0,"turns":7.0},{"damage":30.0,"enemies":"3 Sentries","floor":8.0,"turns":10.0},{"damage":0,"enemies":"Lagavulin","floor":11,"turns":5},{"damage":14,"enemies":"Slime Boss","floor":16,"turns":3}],"seed_played":"485660331641526336","potions_obtained":[{"floor":1.0,"key":"BottledMiracle"},{"floor":8.0,"key":"SneckoOil"},{"floor":11,"key":"Energy Potion"}],"is_trial":false,"path_per_floor":["M","M","$","?","?","E","R","E","T","$","E","R","?","T","R","B"],"character_chosen":"WATCHER","items_purchased":["SandsOfTime","BattleHymn"],"campfire_rested":0,"item_purchase_floors":[3,10],"current_hp_per_floor":[57,53,53,58,51,37,37,7,7,7,7,7,7,7,7,0,0],"gold":124,"neow_bonus":"BOSS_RELIC","is_daily":false,"chose_seed":false,"campfire_upgraded":3,"win_rate":0.0,"timestamp":1614225884,"path_taken":["M","M","$","?","?","E","R","E","T","?","E","R","?","?","R","BOSS"],"items_purchased_type":["Card","Card"],"build_version":"2020-12-22","purchased_purges":0,"victory":false,"max_hp_per_floor":[68,68,68,73,73,73,73,73,73,73,73,73,73,73,73,73,73],"relic_stats":{"Centennial Puzzle":[0],"counters":[6,31],"obtain_stats":[{"CaptainsWheel":8,"Centennial Puzzle":11,"Coffee Dripper":0,"Omamori":14,"PureWater":0,"White Beast Statue":6},{"CaptainsWheel":4,"Centennial Puzzle":5,"Coffee Dripper":0,"Omamori":5,"PureWater":0,"White Beast Statue":3},{"CaptainsWheel":23,"Centennial Puzzle":28,"Coffee Dripper":0,"Omamori":28,"PureWater":0,"White Beast Statue":13}]},"card_choices":[{"not_picked":["FearNoEvil","LikeWater"],"picked":"MentalFortress","floor":1.0},{"not_picked":["EmptyBody","ThirdEye"],"picked":"BowlingBash","floor":2.0},{"not_picked":["Evaluate","PathToVictory"],"picked":"ClearTheMind","floor":6.0},{"not_picked":["WreathOfFlame","Halt"],"picked":"DevaForm","floor":8.0},{"not_picked":["Consecrate","FlyingSleeves"],"picked":"Wallop","floor":11}],"player_experience":5424723,"relics_obtained":[{"floor":6.0,"key":"White Beast Statue"},{"floor":8.0,"key":"CaptainsWheel"},{"floor":11,"key":"Centennial Puzzle"},{"floor":14,"key":"Omamori"}],"event_choices":[{"damage_healed":0.0,"max_hp_gain":5.0,"max_hp_loss":0.0,"gold_gain":0.0,"event_name":"Big Fish","player_choice":"Donut","floor":4.0,"gold_loss":0.0,"damage_taken":0.0},{"cards_removed":["Strike_P"],"damage_healed":0.0,"max_hp_gain":0.0,"max_hp_loss":0.0,"gold_gain":0.0,"event_name":"Golden Wing","player_choice":"Card Removal","floor":5.0,"gold_loss":0.0,"damage_taken":7.0},{"damage_healed":0,"gold_gain":0,"player_choice":"Fled","damage_taken":0,"max_hp_gain":0,"max_hp_loss":0,"event_name":"Scrap Ooze","floor":13,"gold_loss":0}],"is_beta":false,"boss_relics":[],"items_purged_floors":[],"is_endless":false,"potions_floor_spawned":[1,8,11],"killed_by":"Slime Boss","ascension_level":20}}