{"host":"684z1xpuwaoqmmh1","time":1614242448,"event":{"mods":["BaseMod","CatGirl Mod","Downfall","Hermit","Jorbs\u0027s Wanderer Trilogy","Marisa????????","Minty Spire (QoL Compilation)","Robot Space Explorer","Shade Mod","Shapeshifter Mod","StSLib","The Bug Knight","The Clintock","The Dragon Tamer","The Elementalist","The Hayseed","The Hierophant","The Marked","The Mystic","The Poker Player","The Runesmith","The Sage","The Saiyan","The Showman","The Spell Scribe","The Valiant","The Vixen","TheBandit","TheFirefly","TheVacant"],"gold_per_floor":[115,165,165,14,89,116,116,116,116,136,26,53,71,88,88,187,187,199,218,133,152,162,162,196,206,206,206,236,251,251,251],"floor_reached":30,"language":"ENG","playtime":3938,"items_purged":["clintock:ClintockStrike"],"score":305,"play_id":"b31f8c29-fc9b-4150-b610-6fc5d2e4d86c","local_time":"20210225104048","is_ascension_mode":false,"campfire_choices":[{"data":"clintock:BaseSynthesis","floor":7.0,"key":"SMITH"},{"data":"clintock:MendelPro","floor":15.0,"key":"SMITH"},{"data":"clintock:Nanopore","floor":27,"key":"SMITH"},{"data":"clintock:MendelPro","floor":30,"key":"SMITH"}],"circlet_count":0,"master_deck":["clintock:ClintockStrike","clintock:ClintockStrike","clintock:ClintockStrike","clintock:ClintockDefend","clintock:ClintockDefend","clintock:ClintockDefend","clintock:ClintockDefend","clintock:BaseSynthesis+1","clintock:Replenish","clintock:Polymerize","clintock:MineAndDine","clintock:Thymidine","clintock:DGMP","clintock:MendelPro+1","clintock:Eureka","clintock:TelomereErosion","clintock:MendelPro+1","clintock:Nanopore+1","clintock:Polymerize+1"],"relics":["clintock:BiomoleculePool","NeowsBlessing","HollowMod:LifeEnderRelic","ClockworkSouvenir","Bird Faced Urn","Runesmith:Nanobots","Orichalcum","Oddly Smooth Stone","Philosopher\u0027s Stone","Eternal Feather","Question Card","Centennial Puzzle","hexamod:BolsterEngine"],"acts_visited":["Exordium","TheCity"],"potions_floor_usage":[18,28],"damage_taken":[{"damage":0.0,"enemies":"Jaw Worm","floor":1.0,"turns":1.0},{"damage":0.0,"enemies":"Lagavulin","floor":6.0,"turns":3.0},{"damage":0.0,"enemies":"Small Slimes","floor":10.0,"turns":3.0},{"damage":31.0,"enemies":"Gremlin Nob","floor":12.0,"turns":6.0},{"damage":0.0,"enemies":"2 Louse","floor":13.0,"turns":15.0},{"damage":4.0,"enemies":"Looter","floor":14.0,"turns":5.0},{"damage":11.0,"enemies":"The Guardian","floor":16.0,"turns":14.0},{"damage":14,"enemies":"3 Byrds","floor":18,"turns":6},{"damage":16,"enemies":"2 Thieves","floor":19,"turns":4},{"damage":0,"enemies":"Snecko","floor":21,"turns":11},{"damage":33,"enemies":"Snake Plant","floor":22,"turns":20},{"damage":17,"enemies":"Gremlin Leader","floor":24,"turns":10},{"damage":0,"enemies":"Centurion and Healer","floor":25,"turns":11},{"damage":23,"enemies":"Book of Stabbing","floor":28,"turns":16},{"damage":20,"enemies":"Snecko","floor":29,"turns":10}],"seed_played":"7422609203528427911","potions_obtained":[{"floor":12.0,"key":"FearPotion"},{"floor":13.0,"key":"Block Potion"},{"floor":14.0,"key":"Fire Potion"},{"floor":19,"key":"PowerPotion"},{"floor":22,"key":"Energy Potion"},{"floor":24,"key":"Energy Potion"},{"floor":29,"key":"ColorlessPotion"}],"is_trial":false,"path_per_floor":["M","?","?","$","?","E","R","T","T","M","$","E","M","M","R","B",null,"M","M","?","M","M","T","E","M","T","R","E","M","R"],"character_chosen":"CLINTOCK_CLASS","items_purchased":["ClockworkSouvenir","clintock:DGMP"],"campfire_rested":0,"item_purchase_floors":[4,11],"current_hp_per_floor":[80,80,62,62,51,51,51,51,51,53,53,27,41,41,41,34,80,68,58,58,80,74,74,64,80,80,80,80,80,80,80],"gold":251,"neow_bonus":"THREE_ENEMY_KILL","is_daily":false,"chose_seed":false,"campfire_upgraded":4,"win_rate":0.0,"timestamp":1614242448,"path_taken":["M","?","?","$","?","E","R","?","T","M","?","E","?","M","R","BOSS","M","M","?","M","M","?","E","M","T","R","E","M","R"],"items_purchased_type":["Relic","Card"],"build_version":"2020-12-22","purchased_purges":1,"victory":false,"max_hp_per_floor":[80,80,80,80,80,80,80,80,80,80,80,80,80,80,80,80,80,80,80,80,80,80,80,80,80,80,80,80,80,80,80],"card_choices":[{"not_picked":["clintock:Immunodeficiency","clintock:GeneticsLab"],"picked":"clintock:Polymerize","floor":1.0},{"not_picked":["clintock:Eureka","clintock:Deoxyguanosine"],"picked":"clintock:MineAndDine","floor":6.0},{"not_picked":["clintock:Excavate","clintock:BruteForce"],"picked":"clintock:Thymidine","floor":10.0},{"not_picked":["clintock:RandomForest","clintock:Recombination"],"picked":"clintock:MendelPro","floor":12.0},{"not_picked":["clintock:DealersLuck","clintock:Efflux"],"picked":"clintock:Eureka","floor":13.0},{"not_picked":["clintock:ATPReserves","clintock:DGMP"],"picked":"clintock:TelomereErosion","floor":14.0},{"not_picked":["clintock:Mitosis","clintock:GeneAmplification"],"picked":"clintock:MendelPro","floor":16.0},{"not_picked":["clintock:EnergyDrink","clintock:Miasma+1","clintock:CompostBin"],"picked":"SKIP","floor":18},{"not_picked":["clintock:Interrupt+1","clintock:EnergyDrink","clintock:CompostBin"],"picked":"SKIP","floor":19},{"not_picked":["clintock:CompostBin","clintock:ImpulsiveShot","clintock:Epidemic"],"picked":"SKIP","floor":21},{"not_picked":["clintock:CompostBin","clintock:ImpulsiveShot","clintock:Epidemic"],"picked":"SKIP","floor":21},{"not_picked":["clintock:Epidemic","clintock:Jab","clintock:VectorFlow"],"picked":"SKIP","floor":22},{"not_picked":["clintock:ImpulsiveShot+1","clintock:ATPReserves"],"picked":"clintock:Nanopore","floor":24},{"not_picked":["clintock:DAMP","clintock:Jab","clintock:Eureka+1","clintock:Obstruct"],"picked":"SKIP","floor":25},{"not_picked":["clintock:ImpulsiveShot+1","clintock:MendelPro","clintock:Obstruct","clintock:DegradedPrimer"],"picked":"SKIP","floor":28},{"not_picked":["clintock:Efflux","clintock:Acupuncture","clintock:RandomForest"],"picked":"clintock:Polymerize+1","floor":29}],"player_experience":3159374,"relics_obtained":[{"floor":6.0,"key":"Bird Faced Urn"},{"floor":8.0,"key":"Runesmith:Nanobots"},{"floor":9.0,"key":"Orichalcum"},{"floor":12.0,"key":"Oddly Smooth Stone"},{"floor":24,"key":"Question Card"},{"floor":26,"key":"Centennial Puzzle"},{"floor":28,"key":"hexamod:BolsterEngine"}],"event_choices":[{"damage_healed":0.0,"max_hp_gain":0.0,"max_hp_loss":0.0,"gold_gain":0.0,"event_name":"Scrap Ooze","player_choice":"Success","floor":3.0,"gold_loss":0.0,"damage_taken":18.0,"relics_obtained":["HollowMod:LifeEnderRelic"]},{"damage_healed":0.0,"max_hp_gain":0.0,"max_hp_loss":0.0,"gold_gain":75.0,"event_name":"World of Goop","player_choice":"Gather Gold","floor":5.0,"gold_loss":0.0,"damage_taken":11.0},{"damage_healed":0,"gold_gain":0,"player_choice":"Obtained Relic","damage_taken":0,"relics_obtained":["Eternal Feather"],"max_hp_gain":0,"max_hp_loss":0,"event_name":"Addict","floor":20,"gold_loss":85}],"is_beta":false,"boss_relics":[{"not_picked":["Cursed Key","Astrolabe"],"picked":"Philosopher\u0027s Stone"}],"items_purged_floors":[11],"is_endless":false,"potions_floor_spawned":[12,13,14,19,22,24,29],"ascension_level":0}}