{"host":"wshey5htrz8rni6u","time":1614254227,"event":{"mods":["2.2 Compatiblity","BaseMod","Block Reminder","Colored Map","Colored Powertips","Current Relic Mod","Curses Come First","Dark Map","Key Reminder","Keyboard Shortcuts","Minty Spire (QoL Compilation)","Potion Indicator Mod","Quick Restart","Random Character Button","Relic Sorter","Relic Stats","StSLib","SuperFastMode","Unceasing Turn Reminder","UnlockEverythingMod","Weighted Paths"],"gold_per_floor":[114,125,139,9,23,23,53,69,69,69,100,120,148,160,160,231,231,247,247,267,278,328,363,363,392,418,418,452,552,552,565,565,641,641,661,661,661,678,303,329,31,44,44,44,6,6,0,27,27,27,27,27,6,41,41,41],"floor_reached":55,"language":"ENG","playtime":4544,"items_purged":["Regret","Decay"],"score":1387,"play_id":"6a995b9b-d5b6-4d11-abf9-4910a59dce05","local_time":"20210225035707","is_ascension_mode":true,"campfire_choices":[{"data":"Neutralize","floor":6.0,"key":"SMITH"},{"floor":10.0,"key":"REST"},{"data":"Catalyst","floor":15.0,"key":"SMITH"},{"floor":24,"key":"REST"},{"data":"Venomology","floor":27,"key":"SMITH"},{"floor":32,"key":"REST"},{"floor":46,"key":"RECALL"},{"data":"Pain","floor":49,"key":"PURGE"},{"data":"After Image","floor":52,"key":"SMITH"}],"circlet_count":0,"master_deck":["AscendersBane","Strike_G","Strike_G","Strike_G","Strike_G","Defend_G","Defend_G","Defend_G","Defend_G","Defend_G","Survivor","Neutralize+1","Caltrops","Leg Sweep","Noxious Fumes","After Image+1","Blade Dance","Backstab","Bane","Catalyst+1","Storm of Steel","Infinite Blades+1","Cloak And Dagger","Cloak And Dagger","Venomology+1","Finisher","Well Laid Plans+1","Cloak And Dagger","Tools of the Trade+1","Footwork+1","Predator+1","Accuracy+1","Escape Plan+1","Malaise+1","Madness+1","Madness+1","Phantasmal Killer+1","Infinite Blades+1","Phantasmal Killer+1","Escape Plan+1","Backflip+1","Dash+1","Decay","Bullet Time+1","Leg Sweep+1","Accuracy+1","Dodge and Roll+1"],"relics":["Ring of the Snake","Pear","Paper Crane","Frozen Egg 2","Centennial Puzzle","Cursed Key","Singing Bowl","Potion Belt","Juzu Bracelet","Smiling Mask","Peace Pipe","Toxic Egg 2","SacredBark","Membership Card","Blood Vial","Bottled Flame","Eternal Feather","WarpedTongs","Red Mask","Snake Skull","Orichalcum"],"acts_visited":["Exordium","TheCity","TheBeyond","TheEnding"],"potions_floor_usage":[21,21,21,23,25,28,28,29,29,29,31,31,31,33,33,38,40,40,40,42,48,50,50,54,55,55,55],"damage_taken":[{"damage":5.0,"enemies":"Cultist","floor":1.0,"turns":6.0},{"damage":1.0,"enemies":"2 Louse","floor":2.0,"turns":4.0},{"damage":2.0,"enemies":"Small Slimes","floor":3.0,"turns":5.0},{"damage":1.0,"enemies":"Looter","floor":5.0,"turns":4.0},{"damage":34.0,"enemies":"Gremlin Nob","floor":7.0,"turns":6.0},{"damage":3.0,"enemies":"2 Fungi Beasts","floor":8.0,"turns":4.0},{"damage":0.0,"enemies":"Lagavulin","floor":11.0,"turns":8.0},{"damage":0.0,"enemies":"Blue Slaver","floor":12.0,"turns":4.0},{"damage":4.0,"enemies":"Gremlin Nob","floor":13.0,"turns":3.0},{"damage":7.0,"enemies":"Exordium Wildlife","floor":14.0,"turns":6.0},{"damage":2.0,"enemies":"Hexaghost","floor":16.0,"turns":10.0},{"damage":0.0,"enemies":"Chosen","floor":18.0,"turns":6.0},{"damage":1.0,"enemies":"Shell Parasite","floor":20.0,"turns":5.0},{"damage":4,"enemies":"Sentry and Sphere","floor":21,"turns":5},{"damage":39,"enemies":"Book of Stabbing","floor":23,"turns":6},{"damage":6,"enemies":"Slavers","floor":25,"turns":7},{"damage":3,"enemies":"Book of Stabbing","floor":28,"turns":6},{"damage":26,"enemies":"Colosseum Slavers","floor":29,"turns":5},{"damage":21,"enemies":"Colosseum Nobs","floor":29,"turns":4},{"damage":11,"enemies":"Shelled Parasite and Fungi","floor":31,"turns":4},{"damage":18,"enemies":"Automaton","floor":33,"turns":11},{"damage":11,"enemies":"3 Shapes","floor":35,"turns":7},{"damage":3,"enemies":"3 Darklings","floor":38,"turns":7},{"damage":18,"enemies":"Nemesis","floor":40,"turns":5},{"damage":3,"enemies":"Transient","floor":42,"turns":5},{"damage":21,"enemies":"Reptomancer","floor":48,"turns":10},{"damage":115,"enemies":"Awakened One","floor":50,"turns":27},{"damage":70,"enemies":"Shield and Spear","floor":54,"turns":8},{"damage":21,"enemies":"The Heart","floor":55,"turns":3}],"seed_played":"-2088082228956935514","potions_obtained":[{"floor":1.0,"key":"LiquidMemories"},{"floor":3.0,"key":"LiquidBronze"},{"floor":5.0,"key":"Poison Potion"},{"floor":13.0,"key":"Strength Potion"},{"floor":14.0,"key":"Fruit Juice"},{"floor":21,"key":"Strength Potion"},{"floor":23,"key":"FearPotion"},{"floor":25,"key":"CunningPotion"},{"floor":28,"key":"FairyPotion"},{"floor":33,"key":"LiquidMemories"},{"floor":35,"key":"Strength Potion"},{"floor":54,"key":"EssenceOfSteel"}],"is_trial":false,"path_per_floor":["M","M","M","$","M","R","E","M","T","R","E","M","E","M","R","B",null,"M","?","M","M","?","E","R","E","T","R","E","?","?","M","R","B",null,"M","?","?","M","$","E","$","M","T","?","$","R","?","E","R","B",null,"R","$","E","B"],"character_chosen":"THE_SILENT","items_purchased":["After Image","Blade Dance","Membership Card","Phantasmal Killer+1","Blood Vial","Infinite Blades+1","Escape Plan+1","Backflip+1","Regen Potion","Regen Potion","Eternal Feather","Bullet Time+1","Accuracy+1"],"campfire_rested":3,"item_purchase_floors":[4,4,39,39,39,39,41,41,41,41,41,45,53],"current_hp_per_floor":[54,53,51,51,50,50,26,23,23,45,45,45,41,34,34,32,65,65,65,69,65,65,26,50,44,44,44,41,22,22,11,35,17,65,54,54,39,38,38,22,22,21,21,21,21,48,48,74,83,23,68,83,83,13,0,0],"gold":41,"neow_bonus":"REMOVE_CARD","is_daily":false,"chose_seed":false,"campfire_upgraded":4,"win_rate":0.0,"timestamp":1614254227,"path_taken":["M","?","M","?","?","R","E","M","T","R","E","M","E","M","R","BOSS","M","?","M","M","?","E","R","E","T","R","E","?","?","M","R","BOSS","M","?","?","M","?","E","$","M","T","?","?","R","?","E","R","BOSS","R","$","E","BOSS"],"items_purchased_type":["Card","Card","Relic","Card","Relic","Card","Card","Card","Potion","Potion","Relic","Card","Card"],"build_version":"2020-12-13","purchased_purges":2,"victory":false,"max_hp_per_floor":[66,66,66,66,66,66,76,76,76,76,76,76,76,76,76,76,76,76,76,81,81,81,81,81,81,81,81,81,81,81,81,81,81,81,81,81,81,83,83,83,83,83,83,83,83,83,83,83,83,83,83,83,83,83,83,83],"relic_stats":{"Singing Bowl":2,"counters":[29,191],"Eternal Feather":51,"Snake Skull":[13],"Juzu Bracelet":2,"Orichalcum":[6],"Cursed Key":2,"Smiling Mask":-12,"WarpedTongs":[44],"Peace Pipe":1,"Blood Vial":8,"Centennial Puzzle":[57],"obtain_stats":[{"Potion Belt":25,"Pear":7,"Singing Bowl":23,"SacredBark":34,"Eternal Feather":41,"Snake Skull":48,"Juzu Bracelet":26,"Paper Crane":9,"Frozen Egg 2":11,"Orichalcum":54,"Cursed Key":17,"Smiling Mask":28,"WarpedTongs":44,"keyreminder:keyreminder":23,"Peace Pipe":29,"Blood Vial":39,"Centennial Puzzle":13,"Bottled Flame":40,"Red Mask":47,"Membership Card":39,"Toxic Egg 2":29,"Ring of the Snake":0},{"Potion Belt":16,"Pear":5,"Singing Bowl":15,"SacredBark":21,"Eternal Feather":24,"Snake Skull":26,"Juzu Bracelet":16,"Paper Crane":6,"Frozen Egg 2":7,"Orichalcum":28,"Cursed Key":11,"Smiling Mask":17,"WarpedTongs":25,"keyreminder:keyreminder":15,"Peace Pipe":19,"Blood Vial":23,"Centennial Puzzle":9,"Bottled Flame":24,"Red Mask":25,"Membership Card":23,"Toxic Egg 2":19,"Ring of the Snake":0},{"Potion Belt":89,"Pear":25,"Singing Bowl":82,"SacredBark":119,"Eternal Feather":138,"Snake Skull":153,"Juzu Bracelet":89,"Paper Crane":29,"Frozen Egg 2":37,"Orichalcum":188,"Cursed Key":60,"Smiling Mask":95,"WarpedTongs":143,"keyreminder:keyreminder":82,"Peace Pipe":104,"Blood Vial":133,"Centennial Puzzle":44,"Bottled Flame":138,"Red Mask":143,"Membership Card":133,"Toxic Egg 2":104,"Ring of the Snake":0}],"Ring of the Snake":[58]},"card_choices":[{"not_picked":["Calculated Gamble","Prepared"],"picked":"Caltrops","floor":1.0},{"not_picked":["Flying Knee","Quick Slash"],"picked":"Leg Sweep","floor":2.0},{"not_picked":["Setup","Flying Knee"],"picked":"Noxious Fumes","floor":3.0},{"not_picked":["Prepared","Setup"],"picked":"Backstab","floor":5.0},{"not_picked":["Outmaneuver","Dagger Spray"],"picked":"Bane","floor":7.0},{"not_picked":["Blade Dance","Expertise"],"picked":"Catalyst","floor":8.0},{"not_picked":["Blade Dance","Bouncing Flask"],"picked":"Storm of Steel","floor":11.0},{"not_picked":["Skewer","Blade Dance"],"picked":"Infinite Blades+1","floor":12.0},{"not_picked":["Catalyst","Flying Knee"],"picked":"Cloak And Dagger","floor":13.0},{"not_picked":["Quick Slash","Underhanded Strike"],"picked":"Cloak And Dagger","floor":14.0},{"not_picked":["Unload","Grand Finale"],"picked":"Venomology","floor":16.0},{"not_picked":["Escape Plan","All Out Attack"],"picked":"Finisher","floor":18.0},{"not_picked":["Deflect","Dagger Spray","Acrobatics+1"],"picked":"SKIP","floor":20.0},{"not_picked":["Flying Knee","Deadly Poison"],"picked":"Cloak And Dagger","floor":21},{"not_picked":["Predator+1","Acrobatics"],"picked":"Tools of the Trade+1","floor":23},{"not_picked":["Deflect","Eviscerate"],"picked":"Footwork+1","floor":25},{"not_picked":["Reflex","Sucker Punch"],"picked":"Predator+1","floor":28},{"not_picked":["PiercingWail+1","Slice"],"picked":"Accuracy+1","floor":29},{"not_picked":["Backflip+1","Bouncing Flask+1"],"picked":"Escape Plan+1","floor":31},{"not_picked":["Unload","Storm of Steel+1"],"picked":"Malaise+1","floor":33},{"not_picked":["Deflect+1","Prepared+1"],"picked":"Choke","floor":35},{"not_picked":["Cloak And Dagger+1","Outmaneuver+1","Acrobatics+1"],"picked":"Singing Bowl","floor":38},{"not_picked":["PiercingWail+1","Slice+1"],"picked":"Phantasmal Killer+1","floor":40},{"not_picked":["Blur+1","Bane+1"],"picked":"Dash+1","floor":42},{"not_picked":["Deflect+1","Slice+1"],"picked":"Leg Sweep+1","floor":48},{"not_picked":["Underhanded Strike+1","Skewer"],"picked":"Dodge and Roll+1","floor":54}],"player_experience":202967,"relics_obtained":[{"floor":7.0,"key":"Pear"},{"floor":9.0,"key":"Paper Crane"},{"floor":11.0,"key":"Frozen Egg 2"},{"floor":13.0,"key":"Centennial Puzzle"},{"floor":23,"key":"Singing Bowl"},{"floor":25,"key":"Potion Belt"},{"floor":26,"key":"Juzu Bracelet"},{"floor":28,"key":"Smiling Mask"},{"floor":29,"key":"Peace Pipe"},{"floor":29,"key":"Toxic Egg 2"},{"floor":40,"key":"Bottled Flame"},{"floor":48,"key":"Snake Skull"},{"floor":54,"key":"Orichalcum"}],"event_choices":[{"damage_healed":0.0,"max_hp_gain":0.0,"max_hp_loss":0.0,"gold_gain":0.0,"event_name":"The Library","player_choice":"Read","floor":19.0,"gold_loss":0.0,"damage_taken":0.0,"cards_obtained":["Well Laid Plans"]},{"damage_healed":0,"gold_gain":50,"player_choice":"Stole From Cult","damage_taken":0,"max_hp_gain":0,"max_hp_loss":0,"event_name":"Nest","floor":22,"gold_loss":0},{"damage_healed":0,"gold_gain":0,"player_choice":"Fight","damage_taken":0,"max_hp_gain":0,"max_hp_loss":0,"event_name":"Colosseum","floor":29,"gold_loss":0},{"damage_healed":0,"gold_gain":0,"player_choice":"Fought Nobs","damage_taken":0,"max_hp_gain":0,"max_hp_loss":0,"event_name":"Colosseum","floor":29,"gold_loss":0},{"damage_healed":0,"gold_gain":0,"player_choice":"Smashed Altar","damage_taken":0,"max_hp_gain":0,"max_hp_loss":0,"event_name":"Forgotten Altar","floor":30,"gold_loss":0,"cards_obtained":["Decay"]},{"cards_removed":["Choke"],"damage_healed":0,"gold_gain":0,"player_choice":"Removed Attack","damage_taken":0,"max_hp_gain":0,"max_hp_loss":0,"event_name":"Falling","floor":36,"gold_loss":0},{"damage_healed":0,"gold_gain":0,"player_choice":"Embrace Madness","damage_taken":15,"max_hp_gain":0,"max_hp_loss":0,"event_name":"Winding Halls","floor":37,"gold_loss":0,"cards_obtained":["Madness","Madness"]},{"damage_healed":0,"gold_gain":0,"player_choice":"Rummage","damage_taken":0,"relics_obtained":["WarpedTongs"],"max_hp_gain":0,"max_hp_loss":0,"event_name":"Accursed Blacksmith","floor":44,"gold_loss":0,"cards_obtained":["Pain"]},{"damage_healed":0,"gold_gain":0,"player_choice":"Paid","damage_taken":0,"relics_obtained":["Red Mask"],"max_hp_gain":0,"max_hp_loss":0,"event_name":"Tomb of Lord Red Mask","floor":47,"gold_loss":6}],"is_beta":false,"boss_relics":[{"not_picked":["Snecko Eye","SlaversCollar"],"picked":"Cursed Key"},{"not_picked":["Calling Bell","Velvet Choker"],"picked":"SacredBark"}],"items_purged_floors":[39,41],"is_endless":false,"potions_floor_spawned":[1,3,5,13,14,21,23,25,28,33,35,54],"killed_by":"The Heart","ascension_level":15}}