{"host":"xumidyqji6pg2yy3","time":1614272420,"event":{"mods":["ATMod(阿瑾Mod)","Act Like it!","BaseMod","Colored Map","Gensokyo","Minty Spire (QoL Compilation)","MostiFishMod","Quick Restart","StSLib","TestMod"],"gold_per_floor":[113,125,125,125,139,166,177,205,205,239,249,249,278,290,290,386,386,406,286,301,312,192,219,230,134,160,193,193,143,475,875,875,1172,1172,1188,1198,1198,889,908,941,725,759,829,864,864,1092,1092,1111,1111,1111,1111,1111,752,777,777],"floor_reached":56,"language":"ZHS","playtime":2875,"items_purged":["Second Wind","Strike_R","Bash"],"score":2103,"play_id":"568be1c6-4548-40b0-987c-5f3e2c60be2f","local_time":"20210226010020","is_ascension_mode":true,"campfire_choices":[{"data":"Armaments","floor":12.0,"key":"SMITH"},{"data":"Dark Embrace","floor":15.0,"key":"SMITH"},{"data":"Barricade","floor":28,"key":"SMITH"},{"data":"Entrench","floor":32,"key":"SMITH"},{"data":"AT_DiedThrough","floor":45,"key":"SMITH"},{"floor":49,"key":"RECALL"},{"data":"AT_DiedThrough","floor":52,"key":"SMITH"}],"circlet_count":0,"master_deck":["Defend_R","Defend_R","Defend_R","Defend_R","AT_ShadowStep","testmod-DeathImprint","Shrug It Off","Dark Embrace+1","AT_BodySlamDance","Armaments+1","Barricade+1","CurseOfTheBell","AT_DiedThrough+1","Power Through","Body Slam","Exhume","Entrench+1","Brutality","AT_CaressingTears","Warcry+1","AT_DiedThrough+1","Warcry+1"],"relics":["Burning Blood","DaveBox","testmod-TestBox","FeatherPendant","SynthV:TestCard","Gensokyo:CelestialsFlawlessClothing","testmod-RealStoneCalender","Blue Candle","Potion Belt","testmod-IndustrialRevolution","Calling Bell","testmod-BouquetWithThorns","ImprovedEquipment","Regal Pillow","Gensokyo:FoxMask","Toy Ornithopter","Smiling Mask","TungstenRod","InkBottle","Mark of Pain","Juzu Bracelet","AT_ImmortalShieldbow","testmod-AssaultLearning","Dodecahedron","AT_EbonyIvory","AT_BellowingDragoncrestRing","Pen Nib","Bag of Preparation","Blood Vial","Membership Card","Vajra","Bronze Scales","Ice Cream"],"acts_visited":["Exordium","Gensokyo:Gensokyo","Gensokyo:Gensokyoer","TheEnding"],"potions_floor_usage":[27,55,55],"damage_taken":[{"damage":0.0,"enemies":"Gensokyo:2_Kodama","floor":1.0,"turns":2.0},{"damage":0.0,"enemies":"Gensokyo:Python","floor":2.0,"turns":1.0},{"damage":0.0,"enemies":"Gensokyo:3_Fairies","floor":5.0,"turns":2.0},{"damage":0.0,"enemies":"Gensokyo:Cirno","floor":6.0,"turns":5.0},{"damage":6.0,"enemies":"Gensokyo:2_Rabbits","floor":7.0,"turns":3.0},{"damage":0.0,"enemies":"Gensokyo:Mamizou","floor":8.0,"turns":3.0},{"damage":0.0,"enemies":"Gensokyo:Aya","floor":10.0,"turns":3.0},{"damage":0.0,"enemies":"Gensokyo:3_Kodama","floor":11.0,"turns":3.0},{"damage":0.0,"enemies":"Gensokyo:Cirno","floor":13.0,"turns":5.0},{"damage":0.0,"enemies":"Gensokyo:LivingMonolith","floor":14.0,"turns":1.0},{"damage":2,"enemies":"Gensokyo:Kokoro","floor":16,"turns":3},{"damage":7,"enemies":"Gensokyo:3_Dogs","floor":18,"turns":3},{"damage":6,"enemies":"Gensokyo:AngelMirror","floor":20,"turns":2},{"damage":0,"enemies":"Gensokyo:Swordslinger","floor":21,"turns":1},{"damage":0,"enemies":"Gensokyo:Tenshi","floor":23,"turns":1},{"damage":0,"enemies":"Gensokyo:3_Gloops","floor":24,"turns":1},{"damage":12,"enemies":"Gensokyo:Koishi","floor":27,"turns":2},{"damage":0,"enemies":"Gensokyo:Reisen","floor":30,"turns":4},{"damage":0,"enemies":"Gensokyo:Kaguya","floor":33,"turns":7},{"damage":0,"enemies":"Gensokyo:AncientGuardian","floor":35,"turns":2},{"damage":1,"enemies":"Gensokyo:3_Bats","floor":36,"turns":3},{"damage":0,"enemies":"Gensokyo:Dusk_and_Dawn","floor":39,"turns":1},{"damage":1,"enemies":"Gensokyo:Doremy","floor":40,"turns":2},{"damage":0,"enemies":"Gensokyo:Marisa","floor":42,"turns":1},{"damage":13,"enemies":"Gensokyo:Kasen","floor":44,"turns":2},{"damage":0,"enemies":"Gensokyo:Doremy","floor":46,"turns":1},{"damage":0,"enemies":"Gensokyo:3_Boulders","floor":48,"turns":1},{"damage":0,"enemies":"Gensokyo:Scarlet_Devils","floor":50,"turns":1},{"damage":0,"enemies":"Shield and Spear","floor":54,"turns":1},{"damage":6,"enemies":"The Heart","floor":55,"turns":3}],"seed_played":"-1699410666795439638","potions_obtained":[{"floor":1.0,"key":"Explosive Potion"},{"floor":6.0,"key":"SkillPotion"},{"floor":8.0,"key":"Swift Potion"},{"floor":10.0,"key":"SmokeBomb"},{"floor":18,"key":"ColorlessPotion"},{"floor":21,"key":"AttackPotion"},{"floor":30,"key":"EntropicBrew"},{"floor":36,"key":"Weak Potion"},{"floor":40,"key":"ElixirPotion"}],"is_trial":false,"path_per_floor":["M","M","?","?","M","E","M","E","T","E","M","R","E","M","R","B",null,"M","?","M","M","$","E","M","COS","T","E","R","?","E","?","R","B",null,"M","M","?","$","M","E","COS","E","T","E","R","E","?","M","R","B",null,"R","$","E","B",null],"character_chosen":"IRONCLAD","items_purchased":["Body Slam","AT_ImmortalShieldbow","Membership Card","Vajra","Bronze Scales"],"campfire_rested":0,"item_purchase_floors":[22,38,53,53,53],"current_hp_per_floor":[80,80,60,28,34,40,40,46,46,52,58,58,64,70,70,74,80,79,79,79,80,80,80,80,80,80,74,74,81,87,87,87,87,87,87,87,87,87,87,87,87,87,87,80,80,87,75,87,87,87,87,87,87,87,87],"gold":777,"neow_bonus":"RANDOM_COLORLESS","is_daily":false,"chose_seed":false,"campfire_upgraded":6,"win_rate":0.0,"timestamp":1614272420,"path_taken":["M","?","?","?","M","E","?","E","T","E","M","R","E","M","R","BOSS","M","?","M","?","?","E","M","COS","T","E","R","?","E","?","R","BOSS","M","M","?","$","M","E","COS","E","T","E","R","E","?","M","R","BOSS","R","$","E","BOSS"],"items_purchased_type":["Card","Relic","Relic","Relic","Relic"],"build_version":"2020-12-22","purchased_purges":3,"victory":true,"max_hp_per_floor":[80,80,80,80,80,80,80,80,80,80,80,80,80,80,80,80,80,80,80,80,80,80,80,80,80,80,80,80,87,87,87,87,87,87,87,87,87,87,87,87,87,87,87,87,87,87,87,87,87,87,87,87,87,87,87],"card_choices":[{"not_picked":["Dramatic Entrance","Jack Of All Trades"],"picked":"testmod-DeathImprint","floor":0.0},{"not_picked":["Cleave","Wild Strike","Heavy Blade"],"picked":"SKIP","floor":1.0},{"not_picked":["Warcry","Ghostly Armor","AT_BodySlamDance","Havoc"],"picked":"Shrug It Off","floor":2.0},{"not_picked":["Pommel Strike","Perfected Strike","Cleave","Clothesline"],"picked":"Dark Embrace","floor":5.0},{"not_picked":["AT_DrawKnifeCut","Anger","Entrench","Dark Embrace"],"picked":"Second Wind","floor":6.0},{"not_picked":["Shrug It Off","AT_IchimonjiDouble","Anger","Wild Strike"],"picked":"AT_BodySlamDance","floor":7.0},{"not_picked":["Anger","Cleave","Bludgeon","Pommel Strike","Corruption"],"picked":"SKIP","floor":8.0},{"not_picked":["Pommel Strike","Disarm","Metallicize","MostiFishMod:WingOfPhoenix","Heavy Blade"],"picked":"SKIP","floor":10.0},{"not_picked":["AT_ManFootWork","Second Wind","Clothesline","Perfected Strike"],"picked":"Armaments","floor":11.0},{"not_picked":["Inflame","MostiFishMod:FireWorks","Headbutt","Sword Boomerang","Double Tap"],"picked":"SKIP","floor":13.0},{"not_picked":["Headbutt","Cleave","Armaments","Iron Wave","Thunderclap"],"picked":"SKIP","floor":14.0},{"not_picked":["MostiFishMod:UltimateDefense","Offering","MostiFishMod:FireWorks","AT_Dispersion"],"picked":"Barricade","floor":16},{"not_picked":["Spot Weakness","AT_IchimonjiDouble+1","Clash+1","Havoc+1"],"picked":"AT_DiedThrough","floor":18},{"not_picked":["Sword Boomerang","Havoc+1","Searing Blow","Clothesline+1","Anger"],"picked":"SKIP","floor":20},{"not_picked":["Seeing Red","Shockwave","AT_IchimonjiDouble+1","Anger"],"picked":"Power Through","floor":21},{"not_picked":["Bloodletting","MostiFishMod:BrandingRite","Bludgeon","True Grit","Searing Blow"],"picked":"SKIP","floor":23},{"not_picked":["Havoc","Wild Strike","Clothesline","Thunderclap","Whirlwind"],"picked":"SKIP","floor":24},{"not_picked":["Thunderclap","AT_GerminateFire","MostiFishMod:NewArrival","AT_ShrugMaster","AT_DrawKnifeCut"],"picked":"SKIP","floor":27},{"not_picked":["Berserk","MostiFishMod:PerfectStrikeMKII","Fiend Fire","Juggernaut"],"picked":"Exhume","floor":30},{"not_picked":["Wild Strike","Dropkick","Uppercut+1","Warcry"],"picked":"Entrench","floor":30},{"not_picked":["MostiFishMod:NewArrival","MostiFishMod:OrdinaryWorld","MostiFishMod:CullingBlade","MostiFishMod:Mania"],"picked":"Brutality","floor":33},{"not_picked":["Blood for Blood+1","MostiFishMod:BrandingRite","MostiFishMod:#F4004","AT_IchimonjiDouble+1"],"picked":"AT_CaressingTears","floor":35},{"not_picked":["Headbutt","Iron Wave","Flex","Sword Boomerang"],"picked":"Warcry+1","floor":36},{"not_picked":["Searing Blow","Fire Breathing+1","Havoc","Flame Barrier","Battle Trance"],"picked":"SKIP","floor":39},{"not_picked":["Burning Pact+1","Pommel Strike","Clash+1","AT_IchimonjiDouble","Heavy Blade+1"],"picked":"SKIP","floor":40},{"not_picked":["Body Slam","Havoc","Spot Weakness+1","Armaments"],"picked":"AT_DiedThrough","floor":42},{"not_picked":["Headbutt+1","Body Slam","Battle Trance+1","Thunderclap+1"],"picked":"Warcry+1","floor":44},{"not_picked":["Rupture","Bludgeon","Sentinel","Warcry+1","Armaments+1"],"picked":"SKIP","floor":46},{"not_picked":["Body Slam","Pommel Strike+1","Sentinel","MostiFishMod:TemporaryOutbreak","True Grit"],"picked":"SKIP","floor":48},{"not_picked":["Shrug It Off+1","Reckless Charge+1","Armaments+1","Body Slam+1","Pommel Strike+1"],"picked":"SKIP","floor":54}],"player_experience":94430,"relics_obtained":[{"floor":1.0,"key":"SynthV:TestCard"},{"floor":6.0,"key":"testmod-RealStoneCalender"},{"floor":8.0,"key":"Blue Candle"},{"floor":10.0,"key":"Potion Belt"},{"floor":13.0,"key":"testmod-IndustrialRevolution"},{"floor":17,"key":"testmod-BouquetWithThorns"},{"floor":17,"key":"ImprovedEquipment"},{"floor":17,"key":"Regal Pillow"},{"floor":23,"key":"Toy Ornithopter"},{"floor":26,"key":"Smiling Mask"},{"floor":27,"key":"TungstenRod"},{"floor":30,"key":"InkBottle"},{"floor":40,"key":"testmod-AssaultLearning"},{"floor":42,"key":"AT_EbonyIvory"},{"floor":43,"key":"AT_BellowingDragoncrestRing"},{"floor":44,"key":"Bag of Preparation"},{"floor":46,"key":"Blood Vial"},{"floor":54,"key":"Ice Cream"}],"event_choices":[{"damage_healed":0,"gold_gain":400,"player_choice":"Sell","damage_taken":0,"max_hp_gain":0,"max_hp_loss":0,"event_name":"恩洛斯的盘子","floor":31,"relics_lost":["AT_ATBox"],"gold_loss":0},{"damage_healed":0,"gold_gain":0,"player_choice":"Swap Relic","damage_taken":0,"relics_obtained":["Juzu Bracelet"],"max_hp_gain":0,"max_hp_loss":0,"event_name":"给自己的盒子","floor":37,"relics_lost":["testmod-CardMagician"],"gold_loss":0}],"is_beta":false,"boss_relics":[{"not_picked":["HereWithMe","testmod-BloodSacrificeSpiritualization"],"picked":"Calling Bell"},{"not_picked":["GuanYuAspect","Tiny House"],"picked":"Mark of Pain"}],"items_purged_floors":[22,38,53],"is_endless":false,"potions_floor_spawned":[1,6,8,10,13,18,21,24,30,36,39,40,44],"ascension_level":3}}