{"host":"0qlrtuw7bw78ucw4","time":1614236208,"event":{"mods":["BaseMod","Downfall","Minty Spire (QoL Compilation)","StSLib"],"gold_per_floor":[99,112,127,142,155,155,178,178,34,34,19,48,48,65,79,157,157,57,70,155,173,187,222,248,148,173,186,200,135,160,172,188,262,262,262,262,279,214,284,295,346,378,389,389,406,306,337,4,20,20,20,46,46,46,46,46,46,46],"floor_reached":56,"language":"ENG","playtime":5867,"items_purged":["Doubt","Slimebound:Strike_Slimebound","Slimebound:PressTheAttack","Slimebound:Defend_Slimebound"],"score":1557,"play_id":"5ea9b918-da7c-4ddb-9c60-316ad470894b","local_time":"20210225175648","is_ascension_mode":true,"campfire_choices":[{"data":"Slimebound:Split","floor":1.0,"key":"SMITH"},{"floor":8.0,"key":"REST"},{"data":"Slimebound:MegaLick","floor":10.0,"key":"SMITH"},{"data":"Slimebound:Nibble","floor":13.0,"key":"SMITH"},{"data":"Slimebound:DuplicatedForm","floor":18.0,"key":"SMITH"},{"data":"Slimebound:Prepare","floor":25.0,"key":"SMITH"},{"floor":35.0,"key":"RECALL"},{"data":"Slimebound:SlimeSlap","floor":46.0,"key":"SMITH"},{"floor":54.0,"key":"REST"}],"circlet_count":0,"master_deck":["AscendersBane","Slimebound:Defend_Slimebound","Slimebound:Defend_Slimebound+1","Slimebound:Split+1","Slimebound:CorrosiveSpit+1","Slimebound:LevelUp","Slimebound:Recollect","Slimebound:Prepare+1","Slimebound:MassFeed","Slimebound:MegaLick+1","Slimebound:Prepare","Slimebound:Nibble+1","Slimebound:LivingWall","Slimebound:DuplicatedForm+1","Slimebound:GoopSpray","Slimebound:AcidTongue","Slimebound:FormOfPuddle","Slimebound:LevelUp","Slimebound:SlimeSlap+1","Slimebound:DouseInSlime","Slimebound:FormOfPuddle+1","Slimebound:GrowthPunch+1"],"relics":["Slimebound:AbsorbEndCombat","War Paint","Ancient Tea Set","Slimebound:TarBlob","downfall:HeartBlessingGreen","Smiling Mask","downfall:HeartBlessingBlue","Potion Belt","Strawberry","Empty Cage","HornCleat","Singing Bowl","Omamori","Lee\u0027s Waffle","downfall:HeartBlessingRed","Sundial","Pen Nib"],"acts_visited":["Exordium","TheCity","TheBeyond","TheEnding"],"potions_floor_usage":[],"damage_taken":[{"damage":16.0,"enemies":"Cultist","floor":2.0,"turns":5.0},{"damage":6.0,"enemies":"Jaw Worm","floor":3.0,"turns":4.0},{"damage":1.0,"enemies":"Small Slimes","floor":4.0,"turns":3.0},{"damage":31.0,"enemies":"Gremlin Gang","floor":5.0,"turns":5.0},{"damage":0.0,"enemies":"downfall:FleeingMerchant","floor":9.0,"turns":4.0},{"damage":0.0,"enemies":"downfall:FleeingMerchant","floor":11.0,"turns":4.0},{"damage":21.0,"enemies":"3 Sentries","floor":12.0,"turns":5.0},{"damage":0.0,"enemies":"Red Slaver","floor":14.0,"turns":7.0},{"damage":2.0,"enemies":"Large Slime","floor":15.0,"turns":7.0},{"damage":19.0,"enemies":"DF_ARCHETYPE_STREAMLINE","floor":16.0,"turns":9.0},{"damage":19.0,"enemies":"downfall:LooterAlt2","floor":19.0,"turns":6.0},{"damage":15.0,"enemies":"Spheric Guardian","floor":21.0,"turns":6.0},{"damage":17.0,"enemies":"Snake Plant","floor":22.0,"turns":5.0},{"damage":22.0,"enemies":"Gremlin Leader","floor":23.0,"turns":7.0},{"damage":23.0,"enemies":"Book of Stabbing","floor":26.0,"turns":7.0},{"damage":39.0,"enemies":"Cultist and Chosen","floor":27.0,"turns":6.0},{"damage":24.0,"enemies":"Centurion and Healer","floor":28.0,"turns":5.0},{"damage":15.0,"enemies":"downfall:FleeingMerchant","floor":29.0,"turns":4.0},{"damage":38.0,"enemies":"Gremlin Leader","floor":30.0,"turns":8.0},{"damage":37.0,"enemies":"Snecko","floor":31.0,"turns":7.0},{"damage":51.0,"enemies":"Chosen and Byrds","floor":32.0,"turns":9.0},{"damage":17.0,"enemies":"WA_ARCHETYPE_CALM","floor":33.0,"turns":9.0},{"damage":15.0,"enemies":"3 Darklings","floor":37.0,"turns":8.0},{"damage":15.0,"enemies":"downfall:FleeingMerchant","floor":38.0,"turns":4.0},{"damage":20.0,"enemies":"3 Shapes","floor":40.0,"turns":6.0},{"damage":15.0,"enemies":"downfall:FleeingMerchant","floor":42.0,"turns":3.0},{"damage":45.0,"enemies":"Transient","floor":43.0,"turns":6.0},{"damage":24.0,"enemies":"3 Darklings","floor":45.0,"turns":5.0},{"damage":24.0,"enemies":"Nemesis","floor":47.0,"turns":5.0},{"damage":41.0,"enemies":"Spire Growth","floor":49.0,"turns":5.0},{"damage":102.0,"enemies":"IC_BLOCK_ARCHETYPE","floor":50.0,"turns":12.0},{"damage":106.0,"enemies":"downfall:CharBossMerchant","floor":52.0,"turns":9.0},{"damage":84.0,"enemies":"downfall:NeowBoss","floor":55.0,"turns":20.0},{"damage":42,"enemies":"downfall:NeowBossFinal","floor":56,"turns":4}],"seed_played":"-2276367238279051702","potions_obtained":[{"floor":4.0,"key":"SteroidPotion"},{"floor":5.0,"key":"BlessingOfTheForge"},{"floor":14.0,"key":"Explosive Potion"},{"floor":15.0,"key":"SkillPotion"},{"floor":16.0,"key":"Guardian:BlockOnCardUsePotion"},{"floor":22.0,"key":"Explosive Potion"},{"floor":23.0,"key":"Ancient Potion"},{"floor":30.0,"key":"AttackPotion"},{"floor":32.0,"key":"Swift Potion"},{"floor":37.0,"key":"Block Potion"},{"floor":40.0,"key":"Regen Potion"},{"floor":45.0,"key":"EssenceOfSteel"}],"is_trial":false,"path_per_floor":["R","M","M","M","M","?","T","R","$","R","$","E","R","M","M","B",null,"R","M","?","M","M","E","T","R","E","M","M","$","E","M","M","B",null,"R","?","M","$","T","M","T","$","M","?","M","R","E","?","M","B",null,"E","$","R","B","B"],"character_chosen":"SLIMEBOUND","items_purchased":["Slimebound:Prepare","Fruit Juice","Lee\u0027s Waffle"],"campfire_rested":2,"item_purchase_floors":[9,42,42],"current_hp_per_floor":[53,41,39,44,15,15,15,32,38,38,46,40,40,49,58,50,70,70,80,56,67,76,80,80,90,93,80,82,88,80,67,42,51,108,108,108,117,121,121,132,132,152,130,132,135,135,139,196,179,100,174,94,94,154,93,55,55,55],"gold":46,"neow_bonus":"THREE_CARDS","is_daily":false,"chose_seed":false,"campfire_upgraded":6,"win_rate":0.0,"timestamp":1614236208,"path_taken":["R","M","M","?","M","?","T","R","$","R","?","E","R","M","M","BOSS","R","M","?","M","M","E","T","R","E","M","M","$","E","M","M","BOSS","R","?","?","$","?","M","T","$","M","?","M","R","E","?","M","BOSS","E","$","R","BOSS","BOSS"],"items_purchased_type":["Card","Potion","Relic"],"build_version":"2020-12-22","purchased_purges":4,"victory":false,"max_hp_per_floor":[59,59,59,59,59,59,59,59,59,59,59,68,68,71,74,77,77,77,83,83,86,89,92,92,102,105,108,111,111,118,121,124,127,127,127,127,130,130,130,138,138,152,154,156,161,161,166,196,199,199,199,202,202,202,202,202,202,202],"card_choices":[{"not_picked":["Slimebound:BestDefense","Slimebound:SplitLeeching"],"picked":"Slimebound:LevelUp","floor":0.0},{"not_picked":["Slimebound:PressTheAttack","Slimebound:FormOfPuddle"],"picked":"Slimebound:Recollect","floor":2.0},{"not_picked":["Slimebound:SplitBruiser","Slimebound:AcidTongue"],"picked":"Slimebound:PressTheAttack","floor":3.0},{"not_picked":["Slimebound:GoopTackle","Slimebound:SplitBruiser"],"picked":"Slimebound:Prepare","floor":4.0},{"not_picked":["Slimebound:Chomp","Slimebound:RollThrough"],"picked":"Slimebound:MassFeed","floor":5.0},{"not_picked":["Slimebound:ItLooksTasty","Slimebound:PressTheAttack"],"picked":"Slimebound:MegaLick","floor":9.0},{"not_picked":["Slimebound:SplitMire","Slimebound:LeechEnergy"],"picked":"Slimebound:Nibble","floor":11.0},{"not_picked":["Slimebound:DivideAndConquer","Slimebound:LeechingTouch"],"picked":"Slimebound:LivingWall","floor":12.0},{"not_picked":["Slimebound:LeechEnergy","Slimebound:ItLooksTasty","Slimebound:Nibble"],"picked":"SKIP","floor":14.0},{"not_picked":["Slimebound:LeechingTouch","Slimebound:BestDefense","Slimebound:Grow"],"picked":"SKIP","floor":15.0},{"not_picked":["Slimebound:Recycling","Slimebound:Darklings"],"picked":"Slimebound:DuplicatedForm","floor":16.0},{"not_picked":["Slimebound:HungryTackle","Slimebound:Gluttony","Slimebound:SplitBruiser+1"],"picked":"SKIP","floor":19.0},{"not_picked":["Slimebound:SplitMire","Slimebound:AcidTongue+1"],"picked":"Slimebound:GoopSpray","floor":21.0},{"not_picked":["Slimebound:PressTheAttack","Slimebound:SplitLeeching"],"picked":"Slimebound:AcidTongue","floor":22.0},{"not_picked":["Slimebound:SplitLeeching","Slimebound:Gluttony"],"picked":"Slimebound:TongueLash","floor":23.0},{"not_picked":["Slimebound:Schlurp","Slimebound:FirmFortitude","Slimebound:Grow"],"picked":"SKIP","floor":26.0},{"not_picked":["Slimebound:GoopTackle","Slimebound:SplitAcid","Slimebound:PressTheAttack"],"picked":"SKIP","floor":27.0},{"not_picked":["Slimebound:Equalize","Slimebound:RejuvenatingLick"],"picked":"Slimebound:FormOfPuddle","floor":28.0},{"not_picked":["Slimebound:FinishingTackle","Slimebound:Grow"],"picked":"Slimebound:LevelUp","floor":29.0},{"not_picked":["Slimebound:BestDefense","Slimebound:DisruptingSlam"],"picked":"Slimebound:SlimeSlap","floor":30.0},{"not_picked":["Slimebound:SplitBruiser","Slimebound:RollThrough+1","Slimebound:Chomp"],"picked":"SKIP","floor":31.0},{"not_picked":["Slimebound:FinishingTackle","Slimebound:DisruptingSlam","Slimebound:TongueLash"],"picked":"SKIP","floor":32.0},{"not_picked":["Slimebound:LeechLife","Slimebound:CheckThePlaybook"],"picked":"Slimebound:DouseInSlime","floor":33.0},{"not_picked":["Slimebound:Schlurp+1","Slimebound:SplitMire","Slimebound:GoopSpray"],"picked":"SKIP","floor":37.0},{"not_picked":["Slimebound:SplitAcid","Slimebound:HungryTackle","Slimebound:OneTwoCombo"],"picked":"SKIP","floor":38.0},{"not_picked":["Slimebound:LeechEnergy+1","Slimebound:Schlurp+1","Slimebound:FinishingTackle"],"picked":"Singing Bowl","floor":40.0},{"not_picked":["Slimebound:SamplingLick+1","Slimebound:SlimeSlap","Slimebound:Equalize"],"picked":"Singing Bowl","floor":42.0},{"not_picked":["Slimebound:GoopTackle","Slimebound:RejuvenatingLick+1","Slimebound:SplitMire+1"],"picked":"Singing Bowl","floor":43.0},{"not_picked":["expansioncontent:HyperBeam","expansioncontent:YouAreMine","expansioncontent:AwakenDeath"],"picked":"Singing Bowl","floor":44.0},{"not_picked":["Slimebound:ComboTackle","Slimebound:GoopTackle","Slimebound:ItLooksTasty"],"picked":"Singing Bowl","floor":45.0},{"not_picked":["Slimebound:SelfFormingGoo","Slimebound:SlimeSpikes+1","Slimebound:SlimeBarrage+1"],"picked":"Singing Bowl","floor":47.0},{"not_picked":["Slimebound:GoopSpray+1","Slimebound:FinishingTackle"],"picked":"Slimebound:FormOfPuddle+1","floor":49.0},{"not_picked":["Slimebound:SelfFormingGoo","Slimebound:TongueLash"],"picked":"Slimebound:GrowthPunch+1","floor":52.0}],"player_experience":1068057,"relics_obtained":[{"floor":7.0,"key":"War Paint"},{"floor":12.0,"key":"Ancient Tea Set"},{"floor":23.0,"key":"Smiling Mask"},{"floor":26.0,"key":"Potion Belt"},{"floor":30.0,"key":"Strawberry"},{"floor":36.0,"key":"HornCleat"},{"floor":39.0,"key":"Singing Bowl"},{"floor":41.0,"key":"Omamori"},{"floor":47.0,"key":"Sundial"},{"floor":52.0,"key":"Pen Nib"}],"event_choices":[{"damage_healed":0.0,"max_hp_gain":0.0,"max_hp_loss":0.0,"gold_gain":0.0,"event_name":"Wheel of Change","player_choice":"Relic","floor":36.0,"gold_loss":0.0,"damage_taken":0.0}],"is_beta":false,"boss_relics":[{"not_picked":["Sozu","Astrolabe"],"picked":"Slimebound:TarBlob"},{"not_picked":["Slimebound:AbsorbEndCombatUpgraded","Calling Bell"],"picked":"Empty Cage"}],"items_purged_floors":[9,29,38,42],"is_endless":false,"potions_floor_spawned":[4,5,14,15,16,22,23,30,32,37,40,45],"killed_by":"downfall:NeowBossFinal","ascension_level":20}}