{"host":"b8coxh3nmoxcbj3m","time":1614230111,"event":{"mods":["AchievementEnabler","BaseMod","Colored Map","Minty Spire (QoL Compilation)","StSLib","SuperFastMode"],"gold_per_floor":[112,132,151,76,92,92,92,92,92,156,156,179,179,198,198,299,299,309,309,332,355,198,198,231,231,231,231,231,231],"floor_reached":28,"language":"ZHS","playtime":998,"items_purged":["Defend_P","Strike_P"],"score":226,"play_id":"63b52d3d-e926-4366-9c7e-00d8178e171b","local_time":"20210225131511","is_ascension_mode":false,"campfire_choices":[{"data":"Crescendo","floor":6,"key":"SMITH"},{"floor":8,"key":"REST"},{"data":"Eruption","floor":13,"key":"SMITH"},{"floor":15,"key":"REST"},{"floor":23,"key":"REST"}],"circlet_count":0,"master_deck":["Strike_P","Strike_P","Strike_P","Defend_P","Defend_P","Defend_P","Eruption+1","Vigilance","Crescendo+1","Meditate","ClearTheMind","DeusExMachina","InnerPeace","Study+1","BattleHymn"],"relics":["HolyWater","Tiny Chest","Question Card","PreservedInsect","Toy Ornithopter","MawBank","Dream Catcher","Nloth\u0027s Gift","Meat on the Bone","Centennial Puzzle"],"acts_visited":["Exordium","TheCity"],"potions_floor_usage":[16,16,18],"damage_taken":[{"damage":2,"enemies":"Small Slimes","floor":1,"turns":3},{"damage":0,"enemies":"2 Louse","floor":2,"turns":2},{"damage":7,"enemies":"Jaw Worm","floor":3,"turns":4},{"damage":12,"enemies":"Looter","floor":5,"turns":3},{"damage":23,"enemies":"Gremlin Nob","floor":10,"turns":5},{"damage":24,"enemies":"Gremlin Gang","floor":14,"turns":4},{"damage":62,"enemies":"Hexaghost","floor":16,"turns":8},{"damage":25,"enemies":"3 Byrds","floor":18,"turns":5},{"damage":0,"enemies":"Chosen","floor":20,"turns":4},{"damage":43,"enemies":"Snake Plant","floor":21,"turns":6},{"damage":21,"enemies":"Gremlin Leader","floor":24,"turns":4},{"damage":7,"enemies":"Shelled Parasite and Fungi","floor":28,"turns":1}],"seed_played":"-906857675028819316","potions_obtained":[{"floor":5,"key":"Strength Potion"},{"floor":10,"key":"LiquidMemories"},{"floor":16,"key":"Fire Potion"},{"floor":18,"key":"ColorlessPotion"},{"floor":20,"key":"Explosive Potion"},{"floor":24,"key":"SpeedPotion"}],"is_trial":false,"path_per_floor":["M","M","M","$","M","R","?","R","T","?","?","T","R","M","R","B",null,"M","?","M","M","$","R","E","?","T","T","M"],"character_chosen":"WATCHER","items_purchased":["BattleHymn"],"campfire_rested":3,"item_purchase_floors":[22],"current_hp_per_floor":[70,70,63,63,51,51,39,60,60,37,61,61,61,37,58,6,72,47,47,47,4,4,25,4,4,4,4,0,0],"gold":231,"neow_bonus":"RANDOM_COMMON_RELIC","is_daily":false,"chose_seed":false,"campfire_upgraded":2,"win_rate":0.0,"timestamp":1614230111,"path_taken":["M","M","M","$","M","R","?","R","T","?","?","?","R","M","R","BOSS","M","?","?","M","$","R","E","?","T","?","?"],"items_purchased_type":["Card"],"build_version":"2020-12-22","purchased_purges":2,"victory":false,"max_hp_per_floor":[72,72,72,72,72,72,72,72,72,72,72,72,72,72,72,72,72,72,72,72,72,72,72,72,72,72,72,72,72],"card_choices":[{"not_picked":["FlyingSleeves","EmptyFist"],"picked":"Crescendo","floor":1},{"not_picked":["CrushJoints","SignatureMove","BowlingBash"],"picked":"SKIP","floor":2},{"not_picked":["Pray","CutThroughFate"],"picked":"Meditate","floor":3},{"not_picked":["Scrawl","Consecrate","DeceiveReality"],"picked":"SKIP","floor":5},{"not_picked":["FollowUp","WindmillStrike","JustLucky"],"picked":"ClearTheMind","floor":10},{"not_picked":["ThirdEye","EmptyFist","Nirvana","Evaluate"],"picked":"SKIP","floor":14},{"not_picked":["Vault","Ragnarok","DevaForm"],"picked":"DeusExMachina","floor":16},{"not_picked":["CutThroughFate","Prostrate","Wallop"],"picked":"InnerPeace","floor":18},{"not_picked":["Nirvana","LikeWater+1","Evaluate","ReachHeaven"],"picked":"SKIP","floor":20},{"not_picked":["ThirdEye","LikeWater","Halt"],"picked":"Study+1","floor":21},{"not_picked":["Swivel","SandsOfTime","JustLucky","Evaluate"],"picked":"SKIP","floor":24}],"player_experience":41179,"relics_obtained":[{"floor":9,"key":"InkBottle"},{"floor":10,"key":"PreservedInsect"},{"floor":12,"key":"Toy Ornithopter"},{"floor":24,"key":"Dream Catcher"},{"floor":26,"key":"Meat on the Bone"},{"floor":27,"key":"Centennial Puzzle"}],"event_choices":[{"damage_healed":0,"gold_gain":0,"player_choice":"Success","damage_taken":12,"relics_obtained":["Question Card"],"max_hp_gain":0,"max_hp_loss":0,"event_name":"Scrap Ooze","floor":7,"gold_loss":0},{"damage_healed":0,"gold_gain":0,"player_choice":"Searched \u00271\u0027 times","damage_taken":0,"max_hp_gain":0,"max_hp_loss":0,"event_name":"Dead Adventurer","floor":10,"gold_loss":0},{"damage_healed":24,"gold_gain":0,"player_choice":"Banana","damage_taken":0,"max_hp_gain":0,"max_hp_loss":0,"event_name":"Big Fish","floor":11,"gold_loss":0},{"damage_healed":0,"gold_gain":0,"player_choice":"Gave Potion","damage_taken":0,"relics_obtained":["MawBank"],"max_hp_gain":0,"max_hp_loss":0,"event_name":"WeMeetAgain","floor":19,"gold_loss":0},{"damage_healed":0,"gold_gain":0,"player_choice":"Traded Relic","damage_taken":0,"relics_obtained":["Nloth\u0027s Gift"],"max_hp_gain":0,"max_hp_loss":0,"event_name":"N\u0027loth","floor":25,"relics_lost":["InkBottle"],"gold_loss":0}],"is_beta":false,"boss_relics":[{"not_picked":["Coffee Dripper","Velvet Choker"],"picked":"HolyWater"}],"items_purged_floors":[4,22],"is_endless":false,"potions_floor_spawned":[5,10,16,18,20,24],"killed_by":"Shelled Parasite and Fungi","ascension_level":0}}