{"host":"f7915vm1ahl7kex1","time":1614289102,"event":{"mods":["BaseMod","Colored Map","Downfall","Minty Spire (QoL Compilation)","Quick Restart","Spire Arcade","StSLib"],"gold_per_floor":[99,99,199,199,199,54,54,80,100,145,320,346,246,283,295,384,384,384,417,425,43,53,76,156,149,149,149],"floor_reached":25,"language":"ENG","playtime":977,"items_purged":[],"score":272,"play_id":"3b8ed284-c83a-458e-98bf-3701ebd8e85a","local_time":"20210225153822","is_ascension_mode":true,"campfire_choices":[{"floor":1,"key":"RECALL"},{"data":"sneckomod:Transmogrify","floor":18,"key":"SMITH"}],"circlet_count":0,"master_deck":["sneckomod:Strike","sneckomod:Strike","sneckomod:Strike","sneckomod:Defend","sneckomod:Defend","sneckomod:Defend","sneckomod:TailWhip","sneckomod:SnekBite","sneckomod:Unknown","sneckomod:Unknown","sneckomod:Unknown1Cost","sneckomod:SlitherStrike","sneckomod:GlitteringGambit","sneckomod:UnknownBlock","Doubt","sneckomod:UnknownRareAttack","Guardian:FloatingOrbs","sneckomod:UnknownStrength","sneckomod:Transmogrify+1","sneckomod:UnknownClassGUARDIAN","sneckomod:MorePower","sneckomod:UnknownRareAttack","sneckomod:UnknownBoss+1","sneckomod:UnknownRareSkill+1","sneckomod:UnknownStrength+1"],"relics":["sneckomod:SneckoSoul","downfall:HeartsMalice","Darkstone Periapt","downfall:HeartBlessingRed","sneckomod:SuperSneckoSoul","Lantern","Pear","Shuriken","Gremlin Horn","Toxic Egg 2"],"acts_visited":["Exordium","TheCity"],"potions_floor_usage":[10,16,21,22,23],"damage_taken":[{"damage":0,"enemies":"Cultist","floor":2,"turns":1},{"damage":0,"enemies":"2 Louse","floor":5,"turns":1},{"damage":0,"enemies":"downfall:FleeingMerchant","floor":6,"turns":1},{"damage":0,"enemies":"Jaw Worm","floor":8,"turns":2},{"damage":9,"enemies":"3 Sentries","floor":10,"turns":6},{"damage":42,"enemies":"Lagavulin","floor":12,"turns":8},{"damage":14,"enemies":"Gremlin Nob","floor":14,"turns":4},{"damage":0,"enemies":"3 Louse","floor":15,"turns":2},{"damage":16,"enemies":"IC_STATUS_ARCHETYPE","floor":16,"turns":8},{"damage":12,"enemies":"Spheric Guardian","floor":19,"turns":4},{"damage":27,"enemies":"Shell Parasite","floor":20,"turns":5},{"damage":0,"enemies":"downfall:FleeingMerchant","floor":21,"turns":4},{"damage":14,"enemies":"Snecko","floor":22,"turns":5},{"damage":42,"enemies":"Gremlin Leader","floor":23,"turns":8},{"damage":14,"enemies":"Snake Plant","floor":25,"turns":3}],"seed_played":"7742240354204546693","potions_obtained":[{"floor":8,"key":"Explosive Potion"},{"floor":9,"key":"PowerPotion"},{"floor":14,"key":"SkillPotion"},{"floor":16,"key":"Guardian:BlockOnCardUsePotion"},{"floor":19,"key":"LiquidMemories"}],"is_trial":false,"path_per_floor":["R","M","?","?","M","$","T","M","?","E","?","E","R","E","M","B",null,"R","M","M","$","M","E","T","M"],"character_chosen":"THE_SNECKO","items_purchased":["sneckomod:GlitteringGambit","sneckomod:UnknownRareAttack","Pear"],"campfire_rested":0,"item_purchase_floors":[6,21,21],"current_hp_per_floor":[90,90,90,90,90,90,90,90,90,81,87,52,52,38,38,22,96,96,84,57,67,53,11,11,0,0,0],"gold":149,"neow_bonus":"THREE_ENEMY_KILL","is_daily":false,"chose_seed":false,"campfire_upgraded":1,"win_rate":0.0,"timestamp":1614289102,"path_taken":["R","M","?","?","M","$","T","?","?","E","?","E","R","E","M","BOSS","R","M","M","$","M","E","T","M"],"items_purchased_type":["Card","Card","Relic"],"build_version":"2020-12-22","purchased_purges":0,"victory":false,"max_hp_per_floor":[90,90,90,90,90,90,90,90,90,90,96,96,96,96,96,96,96,96,96,96,106,106,106,106,106,106,106],"card_choices":[{"not_picked":["sneckomod:UnknownExhaust","sneckomod:UnknownBlock","sneckomod:Nope"],"picked":"SKIP","floor":2},{"not_picked":["sneckomod:DiceCrush","sneckomod:Nope"],"picked":"sneckomod:Unknown1Cost","floor":5},{"not_picked":["sneckomod:UnknownCommonAttack","sneckomod:SerpentIdol"],"picked":"sneckomod:SlitherStrike","floor":6},{"not_picked":["sneckomod:WideSting","sneckomod:Cheat","sneckomod:SoulDraw"],"picked":"SKIP","floor":8},{"not_picked":["sneckomod:UnknownCommonSkill","sneckomod:SoulRoll"],"picked":"sneckomod:UnknownBlock","floor":10},{"not_picked":["sneckomod:WideSting","sneckomod:Unknown0Cost"],"picked":"sneckomod:UnknownRareAttack","floor":12},{"not_picked":["sneckomod:UnendingSupply","sneckomod:UnknownExhaust","sneckomod:UnknownCommonSkill"],"picked":"SKIP","floor":14},{"not_picked":["sneckomod:UnknownStrike","sneckomod:DiceCrush"],"picked":"sneckomod:UnknownStrength","floor":15},{"not_picked":["sneckomod:SerpentMind","sneckomod:UnknownRareAttack"],"picked":"sneckomod:Transmogrify","floor":16},{"not_picked":["sneckomod:Unknown1Cost","sneckomod:PureSnecko","sneckomod:ImprovisedGuard"],"picked":"SKIP","floor":19},{"not_picked":["sneckomod:Unknown0Cost","sneckomod:WideSting+1"],"picked":"sneckomod:UnknownClassGUARDIAN","floor":20},{"not_picked":["sneckomod:QuickMove","sneckomod:Unknown0Cost"],"picked":"sneckomod:MorePower","floor":21},{"not_picked":["sneckomod:UnknownClassTHE_BRONZE_AUTOMATON+1","sneckomod:UnknownDexterity+1"],"picked":"sneckomod:UnknownBoss+1","floor":22},{"not_picked":["sneckomod:Rotation+1","sneckomod:CheapStock","sneckomod:UnknownBlock+1"],"picked":"SKIP","floor":22},{"not_picked":["sneckomod:UnknownBlock+1","sneckomod:Unknown1Cost+1"],"picked":"sneckomod:UnknownRareSkill+1","floor":23},{"not_picked":["sneckomod:UnlimitedRolls","sneckomod:Unknown1Cost+1"],"picked":"sneckomod:UnknownStrength+1","floor":23}],"player_experience":1247520,"relics_obtained":[{"floor":7,"key":"Mummified Hand"},{"floor":10,"key":"Darkstone Periapt"},{"floor":12,"key":"Gremlin Horn"},{"floor":14,"key":"Bag of Marbles"},{"floor":19,"key":"sneckomod:SuperSneckoSoul"},{"floor":20,"key":"Lantern"},{"floor":21,"key":"Shuriken"},{"floor":22,"key":"Shuriken"},{"floor":23,"key":"Gremlin Horn"},{"floor":23,"key":"Anchor"},{"floor":24,"key":"Toxic Egg 2"}],"event_choices":[],"is_beta":false,"boss_relics":[{"not_picked":["SacredBark","Velvet Choker"],"picked":"SlaversCollar"}],"items_purged_floors":[],"is_endless":false,"potions_floor_spawned":[8,14,16,19,20],"killed_by":"Snake Plant","ascension_level":1}}