{"host":"5keo9h2l9byafdqe","time":1614253155,"event":{"mods":["ATMod(阿瑾Mod)","Act Like it!","Arknights","Aspiration","Astrologer","BaseMod","Bossed Relics","Challenge The Spire","Chen","Conspire","Decade(王小明)","Dota2Spire","Downfall","Energized Spire","FutureSeer","Gensokyo","GifTheSpireLib","Hermit","Hunter 猎人","Jedi Mod","Koishi","KomeijiMod","Library of Ruina","Library of Ruina Extra","Lobotomy","LobotomyExtend","Mari Mod (Legacy)","Mari\u0027s V1 Patch","Marked Mod","Minty Spire (QoL Compilation)","MostiFishMod","Pale of the Ancients","Permanent Neow","Quick Restart","Reliquary","Replay The Spire","RumiaBox-露米娅的神秘盒子","Ryuuou龙王","SIMod","Shop Mod","Slay the StarCraft II Mod","Spicy Shops","StSLib","TestMod","The Administrix","The Alterego","The Marked","The Mystic","The Senshi","UnlockEverythingMod","[功能]功能增强和修复MOD","noobMod","【功能Mod】聪明的最终Boss","【遗物卡牌】REMEMod","残留之物","篝火指南"],"gold_per_floor":[117,134,2,2,2,2,18,18,18,193,222,222,249,259,259,363,363,363,363,363,2,2,29,57,57,57,74,121,154,154,182,88,195,195,244,244,50,85,85,133,133,181,181,181,181,181,38,140,3,37,57],"floor_reached":52,"language":"ZHS","playtime":6821,"items_purged":["Pride","AdministrixMod:Strike_Administrix","AdministrixMod:Defend_Administrix","Exhaustion","Doubt","Injury","AdministrixMod:Strike_Administrix","Meteor Strike+1","Perfected Strike+1","AdministrixMod:Defend_Administrix","champ:ModFinisherStrike+1","Poisoned Strike+1","PlaceholderMod:AttackAsDefend+1","Delirium","Writhe","AdministrixMod:Defend_Administrix","AdministrixMod:Strike_Administrix","AdministrixMod:Strike_Administrix","AdministrixMod:Defend_Administrix+1","AdministrixMod:NoblePath+1","ReplayTheSpireMod:Splinters"],"score":842,"play_id":"34ca7855-f6f8-48c5-a8e9-0ed52d69e9a8","local_time":"20210225193915","is_ascension_mode":false,"campfire_choices":[{"data":"AdministrixMod:BlueCloak","floor":6,"key":"SMITH"},{"data":"AdministrixMod:ImmortalGrace","floor":8,"key":"SMITH"},{"data":"AdministrixMod:ImmortalPurity","floor":12,"key":"SMITH"},{"data":"AdministrixMod:ImmortalPurity","floor":15,"key":"SMITH"},{"data":"AdministrixMod:DeathByGlamour","floor":25,"key":"SMITH"},{"data":"AdministrixMod:FaithfulFlames","floor":41,"key":"SMITH"},{"data":"AdministrixMod:XianArts","floor":45,"key":"SMITH"}],"circlet_count":0,"master_deck":["AdministrixMod:RedCloak+1","AdministrixMod:BlueCloak+1","AT_OneInchPunch+1","PlaceholderMod:GrowthForm+1","AdministrixMod:ImmortalPurity+2","AdministrixMod:ImmortalGrace+1","AdministrixMod:GirlsDoItBetter+1","AdministrixMod:ImmortalPurity+1","AdministrixMod:DeathByGlamour+1","hexamod:ShadowStrike+1","AdministrixMod:Wuji+1","AdministrixMod:HaveItAll+1","AdministrixMod:BishamonBlessing+1","AdministrixMod:RegentEdict+1","AdministrixMod:LifeforceNet+1","AdministrixMod:ImmortalGrace+1","AdministrixMod:XianArts+1","AdministrixMod:FaithfulFlames+1","AdministrixMod:ImmortalGrace+1","MostiFishMod:OneDayCity+1","AdministrixMod:DreamsMausoleum+1","AdministrixMod:HaveItAll+1","AdministrixMod:ImmortalGrace+1","AdministrixMod:ImmortalGrace+1"],"relics":["AdministrixMod:ConductorRitualBaton","ice","REME_ComplimentaryCards","AT_ATBox","testmod-TestBox","DaveBox","Boot","DianDianMeat","testmod-Fanaticism","SynthV:TestCard","LetterFromLob","Guide Book","DianPoetry","reliquary:RoseTintedGlasses","Guardian:PocketSentry","Anchor","Molten Egg 2","Sundial","War Paint","Honey Jar","Heaven_r","Gaze_r","MetatronsCube","Toxic Egg 2","KyoryuNoHagoromo","Bronze Scales","ReplayTheSpireMod:Ring of Exchange","Ring of Misfortune","reliquary:Aerogel","Replay:Bandana","AT_ForceNature","PreservedInsect","sneckomod:BlankCard","PageOfWrath","reliquary:BrokenClock","AT_ChloranthyRing","GodSword1","reliquary:TridentHead","Blood Vial","Chemical X","PageOfTheQueenOfHatred","PageOfTheKnightOfDespair","PageOfGreed","reliquary:PartyBalloon","HollowDreamFlower","Dota2Spire:DivineRapier","PageOfNihil","ReplayTheSpireMod:CursedCoin","REME_DuelDisc","testmod-ObsoleteBoomerang"],"acts_visited":["Exordium","TheCity","TheBeyond"],"potions_floor_usage":[24],"damage_taken":[{"damage":4,"enemies":"conspire:RoseBush","floor":1,"turns":1},{"damage":0,"enemies":"Cultist","floor":2,"turns":2},{"damage":0,"enemies":"2 Louse","floor":7,"turns":2},{"damage":3,"enemies":"3 Sentries","floor":11,"turns":3},{"damage":2,"enemies":"conspire:2 RoseBushes","floor":14,"turns":2},{"damage":0,"enemies":"Slime Boss","floor":16,"turns":2},{"damage":7,"enemies":"2 Thieves","floor":18,"turns":3},{"damage":0,"enemies":"2 Thieves","floor":18,"turns":2},{"damage":0,"enemies":"conspire:SneckoGhost","floor":23,"turns":2},{"damage":0,"enemies":"conspire:MimicChest","floor":24,"turns":2},{"damage":3,"enemies":"2 Thieves","floor":27,"turns":2},{"damage":0,"enemies":"3 Byrds","floor":29,"turns":2},{"damage":0,"enemies":"Sentry and Sphere","floor":31,"turns":2},{"damage":0,"enemies":"conspire:MysteriousRune","floor":33,"turns":2},{"damage":0,"enemies":"3 Darklings","floor":35,"turns":2},{"damage":0,"enemies":"3 Shapes","floor":38,"turns":2},{"damage":0,"enemies":"Nemesis","floor":40,"turns":2},{"damage":7,"enemies":"Maw","floor":42,"turns":3},{"damage":21,"enemies":"Reptomancer","floor":48,"turns":4},{"damage":6,"enemies":"Replay:Hell Engine","floor":50,"turns":3},{"damage":19,"enemies":"Replay:Hell Engine","floor":51,"turns":4}],"seed_played":"-6239969704472666537","potions_obtained":[{"floor":1,"key":"Fire Potion"},{"floor":7,"key":"Guardian:BlockOnCardUsePotion"},{"floor":16,"key":"Swift Potion"},{"floor":23,"key":"FearPotion"},{"floor":23,"key":"SpeedPotion"},{"floor":24,"key":"REME_GoldPotion"},{"floor":27,"key":"Fire Potion"},{"floor":29,"key":"BlessingOfTheForge"},{"floor":29,"key":"AttackPotion"},{"floor":31,"key":"Milkshake"},{"floor":31,"key":"AttackPotion"},{"floor":38,"key":"testmod-TimePotion"},{"floor":38,"key":"Dota2Spire:HealingSalve"},{"floor":38,"key":"DistilledChaos"},{"floor":40,"key":"Block Potion"},{"floor":42,"key":"Explosive Potion"},{"floor":42,"key":"testmod-EscapePotion"},{"floor":48,"key":"Dexterity Potion"}],"is_trial":false,"path_per_floor":["M","M","$","?","?","R","M","R","T","?","E","R","T","M","R","B",null,"M","?","?","$","?","E","?","R","T","M","T","M","?","M","R","B",null,"M","?","$","M","?","E","R","M","T","?","R","T","$","E","R","B",null,null],"character_chosen":"TheAdministrix","items_purchased":["Guide Book","DianPoetry","reliquary:RoseTintedGlasses","Guardian:PocketSentry","Anchor","MetatronsCube","Toxic Egg 2","KyoryuNoHagoromo","Bronze Scales","AdministrixMod:Wuji+1","sneckomod:BlankCard","PageOfWrath","MostiFishMod:OneDayCity+1","GodSword1","reliquary:TridentHead","Blood Vial","Chemical X","reliquary:PartyBalloon","HollowDreamFlower","Dota2Spire:DivineRapier","ReplayTheSpireMod:CursedCoin","REME_DuelDisc","AdministrixMod:ImmortalGrace+1","testmod-ObsoleteBoomerang"],"campfire_rested":0,"item_purchase_floors":[3,3,3,3,3,21,21,21,21,21,32,32,37,37,37,37,37,47,47,47,49,49,49,49],"current_hp_per_floor":[67,71,76,82,82,82,89,89,89,97,106,106,106,114,114,125,131,1,13,106,125,145,166,188,188,188,210,210,234,259,285,312,340,341,370,363,393,426,426,460,460,461,461,461,461,461,461,494,563,565,565],"gold":57,"neow_bonus":"RANDOM_COMMON_RELIC","is_daily":false,"chose_seed":false,"campfire_upgraded":7,"win_rate":0.0,"timestamp":1614253155,"path_taken":["M","?","?","?","?","R","?","R","T","?","E","R","?","?","R","BOSS","M","?","?","$","?","E","?","R","T","?","?","?","?","M","R","BOSS","M","?","$","?","?","E","R","?","T","?","R","?","$","E","R","BOSS"],"items_purchased_type":["Relic","Relic","Relic","Relic","Relic","Relic","Relic","Relic","Relic","Card","Relic","Relic","Card","Relic","Relic","Relic","Relic","Relic","Relic","Relic","Relic","Relic","Card","Relic"],"build_version":"2020-12-22","purchased_purges":21,"victory":true,"max_hp_per_floor":[71,75,80,86,86,86,93,93,93,101,110,110,110,120,120,131,131,1,13,106,125,145,166,188,188,188,211,211,235,260,286,313,341,341,370,370,400,431,431,463,463,463,463,463,463,463,463,496,565,565,565],"card_choices":[{"not_picked":["AdministrixMod:Transition","AdministrixMod:SyncreticSurge"],"picked":"AdministrixMod:ImmortalPurity","floor":1},{"not_picked":["AdministrixMod:LightOfYourLife","AdministrixMod:QuietConspiracy","AdministrixMod:GuanyinBlessing","AdministrixMod:UnstableVigor"],"picked":"AdministrixMod:ImmortalGrace","floor":2},{"not_picked":["AdministrixMod:ImmortalPurity","AdministrixMod:SealAway","AdministrixMod:SipOfSparks","AdministrixMod:BishamonBlessing"],"picked":"AdministrixMod:NoblePath+1","floor":7},{"not_picked":["AdministrixMod:FuneraryRites","AdministrixMod:ImmortalGrace+1","AdministrixMod:DiversionaryTactic+1","AdministrixMod:CenturiesAscent"],"picked":"AdministrixMod:GirlsDoItBetter+1","floor":11},{"not_picked":["AdministrixMod:QuietConspiracy","AdministrixMod:ReachToHeaven+1","AdministrixMod:SealAway","AdministrixMod:ExtolVirtue+1"],"picked":"AdministrixMod:ImmortalPurity","floor":14},{"not_picked":["AdministrixMod:FearOfDeath","AdministrixMod:AmassedMasks","AdministrixMod:FalseDeath","AdministrixMod:WifeLightning"],"picked":"AdministrixMod:DeathByGlamour","floor":16},{"not_picked":["AdministrixMod:DiversionaryTactic+1","AdministrixMod:QuietConspiracy+1","AdministrixMod:ImmortalPurity+1","AdministrixMod:BishamonBlessing+1","AdministrixMod:Transcension+1"],"picked":"AdministrixMod:HaveItAll+1","floor":23},{"not_picked":["AdministrixMod:WickedPunishment+1","AdministrixMod:ShadowPlay+1","AdministrixMod:FuneraryRites+1","AdministrixMod:BloodlessSapphire+1","AdministrixMod:NoblePath+1"],"picked":"AdministrixMod:BishamonBlessing+1","floor":24},{"not_picked":["AdministrixMod:Katabasis+1","AdministrixMod:SipOfSparks+1","AdministrixMod:ShadowPlay+1","AdministrixMod:QuietConspiracy+1","AdministrixMod:ExtolVirtue+1"],"picked":"AdministrixMod:RegentEdict+1","floor":27},{"not_picked":["AdministrixMod:SipOfSparks+1","AdministrixMod:FuneraryRites+1","AdministrixMod:ExtolVirtue+1","AdministrixMod:CenturiesAscent+1","AdministrixMod:TouchOfCinnabar+1"],"picked":"AdministrixMod:LifeforceNet+1","floor":29},{"not_picked":["AdministrixMod:ExtolVirtue+1","AdministrixMod:HiddenPower","AdministrixMod:NewWardrobe+1","AdministrixMod:HarmonicReverence","AdministrixMod:CenturiesAscent+1"],"picked":"AdministrixMod:XianArts","floor":31},{"not_picked":["AdministrixMod:BrewingCloister+1","AdministrixMod:AmassedMasks+1","AdministrixMod:BattleforgedBonds+1","AdministrixMod:HaveItAll+1","AdministrixMod:TenDesires+1"],"picked":"AdministrixMod:FaithfulFlames","floor":33},{"not_picked":["AdministrixMod:BloodBargain+1","AdministrixMod:ShadowPlay+1","AdministrixMod:BishamonBlessing+1","AdministrixMod:FeastOfDew+1","AdministrixMod:CenturiesAscent+1"],"picked":"AdministrixMod:ImmortalGrace+1","floor":35},{"not_picked":["AdministrixMod:UnstableVigor+1","AdministrixMod:CenturiesAscent+1","AdministrixMod:HiddenPower","AdministrixMod:QuietConspiracy+1","AdministrixMod:Mastermind+1"],"picked":"AdministrixMod:DreamsMausoleum+1","floor":38},{"not_picked":["AdministrixMod:Wuji","AdministrixMod:JustRewards+1","AdministrixMod:Transition+1","AdministrixMod:Convergence+1","AdministrixMod:Untouchable+1"],"picked":"AdministrixMod:HaveItAll+1","floor":40},{"not_picked":["AdministrixMod:Convergence","AdministrixMod:Transcension+1","AdministrixMod:WickedPunishment+1","AdministrixMod:SipOfSparks+1","AdministrixMod:SeventeenArticleLaser+1","AdministrixMod:Untouchable+1"],"picked":"SKIP","floor":42},{"not_picked":["AdministrixMod:DiversionaryTactic+1","AdministrixMod:TouchOfCinnabar+1","AdministrixMod:CrackingPangu+1","AdministrixMod:ImmortalPurity+1","AdministrixMod:RebukeDesires+1"],"picked":"AdministrixMod:ImmortalGrace+1","floor":48}],"player_experience":82183,"relics_obtained":[{"floor":1,"key":"SynthV:TestCard"},{"floor":1,"key":"LetterFromLob"},{"floor":11,"key":"Sundial"},{"floor":13,"key":"War Paint"},{"floor":22,"key":"ReplayTheSpireMod:Ring of Exchange"},{"floor":22,"key":"Ring of Misfortune"},{"floor":23,"key":"reliquary:Aerogel"},{"floor":24,"key":"Replay:Bandana"},{"floor":26,"key":"AT_ForceNature"},{"floor":28,"key":"PreservedInsect"},{"floor":40,"key":"PageOfTheQueenOfHatred"},{"floor":43,"key":"PageOfTheKnightOfDespair"},{"floor":46,"key":"PageOfGreed"},{"floor":48,"key":"PageOfNihil"}],"event_choices":[{"damage_healed":0,"gold_gain":0,"player_choice":"Upgraded","damage_taken":0,"max_hp_gain":0,"max_hp_loss":0,"event_name":"Upgrade Shrine","floor":5,"gold_loss":0,"cards_upgraded":["AdministrixMod:RedCloak"]},{"damage_healed":0,"gold_gain":175,"player_choice":"AGREE","damage_taken":0,"max_hp_gain":0,"max_hp_loss":0,"event_name":"Liars Game","floor":10,"gold_loss":0,"cards_obtained":["Doubt"]},{"damage_healed":0,"gold_gain":0,"player_choice":"Read","damage_taken":0,"max_hp_gain":0,"max_hp_loss":0,"event_name":"The Library","floor":30,"gold_loss":0,"cards_obtained":["AdministrixMod:ImmortalGrace"]},{"damage_healed":0,"gold_gain":0,"player_choice":"Bought 0 Potions","damage_taken":0,"max_hp_gain":0,"max_hp_loss":0,"event_name":"The Woman in Blue","floor":39,"gold_loss":0},{"damage_healed":0,"gold_gain":0,"player_choice":"Leave","damage_taken":0,"max_hp_gain":0,"max_hp_loss":0,"event_name":"conspire:Investor","floor":44,"gold_loss":0}],"is_beta":false,"boss_relics":[{"not_picked":["testmod-StringDisintegrator","reliquary:RedPaperclip"],"picked":"Honey Jar"},{"not_picked":["MostiFishMod:AdaptiveDefenses","TimeFreeze"],"picked":"reliquary:BrokenClock"}],"items_purged_floors":[3,3,3,21,21,21,21,21,21,21,21,21,21,32,32,32,32,32,32,32,49],"is_endless":false,"potions_floor_spawned":[1,7,7,11,16,16,23,23,24,27,29,29,31,31,38,38,38,40,42,42,48],"ascension_level":0}}