{"host":"insagfzijja1377g","time":1614222765,"event":{"mods":["BaseMod","Bestiary","Highlight Path","Minty Spire (QoL Compilation)","Relic Stats","Slay the Relics Exporter"],"gold_per_floor":[12,23,35,48,48,82,82,110,135,135,149,149,186,211,211,324,324,345,345,358,367,46,81,81,104,104,104,131,240,260,294,294,401,410,434,73,123,123,181,225,237,285,297,327,382,189,211,233,233,233,233,233,19,57,57],"floor_reached":56,"language":"ENG","playtime":3783,"items_purged":["Defend_P","Strike_P"],"score":2266,"play_id":"a3d16d95-c34b-477b-8aa5-2e8aa62a6d80","local_time":"20210224211245","is_ascension_mode":true,"campfire_choices":[{"data":"ForeignInfluence","floor":7.0,"key":"SMITH"},{"data":"Collect","floor":10.0,"key":"SMITH"},{"data":"Protect","floor":12.0,"key":"SMITH"},{"data":"Alpha","floor":15.0,"key":"SMITH"},{"data":"Eruption","floor":24.0,"key":"SMITH"},{"data":"Vault","floor":27.0,"key":"SMITH"},{"data":"CutThroughFate","floor":32.0,"key":"SMITH"},{"data":"Tantrum","floor":41,"key":"SMITH"},{"floor":49,"key":"RECALL"},{"floor":52,"key":"DIG"}],"circlet_count":0,"master_deck":["AscendersBane","Strike_P","Strike_P","Defend_P","Defend_P","Eruption+1","Vigilance+1","Collect+1","Alpha+1","ForeignInfluence+1","FollowUp","FollowUp","BowlingBash","CutThroughFate+1","Adaptation+1","Protect+1","Halt","Evaluate","Vault+1","Vengeance+1","InnerPeace","FearNoEvil+1","CutThroughFate+1","Consecrate","Consecrate+1","MentalFortress+1","Sanctity+1","Devotion","CurseOfTheBell","EmptyMind","Tantrum+1","FlurryOfBlows","ClearTheMind+1","ForeignInfluence+1","CutThroughFate","Tantrum","LessonLearned","Wireheading","CutThroughFate+1","Nirvana","TalkToTheHand"],"relics":["HolyWater","Anchor","Oddly Smooth Stone","Bag of Preparation","CeramicFish","Toy Ornithopter","Shuriken","Ornamental Fan","Ancient Tea Set","Du-Vu Doll","Gremlin Horn","Calling Bell","Juzu Bracelet","White Beast Statue","Shovel","TheAbacus","Thread and Needle","FossilizedHelix","TungstenRod","MawBank","War Paint","Regal Pillow","Membership Card","HornCleat","Gambling Chip","Pen Nib"],"acts_visited":["Exordium","TheCity","TheBeyond","TheEnding"],"potions_floor_usage":[39,40,50,55,55],"damage_taken":[{"damage":7.0,"enemies":"Cultist","floor":1.0,"turns":3.0},{"damage":1.0,"enemies":"2 Louse","floor":2.0,"turns":2.0},{"damage":0.0,"enemies":"Small Slimes","floor":3.0,"turns":1.0},{"damage":0.0,"enemies":"3 Louse","floor":4.0,"turns":3.0},{"damage":0.0,"enemies":"Lagavulin","floor":6.0,"turns":4.0},{"damage":5.0,"enemies":"3 Sentries","floor":8.0,"turns":5.0},{"damage":0.0,"enemies":"Blue Slaver","floor":11.0,"turns":2.0},{"damage":19.0,"enemies":"Gremlin Nob","floor":13.0,"turns":3.0},{"damage":1.0,"enemies":"Exordium Wildlife","floor":14.0,"turns":3.0},{"damage":18.0,"enemies":"Hexaghost","floor":16.0,"turns":8.0},{"damage":0.0,"enemies":"Chosen","floor":18.0,"turns":5.0},{"damage":0.0,"enemies":"3 Byrds","floor":20.0,"turns":5.0},{"damage":5.0,"enemies":"Slavers","floor":23.0,"turns":9.0},{"damage":8.0,"enemies":"Sentry and Sphere","floor":25.0,"turns":5.0},{"damage":0.0,"enemies":"Chosen and Byrds","floor":28.0,"turns":5.0},{"damage":1.0,"enemies":"Colosseum Slavers","floor":29.0,"turns":5.0},{"damage":0.0,"enemies":"Colosseum Nobs","floor":29.0,"turns":3.0},{"damage":0.0,"enemies":"Snake Plant","floor":30.0,"turns":4.0},{"damage":32.0,"enemies":"Book of Stabbing","floor":31.0,"turns":6.0},{"damage":0.0,"enemies":"Champ","floor":33.0,"turns":7.0},{"damage":0.0,"enemies":"3 Shapes","floor":35.0,"turns":2.0},{"damage":0.0,"enemies":"Mind Bloom Boss Battle","floor":37.0,"turns":5.0},{"damage":0,"enemies":"2 Orb Walkers","floor":39,"turns":4},{"damage":0,"enemies":"Giant Head","floor":40,"turns":5},{"damage":0,"enemies":"Reptomancer","floor":42,"turns":4},{"damage":0,"enemies":"3 Darklings","floor":44,"turns":3},{"damage":0,"enemies":"Giant Head","floor":45,"turns":5},{"damage":0,"enemies":"Jaw Worm Horde","floor":47,"turns":2},{"damage":0,"enemies":"Sphere and 2 Shapes","floor":48,"turns":7},{"damage":0,"enemies":"Awakened One","floor":50,"turns":6},{"damage":0,"enemies":"Shield and Spear","floor":54,"turns":8},{"damage":74,"enemies":"The Heart","floor":55,"turns":8}],"seed_played":"1542596746353146506","potions_obtained":[{"floor":3.0,"key":"SmokeBomb"},{"floor":4.0,"key":"AttackPotion"},{"floor":18.0,"key":"Block Potion"},{"floor":23.0,"key":"Regen Potion"},{"floor":30.0,"key":"SneckoOil"},{"floor":35.0,"key":"AttackPotion"},{"floor":37.0,"key":"Strength Potion"},{"floor":39,"key":"PowerPotion"},{"floor":40,"key":"DistilledChaos"}],"is_trial":false,"path_per_floor":["M","M","M","M","$","E","R","E","T","R","M","R","E","M","R","B",null,"M","?","M","?","$","E","R","M","T","R","M","?","M","E","R","B",null,"M","$","?","T","?","E","R","E","T","M","E","$","M","M","R","B",null,"R","$","E","B",null],"character_chosen":"WATCHER","items_purchased":["Shuriken","DistilledChaos","Tantrum","FlurryOfBlows","ClearTheMind","TheAbacus","Membership Card","Nirvana","Gambling Chip","EntropicBrew"],"campfire_rested":0,"item_purchase_floors":[22,22,36,36,36,36,46,53,53,53],"current_hp_per_floor":[58,57,57,57,57,57,57,52,52,52,52,52,33,32,32,14,58,58,58,63,63,63,63,63,55,55,55,55,72,72,40,40,40,64,64,64,64,64,69,72,72,72,72,72,72,72,72,72,72,72,72,72,72,72,8],"gold":57,"neow_bonus":"TRANSFORM_TWO_CARDS","is_daily":false,"chose_seed":false,"campfire_upgraded":8,"win_rate":0.0,"timestamp":1614222765,"path_taken":["M","M","M","M","$","E","R","E","T","R","M","R","E","?","R","BOSS","M","?","M","?","$","E","R","M","T","R","M","?","?","E","R","BOSS","M","$","?","?","?","E","R","E","T","M","E","?","M","M","R","BOSS","R","$","E","BOSS"],"items_purchased_type":["Relic","Potion","Card","Card","Card","Relic","Relic","Card","Relic","Potion"],"build_version":"2020-12-22","purchased_purges":2,"victory":true,"max_hp_per_floor":[72,72,72,72,72,72,72,72,72,72,72,72,72,72,72,72,72,72,72,72,72,72,72,72,72,72,72,72,72,72,72,72,72,72,72,72,72,72,72,72,72,72,72,72,72,72,72,72,72,72,72,72,72,72,72],"relic_stats":{"Regal Pillow":0,"Gremlin Horn":[17,17],"counters":[32,147],"CeramicFish":225,"Pen Nib":[3],"Bag of Preparation":[52],"Juzu Bracelet":0,"War Paint":["ClearTheMind","Vigilance"],"MawBank":72,"Shovel":1,"TheAbacus":[36],"Shuriken":[69],"Ornamental Fan":[268],"Gambling Chip":[7],"obtain_stats":[{"Regal Pillow":45,"Gremlin Horn":31,"CeramicFish":13,"Bag of Preparation":9,"Juzu Bracelet":34,"Ancient Tea Set":26,"Shovel":34,"TheAbacus":36,"HornCleat":52,"Gambling Chip":53,"Oddly Smooth Stone":8,"Thread and Needle":37,"Pen Nib":54,"War Paint":42,"MawBank":40,"White Beast Statue":34,"Du-Vu Doll":29,"Calling Bell":34,"Anchor":6,"Shuriken":22,"Ornamental Fan":23,"HolyWater":17,"Membership Card":46,"PureWater":0,"Toy Ornithopter":19,"FossilizedHelix":38,"TungstenRod":39},{"Regal Pillow":27,"Gremlin Horn":19,"CeramicFish":8,"Bag of Preparation":6,"Juzu Bracelet":20,"Ancient Tea Set":14,"Shovel":20,"TheAbacus":21,"HornCleat":30,"Gambling Chip":30,"Oddly Smooth Stone":6,"Thread and Needle":22,"Pen Nib":31,"War Paint":25,"MawBank":24,"White Beast Statue":20,"Du-Vu Doll":17,"Calling Bell":20,"Anchor":5,"Shuriken":12,"Ornamental Fan":13,"HolyWater":10,"Membership Card":27,"PureWater":0,"Toy Ornithopter":11,"FossilizedHelix":22,"TungstenRod":23},{"Regal Pillow":116,"Gremlin Horn":81,"CeramicFish":23,"Bag of Preparation":18,"Juzu Bracelet":88,"Ancient Tea Set":58,"Shovel":88,"TheAbacus":90,"HornCleat":131,"Gambling Chip":131,"Oddly Smooth Stone":18,"Thread and Needle":95,"Pen Nib":139,"War Paint":108,"MawBank":104,"White Beast Statue":88,"Du-Vu Doll":71,"Calling Bell":88,"Anchor":13,"Shuriken":44,"Ornamental Fan":53,"HolyWater":34,"Membership Card":116,"PureWater":0,"Toy Ornithopter":39,"FossilizedHelix":95,"TungstenRod":99}],"Toy Ornithopter":38,"TungstenRod":8},"card_choices":[{"not_picked":["Crescendo","Protect"],"picked":"ForeignInfluence","floor":1.0},{"not_picked":["SashWhip","Wireheading"],"picked":"FollowUp","floor":2.0},{"not_picked":["JustLucky","Alpha"],"picked":"FollowUp","floor":3.0},{"not_picked":["DeceiveReality","PathToVictory"],"picked":"BowlingBash","floor":4.0},{"not_picked":["EmptyBody","Halt"],"picked":"CutThroughFate","floor":6.0},{"not_picked":["JustLucky","SashWhip"],"picked":"Adaptation","floor":8.0},{"not_picked":["Evaluate","Omniscience"],"picked":"Protect","floor":11.0},{"not_picked":["FollowUp","EmptyMind"],"picked":"Halt","floor":13.0},{"not_picked":["Prostrate","PathToVictory"],"picked":"Evaluate","floor":14.0},{"not_picked":["Alpha","Brilliance"],"picked":"Vault","floor":16.0},{"not_picked":["BattleHymn","ReachHeaven"],"picked":"Vengeance+1","floor":18.0},{"not_picked":["SashWhip","FollowUp","Halt"],"picked":"SKIP","floor":20.0},{"not_picked":["Adaptation","Protect+1"],"picked":"FearNoEvil","floor":23.0},{"not_picked":["Evaluate+1","ReachHeaven"],"picked":"CutThroughFate+1","floor":25.0},{"not_picked":["Crescendo","PathToVictory+1"],"picked":"Consecrate","floor":28.0},{"not_picked":["Fasting2+1","WheelKick"],"picked":"Consecrate+1","floor":29.0},{"not_picked":["FollowUp","Protect+1"],"picked":"MentalFortress+1","floor":30.0},{"not_picked":["Worship","WreathOfFlame"],"picked":"Sanctity+1","floor":31.0},{"not_picked":["Establishment","ConjureBlade"],"picked":"Devotion","floor":33.0},{"not_picked":["Protect","PathToVictory"],"picked":"EmptyMind","floor":35.0},{"not_picked":["SignatureMove","Collect"],"picked":"ForeignInfluence+1","floor":39},{"not_picked":["Crescendo","CrushJoints"],"picked":"CutThroughFate","floor":40},{"not_picked":["BattleHymn","LikeWater"],"picked":"Tantrum","floor":42},{"not_picked":["Indignation","Evaluate+1","PathToVictory"],"picked":"SKIP","floor":44},{"not_picked":["Prostrate","JustLucky"],"picked":"LessonLearned","floor":45},{"not_picked":["Prostrate+1","Adaptation+1"],"picked":"Wireheading","floor":47},{"not_picked":["EmptyFist","Fasting2"],"picked":"CutThroughFate+1","floor":48},{"not_picked":["Pray","WaveOfTheHand"],"picked":"TalkToTheHand","floor":54}],"player_experience":2231237,"relics_obtained":[{"floor":6.0,"key":"Anchor"},{"floor":8.0,"key":"Oddly Smooth Stone"},{"floor":9.0,"key":"Bag of Preparation"},{"floor":13.0,"key":"CeramicFish"},{"floor":23.0,"key":"Ornamental Fan"},{"floor":26.0,"key":"Ancient Tea Set"},{"floor":29.0,"key":"Du-Vu Doll"},{"floor":31.0,"key":"Gremlin Horn"},{"floor":34.0,"key":"Juzu Bracelet"},{"floor":34.0,"key":"White Beast Statue"},{"floor":34.0,"key":"Shovel"},{"floor":37.0,"key":"Thread and Needle"},{"floor":38.0,"key":"FossilizedHelix"},{"floor":39,"key":"TungstenRod"},{"floor":40,"key":"MawBank"},{"floor":42,"key":"War Paint"},{"floor":45,"key":"Regal Pillow"},{"floor":52,"key":"HornCleat"},{"floor":54,"key":"Pen Nib"}],"event_choices":[{"damage_healed":0.0,"max_hp_gain":0.0,"max_hp_loss":0.0,"gold_gain":0.0,"event_name":"The Mausoleum","player_choice":"Opened","floor":19.0,"gold_loss":0.0,"damage_taken":0.0,"relics_obtained":["Toy Ornithopter"]},{"damage_healed":0.0,"max_hp_gain":0.0,"max_hp_loss":0.0,"gold_gain":0.0,"event_name":"The Library","player_choice":"Read","floor":21.0,"gold_loss":0.0,"damage_taken":0.0,"cards_obtained":["InnerPeace"]},{"damage_healed":0.0,"max_hp_gain":0.0,"max_hp_loss":0.0,"gold_gain":0.0,"event_name":"Colosseum","player_choice":"Fight","floor":29.0,"gold_loss":0.0,"damage_taken":0.0},{"damage_healed":0.0,"max_hp_gain":0.0,"max_hp_loss":0.0,"gold_gain":0.0,"event_name":"Colosseum","player_choice":"Fought Nobs","floor":29.0,"gold_loss":0.0,"damage_taken":0.0},{"damage_healed":0.0,"max_hp_gain":0.0,"max_hp_loss":0.0,"gold_gain":0.0,"event_name":"MindBloom","player_choice":"Fight","floor":37.0,"gold_loss":0.0,"damage_taken":0.0},{"damage_healed":0,"gold_gain":0,"player_choice":"Fight","damage_taken":0,"max_hp_gain":0,"max_hp_loss":0,"event_name":"Mysterious Sphere","floor":39,"gold_loss":0}],"is_beta":false,"boss_relics":[{"not_picked":["Black Star","Coffee Dripper"],"picked":"HolyWater"},{"not_picked":["Busted Crown","Runic Dome"],"picked":"Calling Bell"}],"items_purged_floors":[36,46],"is_endless":false,"potions_floor_spawned":[3,4,8,16,18,23,30,35,37,39,40,42,44,45,47,48,54],"ascension_level":11}}