{"host":"w4b7hmige5bnqipq","time":1614277422,"event":{"mods":["2.2 Compatiblity","BaseMod","Colored Map","DeckTracker","Keyboard Shortcuts","Minty Spire (QoL Compilation)","Permanent Neow","Rare Cards Sparkle","SuperFastMode","everything is the same but u backflip on backflip","slay the spire mod where everything is the same but ironclad has a cowboy hat"],"gold_per_floor":[15,15,30,48,58,58,88,88,88,88,53,3,3,32,32,107,107,123,123,142,5,24,24,34,34,34],"floor_reached":25,"language":"KOR","playtime":2290,"items_purged":["Strike_B","Strike_B"],"score":558,"play_id":"93b0f563-b777-4aea-bc60-937fea341d81","local_time":"20210226022342","is_ascension_mode":true,"campfire_choices":[{"data":"Coolheaded","floor":6.0,"key":"SMITH"},{"data":"Zap","floor":8.0,"key":"SMITH"},{"data":"Capacitor","floor":10.0,"key":"SMITH"},{"data":"Undo","floor":15.0,"key":"SMITH"},{"data":"Defragment","floor":23.0,"key":"SMITH"}],"circlet_count":0,"master_deck":["AscendersBane","Strike_B","Defend_B","Defend_B","Defend_B","Defend_B","Zap+1","Dualcast","Buffer+1","Capacitor+1","Coolheaded+1","Auto Shields","Chill","Undo+1","Biased Cognition","Go for the Eyes","Chill","Defragment+1","Ball Lightning"],"relics":["FrozenCore","Smiling Mask","Ornamental Fan","Symbiotic Virus","Bottled Lightning"],"acts_visited":["Exordium","TheCity"],"potions_floor_usage":[25],"damage_taken":[{"damage":3.0,"enemies":"Small Slimes","floor":1.0,"turns":4.0},{"damage":2.0,"enemies":"Jaw Worm","floor":3.0,"turns":4.0},{"damage":4.0,"enemies":"Cultist","floor":4.0,"turns":3.0},{"damage":22.0,"enemies":"Exordium Wildlife","floor":5.0,"turns":8.0},{"damage":0.0,"enemies":"Lagavulin","floor":7.0,"turns":7.0},{"damage":8.0,"enemies":"3 Sentries","floor":14.0,"turns":16.0},{"damage":0.0,"enemies":"Slime Boss","floor":16.0,"turns":10.0},{"damage":8.0,"enemies":"Spheric Guardian","floor":18.0,"turns":9.0},{"damage":1.0,"enemies":"3 Byrds","floor":20.0,"turns":9.0},{"damage":0.0,"enemies":"Cultist and Chosen","floor":22.0,"turns":10.0},{"damage":0,"enemies":"Centurion and Healer","floor":24,"turns":16},{"damage":2,"enemies":"Book of Stabbing","floor":25,"turns":6}],"seed_played":"6995722222114300545","potions_obtained":[{"floor":1.0,"key":"Ancient Potion"},{"floor":3.0,"key":"Strength Potion"},{"floor":4.0,"key":"FocusPotion"},{"floor":7.0,"key":"LiquidBronze"},{"floor":22.0,"key":"PotionOfCapacity"}],"is_trial":false,"path_per_floor":["M","?","M","M","M","R","E","R","T","R","?","$","T","E","R","B",null,"M","?","M","$","M","R","M","E"],"character_chosen":"DEFECT","items_purchased":["Defragment"],"campfire_rested":0,"item_purchase_floors":[21],"current_hp_per_floor":[61,61,59,55,33,33,33,33,33,33,50,50,50,42,42,42,64,56,56,55,55,55,55,55,53,53],"gold":34,"neow_bonus":"THREE_RARE_CARDS","is_daily":false,"chose_seed":false,"campfire_upgraded":5,"win_rate":0.0,"timestamp":1614277422,"path_taken":["M","?","M","M","M","R","E","R","T","R","?","?","?","E","R","BOSS","M","?","M","?","?","R","M","E"],"items_purchased_type":["Card"],"build_version":"2020-12-22","purchased_purges":2,"victory":false,"max_hp_per_floor":[71,71,71,71,71,71,71,71,71,71,71,71,71,71,71,71,71,71,71,71,71,71,71,71,71,71],"card_choices":[{"not_picked":["Amplify","Thunder Strike"],"picked":"Buffer","floor":0.0},{"not_picked":["Leap","Beam Cell"],"picked":"Capacitor","floor":1.0},{"not_picked":["Compile Driver","Doom and Gloom"],"picked":"Coolheaded","floor":3.0},{"not_picked":["Sweeping Beam","Force Field"],"picked":"Auto Shields","floor":4.0},{"not_picked":["Darkness","Redo"],"picked":"Chill","floor":5.0},{"not_picked":["Beam Cell","Chill"],"picked":"Undo","floor":7.0},{"not_picked":["Steam","Hyperbeam","Sweeping Beam"],"picked":"SKIP","floor":14.0},{"not_picked":["Creative AI","Hyperbeam"],"picked":"Biased Cognition","floor":16.0},{"not_picked":["Redo","Gash"],"picked":"Go for the Eyes","floor":18.0},{"not_picked":["Cold Snap","Fusion","Streamline+1"],"picked":"SKIP","floor":20.0},{"not_picked":["Rip and Tear","Go for the Eyes","BootSequence"],"picked":"SKIP","floor":22.0},{"not_picked":["Rebound","Recycle"],"picked":"Ball Lightning","floor":24}],"player_experience":794656,"relics_obtained":[{"floor":7.0,"key":"Smiling Mask"},{"floor":9.0,"key":"Ornamental Fan"},{"floor":13.0,"key":"Symbiotic Virus"},{"floor":14.0,"key":"Bottled Lightning"}],"event_choices":[{"damage_healed":0.0,"max_hp_gain":0.0,"max_hp_loss":0.0,"gold_gain":0.0,"event_name":"Living Wall","player_choice":"Grow","floor":2.0,"gold_loss":0.0,"damage_taken":0.0,"cards_upgraded":["Buffer"]},{"damage_healed":17.0,"max_hp_gain":0.0,"max_hp_loss":0.0,"gold_gain":0.0,"event_name":"The Cleric","player_choice":"Healed","floor":11.0,"gold_loss":35.0,"damage_taken":0.0},{"damage_healed":0.0,"max_hp_gain":0.0,"max_hp_loss":0.0,"gold_gain":0.0,"cards_transformed":["Strike_B"],"event_name":"Transmorgrifier","player_choice":"Transformed","floor":19.0,"gold_loss":0.0,"damage_taken":0.0,"cards_obtained":["Chill"]}],"is_beta":false,"boss_relics":[{"not_picked":["Nuclear Battery","Runic Pyramid"],"picked":"FrozenCore"}],"items_purged_floors":[12,21],"is_endless":false,"potions_floor_spawned":[1,3,4,7,22],"killed_by":"Book of Stabbing","ascension_level":19}}