{"host":"1ot21gvocus9hpzo","time":1614286886,"event":{"mods":["BaseMod","Colored Map","Colored Powertips","Infinite Spire","Minty Spire (QoL Compilation)","StSLib"],"gold_per_floor":[117,117,42,55,55,83,98,98,122,22,51,51,51,65,65,65,65],"floor_reached":16,"language":"ENG","playtime":851,"items_purged":["Pain","Strike_R"],"score":216,"play_id":"f0b121b0-1fcf-4083-805e-e5b4f8d40ff4","local_time":"20210225130126","is_ascension_mode":true,"campfire_choices":[{"data":"Armaments","floor":8,"key":"SMITH"},{"floor":15,"key":"REST"}],"circlet_count":0,"master_deck":["AscendersBane","Strike_R","Strike_R","Strike_R","Strike_R","Defend_R","Defend_R","Defend_R","Defend_R","Bash","Madness","Clash","Armaments+1","True Grit","Body Slam","Disarm"],"relics":["Burning Blood","WarpedTongs","Strawberry","Prayer Wheel","Toy Ornithopter","Question Card"],"acts_visited":["Exordium"],"potions_floor_usage":[],"damage_taken":[{"damage":9,"enemies":"2 Louse","floor":1,"turns":3},{"damage":4,"enemies":"Cultist","floor":4,"turns":4},{"damage":40,"enemies":"Lagavulin","floor":6,"turns":7},{"damage":9,"enemies":"Small Slimes","floor":7,"turns":4},{"damage":31,"enemies":"3 Sentries","floor":11,"turns":12},{"damage":1,"enemies":"Looter","floor":14,"turns":4},{"damage":27,"enemies":"Hexaghost","floor":16,"turns":10}],"seed_played":"-3012125591285673202","potions_obtained":[{"floor":7,"key":"EssenceOfSteel"},{"floor":11,"key":"EssenceOfSteel"},{"floor":14,"key":"Regen Potion"}],"is_trial":false,"path_per_floor":["M","?","$","M","?","E","M","R","T","$","E","?","$","M","R","B"],"character_chosen":"IRONCLAD","items_purchased":[],"campfire_rested":1,"item_purchase_floors":[],"current_hp_per_floor":[65,65,65,67,74,40,37,37,37,37,12,12,12,17,41,14,14],"gold":65,"neow_bonus":"RANDOM_COLORLESS","is_daily":false,"chose_seed":false,"campfire_upgraded":1,"win_rate":0.0,"timestamp":1614286886,"path_taken":["M","?","?","M","?","E","M","R","T","$","E","?","?","M","R","BOSS"],"items_purchased_type":[],"build_version":"2020-12-22","purchased_purges":2,"victory":false,"max_hp_per_floor":[75,75,75,75,82,82,82,82,82,82,82,82,82,82,82,82,82],"card_choices":[{"not_picked":["Bandage Up","Impatience"],"picked":"Madness","floor":0},{"not_picked":["Cleave","Anger","Bloodletting"],"picked":"SKIP","floor":1},{"not_picked":["Feel No Pain","Flex","Heavy Blade"],"picked":"SKIP","floor":4},{"not_picked":["Flex","Reaper"],"picked":"Clash","floor":6},{"not_picked":["Metallicize","Searing Blow"],"picked":"Armaments","floor":7},{"not_picked":["Clothesline","Flame Barrier","Iron Wave"],"picked":"SKIP","floor":7},{"not_picked":["Seeing Red","Shockwave"],"picked":"True Grit","floor":11},{"not_picked":["Iron Wave","Anger","Blood for Blood"],"picked":"Body Slam","floor":14},{"not_picked":["Blood for Blood","Wild Strike","Sentinel"],"picked":"Disarm","floor":14}],"player_experience":3870200,"relics_obtained":[{"floor":5,"key":"Strawberry"},{"floor":6,"key":"Prayer Wheel"},{"floor":9,"key":"Toy Ornithopter"},{"floor":11,"key":"Question Card"}],"event_choices":[{"damage_healed":0,"gold_gain":0,"player_choice":"Rummage","damage_taken":0,"relics_obtained":["WarpedTongs"],"max_hp_gain":0,"max_hp_loss":0,"event_name":"Accursed Blacksmith","floor":2,"gold_loss":0,"cards_obtained":["Pain"]},{"damage_healed":0,"gold_gain":0,"player_choice":"Fled","damage_taken":0,"max_hp_gain":0,"max_hp_loss":0,"event_name":"Scrap Ooze","floor":12,"gold_loss":0}],"is_beta":false,"boss_relics":[],"items_purged_floors":[3,10],"is_endless":false,"potions_floor_spawned":[7,11,14],"killed_by":"Hexaghost","ascension_level":20}}