{"host":"u1dfzl6o6mfmauc3","time":1614228655,"event":{"mods":["2.2 Compatiblity","AchievementEnabler","BaseMod","Bestiary","Block Reminder","Challenge The Spire","Colored Map","Dark Map","Hermit","Highlight Path","Minty Spire (QoL Compilation)","Random Character Button","Rare Cards Sparkle","Relic Stats","Robot Space Explorer","StSLib","The Disciple"],"gold_per_floor":[117,117,18,18,34,34,48,78,78,78,104,104,120,135,135,135,135,135],"floor_reached":17,"language":"ENG","playtime":1465,"items_purged":[],"score":155,"play_id":"4d34329e-e4fb-4f9e-b483-887fe5f44729","local_time":"20210224235055","is_ascension_mode":true,"campfire_choices":[{"data":"hermit:Feint","floor":6,"key":"SMITH"},{"floor":10,"key":"REST"},{"floor":15,"key":"REST"},{"floor":16,"key":"REST"}],"circlet_count":0,"master_deck":["hermit:Strike_Hermit","hermit:Strike_Hermit","hermit:Strike_Hermit","hermit:Strike_Hermit","hermit:Defend_Hermit","hermit:Defend_Hermit","hermit:Defend_Hermit","hermit:Defend_Hermit","hermit:Snapshot","hermit:Covet","Pain","hermit:Misfire","hermit:RoundhouseKick","hermit:Feint+1","hermit:EyeOfTheStorm","hermit:FatalDesire","hermit:GoldenBullet"],"relics":["hermit:Momento","hermit:RedScarf","Pantograph","Shuriken","Strawberry","Sundial","The Courier"],"acts_visited":["Exordium"],"potions_floor_usage":[11,11,17,17],"damage_taken":[{"damage":0,"enemies":"Small Slimes","floor":1,"turns":3},{"damage":1,"enemies":"Cultist","floor":5,"turns":4},{"damage":12,"enemies":"Jaw Worm","floor":7,"turns":2},{"damage":34,"enemies":"Gremlin Nob","floor":8,"turns":5},{"damage":23,"enemies":"3 Sentries","floor":11,"turns":8},{"damage":6,"enemies":"Looter","floor":13,"turns":3},{"damage":11,"enemies":"Blue Slaver","floor":14,"turns":4},{"damage":83,"enemies":"Hexaghost","floor":17,"turns":10}],"seed_played":"-6911123819991334516","potions_obtained":[{"floor":7,"key":"Block Potion"},{"floor":11,"key":"EssenceOfSteel"},{"floor":14,"key":"FearPotion"}],"is_trial":false,"path_per_floor":["M","?","$","?","M","R","M","E","T","R","E","T","M","M","R","R","B"],"character_chosen":"HERMIT","items_purchased":["hermit:Feint","SkillPotion"],"campfire_rested":3,"item_purchase_floors":[3,3],"current_hp_per_floor":[68,68,68,65,64,64,52,18,25,49,26,26,20,9,33,57,0,0],"gold":135,"neow_bonus":"ONE_RARE_RELIC","is_daily":false,"chose_seed":false,"campfire_upgraded":1,"win_rate":0.0,"timestamp":1614228655,"path_taken":["M","?","?","?","M","R","M","E","T","R","E","?","M","M","R","R","BOSS"],"items_purchased_type":["Card","Potion"],"build_version":"2020-12-22","purchased_purges":0,"victory":false,"max_hp_per_floor":[75,75,75,75,75,75,75,75,82,82,82,82,82,82,82,82,82,82],"relic_stats":{"counters":[8,39],"Shuriken":[4],"Sundial":[4],"Pantograph":25,"obtain_stats":[{"Shuriken":8,"Sundial":11,"Pantograph":4,"Strawberry":9,"The Courier":12,"hermit:RedScarf":0,"hermit:Momento":0},{"Shuriken":4,"Sundial":5,"Pantograph":1,"Strawberry":4,"The Courier":5,"hermit:RedScarf":0,"hermit:Momento":0},{"Shuriken":14,"Sundial":22,"Pantograph":3,"Strawberry":14,"The Courier":22,"hermit:RedScarf":0,"hermit:Momento":0}]},"card_choices":[{"not_picked":["hermit:SprayPray","hermit:WideOpen"],"picked":"hermit:Misfire","floor":1},{"not_picked":["hermit:ItchyTrigger","hermit:Maintenance","hermit:BodyArmor"],"picked":"SKIP","floor":5},{"not_picked":["hermit:Coalescence","hermit:Ricochet"],"picked":"hermit:EyeOfTheStorm","floor":7},{"not_picked":["hermit:Brawl","hermit:Deadeye"],"picked":"hermit:FatalDesire","floor":8},{"not_picked":["hermit:Scavenge","hermit:Brawl"],"picked":"hermit:GoldenBullet","floor":11},{"not_picked":["hermit:Snipe","hermit:CalledShot","hermit:Desperado"],"picked":"SKIP","floor":13},{"not_picked":["hermit:TrackingShot","hermit:BodyArmor","hermit:LowProfile"],"picked":"SKIP","floor":14}],"player_experience":272705,"relics_obtained":[{"floor":8,"key":"Shuriken"},{"floor":9,"key":"Strawberry"},{"floor":11,"key":"Sundial"},{"floor":12,"key":"The Courier"}],"event_choices":[{"damage_healed":0,"gold_gain":0,"player_choice":"1 cards matched","damage_taken":0,"max_hp_gain":0,"max_hp_loss":0,"event_name":"Match and Keep!","floor":2,"gold_loss":0,"cards_obtained":["hermit:RoundhouseKick"]},{"damage_healed":0,"gold_gain":0,"player_choice":"Success","damage_taken":3,"relics_obtained":["Pantograph"],"max_hp_gain":0,"max_hp_loss":0,"event_name":"Scrap Ooze","floor":4,"gold_loss":0}],"is_beta":false,"boss_relics":[],"items_purged_floors":[],"is_endless":false,"potions_floor_spawned":[7,11,14],"killed_by":"Hexaghost","ascension_level":7}}