{"host":"jsd6g3c2vo13e69c","time":1614246325,"event":{"mods":["2.2 Compatiblity","Act Like it!","BaseMod","Better Altar","Better Match","Better Note","Better Sensory Stone","Better Third Choice","BetterRewards","Colored Map","Colored Powertips","Downfall","Friendly Minions","GifTheSpireLib","Googly Eyes","Gremlin Mod","Hermit","Hubris","Infinite Spire","Melee Mod","Minty Spire (QoL Compilation)","Permanent Neow","Quick Restart","Random Character Button","Replay The Spire","Shop Mod","Spire Arcade","StSLib","The Cursed","The Disciple","The Forsaken","thorton"],"gold_per_floor":[99,110,110,35,47,47,47,61,11,40,40,40,59,59,72,174,174,174,174],"floor_reached":17,"language":"ENG","playtime":1127,"items_purged":[],"score":155,"play_id":"2976e490-0e7b-4b78-889f-85bd388259de","local_time":"20210225044525","is_ascension_mode":false,"campfire_choices":[{"data":"Slimebound:FirmFortitude","floor":1,"key":"SMITH"},{"data":"Slimebound:CorrosiveSpit","floor":6,"key":"SMITH"},{"data":"Slimebound:SplitAcid","floor":9,"key":"SMITH"},{"data":"Slimebound:OneTwoCombo","floor":11,"key":"SMITH"}],"circlet_count":0,"master_deck":["Slimebound:Strike_Slimebound","Slimebound:Defend_Slimebound","Slimebound:Defend_Slimebound","Slimebound:Defend_Slimebound","Slimebound:Defend_Slimebound","Slimebound:Split","Slimebound:CorrosiveSpit+1","Slimebound:FirmFortitude+1","Slimebound:Nibble","Slimebound:Schlurp","Slimebound:SplitAcid+1","Slimebound:OneTwoCombo+1","Slimebound:RainOfGoop","Slimebound:AcidTongue","Overencumbered","Slimebound:ComboTackle","Slimebound:Schlurp","Slimebound:RejuvenatingLick","Slimebound:MassFeed"],"relics":["Slimebound:AbsorbEndCombat","hubris:Towel","Slimebound:GreedOozeRelic","Meat on the Bone","Bag of Marbles","GremlinMask","hubris:ScarierMask"],"acts_visited":["Exordium","TheCity"],"potions_floor_usage":[13],"damage_taken":[{"damage":18,"enemies":"Small Slimes","floor":2,"turns":4},{"damage":0,"enemies":"Cultist","floor":5,"turns":3},{"damage":1,"enemies":"Jaw Worm","floor":8,"turns":4},{"damage":8,"enemies":"Replay:BlueRogue","floor":10,"turns":5},{"damage":11,"enemies":"Exordium Thugs","floor":13,"turns":3},{"damage":11,"enemies":"Red Slaver","floor":15,"turns":2},{"damage":22,"enemies":"WA_ARCHETYPE_RETAIN","floor":16,"turns":5}],"seed_played":"1335474871376839667","potions_obtained":[{"floor":2,"key":"EssenceOfSteel"},{"floor":8,"key":"Adrenaline Potion"},{"floor":10,"key":"Slimebound:SlimedPotion"},{"floor":15,"key":"Block Potion"}],"is_trial":false,"path_per_floor":["R","M","?","?","M","R","T","M","R","E","R","?","M","?","M","B",null],"character_chosen":"SLIMEBOUND","items_purchased":[],"campfire_rested":0,"item_purchase_floors":[],"current_hp_per_floor":[65,51,51,51,53,53,53,54,54,50,50,50,45,45,34,30,65,65,65],"gold":174,"neow_bonus":"ONE_RANDOM_RARE_CARD","is_daily":false,"chose_seed":false,"campfire_upgraded":4,"win_rate":0.0,"timestamp":1614246325,"path_taken":["R","M","?","?","M","R","T","M","R","E","R","?","?","?","M","BOSS"],"items_purchased_type":[],"build_version":"2020-12-22","purchased_purges":0,"victory":false,"max_hp_per_floor":[65,65,65,65,65,65,65,65,65,65,65,65,65,65,65,65,65,65,65],"card_choices":[{"not_picked":["Slimebound:Recollect","Slimebound:SplitMire"],"picked":"Slimebound:Nibble","floor":2},{"not_picked":["Slimebound:GoopTackle","Slimebound:SplitLeeching"],"picked":"Slimebound:Schlurp","floor":5},{"not_picked":["Slimebound:MegaLick","Slimebound:SplitLeeching"],"picked":"Slimebound:SplitAcid","floor":8},{"not_picked":["Slimebound:GoopTackle","Slimebound:ComboTackle"],"picked":"Slimebound:OneTwoCombo","floor":10},{"not_picked":["Slimebound:ItLooksTasty","Slimebound:TongueLash"],"picked":"Slimebound:Schlurp","floor":13},{"not_picked":["Slimebound:LeechEnergy","Slimebound:HauntingLick"],"picked":"Slimebound:RejuvenatingLick","floor":15},{"not_picked":["Slimebound:SlimeSlap","Slimebound:OozeBath"],"picked":"Slimebound:MassFeed","floor":16}],"player_experience":447657,"relics_obtained":[{"floor":7,"key":"Meat on the Bone"},{"floor":10,"key":"Bag of Marbles"}],"event_choices":[{"damage_healed":0,"gold_gain":0,"player_choice":"Trade","damage_taken":0,"relics_obtained":["GremlinMask"],"max_hp_gain":0,"max_hp_loss":0,"event_name":"FaceTrader","floor":14,"gold_loss":0}],"is_beta":false,"boss_relics":[{"not_picked":["Snecko Eye","hubris:RunicObelisk"],"picked":"hubris:ScarierMask"}],"items_purged_floors":[],"is_endless":false,"potions_floor_spawned":[2,8,10,15],"ascension_level":0}}