{"host":"79cxsmzz7r2v6ls6","time":1614230883,"event":{"mods":["Act Like it!","BaseMod","BetterRewards","Colored Powertips","Downfall","Hermit","Highlight Path","Jorbs\u0027s Wanderer Trilogy","Lobotomy","LobotomyExtend","MarisaÅiñ∂âJÅ@ñÇóùçπÅj","Minty Spire (QoL Compilation)","Shop Mod","StSLib","The Cursed","The Hierophant","The IronCluck","The Mystic","The Necromancer","everything is the same but u backflip on backflip","slay the spire mod where everything is the same but ironclad has a cowboy hat"],"gold_per_floor":[110,87,87,104,118,152,152,170,244,244,244,3,3,3,3,126,126,151,144,69,69,69,69,83,124,124,124,155,155,7,32,32,157,157,171,185,201,564,584,625,625,625,625,638,638,673,673,22,22,22],"floor_reached":51,"language":"ENG","playtime":4126,"items_purged":["Strike_W"],"score":741,"play_id":"24f7018d-cc99-41f5-968a-60e8cc973704","local_time":"20210225162803","is_ascension_mode":false,"campfire_choices":[{"data":"Negative_Energy_Mist","floor":7,"key":"SMITH"},{"data":"Blood_Curse","floor":11,"key":"SMITH"},{"data":"Vampiric_Strike","floor":13,"key":"SMITH"},{"data":"Negative_Energy_Shield","floor":15,"key":"SMITH"},{"data":"Summon_Vampire_Lady","floor":23,"key":"SMITH"},{"data":"Chill_Blood","floor":27,"key":"SMITH"},{"data":"Blood_Is_Power","floor":29,"key":"SMITH"},{"data":"Spectral_Armor","floor":32,"key":"SMITH"},{"data":"Bone_Shift","floor":47,"key":"SMITH"},{"data":"Summon_Vampire_Lady","floor":49,"key":"SMITH"}],"circlet_count":0,"master_deck":["Strike_W","Strike_W","Defend_W+1","Defend_W","Negative_Energy_Arrows","Bone_Wall+1","Flash of Steel","Vampiric_Strike+1","Chill_Blood+1","Negative_Energy_Mist+1","Plague_Bolt","Negative_Energy_Shield+1","Blood_Curse+1","Summon_Vampire_Lady+1","Spectral_Armor+1","Writhe","Blood_Is_Power+1","Summon_Death_Knight","Blood_for_Blood+1","Summon_Vampire_Lady+1","Bone_Shift+1","Negative_Energy_Javelin+1","Wraith","Pain","Necromantic_Selection+1","Magnetism+1","Flash of Steel"],"relics":["Vampire_Amulet","LetterFromLob","Dead Branch","Kunai","Golden Idol","Eternal Feather","Black Star","Happy Flower","Regal Pillow","Gremlin Horn","Meat on the Bone","Toy Ornithopter","Lee\u0027s Waffle","Coffee Dripper","Old Coin","Nunchaku","Frozen Egg 2","WarpedTongs","Darkstone Periapt","Ornamental Fan","Ice Cream","Strange Spoon","War Paint"],"acts_visited":["Exordium","TheCity","TheBeyond"],"potions_floor_usage":[19,25,28,28,38,46,50],"damage_taken":[{"damage":0,"enemies":"Cultist","floor":1,"turns":4},{"damage":0,"enemies":"Small Slimes","floor":4,"turns":2},{"damage":0,"enemies":"2 Louse","floor":5,"turns":2},{"damage":42,"enemies":"3 Sentries","floor":6,"turns":15},{"damage":0,"enemies":"Large Slime","floor":8,"turns":5},{"damage":33,"enemies":"The Guardian","floor":16,"turns":12},{"damage":0,"enemies":"Chosen","floor":18,"turns":6},{"damage":12,"enemies":"2 Thieves","floor":19,"turns":4},{"damage":32,"enemies":"Cultist and Chosen","floor":24,"turns":9},{"damage":18,"enemies":"Book of Stabbing","floor":25,"turns":9},{"damage":96,"enemies":"Gremlin Leader","floor":28,"turns":12},{"damage":9,"enemies":"Snake Plant","floor":31,"turns":5},{"damage":50,"enemies":"Champ","floor":33,"turns":15},{"damage":12,"enemies":"3 Shapes","floor":35,"turns":6},{"damage":21,"enemies":"Orb Walker","floor":36,"turns":4},{"damage":19,"enemies":"3 Darklings","floor":37,"turns":8},{"damage":23,"enemies":"Mind Bloom Boss Battle","floor":38,"turns":8},{"damage":40,"enemies":"Sphere and 2 Shapes","floor":39,"turns":8},{"damage":33,"enemies":"Nemesis","floor":40,"turns":9},{"damage":36,"enemies":"Transient","floor":44,"turns":5},{"damage":105,"enemies":"Reptomancer","floor":46,"turns":8},{"damage":62,"enemies":"Awakened One","floor":50,"turns":10}],"seed_played":"-1683984921069534705","potions_obtained":[{"floor":4,"key":"SteroidPotion"},{"floor":6,"key":"GamblersBrew"},{"floor":16,"key":"Dexterity Potion"},{"floor":24,"key":"SpeedPotion"},{"floor":25,"key":"DuplicationPotion"},{"floor":31,"key":"BlessingOfTheForge"},{"floor":38,"key":"Dexterity Potion"},{"floor":39,"key":"SneckoOil"},{"floor":40,"key":"GamblersBrew"},{"floor":46,"key":"EssenceOfSteel"}],"is_trial":false,"path_per_floor":["M","$","?","M","M","E","R","M","T","?","R","$","R","?","R","B",null,"M","M","?","?","?","R","M","E","T","R","E","R","$","M","R","B",null,"M","M","M","?","M","E","?","?","T","M","?","E","R","$","R","B",null],"character_chosen":"NECROMANCER","items_purchased":["Chill_Blood","Eternal Feather","Lee\u0027s Waffle","Strange Spoon","War Paint","Magnetism+1","Flash of Steel"],"campfire_rested":0,"item_purchase_floors":[2,12,30,48,48,48,48],"current_hp_per_floor":[75,75,75,75,75,43,43,57,57,39,39,39,48,48,57,34,75,75,66,66,52,52,61,53,55,55,64,10,19,87,86,87,73,87,82,76,87,87,77,74,74,74,74,64,64,33,48,48,63,70],"gold":22,"neow_bonus":"RANDOM_COLORLESS","is_daily":false,"chose_seed":false,"campfire_upgraded":10,"win_rate":0.0,"timestamp":1614230883,"path_taken":["M","?","?","?","M","E","R","M","T","?","R","$","R","?","R","BOSS","M","M","?","?","?","R","M","E","T","R","E","R","?","M","R","BOSS","M","M","?","?","M","E","?","?","T","?","?","E","R","$","R","BOSS"],"items_purchased_type":["Card","Relic","Relic","Relic","Relic","Card","Card"],"build_version":"2020-12-22","purchased_purges":1,"victory":true,"max_hp_per_floor":[75,75,75,75,75,75,75,75,75,75,75,75,75,75,75,75,75,75,75,75,80,80,80,80,80,80,80,80,80,87,87,87,87,87,87,87,87,87,87,87,87,87,87,87,87,87,87,87,87,87],"card_choices":[{"not_picked":["Purity","Discovery"],"picked":"Flash of Steel","floor":0},{"not_picked":["Bone_Shift","Negative_Energy_Mist"],"picked":"Vampiric_Strike","floor":1},{"not_picked":["Negative_Energy_Shield","Bones_to_Steel"],"picked":"Negative_Energy_Mist","floor":4},{"not_picked":["Slay_Living","Finger_Of_Death"],"picked":"Plague_Bolt","floor":5},{"not_picked":["Shackles_Of_Pain","Finger_Of_Death"],"picked":"Negative_Energy_Shield","floor":6},{"not_picked":["Uncharnel","Death_Coil"],"picked":"Blood_Curse","floor":8},{"not_picked":["Blood_Wake","Grasp_Heart"],"picked":"Summon_Vampire_Lady","floor":16},{"not_picked":["Consume_Illness","Bone_Prison"],"picked":"Spectral_Armor","floor":18},{"not_picked":["Toxic_Smoke_Screen","Necrotic_Claws","Shackles_Of_Pain"],"picked":"SKIP","floor":19},{"not_picked":["Death_Coil","Death_March_Dance","Negative_Energy_Mist"],"picked":"SKIP","floor":24},{"not_picked":["Bone_Prison","Necromantic_Selection","Skeleton_Dragon"],"picked":"SKIP","floor":25},{"not_picked":["Stop_Heart","Blood_Whip+1"],"picked":"Blood_Is_Power","floor":28},{"not_picked":["Bone_Prison","Summon_Undead","Blood_Curse"],"picked":"SKIP","floor":31},{"not_picked":["Requiem","Detonate_Bones"],"picked":"Summon_Death_Knight","floor":33},{"not_picked":["Blood_Whip+1","Bone_Spikes"],"picked":"Blood_for_Blood+1","floor":35},{"not_picked":["Spectral_Armor+1","Toxic_Smoke_Screen+1","Bone_Bullets"],"picked":"SKIP","floor":36},{"not_picked":["Shackles_Of_Pain","Negative_Energy_Burst+1"],"picked":"Summon_Vampire_Lady","floor":37},{"not_picked":["Blood_Whip+1","Negative_Energy_Shield"],"picked":"Bone_Shift","floor":38},{"not_picked":["Chill_Blood","Blood_Curse+1"],"picked":"Negative_Energy_Javelin+1","floor":39},{"not_picked":["Negative_Energy_Mist+1","Consume_Illness","Chill_Blood"],"picked":"SKIP","floor":40},{"not_picked":["Toxic_Smoke_Screen","Negative_Energy_Shield","Bone_Armor"],"picked":"SKIP","floor":44},{"not_picked":["Vampiric_Strike+1","Chill_Blood"],"picked":"Necromantic_Selection+1","floor":46}],"player_experience":150216,"relics_obtained":[{"floor":5,"key":"LetterFromLob"},{"floor":6,"key":"Dead Branch"},{"floor":9,"key":"Kunai"},{"floor":25,"key":"Regal Pillow"},{"floor":25,"key":"Gremlin Horn"},{"floor":28,"key":"Meat on the Bone"},{"floor":28,"key":"Toy Ornithopter"},{"floor":38,"key":"Old Coin"},{"floor":40,"key":"Nunchaku"},{"floor":40,"key":"Frozen Egg 2"},{"floor":43,"key":"Darkstone Periapt"},{"floor":46,"key":"Ornamental Fan"},{"floor":46,"key":"Ice Cream"}],"event_choices":[{"cards_removed":["Strike_W"],"damage_healed":0,"gold_gain":0,"player_choice":"Purged","damage_taken":0,"max_hp_gain":0,"max_hp_loss":0,"event_name":"Purifier","floor":3,"gold_loss":0},{"damage_healed":0,"gold_gain":0,"player_choice":"Take Damage","damage_taken":18,"relics_obtained":["Golden Idol"],"max_hp_gain":0,"max_hp_loss":0,"event_name":"Golden Idol","floor":10,"gold_loss":0},{"cards_removed":["Defend_W"],"damage_healed":0,"gold_gain":0,"player_choice":"Gave Gold","damage_taken":0,"max_hp_gain":0,"max_hp_loss":0,"event_name":"Beggar","floor":20,"gold_loss":75},{"damage_healed":0,"gold_gain":0,"player_choice":"Shed Blood","damage_taken":19,"max_hp_gain":5,"max_hp_loss":0,"event_name":"Forgotten Altar","floor":21,"gold_loss":0},{"damage_healed":0,"gold_gain":0,"player_choice":"Opened","damage_taken":0,"relics_obtained":["Happy Flower"],"max_hp_gain":0,"max_hp_loss":0,"event_name":"The Mausoleum","floor":22,"gold_loss":0,"cards_obtained":["Writhe"]},{"damage_healed":0,"gold_gain":0,"player_choice":"Fight","damage_taken":0,"max_hp_gain":0,"max_hp_loss":0,"event_name":"MindBloom","floor":38,"gold_loss":0},{"damage_healed":0,"gold_gain":0,"player_choice":"Ignored","damage_taken":0,"max_hp_gain":0,"max_hp_loss":0,"event_name":"OrinTheCat","floor":41,"gold_loss":0},{"damage_healed":0,"gold_gain":0,"player_choice":"Rummage","damage_taken":0,"relics_obtained":["WarpedTongs"],"max_hp_gain":0,"max_hp_loss":0,"event_name":"Accursed Blacksmith","floor":42,"gold_loss":0,"cards_obtained":["Pain"]},{"cards_removed":["Defend_W"],"damage_healed":0,"gold_gain":0,"player_choice":"Purged","damage_taken":0,"max_hp_gain":0,"max_hp_loss":0,"event_name":"Purifier","floor":45,"gold_loss":0}],"is_beta":false,"boss_relics":[{"not_picked":["Calling Bell","Philosopher\u0027s Stone"],"picked":"Black Star"},{"not_picked":["Empty Cage","SacredBark"],"picked":"Coffee Dripper"}],"items_purged_floors":[48],"is_endless":false,"potions_floor_spawned":[4,6,16,24,25,31,38,39,40,46],"ascension_level":0}}