{"host":"6nqy62k7v1jh46lb","time":1614273780,"event":{"mods":["AchievementEnabler","BaseMod","Bestiary","Block Reminder","Colored Powertips","Highlight Path","Minty Spire (QoL Compilation)","Relic Stats"],"gold_per_floor":[109,128,30,30,47,47,73,73,73,0,19,30,40,40,40,139,139,159,175,175,175,175,175],"floor_reached":22,"language":"ENG","playtime":1647,"items_purged":["Strike_B"],"score":188,"play_id":"fdc79076-527e-48ef-bd62-cd000573310f","local_time":"20210225182300","is_ascension_mode":false,"campfire_choices":[{"floor":6.0,"key":"RECALL"},{"floor":8.0,"key":"REST"},{"floor":15.0,"key":"REST"}],"circlet_count":0,"master_deck":["Defend_B","Defend_B","Defend_B","Zap","Dualcast","Ball Lightning","Aggregate","Cold Snap","Self Repair","Fusion","Hologram","Redo","Meteor Strike+1","Go for the Eyes+1","Double Energy","Multi-Cast","Creative AI+1","Blizzard+1","Reprogram+1","Barrage+1","White Noise"],"relics":["Fusion Hammer","Matryoshka","Shuriken","Molten Egg 2","Astrolabe"],"acts_visited":["Exordium","TheCity"],"potions_floor_usage":[20],"damage_taken":[{"damage":1.0,"enemies":"Cultist","floor":1.0,"turns":4.0},{"damage":0.0,"enemies":"2 Louse","floor":2.0,"turns":2.0},{"damage":4.0,"enemies":"Jaw Worm","floor":5.0,"turns":2.0},{"damage":28.0,"enemies":"Lagavulin","floor":7.0,"turns":9.0},{"damage":12.0,"enemies":"2 Fungi Beasts","floor":11.0,"turns":4.0},{"damage":4.0,"enemies":"Large Slime","floor":12.0,"turns":6.0},{"damage":9.0,"enemies":"Looter","floor":13.0,"turns":4.0},{"damage":36.0,"enemies":"Hexaghost","floor":16.0,"turns":13.0},{"damage":14.0,"enemies":"Shell Parasite","floor":18.0,"turns":5.0},{"damage":36.0,"enemies":"3 Byrds","floor":19.0,"turns":6.0},{"damage":0,"enemies":"Shelled Parasite and Fungi","floor":20,"turns":1},{"damage":41,"enemies":"3 Cultists","floor":22,"turns":4}],"seed_played":"-9007017728685170087","potions_obtained":[{"floor":2.0,"key":"PotionOfCapacity"},{"floor":5.0,"key":"SteroidPotion"},{"floor":14.0,"key":"EssenceOfDarkness"},{"floor":16.0,"key":"Block Potion"},{"floor":18.0,"key":"SmokeBomb"}],"is_trial":false,"path_per_floor":["M","M","$","?","M","R","E","R","T","$","M","M","M","?","R","B",null,"M","M","M","?","M"],"character_chosen":"DEFECT","items_purchased":["Cold Snap","Hologram","Redo"],"campfire_rested":2,"item_purchase_floors":[3,10,10],"current_hp_per_floor":[74,74,74,74,70,70,49,71,71,71,66,69,67,67,75,46,75,68,39,39,39,0,0],"gold":175,"neow_bonus":"BOSS_RELIC","is_daily":false,"chose_seed":false,"campfire_upgraded":0,"win_rate":0.0,"timestamp":1614273780,"path_taken":["M","M","$","?","M","R","E","R","T","$","M","?","M","?","R","BOSS","M","M","?","?","M"],"items_purchased_type":["Card","Card","Card"],"build_version":"2020-12-22","purchased_purges":1,"victory":false,"max_hp_per_floor":[75,75,75,75,75,75,75,75,75,75,75,75,75,75,75,75,75,75,75,75,75,75,75],"relic_stats":{"counters":[12,60],"Shuriken":[4],"Astrolabe":["Creative AI","Blizzard","Reprogram"],"obtain_stats":[{"Matryoshka":7,"Shuriken":9,"Astrolabe":17,"Molten Egg 2":9,"Fusion Hammer":0,"Cracked Core":0},{"Matryoshka":4,"Shuriken":4,"Astrolabe":8,"Molten Egg 2":4,"Fusion Hammer":0,"Cracked Core":0},{"Matryoshka":17,"Shuriken":17,"Astrolabe":44,"Molten Egg 2":17,"Fusion Hammer":0,"Cracked Core":0}]},"card_choices":[{"not_picked":["Leap","Rebound"],"picked":"Ball Lightning","floor":1.0},{"not_picked":["Compile Driver","Go for the Eyes"],"picked":"Aggregate","floor":2.0},{"not_picked":["Leap","Steam"],"picked":"Self Repair","floor":5.0},{"not_picked":["Turbo","Compile Driver"],"picked":"Fusion","floor":7.0},{"not_picked":["Barrage+1","Scrape+1"],"picked":"Meteor Strike+1","floor":11.0},{"not_picked":["Hologram","Force Field"],"picked":"Go for the Eyes+1","floor":12.0},{"not_picked":["Lockon+1","Ball Lightning+1"],"picked":"Double Energy","floor":13.0},{"not_picked":["Hyperbeam+1","Reboot"],"picked":"Multi-Cast","floor":16.0},{"not_picked":["Blizzard+1","Skim"],"picked":"Barrage+1","floor":18.0},{"not_picked":["Rebound+1","Conserve Battery+1"],"picked":"White Noise","floor":19.0}],"player_experience":254439,"relics_obtained":[{"floor":7.0,"key":"Matryoshka"},{"floor":9.0,"key":"Shuriken"},{"floor":9.0,"key":"Molten Egg 2"}],"event_choices":[{"damage_healed":0.0,"max_hp_gain":0.0,"max_hp_loss":0.0,"gold_gain":0.0,"event_name":"Match and Keep!","player_choice":"0 cards matched","floor":4.0,"gold_loss":0.0,"damage_taken":0.0,"cards_obtained":[]},{"damage_healed":0.0,"max_hp_gain":0.0,"max_hp_loss":0.0,"gold_gain":0.0,"event_name":"Lab","player_choice":"Got Potions","floor":14.0,"gold_loss":0.0,"damage_taken":0.0},{"cards_removed":["Strike_B"],"damage_healed":0,"gold_gain":0,"player_choice":"Elegance","damage_taken":0,"max_hp_gain":0,"max_hp_loss":0,"event_name":"Back to Basics","floor":21,"gold_loss":0}],"is_beta":false,"boss_relics":[{"not_picked":["Black Star","Snecko Eye"],"picked":"Astrolabe"}],"items_purged_floors":[3],"is_endless":false,"potions_floor_spawned":[2,5,16,18],"killed_by":"3 Cultists","ascension_level":0}}