{"host":"ukx402utdi8v8522","time":1614241760,"event":{"mods":["AchievementEnabler","BaseMod","Colored Map","Colored Powertips","Downfall","Minty Spire (QoL Compilation)","StSLib"],"gold_per_floor":[119,119,129,145,155,185,185,214,214,233,258,258,228,244,244,339,339,354,367,57,71,91,118,118,118,118],"floor_reached":25,"language":"ENG","playtime":973,"items_purged":[],"score":384,"play_id":"387d42ed-074f-412d-b25d-0d7dafce6cd5","local_time":"20210225192920","is_ascension_mode":true,"campfire_choices":[{"data":"ReachHeaven","floor":7,"key":"SMITH"},{"floor":15,"key":"REST"},{"data":"Establishment","floor":24,"key":"SMITH"}],"circlet_count":0,"master_deck":["Strike_P","Strike_P","Strike_P","Strike_P","Defend_P","Defend_P","Defend_P","Defend_P","Eruption","Vigilance","Ragnarok+1","LikeWater","Tantrum","Consecrate","BowlingBash","ReachHeaven+1","Halt","Protect","Perseverance","Establishment+1","CurseOfTheBell","WindmillStrike+1","WreathOfFlame","ClearTheMind"],"relics":["PureWater","Strawberry","CloakClasp","Mercury Hourglass","Shuriken","Bag of Marbles","Calling Bell","Anchor","Molten Egg 2","hexamod:Sixitude","HandDrill","Bag of Preparation","Pen Nib"],"acts_visited":["Exordium","TheCity"],"potions_floor_usage":[6,14,16,16,23],"damage_taken":[{"damage":4,"enemies":"Jaw Worm","floor":1,"turns":3},{"damage":5,"enemies":"Small Slimes","floor":3,"turns":5},{"damage":0,"enemies":"2 Louse","floor":4,"turns":2},{"damage":2,"enemies":"Gremlin Gang","floor":5,"turns":2},{"damage":22,"enemies":"3 Sentries","floor":6,"turns":5},{"damage":27,"enemies":"Lagavulin","floor":8,"turns":4},{"damage":0,"enemies":"2 Fungi Beasts","floor":10,"turns":2},{"damage":0,"enemies":"Gremlin Nob","floor":11,"turns":1},{"damage":0,"enemies":"Exordium Wildlife","floor":14,"turns":1},{"damage":0,"enemies":"The Guardian","floor":16,"turns":9},{"damage":0,"enemies":"Spheric Guardian","floor":18,"turns":3},{"damage":0,"enemies":"3 Byrds","floor":19,"turns":3},{"damage":0,"enemies":"Snecko","floor":21,"turns":2},{"damage":14,"enemies":"Centurion and Healer","floor":22,"turns":3},{"damage":17,"enemies":"Slavers","floor":23,"turns":2},{"damage":57,"enemies":"Book of Stabbing","floor":25,"turns":4}],"seed_played":"1474385110483068861","potions_obtained":[{"floor":1,"key":"Swift Potion"},{"floor":3,"key":"champ:CounterPotion"},{"floor":6,"key":"Swift Potion"},{"floor":11,"key":"PowerPotion"},{"floor":13,"key":"DuplicationPotion"},{"floor":22,"key":"Explosive Potion"},{"floor":23,"key":"SteroidPotion"}],"is_trial":false,"path_per_floor":["M","?","M","M","M","E","R","E","T","M","E","?","?","M","R","B",null,"M","M","$","M","M","E","R","E"],"character_chosen":"WATCHER","items_purchased":["HandDrill","Bag of Preparation"],"campfire_rested":1,"item_purchase_floors":[20,20],"current_hp_per_floor":[68,68,63,63,61,46,46,19,19,19,19,1,1,1,24,24,79,79,79,79,79,65,48,48,0,0],"gold":118,"neow_bonus":"ONE_RANDOM_RARE_CARD","is_daily":false,"chose_seed":false,"campfire_upgraded":2,"win_rate":0.0,"timestamp":1614241760,"path_taken":["M","?","M","M","M","E","R","E","T","M","E","?","?","M","R","BOSS","M","M","$","M","M","E","R","E"],"items_purchased_type":["Relic","Relic"],"build_version":"2020-12-22","purchased_purges":0,"victory":false,"max_hp_per_floor":[72,72,72,72,72,79,79,79,79,79,79,79,79,79,79,79,79,79,79,79,79,79,79,79,79,79],"card_choices":[{"not_picked":["Consecrate","WindmillStrike"],"picked":"LikeWater","floor":1},{"not_picked":["JustLucky","Collect"],"picked":"Tantrum","floor":3},{"not_picked":["JustLucky","Perseverance"],"picked":"Consecrate","floor":4},{"not_picked":["FollowUp","Consecrate"],"picked":"BowlingBash","floor":5},{"not_picked":["Protect","Consecrate"],"picked":"ReachHeaven","floor":6},{"not_picked":["ThirdEye","LikeWater"],"picked":"Halt","floor":8},{"not_picked":["Study","BowlingBash"],"picked":"Protect","floor":10},{"not_picked":["Vault","Weave"],"picked":"Perseverance","floor":11},{"not_picked":["SignatureMove","EmptyMind","EmptyBody"],"picked":"SKIP","floor":14},{"not_picked":["Ragnarok","Brilliance"],"picked":"Establishment","floor":16},{"not_picked":["Study+1","Vengeance"],"picked":"WindmillStrike+1","floor":18},{"not_picked":["Wireheading","Protect+1"],"picked":"WreathOfFlame","floor":19},{"not_picked":["JustLucky+1","Evaluate","Protect"],"picked":"SKIP","floor":21},{"not_picked":["BowlingBash+1","Vengeance","ThirdEye"],"picked":"SKIP","floor":22},{"not_picked":["Evaluate","EmptyMind"],"picked":"ClearTheMind","floor":23}],"player_experience":534153,"relics_obtained":[{"floor":6,"key":"Strawberry"},{"floor":8,"key":"CloakClasp"},{"floor":9,"key":"Mercury Hourglass"},{"floor":11,"key":"Shuriken"},{"floor":17,"key":"Anchor"},{"floor":17,"key":"Molten Egg 2"},{"floor":17,"key":"hexamod:Sixitude"},{"floor":23,"key":"Pen Nib"}],"event_choices":[{"damage_healed":0,"gold_gain":0,"player_choice":"Grow","damage_taken":0,"max_hp_gain":0,"max_hp_loss":0,"event_name":"Living Wall","floor":2,"gold_loss":0,"cards_upgraded":["Ragnarok"]},{"damage_healed":0,"gold_gain":0,"player_choice":"Success","damage_taken":18,"relics_obtained":["Bag of Marbles"],"max_hp_gain":0,"max_hp_loss":0,"event_name":"Scrap Ooze","floor":12,"gold_loss":0},{"damage_healed":0,"gold_gain":0,"player_choice":"Bought 2 Potions","damage_taken":0,"max_hp_gain":0,"max_hp_loss":0,"event_name":"The Woman in Blue","floor":13,"gold_loss":0}],"is_beta":false,"boss_relics":[{"not_picked":["expansioncontent:StudyCardRelic","Velvet Choker"],"picked":"Calling Bell"}],"items_purged_floors":[],"is_endless":false,"potions_floor_spawned":[1,3,6,11,22,23],"killed_by":"Book of Stabbing","ascension_level":4}}