{"host":"bzq0skgbben6khkk","time":1614250284,"event":{"mods":["Act Like it!","BaseMod","Minty Spire (QoL Compilation)","MostiFishMod","StSLib"],"gold_per_floor":[118,131,148,160,170,198,210,238,238,266,323,357,376,376,376,451,451,468,486,536,546,564,591,607,634,634,388,388,418,418,427,427,505,586,601,615,615,668,678,697,697,732,732,350,350,380,380,415,415,415],"floor_reached":51,"language":"ZHS","playtime":2590,"items_purged":["Strike_G","Deadly Poison"],"score":1904,"play_id":"dbcedd79-e1c7-4e1f-9cb6-980f4b87f4ec","local_time":"20210225185124","is_ascension_mode":true,"campfire_choices":[{"data":"MostiFishMod:WinterMarkForm","floor":15.0,"key":"SMITH"},{"data":"Wraith Form v2","floor":28.0,"key":"SMITH"},{"data":"MostiFishMod:Dislodge","floor":30.0,"key":"SMITH"},{"data":"Calculated Gamble","floor":32.0,"key":"SMITH"},{"data":"MostiFishMod:Opportunism","floor":41.0,"key":"SMITH"},{"data":"Wraith Form v2","floor":45,"key":"SMITH"},{"data":"Prepared","floor":47,"key":"SMITH"},{"data":"Outmaneuver","floor":49,"key":"SMITH"}],"circlet_count":0,"master_deck":["AscendersBane","Survivor","Neutralize","MostiFishMod:WinterMarkForm+1","MostiFishMod:PerfectParry","Reflex","Acrobatics","Calculated Gamble+1","Well Laid Plans","Infinite Blades","MostiFishMod:Dislodge+1","Outmaneuver+1","Accuracy","Footwork+1","Wraith Form v2+1","Wraith Form v2+1","Writhe","Concentrate","Noxious Fumes","PiercingWail","MostiFishMod:Opportunism+1","Terror","Outmaneuver","Die Die Die","Prepared+1","Acrobatics+1"],"relics":["Ring of the Snake","DaveBox","SynthV:TestCard","FeatherPendant","SynthV:C4","DaCapo","InkBottle","Prayer Wheel","War Paint","Bird Faced Urn","Black Star","Tingsha","Darkstone Periapt","WingedGreaves","Shuriken","Art of War","CeramicFish","White Beast Statue","Incense Burner","Pandora\u0027s Box","HollowDreamFlower","Blood Vial","Oddly Smooth Stone","Akabeko","Blue Candle","MostiFishMod:Haymaker","Pen Nib","Molten Egg 2","StrikeDummy"],"acts_visited":["TheCity","TheBeyond"],"potions_floor_usage":[],"damage_taken":[{"damage":0.0,"enemies":"Cultist","floor":1.0,"turns":3.0},{"damage":4.0,"enemies":"Jaw Worm","floor":2.0,"turns":5.0},{"damage":2.0,"enemies":"Small Slimes","floor":3.0,"turns":6.0},{"damage":0.0,"enemies":"Blue Slaver","floor":4.0,"turns":3.0},{"damage":0.0,"enemies":"Exordium Thugs","floor":5.0,"turns":4.0},{"damage":10.0,"enemies":"3 Sentries","floor":6.0,"turns":3.0},{"damage":0.0,"enemies":"Large Slime","floor":7.0,"turns":2.0},{"damage":0.0,"enemies":"Lagavulin","floor":8.0,"turns":3.0},{"damage":0.0,"enemies":"Gremlin Nob","floor":10.0,"turns":2.0},{"damage":0.0,"enemies":"3 Sentries","floor":11.0,"turns":5.0},{"damage":0.0,"enemies":"3 Sentries","floor":12.0,"turns":3.0},{"damage":0.0,"enemies":"3 Louse","floor":13.0,"turns":2.0},{"damage":0.0,"enemies":"Slime Boss","floor":16.0,"turns":2.0},{"damage":0.0,"enemies":"Spheric Guardian","floor":18.0,"turns":2.0},{"damage":0.0,"enemies":"Shell Parasite","floor":19.0,"turns":3.0},{"damage":0.0,"enemies":"3 Cultists","floor":21.0,"turns":2.0},{"damage":0.0,"enemies":"Shelled Parasite and Fungi","floor":22.0,"turns":3.0},{"damage":0.0,"enemies":"Book of Stabbing","floor":23.0,"turns":4.0},{"damage":0.0,"enemies":"Snecko","floor":24.0,"turns":2.0},{"damage":3.0,"enemies":"Slavers","floor":25.0,"turns":2.0},{"damage":3.0,"enemies":"Book of Stabbing","floor":29.0,"turns":4.0},{"damage":24.0,"enemies":"Automaton","floor":33.0,"turns":4.0},{"damage":0.0,"enemies":"3 Darklings","floor":35.0,"turns":1.0},{"damage":1.0,"enemies":"Orb Walker","floor":36.0,"turns":2.0},{"damage":4.0,"enemies":"2 Orb Walkers","floor":38.0,"turns":3.0},{"damage":2.0,"enemies":"Spire Growth","floor":39.0,"turns":3.0},{"damage":0.0,"enemies":"Sphere and 2 Shapes","floor":40.0,"turns":1.0},{"damage":0.0,"enemies":"Reptomancer","floor":42.0,"turns":3.0},{"damage":5,"enemies":"Nemesis","floor":46,"turns":3},{"damage":4,"enemies":"Reptomancer","floor":48,"turns":3},{"damage":6,"enemies":"Time Eater","floor":50,"turns":6}],"seed_played":"7375485209445672871","potions_obtained":[{"floor":1.0,"key":"Fire Potion"},{"floor":4.0,"key":"CultistPotion"},{"floor":7.0,"key":"SteroidPotion"},{"floor":12.0,"key":"CunningPotion"},{"floor":19.0,"key":"Dexterity Potion"},{"floor":35.0,"key":"SpeedPotion"},{"floor":36.0,"key":"Fruit Juice"},{"floor":38.0,"key":"Energy Potion"},{"floor":39.0,"key":"BlessingOfTheForge"}],"is_trial":false,"path_per_floor":["M","M","M","M","M","E","M","E","T","E","?","E","M","?","R","B",null,"M","M","?","M","M","E","M","E","T","$","R","E","R","?","R","B",null,"M","M","?","?","M","M","R","E","T","$","R","E","R","E","R","B",null],"character_chosen":"THE_SILENT","items_purchased":["Art of War","Blue Candle"],"campfire_rested":0,"item_purchase_floors":[27,44],"current_hp_per_floor":[44,40,38,38,38,28,28,28,28,28,28,28,32,37,37,53,67,71,71,64,68,71,71,71,71,71,71,71,71,71,77,77,69,75,77,82,82,80,82,82,82,82,82,82,82,79,79,82,82,81],"gold":415,"neow_bonus":"THREE_RARE_CARDS","is_daily":false,"chose_seed":false,"campfire_upgraded":8,"win_rate":0.0,"timestamp":1614250284,"path_taken":["M","M","M","M","M","E","?","E","T","E","?","E","M","?","R","BOSS","M","M","?","?","M","E","?","E","T","$","R","E","R","?","R","BOSS","M","M","?","?","M","M","R","E","T","$","R","E","R","E","R","BOSS"],"items_purchased_type":["Relic","Relic"],"build_version":"2020-12-22","purchased_purges":2,"victory":true,"max_hp_per_floor":[66,66,66,66,66,66,66,66,66,66,66,66,66,71,71,71,71,71,71,71,71,71,71,71,71,71,71,71,71,71,77,77,77,77,77,82,82,82,82,82,82,82,82,82,82,82,82,82,82,82],"card_choices":[{"not_picked":["MostiFishMod:AdrenalineArouse","Doppelganger"],"picked":"MostiFishMod:WinterMarkForm","floor":0.0},{"not_picked":["Blur","Backflip","Poisoned Stab"],"picked":"SKIP","floor":1.0},{"not_picked":["Sucker Punch","Flying Knee","Dodge and Roll","Caltrops"],"picked":"MostiFishMod:PerfectParry","floor":2.0},{"not_picked":["Deflect","Outmaneuver","Setup","Backflip"],"picked":"Reflex","floor":3.0},{"not_picked":["Prepared","Expertise","MostiFishMod:ThornCasing","Catalyst"],"picked":"Acrobatics","floor":4.0},{"not_picked":["Dagger Spray","Infinite Blades","Flechettes","MostiFishMod:GrandStart"],"picked":"Calculated Gamble","floor":5.0},{"not_picked":["Dagger Throw","MostiFishMod:FrostNova","Calculated Gamble","Caltrops"],"picked":"Well Laid Plans","floor":6.0},{"not_picked":["MostiFishMod:FrostNova","Deadly Poison","MostiFishMod:ThornCasing","MostiFishMod:PerfectParry"],"picked":"Infinite Blades","floor":7.0},{"not_picked":["Poisoned Stab","Reflex","PiercingWail","Dagger Spray"],"picked":"MostiFishMod:Dislodge","floor":8.0},{"not_picked":["Dagger Spray","Underhanded Strike","Cloak And Dagger","Prepared","Infinite Blades"],"picked":"SKIP","floor":10.0},{"not_picked":["Predator","Choke","Flying Knee","MostiFishMod:PreservedThorns"],"picked":"Outmaneuver","floor":12.0},{"not_picked":["Dagger Spray","Setup","Slice","Infinite Blades"],"picked":"Accuracy","floor":13.0},{"not_picked":["Catalyst","MostiFishMod:WinterMarkForm","Backflip","Flying Knee","Bouncing Flask"],"picked":"SKIP","floor":13.0},{"not_picked":["Corpse Explosion","MostiFishMod:Opportunism","MostiFishMod:LethalBlade","Glass Knife"],"picked":"MostiFishMod:FullyArmed","floor":16.0},{"not_picked":["Cloak And Dagger","Choke","Prepared","Flechettes+1"],"picked":"Footwork+1","floor":18.0},{"not_picked":["Escape Plan","Bane+1","Backflip+1","Catalyst","MostiFishMod:InvigoratingSolution"],"picked":"SKIP","floor":18.0},{"not_picked":["Dagger Throw+1","Setup","Eviscerate","Dodge and Roll","Slice"],"picked":"SKIP","floor":19.0},{"not_picked":["Calculated Gamble","Tools of the Trade","Choke","Blur","Backflip"],"picked":"SKIP","floor":19.0},{"not_picked":["Backflip","Quick Slash","MostiFishMod:PerfectParry","Prepared","Sucker Punch"],"picked":"SKIP","floor":21.0},{"not_picked":["Catalyst","All Out Attack","Skewer","Eviscerate","Riddle With Holes"],"picked":"SKIP","floor":21.0},{"not_picked":["Acrobatics+1","Expertise","Outmaneuver","MostiFishMod:PerfectParry"],"picked":"Wraith Form v2","floor":22.0},{"not_picked":["Outmaneuver","Acrobatics","MostiFishMod:PerfectParry","Expertise","Deflect"],"picked":"SKIP","floor":22.0},{"not_picked":["Dagger Throw","Slice","Escape Plan","Well Laid Plans+1","Calculated Gamble"],"picked":"SKIP","floor":23.0},{"not_picked":["Deflect","Sucker Punch","Poisoned Stab","Underhanded Strike","Dodge and Roll"],"picked":"SKIP","floor":24.0},{"not_picked":["Quick Slash","Dodge and Roll","Masterful Stab","Grand Finale","PiercingWail"],"picked":"SKIP","floor":24.0},{"not_picked":["Unload","Blade Dance","Blur","Deflect"],"picked":"Wraith Form v2","floor":25.0},{"not_picked":["Infinite Blades","Dagger Throw","Underhanded Strike","Quick Slash+1","Crippling Poison"],"picked":"SKIP","floor":29.0},{"not_picked":["Slice+1","Leg Sweep+1","Dodge and Roll+1","MostiFishMod:PerfectParry","Skewer"],"picked":"SKIP","floor":35.0},{"not_picked":["Underhanded Strike","Flying Knee+1","Dagger Spray","Predator","Skewer+1"],"picked":"SKIP","floor":35.0},{"not_picked":["Deflect","PiercingWail","Sucker Punch","Expertise","Dagger Spray"],"picked":"SKIP","floor":36.0},{"not_picked":["Infinite Blades","Calculated Gamble+1","Blade Dance","Endless Agony","Die Die Die"],"picked":"SKIP","floor":36.0},{"not_picked":["MostiFishMod:PoisonShield+1","Choke","PiercingWail+1","Masterful Stab","Outmaneuver"],"picked":"SKIP","floor":39.0},{"not_picked":["MostiFishMod:InvigoratingSolution","Blur","Cloak And Dagger","Blade Dance","Bane"],"picked":"SKIP","floor":39.0},{"not_picked":["Escape Plan","Quick Slash","Dagger Throw+1","Dagger Spray+1"],"picked":"Acrobatics+1","floor":40.0},{"not_picked":["PiercingWail","Backstab","Escape Plan","Outmaneuver","Slice"],"picked":"SKIP","floor":40.0},{"not_picked":["Concentrate+1","Eviscerate","Catalyst","Backstab","MostiFishMod:PreservedThorns"],"picked":"SKIP","floor":42.0},{"not_picked":["Dagger Throw+1","Cloak And Dagger","Deflect+1","MostiFishMod:VineMother+1","Quick Slash+1"],"picked":"SKIP","floor":46},{"not_picked":["MostiFishMod:InvigoratingSolution+1","Masterful Stab+1","Crippling Poison","Underhanded Strike+1","MostiFishMod:SpreadingSpore"],"picked":"SKIP","floor":48}],"player_experience":477253,"relics_obtained":[{"floor":1.0,"key":"SynthV:TestCard"},{"floor":6.0,"key":"SynthV:C4"},{"floor":8.0,"key":"DaCapo"},{"floor":9.0,"key":"InkBottle"},{"floor":10.0,"key":"Prayer Wheel"},{"floor":11.0,"key":"War Paint"},{"floor":12.0,"key":"Bird Faced Urn"},{"floor":23.0,"key":"Tingsha"},{"floor":23.0,"key":"Darkstone Periapt"},{"floor":25.0,"key":"WingedGreaves"},{"floor":25.0,"key":"Shuriken"},{"floor":29.0,"key":"CeramicFish"},{"floor":29.0,"key":"White Beast Statue"},{"floor":38.0,"key":"HollowDreamFlower"},{"floor":42.0,"key":"Blood Vial"},{"floor":42.0,"key":"Oddly Smooth Stone"},{"floor":43.0,"key":"Akabeko"},{"floor":46,"key":"MostiFishMod:Haymaker"},{"floor":46,"key":"Pen Nib"},{"floor":48,"key":"Molten Egg 2"},{"floor":48,"key":"StrikeDummy"}],"event_choices":[{"damage_healed":0.0,"max_hp_gain":0.0,"max_hp_loss":0.0,"gold_gain":0.0,"event_name":"Dead Adventurer","player_choice":"Searched \u00271\u0027 times","floor":11.0,"gold_loss":0.0,"damage_taken":0.0},{"damage_healed":0.0,"max_hp_gain":5.0,"max_hp_loss":0.0,"gold_gain":0.0,"event_name":"Big Fish","player_choice":"Donut","floor":14.0,"gold_loss":0.0,"damage_taken":0.0},{"damage_healed":0.0,"max_hp_gain":0.0,"max_hp_loss":0.0,"gold_gain":50.0,"event_name":"FaceTrader","player_choice":"Touch","floor":20.0,"gold_loss":0.0,"damage_taken":7.0},{"damage_healed":0.0,"max_hp_gain":0.0,"max_hp_loss":0.0,"gold_gain":0.0,"event_name":"The Mausoleum","player_choice":"Opened","floor":31.0,"gold_loss":0.0,"damage_taken":0.0,"relics_obtained":["Incense Burner"],"cards_obtained":["Writhe"]},{"damage_healed":0.0,"max_hp_gain":0.0,"max_hp_loss":0.0,"gold_gain":0.0,"event_name":"Tomb of Lord Red Mask","player_choice":"Ignored","floor":37.0,"gold_loss":0.0,"damage_taken":0.0},{"damage_healed":0.0,"max_hp_gain":0.0,"max_hp_loss":0.0,"gold_gain":0.0,"event_name":"Mysterious Sphere","player_choice":"Fight","floor":38.0,"gold_loss":0.0,"damage_taken":0.0}],"is_beta":false,"boss_relics":[{"not_picked":["xbg","Tiny House"],"picked":"Black Star"},{"not_picked":["Empty Cage","Philosopher\u0027s Stone"],"picked":"Pandora\u0027s Box"}],"items_purged_floors":[27,44],"is_endless":false,"potions_floor_spawned":[1,4,5,7,10,12,18,19,22,24,33,35,36,38,39,40,42,46,48],"ascension_level":16}}