{"host":"id23shmscryl4psl","time":1614263073,"event":{"mods":["BaseMod","Better Altar","Better Match","Better Note","Better Sensory Stone","Better Skull","Better Third Choice","Colored Map","Colored Powertips","Dark Map","Downfall","FTL Soundtrack","Minty Spire (QoL Compilation)","Rare Cards Sparkle","Relic Stats","Robot Space Explorer","StSLib"],"gold_per_floor":[99,99,99,129,4,4,4,19,19,46,56,83,42,70,82,82,82,82],"floor_reached":16,"language":"ENG","playtime":1272,"items_purged":["Guardian:Strike_Guardian"],"score":111,"play_id":"58c8bb1b-1c39-4031-a04a-8e67cdde2591","local_time":"20210225072433","is_ascension_mode":true,"campfire_choices":[{"floor":1,"key":"RECALL"},{"data":"Guardian:Suspension","floor":9,"key":"SMITH"}],"circlet_count":0,"master_deck":["Guardian:Strike_Guardian","Guardian:Strike_Guardian","Guardian:Strike_Guardian","Guardian:Defend_Guardian+1","Guardian:Defend_Guardian","Guardian:Defend_Guardian","Guardian:Defend_Guardian","Guardian:CurlUp","Guardian:TwinSlam","Guardian:Suspension+1","Guardian:Recover","Guardian:Preprogram+1","Guardian:Gem_White","Guardian:Gem_Lightblue","Guardian:Gem_Yellow","Guardian:Planning","Guardian:SpikerProtocol","Guardian:VentSteam"],"relics":["Guardian:ModeShifter","downfall:HeartsMalice","Matryoshka","War Paint","Odd Mushroom"],"acts_visited":["Exordium"],"potions_floor_usage":[11,15,16,16],"damage_taken":[{"damage":0,"enemies":"Small Slimes","floor":2,"turns":1},{"damage":0,"enemies":"downfall:FleeingMerchant","floor":5,"turns":1},{"damage":0,"enemies":"2 Louse","floor":6,"turns":1},{"damage":8,"enemies":"Jaw Worm","floor":8,"turns":6},{"damage":15,"enemies":"3 Sentries","floor":10,"turns":12},{"damage":0,"enemies":"Gremlin Gang","floor":11,"turns":4},{"damage":39,"enemies":"Lagavulin","floor":12,"turns":10},{"damage":0,"enemies":"downfall:FleeingMerchant","floor":13,"turns":4},{"damage":7,"enemies":"The Mushroom Lair","floor":14,"turns":7},{"damage":0,"enemies":"3 Louse","floor":15,"turns":4},{"damage":19,"enemies":"WA_ARCHETYPE_RETAIN","floor":16,"turns":4}],"seed_played":"-6977562258195180084","potions_obtained":[{"floor":8,"key":"Guardian:BlockOnCardUsePotion"},{"floor":10,"key":"Explosive Potion"},{"floor":12,"key":"Guardian:StasisDiscoveryPotion"},{"floor":14,"key":"CultistPotion"},{"floor":15,"key":"hexamod:SoulburnPotion"}],"is_trial":false,"path_per_floor":["R","M","?","?","$","M","T","M","R","E","M","E","$","?","M","B"],"character_chosen":"GUARDIAN","items_purchased":["Guardian:Suspension","Guardian:Planning"],"campfire_rested":0,"item_purchase_floors":[5,13],"current_hp_per_floor":[80,80,80,80,80,80,80,72,72,57,57,18,18,11,11,0,0,0],"gold":82,"neow_bonus":"THREE_ENEMY_KILL","is_daily":false,"chose_seed":false,"campfire_upgraded":1,"win_rate":0.0,"timestamp":1614263073,"path_taken":["R","M","?","?","?","?","T","?","R","E","M","E","$","?","M","BOSS"],"items_purchased_type":["Card","Card"],"build_version":"2020-12-22","purchased_purges":1,"victory":false,"max_hp_per_floor":[80,80,80,80,80,80,80,80,80,80,80,80,80,80,80,80,80,80],"relic_stats":{"counters":[11,51],"War Paint":["Guardian:Preprogram","Guardian:Defend_Guardian"],"obtain_stats":[{"Matryoshka":10,"Guardian:ModeShifter":0,"downfall:HeartsMalice":0,"War Paint":12,"Odd Mushroom":14},{"Matryoshka":5,"Guardian:ModeShifter":0,"downfall:HeartsMalice":0,"War Paint":7,"Odd Mushroom":9},{"Matryoshka":18,"Guardian:ModeShifter":0,"downfall:HeartsMalice":0,"War Paint":32,"Odd Mushroom":43}]},"card_choices":[{"not_picked":["Guardian:WalkerClaw","Guardian:BronzeOrb"],"picked":"Guardian:Gem_Lightblue","floor":2},{"not_picked":["Guardian:BronzeOrb","Guardian:VentSteam"],"picked":"Guardian:Gem_Cyan","floor":5},{"not_picked":["Guardian:Suspension","Guardian:HyperBeam_Guardian"],"picked":"Guardian:Gem_Green","floor":6},{"not_picked":["Guardian:CrystalBeam","Guardian:Reroute"],"picked":"Guardian:Recover","floor":8},{"not_picked":["Guardian:PolyBeam","Guardian:TemporalStrike"],"picked":"Guardian:Preprogram","floor":10},{"not_picked":["Guardian:Reroute","Guardian:ChargeCore"],"picked":"Guardian:Gem_White","floor":11},{"not_picked":["Guardian:PrimingBeam","Guardian:Emergency"],"picked":"Guardian:Gem_Lightblue","floor":12},{"not_picked":["Guardian:ShieldSpikes","Guardian:WalkerClaw"],"picked":"Guardian:Gem_Yellow","floor":13},{"not_picked":["Guardian:PrismaticBarrier","Guardian:WalkerClaw"],"picked":"Guardian:SpikerProtocol","floor":14},{"not_picked":["Guardian:TemporalShield","Guardian:Suspension"],"picked":"Guardian:VentSteam","floor":15}],"player_experience":92549,"relics_obtained":[{"floor":10,"key":"Matryoshka"},{"floor":12,"key":"War Paint"},{"floor":14,"key":"Odd Mushroom"}],"event_choices":[{"damage_healed":0,"gold_gain":0,"player_choice":"Fought Mushrooms","damage_taken":0,"max_hp_gain":0,"max_hp_loss":0,"event_name":"Mushrooms","floor":14,"gold_loss":0}],"is_beta":false,"boss_relics":[],"items_purged_floors":[5],"is_endless":false,"potions_floor_spawned":[8,10,12,14,15],"killed_by":"WA_ARCHETYPE_RETAIN","ascension_level":1}}