{"host":"4zd9qxtdu4r42b0n","time":1614220833,"event":{"mods":["100% Spire Juice","Act Like it!","BaseMod","Beaked The Cultist","Better Third Choice","BetterRewards","ChefMod","Colored Map","Dota2Spire","Elementarium","Hermit","Hubris","Infinite Spire","Jorbs\u0027s Wanderer Trilogy","Koishi","Marisa????????","Menagerie","Minty Spire (QoL Compilation)","Potionbrewer","Rare Cards Sparkle","Relic Stats","Reliquary","Replay The Spire","Robot Space Explorer","Ruina","Shade Mod","Shapeshifter Mod","Spicy Shops","Spire Arcade","StSLib","The Animator","The Caster","The Clintock","The Construct","The Cursed","The Dragon Tamer","The Dragonkin","The Fake Hero","The Gatherer","The Hayseed","The Jungle","The Marked","The Mystic","The Necromancer","The Runesmith","The Servant 0.9.4","The Spell Scribe","TheFirefly","Wandering Minibosses","thorton","??????REMEMod"],"gold_per_floor":[114,129,129,129,129,159,9,84,84,84,99,99,114,52,52,152,152,152],"floor_reached":17,"language":"ENG","playtime":756,"items_purged":[],"score":228,"play_id":"9e72a2b9-38e1-4e36-bd51-73049cada058","local_time":"20210224214033","daily_mods":["Insanity","Colorless Cards","Night Terrors"],"is_ascension_mode":false,"campfire_choices":[{"data":"Sneak Up","floor":10,"key":"SMITH"},{"data":"animator:QuestionMark","floor":12,"key":"SMITH"},{"data":"Mind Blast","floor":15,"key":"SMITH"}],"circlet_count":0,"master_deck":["Flying Knee","Backflip","Acrobatics","Quick Slash","Cloak And Dagger","Underhanded Strike","Prepared","Deep Breath","animator:MisaKurobane","Purity","Backflip","ReplayTheSpireMod:Tripwire","animator:Magilou","Underhanded Strike","Mind Blast+1","animator:MisaKurobane","Sucker Punch","hubris:SlightOfHand","Blade Dance","Quick Slash","Poisoned Stab","Deflect","Flying Knee","ReplayTheSpireMod:Uncanny Aura","Sucker Punch","animator:Zero","Quick Slash","Cloak And Dagger","Blade Dance","Sucker Punch","animator:MisaKurobane","Blade Dance","Outmaneuver","PiercingWail","Bane","ReplayTheSpireMod:The Works","Flying Knee","Calculated Gamble","Catalyst","Dark Shackles","Setup","Poisoned Stab","Underhanded Strike","Quick Slash","Dagger Throw","Swift Strike","animator:Shimakaze","REME_GreenPollution","Sneak Up+1","Poisoned Stab","potionbrewer:AlchemistForm","animator:QuestionMark","animator:QuestionMark","animator:QuestionMark+1","ReplayTheSpireMod:Necrogeddon","Writhe","Shame","Writhe"],"relics":["Ring of the Snake","REME_ComplimentaryCards","Vampiric Spirits","ReplayFunnel","Dota2Spire:MantaStyle","Membership Card","hubris:CrystalStatue","Snack Pack","Replay:Ancient Bell","Dota2Spire:LotusOrb","reliquary:HotPoker","Dota2Spire:AssaultCuirass"],"acts_visited":["Exordium","TheCity"],"potions_floor_usage":[],"damage_taken":[{"damage":0,"enemies":"2 Louse","floor":1,"turns":1},{"damage":0,"enemies":"Small Slimes","floor":2,"turns":2},{"damage":9,"enemies":"Replay:BlueRogue","floor":6,"turns":2},{"damage":0,"enemies":"Jaw Worm","floor":11,"turns":1},{"damage":0,"enemies":"Large Slime","floor":13,"turns":1},{"damage":5,"enemies":"Fading Forest","floor":16,"turns":11}],"seed_played":"3523290589944034342","potions_obtained":[{"floor":2,"key":"potionbrewer:MidasPotion"},{"floor":6,"key":"AttackPotion"},{"floor":11,"key":"Milkshake"}],"is_trial":false,"path_per_floor":["M","M","?","?","?","E","$","?","T","R","M","R","M","$","R","B",null],"character_chosen":"THE_SILENT","items_purchased":["Membership Card","Snack Pack"],"campfire_rested":0,"item_purchase_floors":[7,14],"current_hp_per_floor":[70,70,70,70,63,61,61,50,50,50,61,61,70,70,70,70,70,70],"gold":152,"neow_bonus":"","is_daily":true,"chose_seed":false,"campfire_upgraded":3,"win_rate":0.0,"timestamp":1614220833,"path_taken":["M","M","?","?","?","E","?","?","T","R","M","R","M","$","R","BOSS"],"items_purchased_type":["Relic","Relic"],"build_version":"2020-12-22","purchased_purges":0,"victory":false,"max_hp_per_floor":[70,70,70,70,70,70,70,70,70,70,70,70,70,70,70,70,70,70],"relic_stats":{"counters":[6,18],"obtain_stats":[{"ReplayFunnel":4,"Dota2Spire:MantaStyle":6,"reliquary:HotPoker":17,"hubris:CrystalStatue":9,"Vampiric Spirits":3,"Snack Pack":14,"Replay:Ancient Bell":17,"Membership Card":7,"Dota2Spire:AssaultCuirass":17,"Dota2Spire:LotusOrb":17,"Ring of the Snake":0,"REME_ComplimentaryCards":0},{"ReplayFunnel":2,"Dota2Spire:MantaStyle":3,"reliquary:HotPoker":6,"hubris:CrystalStatue":3,"Vampiric Spirits":2,"Snack Pack":5,"Replay:Ancient Bell":6,"Membership Card":3,"Dota2Spire:AssaultCuirass":6,"Dota2Spire:LotusOrb":6,"Ring of the Snake":0,"REME_ComplimentaryCards":0},{"ReplayFunnel":3,"Dota2Spire:MantaStyle":5,"reliquary:HotPoker":18,"hubris:CrystalStatue":5,"Vampiric Spirits":3,"Snack Pack":7,"Replay:Ancient Bell":18,"Membership Card":5,"Dota2Spire:AssaultCuirass":18,"Dota2Spire:LotusOrb":18,"Ring of the Snake":0,"REME_ComplimentaryCards":0}],"Ring of the Snake":[12]},"card_choices":[{"not_picked":["Deadly Poison","Outmaneuver","Flying Knee"],"picked":"SKIP","floor":1},{"not_picked":["ReplayTheSpireMod:Shiv Toss","Caltrops"],"picked":"animator:QuestionMark","floor":2},{"not_picked":["Slice","Sucker Punch"],"picked":"animator:QuestionMark","floor":6},{"not_picked":["Flying Knee","Underhanded Strike"],"picked":"animator:QuestionMark","floor":11},{"not_picked":["Dodge and Roll","Acrobatics","Sucker Punch"],"picked":"SKIP","floor":13},{"not_picked":["animator:Patchouli","Replay:Dark Deal"],"picked":"ReplayTheSpireMod:Necrogeddon","floor":16},{"not_picked":["Shame","Injury"],"picked":"Writhe","floor":17},{"not_picked":["Sickly","ReplayTheSpireMod:Restless Dread"],"picked":"Shame","floor":17},{"not_picked":["ReplayTheSpireMod:Faulty Equipment","stsjorbsmod:Procrastination"],"picked":"Writhe","floor":17}],"player_experience":1230727,"relics_obtained":[{"floor":3,"key":"Vampiric Spirits"},{"floor":6,"key":"Dota2Spire:MantaStyle"},{"floor":9,"key":"hubris:CrystalStatue"}],"event_choices":[{"damage_healed":0,"gold_gain":0,"player_choice":"Box","damage_taken":0,"relics_obtained":["ReplayFunnel"],"max_hp_gain":0,"max_hp_loss":0,"event_name":"Big Fish","floor":4,"gold_loss":0,"cards_obtained":["Regret"]},{"cards_removed":["Regret"],"damage_healed":0,"gold_gain":0,"player_choice":"Card Removal","damage_taken":7,"max_hp_gain":0,"max_hp_loss":0,"event_name":"Golden Wing","floor":5,"gold_loss":0},{"damage_healed":0,"gold_gain":75,"player_choice":"Gold","damage_taken":11,"max_hp_gain":0,"max_hp_loss":0,"event_name":"betterThird:BetterGoop","floor":8,"gold_loss":0}],"is_beta":false,"boss_relics":[{"not_picked":["Honey Jar","hubris:HollowSoul"],"picked":"Replay:Ancient Bell"},{"not_picked":["Dota2Spire:PhaseBoots","reliquary:TatteredRug"],"picked":"Dota2Spire:LotusOrb"},{"not_picked":["Dota2Spire:BattleFury","Onion Ring"],"picked":"reliquary:HotPoker"},{"not_picked":["Replay:Kaleidoscope","Unceasing Top"],"picked":"Dota2Spire:AssaultCuirass"}],"items_purged_floors":[],"is_endless":false,"potions_floor_spawned":[2,6,11],"ascension_level":0}}