{"host":"pzefa11dvor2x0v7","time":1614257969,"event":{"mods":["AchievementEnabler","BaseMod","Colored Powertips","Minty Spire (QoL Compilation)","Rare Cards Sparkle","StSLib"],"gold_per_floor":[115,115,128,142,112,112,146,37,37,37,66,81,106,120,120,192,192,209,209,219,251,166,166,201,201,277,33,33,50,65,93,93,93,93],"floor_reached":33,"language":"ENG","playtime":1071,"items_purged":[],"score":606,"play_id":"c82e5e1c-b249-4f88-80f7-f4b7b3cfdb2b","local_time":"20210225145929","is_ascension_mode":true,"campfire_choices":[{"data":"Go for the Eyes","floor":6.0,"key":"SMITH"},{"floor":10.0,"key":"REST"},{"floor":15,"key":"REST"},{"floor":23,"key":"REST"},{"data":"Zap","floor":25,"key":"SMITH"},{"floor":32,"key":"REST"}],"circlet_count":0,"master_deck":["AscendersBane","Strike_B","Strike_B","Strike_B","Strike_B","Defend_B","Defend_B","Defend_B","Defend_B","Zap+1","Dualcast","Sweeping Beam+1","Go for the Eyes+1","Ball Lightning","Ball Lightning","Leap+1","Redo+1","Cold Snap","Glacier+1","Rainbow+1","Reboot+1","Cold Snap","Leap+1","Stack+1","Seek+1","Static Discharge","Undo+1","Doom and Gloom+1","Reinforced Body+1","Redo+1"],"relics":["Cracked Core","Omamori","Toxic Egg 2","Mercury Hourglass","PreservedInsect","Dead Branch","Inserter","Red Mask","Prayer Wheel","Eternal Feather","Question Card","Enchiridion","Darkstone Periapt"],"acts_visited":["Exordium","TheCity"],"potions_floor_usage":[11,13,16,18,24,30,31,31],"damage_taken":[{"damage":4.0,"enemies":"2 Louse","floor":1.0,"turns":3.0},{"damage":2.0,"enemies":"Jaw Worm","floor":3.0,"turns":3.0},{"damage":1.0,"enemies":"Cultist","floor":4.0,"turns":3.0},{"damage":25.0,"enemies":"Lagavulin","floor":7.0,"turns":7.0},{"damage":20,"enemies":"Gremlin Nob","floor":11,"turns":4},{"damage":0,"enemies":"Large Slime","floor":12,"turns":3},{"damage":6,"enemies":"Lagavulin","floor":13,"turns":3},{"damage":4,"enemies":"Red Slaver","floor":14,"turns":2},{"damage":11,"enemies":"Slime Boss","floor":16,"turns":9},{"damage":4,"enemies":"2 Thieves","floor":18,"turns":3},{"damage":0,"enemies":"Chosen","floor":20,"turns":3},{"damage":33,"enemies":"Masked Bandits","floor":21,"turns":4},{"damage":24,"enemies":"Slavers","floor":24,"turns":3},{"damage":3,"enemies":"Shelled Parasite and Fungi","floor":29,"turns":6},{"damage":0,"enemies":"3 Cultists","floor":30,"turns":4},{"damage":13,"enemies":"Book of Stabbing","floor":31,"turns":4},{"damage":57,"enemies":"Automaton","floor":33,"turns":6}],"seed_played":"419166317220983603","potions_obtained":[{"floor":5.0,"key":"Ancient Potion"},{"floor":5.0,"key":"SkillPotion"},{"floor":7.0,"key":"SteroidPotion"},{"floor":11,"key":"PowerPotion"},{"floor":16,"key":"Energy Potion"},{"floor":20,"key":"FearPotion"},{"floor":24,"key":"AttackPotion"},{"floor":29,"key":"Strength Potion"},{"floor":30,"key":"Regen Potion"}],"is_trial":false,"path_per_floor":["M","?","M","M","?","R","E","$","T","R","E","M","E","M","R","B",null,"M","?","M","?","?","R","E","R","T","$","?","M","M","E","R","B"],"character_chosen":"DEFECT","items_purchased":["Leap+1","Redo+1","Seek+1","Static Discharge"],"campfire_rested":4,"item_purchase_floors":[8,8,27,27],"current_hp_per_floor":[60,60,58,57,57,57,32,32,32,53,33,33,27,23,44,33,62,58,58,58,25,25,46,22,34,34,34,13,10,10,9,48,0,0],"gold":93,"neow_bonus":"RANDOM_COMMON_RELIC","is_daily":false,"chose_seed":false,"campfire_upgraded":2,"win_rate":0.0,"timestamp":1614257969,"path_taken":["M","?","M","M","?","R","E","$","T","R","E","?","E","M","R","BOSS","M","?","?","?","?","R","E","R","T","$","?","M","M","E","R","BOSS"],"items_purchased_type":["Card","Card","Card","Card"],"build_version":"2020-12-22","purchased_purges":0,"victory":false,"max_hp_per_floor":[71,71,71,71,71,71,71,71,71,71,71,71,71,71,71,71,71,71,71,71,71,71,71,71,71,71,71,71,71,71,71,71,71,71],"card_choices":[{"not_picked":["Barrage","Rebound"],"picked":"Sweeping Beam","floor":1.0},{"not_picked":["Conserve Battery","Scrape"],"picked":"Go for the Eyes","floor":3.0},{"not_picked":["Beam Cell","Auto Shields"],"picked":"Ball Lightning","floor":4.0},{"not_picked":["Beam Cell","Self Repair"],"picked":"Ball Lightning","floor":7.0},{"not_picked":["FTL","Blizzard","Gash"],"picked":"SKIP","floor":11},{"not_picked":["Ball Lightning","Leap+1"],"picked":"Cold Snap","floor":12},{"not_picked":["Turbo+1","Redo+1"],"picked":"Glacier+1","floor":13},{"not_picked":["Reprogram+1","Sweeping Beam"],"picked":"Rainbow+1","floor":14},{"not_picked":["Machine Learning","Creative AI"],"picked":"Reboot+1","floor":16},{"not_picked":["Force Field+1","Rip and Tear"],"picked":"Cold Snap","floor":18},{"not_picked":["Double Energy+1","Rip and Tear","Go for the Eyes"],"picked":"SKIP","floor":20},{"not_picked":["Rebound","Sweeping Beam"],"picked":"Leap+1","floor":21},{"not_picked":["Barrage","Cold Snap"],"picked":"Stack+1","floor":24},{"not_picked":["Cold Snap","Static Discharge","Compile Driver"],"picked":"Undo+1","floor":29},{"not_picked":["Buffer","Leap+1","Sweeping Beam"],"picked":"Doom and Gloom+1","floor":29},{"not_picked":["Cold Snap","Recycle+1","Skim+1"],"picked":"Reinforced Body+1","floor":30},{"not_picked":["Cold Snap","Tempest+1","Rebound+1"],"picked":"Redo+1","floor":30},{"not_picked":["Go for the Eyes","Cold Snap","Stack+1","Steam+1"],"picked":"SKIP","floor":31}],"player_experience":673889,"relics_obtained":[{"floor":7.0,"key":"Toxic Egg 2"},{"floor":9.0,"key":"Mercury Hourglass"},{"floor":11,"key":"PreservedInsect"},{"floor":13,"key":"Dead Branch"},{"floor":21,"key":"Red Mask"},{"floor":24,"key":"Eternal Feather"},{"floor":26,"key":"Question Card"},{"floor":28,"key":"Enchiridion"},{"floor":31,"key":"Darkstone Periapt"}],"event_choices":[{"damage_healed":0.0,"max_hp_gain":0.0,"max_hp_loss":0.0,"gold_gain":0.0,"event_name":"Living Wall","player_choice":"Grow","floor":2.0,"gold_loss":0.0,"damage_taken":0.0,"cards_upgraded":["Sweeping Beam"]},{"damage_healed":0.0,"max_hp_gain":0.0,"max_hp_loss":0.0,"gold_gain":0.0,"event_name":"The Woman in Blue","player_choice":"Bought 2 Potions","floor":5.0,"gold_loss":0.0,"damage_taken":0.0},{"damage_healed":0,"gold_gain":0,"player_choice":"1 cards matched","damage_taken":0,"max_hp_gain":0,"max_hp_loss":0,"event_name":"Match and Keep!","floor":19,"gold_loss":0,"cards_obtained":["Pain"]},{"damage_healed":0,"gold_gain":0,"player_choice":"Fought Bandits","damage_taken":0,"max_hp_gain":0,"max_hp_loss":0,"event_name":"Masked Bandits","floor":21,"gold_loss":0},{"damage_healed":0,"gold_gain":0,"player_choice":"Obtained Relic","damage_taken":0,"relics_obtained":["Prayer Wheel"],"max_hp_gain":0,"max_hp_loss":0,"event_name":"Addict","floor":22,"gold_loss":85},{"damage_healed":0,"gold_gain":0,"player_choice":"Obtained Book","damage_taken":21,"max_hp_gain":0,"max_hp_loss":0,"event_name":"Cursed Tome","floor":28,"gold_loss":0}],"is_beta":false,"boss_relics":[{"not_picked":["Runic Dome","Black Star"],"picked":"Inserter"}],"items_purged_floors":[],"is_endless":false,"potions_floor_spawned":[7,11,12,16,20,24,29,30],"killed_by":"Automaton","ascension_level":20}}