{"host":"lmshf3swj20gmdor","time":1614274996,"event":{"mods":["2.2 Compatiblity","BaseMod","Conspire","Downfall","Googly Eyes","Hubris","Minty Spire (QoL Compilation)","Replay The Spire","Spikes Relics","StSLib","Synergy Search","The Servant 0.9.4"],"gold_per_floor":[13,13,88,100,100,130,130,143,166,166,166],"floor_reached":10,"language":"ENG","playtime":374,"items_purged":[],"score":76,"play_id":"b5c37a7c-7e8b-45bf-b1c4-bef1ab572684","local_time":"20210225174316","is_ascension_mode":true,"campfire_choices":[{"data":"ReturningBlade","floor":7,"key":"SMITH"}],"circlet_count":0,"master_deck":["Strike_S","Strike_S","Defend_S","Defend_S","Defend_S","KidneyShot","Exchange","Hightail","Ricochet","ReturningBlade+1","Luminosity","DancingSilver"],"relics":["Uniform","Shovel","Strawberry"],"acts_visited":["Exordium"],"potions_floor_usage":[],"damage_taken":[{"damage":0,"enemies":"2 Louse","floor":1,"turns":3},{"damage":8,"enemies":"Small Slimes","floor":4,"turns":6},{"damage":24,"enemies":"3 Sentries","floor":6,"turns":5},{"damage":10,"enemies":"Jaw Worm","floor":8,"turns":5},{"damage":23,"enemies":"Gremlin Nob","floor":10,"turns":3}],"seed_played":"8636708543733710183","potions_obtained":[{"floor":6,"key":"FearPotion"}],"is_trial":false,"path_per_floor":["M","$","?","M","?","E","R","M","T","E"],"character_chosen":"THE_SERVANT","items_purchased":[],"campfire_rested":0,"item_purchase_floors":[],"current_hp_per_floor":[65,65,54,46,46,22,22,12,19,0,0],"gold":166,"neow_bonus":"TRANSFORM_TWO_CARDS","is_daily":false,"chose_seed":false,"campfire_upgraded":1,"win_rate":0.0,"timestamp":1614274996,"path_taken":["M","$","?","M","?","E","R","M","T","E"],"items_purchased_type":[],"build_version":"2020-12-22","purchased_purges":0,"victory":false,"max_hp_per_floor":[65,65,65,65,65,65,65,65,72,72,72],"card_choices":[{"not_picked":["Revamp","Rewind"],"picked":"ReturningBlade","floor":1},{"not_picked":["Rewind","BestPractice"],"picked":"Luminosity","floor":4},{"not_picked":["Reset","Starlight","DoubleEdge"],"picked":"SKIP","floor":6},{"not_picked":["Collapse","DoubleEdge"],"picked":"DancingSilver","floor":8}],"player_experience":853000,"relics_obtained":[{"floor":6,"key":"Shovel"},{"floor":9,"key":"Strawberry"}],"event_choices":[{"damage_healed":0,"gold_gain":75,"player_choice":"Gather Gold","damage_taken":11,"max_hp_gain":0,"max_hp_loss":0,"event_name":"World of Goop","floor":3,"gold_loss":0}],"is_beta":false,"boss_relics":[],"items_purged_floors":[],"is_endless":false,"potions_floor_spawned":[6],"killed_by":"Gremlin Nob","ascension_level":3}}