{"host":"6r762osam2bvfm66","time":1614258267,"event":{"mods":["AchievementEnabler","BaseMod","Colored Map","Highlight Path","Minty Spire (QoL Compilation)","Relic Stats","ojb\u0027s Info Mod"],"gold_per_floor":[110,129,129,54,74,103,103,103,103],"floor_reached":8,"language":"ENG","playtime":324,"items_purged":["Regret"],"score":76,"play_id":"819a3464-4fdd-4b00-8f71-71844d7c939b","local_time":"20210225070427","is_ascension_mode":true,"campfire_choices":[{"data":"Apotheosis","floor":7,"key":"SMITH"}],"circlet_count":0,"master_deck":["Strike_B","Strike_B","Strike_B","Strike_B","Defend_B","Defend_B","Defend_B","Defend_B","Zap","Dualcast","Shame","Apotheosis+1","Streamline","Genetic Algorithm","Hologram","Reinforced Body"],"relics":["Cracked Core","Happy Flower","Question Card"],"acts_visited":["Exordium"],"potions_floor_usage":[8],"damage_taken":[{"damage":0,"enemies":"Cultist","floor":1,"turns":4},{"damage":7,"enemies":"Small Slimes","floor":2,"turns":3},{"damage":6,"enemies":"2 Louse","floor":5,"turns":4},{"damage":34,"enemies":"3 Sentries","floor":6,"turns":7},{"damage":22,"enemies":"Lagavulin","floor":8,"turns":2}],"seed_played":"-3658863647112468525","potions_obtained":[{"floor":6,"key":"Dexterity Potion"}],"is_trial":false,"path_per_floor":["M","M","?","$","M","E","R","E"],"character_chosen":"DEFECT","items_purchased":[],"campfire_rested":0,"item_purchase_floors":[],"current_hp_per_floor":[68,61,61,61,55,21,21,0,0],"gold":103,"neow_bonus":"RANDOM_COLORLESS_2","is_daily":false,"chose_seed":false,"campfire_upgraded":1,"win_rate":0.0,"timestamp":1614258267,"path_taken":["M","M","?","$","M","E","R","E"],"items_purchased_type":[],"build_version":"2020-12-22","purchased_purges":1,"victory":false,"max_hp_per_floor":[75,75,75,75,75,75,75,75,75],"relic_stats":{"Happy Flower":[4],"counters":[5,20],"Question Card":0,"obtain_stats":[{"Happy Flower":3,"Cracked Core":0,"Question Card":6},{"Happy Flower":2,"Cracked Core":0,"Question Card":4},{"Happy Flower":7,"Cracked Core":0,"Question Card":18}]},"card_choices":[{"not_picked":["Mayhem","Transmutation"],"picked":"Apotheosis","floor":0},{"not_picked":["Rebound","FTL"],"picked":"Streamline","floor":1},{"not_picked":["Coolheaded","Ball Lightning"],"picked":"Genetic Algorithm","floor":2},{"not_picked":["Beam Cell","Sweeping Beam"],"picked":"Hologram","floor":5},{"not_picked":["Self Repair","Melter"],"picked":"Reinforced Body","floor":6}],"player_experience":140845,"relics_obtained":[{"floor":6,"key":"Question Card"}],"event_choices":[{"damage_healed":0,"gold_gain":0,"player_choice":"Box","damage_taken":0,"relics_obtained":["Happy Flower"],"max_hp_gain":0,"max_hp_loss":0,"event_name":"Big Fish","floor":3,"gold_loss":0,"cards_obtained":["Regret"]}],"is_beta":false,"boss_relics":[],"items_purged_floors":[4],"is_endless":false,"potions_floor_spawned":[6],"killed_by":"Lagavulin","ascension_level":7}}