{"host":"90jl2h70xtuoeg0i","time":1614243830,"event":{"mods":["AchievementEnabler","BaseMod","Colored Map","Colored Powertips","Minty Spire (QoL Compilation)","Relic Stats","ojb\u0027s Better Paths Mod","ojb\u0027s Info Mod"],"gold_per_floor":[99,99,99,99,99,99,99,99,99,24,24,24,24,24],"floor_reached":13,"language":"ENG","playtime":1226,"items_purged":["Defend_G"],"score":174,"play_id":"0f1f1634-da0d-4314-9071-41dd453b993c","local_time":"20210225040350","is_ascension_mode":true,"campfire_choices":[{"data":"Bouncing Flask","floor":6,"key":"SMITH"},{"data":"Predator","floor":11,"key":"SMITH"}],"circlet_count":0,"master_deck":["AscendersBane","Strike_G","Strike_G","Strike_G","Strike_G","Defend_G","Defend_G","Defend_G","Defend_G","Survivor","Neutralize","Poisoned Stab","Predator+1","Bouncing Flask+1","PiercingWail","Escape Plan","Leg Sweep"],"relics":["Ectoplasm","Pen Nib","Mummified Hand"],"acts_visited":["Exordium"],"potions_floor_usage":[7,13],"damage_taken":[{"damage":2,"enemies":"Jaw Worm","floor":1,"turns":5},{"damage":4,"enemies":"Cultist","floor":2,"turns":5},{"damage":1,"enemies":"2 Louse","floor":3,"turns":2},{"damage":10,"enemies":"Red Slaver","floor":4,"turns":2},{"damage":17,"enemies":"3 Sentries","floor":7,"turns":9},{"damage":1,"enemies":"Exordium Thugs","floor":8,"turns":5},{"damage":6,"enemies":"2 Fungi Beasts","floor":12,"turns":4},{"damage":24,"enemies":"Gremlin Nob","floor":13,"turns":3}],"seed_played":"-5696656064873037126","potions_obtained":[{"floor":3,"key":"Poison Potion"},{"floor":4,"key":"SteroidPotion"},{"floor":8,"key":"Strength Potion"}],"is_trial":false,"path_per_floor":["M","M","M","M","?","R","E","M","T","$","R","M","E"],"character_chosen":"THE_SILENT","items_purchased":[],"campfire_rested":0,"item_purchase_floors":[],"current_hp_per_floor":[57,53,52,42,42,42,25,24,24,24,24,18,0,0],"gold":24,"neow_bonus":"BOSS_RELIC","is_daily":false,"chose_seed":false,"campfire_upgraded":2,"win_rate":0.0,"timestamp":1614243830,"path_taken":["M","M","M","M","?","R","E","?","T","$","R","M","E"],"items_purchased_type":[],"build_version":"2020-12-22","purchased_purges":1,"victory":false,"max_hp_per_floor":[66,66,66,66,66,66,66,66,66,66,66,66,66,66],"relic_stats":{"counters":[8,35],"Mummified Hand":[0],"Ectoplasm":103,"Pen Nib":[1],"obtain_stats":[{"Mummified Hand":9,"Ectoplasm":0,"Pen Nib":7,"Ring of the Snake":0},{"Mummified Hand":6,"Ectoplasm":0,"Pen Nib":5,"Ring of the Snake":0},{"Mummified Hand":28,"Ectoplasm":0,"Pen Nib":23,"Ring of the Snake":0}]},"card_choices":[{"not_picked":["Dagger Spray","Calculated Gamble"],"picked":"Poisoned Stab","floor":1},{"not_picked":["Endless Agony","Dagger Throw"],"picked":"Predator","floor":2},{"not_picked":["Sucker Punch","Blade Dance"],"picked":"Bouncing Flask","floor":3},{"not_picked":["Blur","Well Laid Plans"],"picked":"PiercingWail","floor":4},{"not_picked":["PiercingWail","Blade Dance"],"picked":"Leg Sweep","floor":7},{"not_picked":["Dagger Throw","Deflect","Expertise"],"picked":"SKIP","floor":8},{"not_picked":["Underhanded Strike","Choke","Poisoned Stab"],"picked":"SKIP","floor":12}],"player_experience":1491153,"relics_obtained":[{"floor":7,"key":"Pen Nib"},{"floor":9,"key":"Mummified Hand"}],"event_choices":[{"damage_healed":0,"gold_gain":0,"cards_transformed":["Strike_G"],"player_choice":"Transformed","damage_taken":0,"max_hp_gain":0,"max_hp_loss":0,"event_name":"Transmorgrifier","floor":5,"gold_loss":0,"cards_obtained":["Escape Plan"]}],"is_beta":false,"boss_relics":[],"items_purged_floors":[10],"is_endless":false,"potions_floor_spawned":[3,4,8],"killed_by":"Gremlin Nob","ascension_level":20}}