{"host":"d52brwsy6af8zvaq","time":1614219951,"event":{"mods":["AchievementEnabler","BaseMod","Bestiary","Highlight Path","Minty Spire (QoL Compilation)","Quick Restart","Relic Stats","ojb\u0027s Better Paths Mod"],"gold_per_floor":[112,112,124,142,217,217,244,256,256,256,256,256,299,224,224,317,317,336,359,375,425,441,441,456,456],"floor_reached":24,"language":"ENG","playtime":911,"items_purged":[],"score":416,"play_id":"810c7c2f-b195-45fb-ae00-560f6ddacc68","local_time":"20210224192551","is_ascension_mode":true,"campfire_choices":[{"floor":6.0,"key":"REST"},{"data":"Doom and Gloom","floor":11.0,"key":"SMITH"},{"data":"Tempest","floor":15.0,"key":"SMITH"},{"floor":23,"key":"REST"}],"circlet_count":0,"master_deck":["AscendersBane","Strike_B","Strike_B","Strike_B","Defend_B","Defend_B","Defend_B","Defend_B","Zap+1","Dualcast","Cold Snap","Leap","Tempest+1","Streamline","Doom and Gloom+1","Chill","Buffer+1","Conserve Battery+1","Recycle","Compile Driver"],"relics":["Cracked Core","Darkstone Periapt","Gremlin Horn","Golden Idol","Frozen Egg 2","Ginger","Cursed Key"],"acts_visited":["Exordium","TheCity"],"potions_floor_usage":[],"damage_taken":[{"damage":10.0,"enemies":"Small Slimes","floor":1.0,"turns":3.0},{"damage":0.0,"enemies":"Cultist","floor":3.0,"turns":3.0},{"damage":10.0,"enemies":"Jaw Worm","floor":4.0,"turns":4.0},{"damage":9.0,"enemies":"Gremlin Nob","floor":7.0,"turns":3.0},{"damage":0.0,"enemies":"3 Louse","floor":8.0,"turns":2.0},{"damage":17.0,"enemies":"3 Sentries","floor":13.0,"turns":6.0},{"damage":27.0,"enemies":"Slime Boss","floor":16.0,"turns":8.0},{"damage":10,"enemies":"Shell Parasite","floor":18,"turns":7},{"damage":0,"enemies":"3 Byrds","floor":19,"turns":3},{"damage":8,"enemies":"Snake Plant","floor":20,"turns":3},{"damage":26,"enemies":"Snecko","floor":22,"turns":6},{"damage":13,"enemies":"Centurion and Healer","floor":24,"turns":8}],"seed_played":"-3824180944044814091","potions_obtained":[{"floor":0.0,"key":"DuplicationPotion"},{"floor":0.0,"key":"Regen Potion"},{"floor":7.0,"key":"EssenceOfDarkness"},{"floor":13.0,"key":"LiquidBronze"},{"floor":19,"key":"FairyPotion"},{"floor":22,"key":"EntropicBrew"}],"is_trial":false,"path_per_floor":["M","?","M","M","?","R","E","M","T","?","R","?","E","?","R","B",null,"M","M","M","?","M","R","M"],"character_chosen":"DEFECT","items_purchased":[],"campfire_rested":2,"item_purchase_floors":[],"current_hp_per_floor":[54,54,54,44,33,54,45,45,45,45,45,34,32,32,32,5,49,39,39,31,31,5,24,11,11],"gold":456,"neow_bonus":"THREE_SMALL_POTIONS","is_daily":false,"chose_seed":false,"campfire_upgraded":2,"win_rate":0.0,"timestamp":1614219951,"path_taken":["M","?","?","M","?","R","E","M","T","?","R","?","E","?","R","BOSS","M","M","M","?","M","R","M"],"items_purchased_type":[],"build_version":"2020-12-22","purchased_purges":0,"victory":false,"max_hp_per_floor":[71,71,71,71,71,71,71,71,71,64,64,64,64,64,64,64,64,64,64,64,64,64,64,64,64],"relic_stats":{"Darkstone Periapt":0,"Gremlin Horn":[7,7],"counters":[12,56],"Golden Idol":46,"Ginger":[6],"Cursed Key":0,"obtain_stats":[{"Darkstone Periapt":7,"Gremlin Horn":9,"Golden Idol":10,"Ginger":13,"Frozen Egg 2":12,"Cracked Core":0,"Cursed Key":17},{"Darkstone Periapt":4,"Gremlin Horn":5,"Golden Idol":5,"Ginger":6,"Frozen Egg 2":5,"Cracked Core":0,"Cursed Key":7},{"Darkstone Periapt":13,"Gremlin Horn":15,"Golden Idol":15,"Ginger":21,"Frozen Egg 2":15,"Cracked Core":0,"Cursed Key":29}]},"card_choices":[{"not_picked":["Consume","Gash"],"picked":"Cold Snap","floor":1.0},{"not_picked":["Stack","Chaos"],"picked":"Leap","floor":3.0},{"not_picked":["Scrape","Conserve Battery"],"picked":"Tempest","floor":4.0},{"not_picked":["Storm","Rainbow"],"picked":"Streamline","floor":7.0},{"not_picked":["Aggregate","Hologram"],"picked":"Doom and Gloom","floor":8.0},{"not_picked":["Reprogram","Rebound"],"picked":"Chill","floor":13.0},{"not_picked":["Reboot","Multi-Cast"],"picked":"Buffer+1","floor":16.0},{"not_picked":["Streamline","Hologram"],"picked":"Conserve Battery+1","floor":18},{"not_picked":["Stack","Rip and Tear"],"picked":"Recycle","floor":19},{"not_picked":["Hello World+1","Leap"],"picked":"Compile Driver","floor":20},{"not_picked":["Stack","Sweeping Beam","Streamline"],"picked":"SKIP","floor":22}],"player_experience":2365186,"relics_obtained":[{"floor":7.0,"key":"Darkstone Periapt"},{"floor":9.0,"key":"Gremlin Horn"},{"floor":13.0,"key":"Ginger"}],"event_choices":[{"damage_healed":0.0,"max_hp_gain":0.0,"max_hp_loss":0.0,"gold_gain":0.0,"event_name":"Upgrade Shrine","player_choice":"Upgraded","floor":2.0,"gold_loss":0.0,"damage_taken":0.0,"cards_upgraded":["Zap"]},{"damage_healed":0.0,"max_hp_gain":0.0,"max_hp_loss":0.0,"gold_gain":75.0,"event_name":"World of Goop","player_choice":"Gather Gold","floor":5.0,"gold_loss":0.0,"damage_taken":11.0},{"damage_healed":0.0,"max_hp_gain":0.0,"max_hp_loss":7.0,"gold_gain":0.0,"event_name":"Golden Idol","player_choice":"Lose Max HP","floor":10.0,"gold_loss":0.0,"damage_taken":0.0,"relics_obtained":["Golden Idol"]},{"damage_healed":0.0,"max_hp_gain":0.0,"max_hp_loss":0.0,"gold_gain":0.0,"event_name":"Scrap Ooze","player_choice":"Success","floor":12.0,"gold_loss":0.0,"damage_taken":11.0,"relics_obtained":["Frozen Egg 2"]},{"cards_removed":["Strike_B"],"damage_healed":0.0,"max_hp_gain":0.0,"max_hp_loss":0.0,"gold_gain":0.0,"event_name":"The Cleric","player_choice":"Card Removal","floor":14.0,"gold_loss":75.0,"damage_taken":0.0},{"damage_healed":0,"gold_gain":50,"player_choice":"Stole From Cult","damage_taken":0,"max_hp_gain":0,"max_hp_loss":0,"event_name":"Nest","floor":21,"gold_loss":0}],"is_beta":false,"boss_relics":[{"not_picked":["Black Star","SlaversCollar"],"picked":"Cursed Key"}],"items_purged_floors":[],"is_endless":false,"potions_floor_spawned":[7,13,19,22],"killed_by":"Centurion and Healer","ascension_level":20}}