{"host":"uv5ws9rdk87e8i5k","time":1614267353,"event":{"mods":["AchievementEnabler","BaseMod","Colored Map","Minty Spire (QoL Compilation)","Permanent Neow","Quick Restart","StSLib","SuperFastMode","The Necromancer","The Saiyan"],"gold_per_floor":[118,130,148,148,148,148,177,190,243,253,279,293,293,318,318,395,395,409,35,45,58,58,58,58,58],"floor_reached":24,"language":"ENG","playtime":479,"items_purged":["Strike_R"],"score":413,"play_id":"de3e775c-890c-4818-b4e4-72340fd44107","local_time":"20210225093553","is_ascension_mode":true,"campfire_choices":[{"data":"Perfected Strike","floor":6.0,"key":"SMITH"},{"data":"Whirlwind","floor":13.0,"key":"SMITH"},{"data":"Battle Trance","floor":15.0,"key":"SMITH"},{"floor":23.0,"key":"REST"}],"circlet_count":0,"master_deck":["AscendersBane","Strike_R","Strike_R","Strike_R","Defend_R","Defend_R","Defend_R","Defend_R","Bash","Demon Form+1","Battle Trance+1","Perfected Strike+1","Twin Strike","Feel No Pain","Wild Strike","Shrug It Off","Whirlwind+1","Wild Strike","Demon Form","Dual Wield+1","Immolate","Flame Barrier+1","Havoc","Decay"],"relics":["Burning Blood","Sundial","Boot","Bag of Preparation","Mark of Pain","Sling"],"acts_visited":["Exordium","TheCity"],"potions_floor_usage":[],"damage_taken":[{"damage":6.0,"enemies":"Cultist","floor":1.0,"turns":3.0},{"damage":4.0,"enemies":"2 Louse","floor":2.0,"turns":3.0},{"damage":7.0,"enemies":"Jaw Worm","floor":3.0,"turns":3.0},{"damage":20.0,"enemies":"Lagavulin","floor":7.0,"turns":7.0},{"damage":19.0,"enemies":"Exordium Wildlife","floor":8.0,"turns":4.0},{"damage":7.0,"enemies":"Looter","floor":10.0,"turns":3.0},{"damage":0.0,"enemies":"Gremlin Nob","floor":11.0,"turns":2.0},{"damage":7.0,"enemies":"3 Louse","floor":12.0,"turns":2.0},{"damage":16.0,"enemies":"3 Sentries","floor":14.0,"turns":6.0},{"damage":12.0,"enemies":"Slime Boss","floor":16.0,"turns":7.0},{"damage":24.0,"enemies":"Spheric Guardian","floor":18.0,"turns":4.0},{"damage":26.0,"enemies":"Shell Parasite","floor":20.0,"turns":5.0},{"damage":0.0,"enemies":"Snake Plant","floor":21.0,"turns":2.0},{"damage":54,"enemies":"Shelled Parasite and Fungi","floor":24,"turns":6}],"seed_played":"-8964378161656906105","potions_obtained":[{"floor":1.0,"key":"LiquidMemories"},{"floor":10.0,"key":"DistilledChaos"},{"floor":11.0,"key":"SkillPotion"},{"floor":14.0,"key":"Energy Potion"},{"floor":18.0,"key":"FearPotion"},{"floor":20.0,"key":"AttackPotion"}],"is_trial":false,"path_per_floor":["M","M","M","?","?","R","E","M","T","M","E","M","R","E","R","B",null,"M","$","M","M","?","R","M"],"character_chosen":"IRONCLAD","items_purchased":["Sling","Immolate"],"campfire_rested":1,"item_purchase_floors":[19,19],"current_hp_per_floor":[68,68,67,67,67,67,53,40,40,39,45,44,44,34,34,28,58,40,40,20,26,26,46,0,0],"gold":58,"neow_bonus":"THREE_RARE_CARDS","is_daily":false,"chose_seed":false,"campfire_upgraded":3,"win_rate":0.0,"timestamp":1614267353,"path_taken":["M","?","M","?","?","R","E","M","T","?","E","M","R","E","R","BOSS","M","$","M","M","?","R","M"],"items_purchased_type":["Relic","Card"],"build_version":"2020-12-22","purchased_purges":1,"victory":false,"max_hp_per_floor":[68,68,68,68,68,68,68,68,68,68,68,68,68,68,68,68,68,68,68,68,68,68,68,68,68],"card_choices":[{"not_picked":["Brutality","Feed"],"picked":"Demon Form","floor":0.0},{"not_picked":["Evolve","Flex"],"picked":"Battle Trance","floor":1.0},{"not_picked":["Warcry","Metallicize"],"picked":"Perfected Strike","floor":2.0},{"not_picked":["Thunderclap","Cleave"],"picked":"Twin Strike","floor":3.0},{"not_picked":["Rupture","Disarm","Body Slam"],"picked":"SKIP","floor":7.0},{"not_picked":["Sword Boomerang","Heavy Blade"],"picked":"Wild Strike","floor":8.0},{"not_picked":["Anger","Pommel Strike"],"picked":"Shrug It Off","floor":10.0},{"not_picked":["Corruption","Searing Blow"],"picked":"Whirlwind","floor":11.0},{"not_picked":["Clash","Iron Wave","Intimidate"],"picked":"SKIP","floor":12.0},{"not_picked":["Thunderclap","Sentinel"],"picked":"Wild Strike","floor":14.0},{"not_picked":["Corruption","Feed"],"picked":"Demon Form","floor":16.0},{"not_picked":["Perfected Strike","Clash"],"picked":"Dual Wield+1","floor":18.0},{"not_picked":["Flex","Entrench"],"picked":"Flame Barrier+1","floor":20.0},{"not_picked":["Uppercut","Anger"],"picked":"Havoc","floor":21.0}],"player_experience":235640,"relics_obtained":[{"floor":7.0,"key":"Sundial"},{"floor":11.0,"key":"Boot"},{"floor":14.0,"key":"Bag of Preparation"}],"event_choices":[{"damage_healed":0.0,"max_hp_gain":0.0,"max_hp_loss":0.0,"gold_gain":0.0,"event_name":"Living Wall","player_choice":"Grow","floor":4.0,"gold_loss":0.0,"damage_taken":0.0,"cards_upgraded":["Demon Form"]},{"damage_healed":0.0,"max_hp_gain":0.0,"max_hp_loss":0.0,"gold_gain":0.0,"cards_transformed":["Strike_R"],"event_name":"Transmorgrifier","player_choice":"Transformed","floor":5.0,"gold_loss":0.0,"damage_taken":0.0,"cards_obtained":["Feel No Pain"]},{"damage_healed":0.0,"max_hp_gain":0.0,"max_hp_loss":0.0,"gold_gain":0.0,"event_name":"Forgotten Altar","player_choice":"Smashed Altar","floor":22.0,"gold_loss":0.0,"damage_taken":0.0,"cards_obtained":["Decay"]}],"is_beta":false,"boss_relics":[{"not_picked":["Philosopher\u0027s Stone","Runic Cube"],"picked":"Mark of Pain"}],"items_purged_floors":[19],"is_endless":false,"potions_floor_spawned":[1,10,11,14,18,20],"killed_by":"Shelled Parasite and Fungi","ascension_level":14}}