{"host":"r6jigiblrojhp6xe","time":1614263013,"event":{"mods":["AchievementEnabler","BaseMod","DeckTracker","Hermit","Minty Spire (QoL Compilation)","Quick Restart","Rare Cards Sparkle","Relic Stats","StSLib","SuperFastMode","everything is the same but u backflip on backflip"],"gold_per_floor":[118,193,193,193,193,236,254,254,254,273,291,291,312,335,335,434,434,448,161,161,161],"floor_reached":20,"language":"KOR","playtime":573,"items_purged":["Thunder Strike"],"score":398,"play_id":"46eb0424-be36-48db-9550-5278c0575114","local_time":"20210225232333","is_ascension_mode":true,"campfire_choices":[{"data":"Zap","floor":8.0,"key":"SMITH"},{"floor":12.0,"key":"REST"},{"floor":15.0,"key":"REST"}],"circlet_count":0,"master_deck":["AscendersBane","Zap+1","Dualcast","Coolheaded","Meteor Strike","Conserve Battery","Skim","Ball Lightning","Loop+1","Biased Cognition+1","Machine Learning+1","Auto Shields","Force Field","Rip and Tear","All For One","Darkness","Seek","Doom and Gloom+1","Apotheosis"],"relics":["Cracked Core","NeowsBlessing","Golden Idol","Strawberry","Frozen Egg 2","Pandora\u0027s Box"],"acts_visited":["Exordium","TheCity"],"potions_floor_usage":[],"damage_taken":[{"damage":0.0,"enemies":"Small Slimes","floor":1.0,"turns":1.0},{"damage":0.0,"enemies":"Lagavulin","floor":6.0,"turns":1.0},{"damage":0.0,"enemies":"2 Louse","floor":7.0,"turns":1.0},{"damage":7.0,"enemies":"Jaw Worm","floor":10.0,"turns":3.0},{"damage":23.0,"enemies":"Exordium Wildlife","floor":11.0,"turns":7.0},{"damage":7.0,"enemies":"3 Louse","floor":13.0,"turns":5.0},{"damage":2.0,"enemies":"Red Slaver","floor":14.0,"turns":3.0},{"damage":39.0,"enemies":"Slime Boss","floor":16.0,"turns":10.0},{"damage":11.0,"enemies":"Shell Parasite","floor":18.0,"turns":4.0},{"damage":32,"enemies":"Masked Bandits","floor":20,"turns":3}],"seed_played":"-7410115852544453603","potions_obtained":[{"floor":10.0,"key":"PotionOfCapacity"},{"floor":11.0,"key":"FearPotion"},{"floor":13.0,"key":"Fire Potion"},{"floor":18.0,"key":"FearPotion"}],"is_trial":false,"path_per_floor":["M","?","?","?","?","E","M","R","T","M","M","R","M","M","R","B",null,"M","$","?"],"character_chosen":"DEFECT","items_purchased":["Apotheosis"],"campfire_rested":2,"item_purchase_floors":[19],"current_hp_per_floor":[64,53,53,53,42,42,42,42,42,35,12,33,26,24,45,6,55,44,44,12,12],"gold":161,"neow_bonus":"THREE_ENEMY_KILL","is_daily":false,"chose_seed":false,"campfire_upgraded":1,"win_rate":0.0,"timestamp":1614263013,"path_taken":["M","?","?","?","?","E","M","R","T","M","M","R","M","?","R","BOSS","M","$","?"],"items_purchased_type":["Card"],"build_version":"2020-12-22","purchased_purges":1,"victory":false,"max_hp_per_floor":[71,71,64,64,71,71,71,71,71,71,71,71,71,71,71,71,71,71,71,71,71],"relic_stats":{"counters":[10,38],"Golden Idol":62,"Pandora\u0027s Box":["Machine Learning","Thunder Strike","Auto Shields","Force Field","Rip and Tear","All For One","Darkness","Seek"],"obtain_stats":[{"NeowsBlessing":0,"Golden Idol":3,"Strawberry":5,"Pandora\u0027s Box":17,"Frozen Egg 2":6,"Cracked Core":0},{"NeowsBlessing":0,"Golden Idol":1,"Strawberry":1,"Pandora\u0027s Box":8,"Frozen Egg 2":2,"Cracked Core":0},{"NeowsBlessing":0,"Golden Idol":1,"Strawberry":1,"Pandora\u0027s Box":31,"Frozen Egg 2":2,"Cracked Core":0}]},"card_choices":[{"not_picked":["Conserve Battery","Ball Lightning"],"picked":"Coolheaded","floor":1.0},{"not_picked":["Redo","Stack","Beam Cell"],"picked":"SKIP","floor":6.0},{"not_picked":["Force Field","Redo"],"picked":"Meteor Strike","floor":7.0},{"not_picked":["Hologram","Rebound"],"picked":"Conserve Battery","floor":10.0},{"not_picked":["Reprogram","Barrage"],"picked":"Skim","floor":11.0},{"not_picked":["Hologram","Turbo"],"picked":"Ball Lightning","floor":13.0},{"not_picked":["Melter","Scrape"],"picked":"Loop+1","floor":14.0},{"not_picked":["Creative AI+1","Core Surge"],"picked":"Biased Cognition+1","floor":16.0},{"not_picked":["Rebound","FTL"],"picked":"Doom and Gloom+1","floor":18.0}],"player_experience":621717,"relics_obtained":[{"floor":6.0,"key":"Frozen Egg 2"}],"event_choices":[{"damage_healed":0.0,"max_hp_gain":0.0,"max_hp_loss":0.0,"gold_gain":75.0,"event_name":"World of Goop","player_choice":"Gather Gold","floor":2.0,"gold_loss":0.0,"damage_taken":11.0},{"damage_healed":0.0,"max_hp_gain":0.0,"max_hp_loss":7.0,"gold_gain":0.0,"event_name":"Golden Idol","player_choice":"Lose Max HP","floor":3.0,"gold_loss":0.0,"damage_taken":0.0,"relics_obtained":["Golden Idol"]},{"damage_healed":0.0,"max_hp_gain":0.0,"max_hp_loss":0.0,"gold_gain":0.0,"event_name":"Liars Game","player_choice":"Ignored","floor":4.0,"gold_loss":0.0,"damage_taken":0.0},{"damage_healed":0.0,"max_hp_gain":0.0,"max_hp_loss":0.0,"gold_gain":0.0,"event_name":"Scrap Ooze","player_choice":"Success","floor":5.0,"gold_loss":0.0,"damage_taken":18.0,"relics_obtained":["Strawberry"]},{"damage_healed":0,"gold_gain":0,"player_choice":"Fought Bandits","damage_taken":0,"max_hp_gain":0,"max_hp_loss":0,"event_name":"Masked Bandits","floor":20,"gold_loss":0}],"is_beta":false,"boss_relics":[{"not_picked":["Black Star","Calling Bell"],"picked":"Pandora\u0027s Box"}],"items_purged_floors":[19],"is_endless":false,"potions_floor_spawned":[10,11,13,14,18],"killed_by":"Masked Bandits","ascension_level":20}}