{"host":"w4b7hmige5bnqipq","time":1614291316,"event":{"mods":["2.2 Compatiblity","BaseMod","Colored Map","DeckTracker","Keyboard Shortcuts","Minty Spire (QoL Compilation)","Permanent Neow","Rare Cards Sparkle","SuperFastMode","everything is the same but u backflip on backflip","slay the spire mod where everything is the same but ironclad has a cowboy hat"],"gold_per_floor":[118,134,148,73,73,73,86,86,86,105,105,135,146,158,158,236,236,251,264,26,46,65,65,81,81,106,136,136,36,63,76,76,153,153,173,48,48,48,48,48,83,83,83,94,126,138,138,154,154,154,154],"floor_reached":52,"language":"KOR","playtime":2594,"items_purged":["Decay","Defend_G","Strike_G"],"score":2187,"play_id":"9540c143-8c04-4cd2-8afa-a58feda3877b","local_time":"20210226061516","is_ascension_mode":true,"campfire_choices":[{"data":"Adrenaline","floor":6.0,"key":"SMITH"},{"data":"Choke","floor":8.0,"key":"SMITH"},{"data":"Neutralize","floor":11.0,"key":"SMITH"},{"data":"Venomology","floor":15.0,"key":"SMITH"},{"data":"Crippling Poison","floor":23.0,"key":"SMITH"},{"data":"Eviscerate","floor":25.0,"key":"SMITH"},{"data":"Well Laid Plans","floor":32.0,"key":"SMITH"},{"data":"Reflex","floor":40.0,"key":"SMITH"},{"data":"Backflip","floor":42.0,"key":"SMITH"},{"data":"Grand Finale","floor":49,"key":"SMITH"}],"circlet_count":0,"master_deck":["AscendersBane","Strike_G","Defend_G","Defend_G","Survivor","Neutralize+1","Backflip+1","Choke+1","Adrenaline+1","Quick Slash","Venomology+1","Crippling Poison+1","Die Die Die","Eviscerate+1","Well Laid Plans+1","Acrobatics+1","Reflex+1","Grand Finale+1"],"relics":["Ring of the Snake","Ice Cream","Singing Bowl","Sundial","Coffee Dripper","Toy Ornithopter","Anchor","Dream Catcher","Lantern","Empty Cage","Bottled Lightning","Vajra"],"acts_visited":["Exordium","TheCity","TheBeyond"],"potions_floor_usage":[45,46,48,50,51],"damage_taken":[{"damage":3.0,"enemies":"2 Louse","floor":1.0,"turns":4.0},{"damage":0.0,"enemies":"Small Slimes","floor":2.0,"turns":5.0},{"damage":0.0,"enemies":"Cultist","floor":3.0,"turns":4.0},{"damage":7.0,"enemies":"Gremlin Gang","floor":7.0,"turns":9.0},{"damage":3.0,"enemies":"3 Louse","floor":10.0,"turns":6.0},{"damage":0.0,"enemies":"Gremlin Nob","floor":12.0,"turns":3.0},{"damage":10.0,"enemies":"Exordium Thugs","floor":13.0,"turns":4.0},{"damage":0.0,"enemies":"Large Slime","floor":14.0,"turns":5.0},{"damage":13.0,"enemies":"The Guardian","floor":16.0,"turns":13.0},{"damage":17.0,"enemies":"2 Thieves","floor":18.0,"turns":4.0},{"damage":0.0,"enemies":"Chosen","floor":19.0,"turns":2.0},{"damage":0.0,"enemies":"Shelled Parasite and Fungi","floor":21.0,"turns":2.0},{"damage":10.0,"enemies":"Snake Plant","floor":22.0,"turns":5.0},{"damage":3.0,"enemies":"Centurion and Healer","floor":24.0,"turns":6.0},{"damage":24.0,"enemies":"Book of Stabbing","floor":27.0,"turns":4.0},{"damage":11.0,"enemies":"Slavers","floor":30.0,"turns":6.0},{"damage":9.0,"enemies":"Cultist and Chosen","floor":31.0,"turns":4.0},{"damage":31.0,"enemies":"Champ","floor":33.0,"turns":10.0},{"damage":8.0,"enemies":"3 Darklings","floor":35.0,"turns":3.0},{"damage":0.0,"enemies":"3 Shapes","floor":39.0,"turns":2.0},{"damage":7.0,"enemies":"Reptomancer","floor":41.0,"turns":4.0},{"damage":0.0,"enemies":"Spire Growth","floor":44.0,"turns":2.0},{"damage":0,"enemies":"Nemesis","floor":45,"turns":3},{"damage":0,"enemies":"Maw","floor":46,"turns":3},{"damage":0,"enemies":"Writhing Mass","floor":48,"turns":2},{"damage":0,"enemies":"Awakened One","floor":50,"turns":4},{"damage":25,"enemies":"Time Eater","floor":51,"turns":6}],"seed_played":"5577806927791728959","potions_obtained":[{"floor":3.0,"key":"Energy Potion"},{"floor":7.0,"key":"AttackPotion"},{"floor":13.0,"key":"SkillPotion"},{"floor":18.0,"key":"CunningPotion"},{"floor":21.0,"key":"Swift Potion"},{"floor":31.0,"key":"Poison Potion"},{"floor":44.0,"key":"BlessingOfTheForge"}],"is_trial":false,"path_per_floor":["M","M","M","?","?","R","M","R","T","M","R","E","M","M","R","B",null,"M","M","$","M","M","R","M","R","T","E","?","$","E","M","R","B",null,"M","$","?","$","M","R","E","R","T","M","E","M","$","M","R","B","B",null],"character_chosen":"THE_SILENT","items_purchased":["Toy Ornithopter"],"campfire_rested":0,"item_purchase_floors":[20],"current_hp_per_floor":[41,41,41,41,41,41,34,34,34,33,33,35,25,25,25,12,56,39,41,41,48,48,48,45,45,45,33,33,33,27,25,25,9,61,55,55,55,55,60,60,60,60,60,62,69,76,76,83,83,88,65],"gold":154,"neow_bonus":"ONE_RARE_RELIC","is_daily":false,"chose_seed":false,"campfire_upgraded":10,"win_rate":0.0,"timestamp":1614291316,"path_taken":["M","M","M","?","?","R","M","R","T","M","R","E","M","M","R","BOSS","M","M","?","M","M","R","?","R","T","E","?","$","E","M","R","BOSS","M","$","?","?","M","R","E","R","T","M","E","M","$","?","R","BOSS","BOSS"],"items_purchased_type":["Relic"],"build_version":"2020-12-22","purchased_purges":3,"victory":true,"max_hp_per_floor":[66,66,66,66,66,66,66,66,66,68,68,70,70,70,70,70,70,70,72,72,74,74,74,74,74,74,76,76,76,76,78,78,78,78,80,80,80,80,80,80,82,82,82,84,86,88,88,90,90,90,90],"card_choices":[{"not_picked":["Flying Knee","Deadly Poison"],"picked":"Backflip","floor":1.0},{"not_picked":["Quick Slash","Heel Hook"],"picked":"Choke","floor":2.0},{"not_picked":["Blade Dance","Eviscerate"],"picked":"Adrenaline","floor":3.0},{"not_picked":["Blade Dance","Dodge and Roll"],"picked":"Quick Slash","floor":7.0},{"not_picked":["Quick Slash","Underhanded Strike","Terror"],"picked":"Singing Bowl","floor":10.0},{"not_picked":["Backflip","Finisher","Bane"],"picked":"Singing Bowl","floor":12.0},{"not_picked":["Slice","Setup"],"picked":"Venomology","floor":13.0},{"not_picked":["Dagger Throw","Choke"],"picked":"Crippling Poison","floor":14.0},{"not_picked":["Storm of Steel","A Thousand Cuts"],"picked":"Die Die Die","floor":16.0},{"not_picked":["Poisoned Stab","Dagger Spray"],"picked":"Eviscerate","floor":18.0},{"not_picked":["Prepared","PiercingWail","All Out Attack"],"picked":"Singing Bowl","floor":19.0},{"not_picked":["Backstab","Sucker Punch","Deflect"],"picked":"Singing Bowl","floor":21.0},{"not_picked":["Doppelganger","Noxious Fumes"],"picked":"Well Laid Plans","floor":22.0},{"not_picked":["Sucker Punch","Deflect"],"picked":"Acrobatics+1","floor":24.0},{"not_picked":["Bane","Noxious Fumes","Dash"],"picked":"Singing Bowl","floor":27.0},{"not_picked":["Outmaneuver","Dagger Throw+1"],"picked":"Reflex","floor":30.0},{"not_picked":["Distraction","Bane+1","Poisoned Stab"],"picked":"Singing Bowl","floor":31.0},{"not_picked":["Die Die Die","Adrenaline"],"picked":"Grand Finale","floor":33.0},{"not_picked":["Reflex","Deadly Poison","Masterful Stab"],"picked":"Singing Bowl","floor":35.0},{"not_picked":["Cloak And Dagger+1","Bouncing Flask","Deflect+1"],"picked":"Singing Bowl","floor":41.0},{"not_picked":["Blade Dance","Flechettes+1","Quick Slash"],"picked":"Singing Bowl","floor":44.0},{"not_picked":["Accuracy","All Out Attack","Infinite Blades"],"picked":"Singing Bowl","floor":45},{"not_picked":["Bane+1","Noxious Fumes","Underhanded Strike"],"picked":"Singing Bowl","floor":46},{"not_picked":["PiercingWail","Flechettes+1","Finisher"],"picked":"Singing Bowl","floor":48}],"player_experience":799138,"relics_obtained":[{"floor":9.0,"key":"Singing Bowl"},{"floor":12.0,"key":"Sundial"},{"floor":26.0,"key":"Anchor"},{"floor":27.0,"key":"Dream Catcher"},{"floor":30.0,"key":"Lantern"},{"floor":41.0,"key":"Bottled Lightning"},{"floor":45,"key":"Vajra"}],"event_choices":[{"cards_removed":["Strike_G"],"damage_healed":0.0,"max_hp_gain":0.0,"max_hp_loss":0.0,"gold_gain":0.0,"event_name":"The Cleric","player_choice":"Card Removal","floor":4.0,"gold_loss":75.0,"damage_taken":0.0},{"damage_healed":0.0,"max_hp_gain":0.0,"max_hp_loss":0.0,"gold_gain":0.0,"event_name":"Wheel of Change","player_choice":"Cursed","floor":5.0,"gold_loss":0.0,"damage_taken":0.0,"cards_obtained":["Decay"]},{"cards_removed":["Strike_G"],"damage_healed":0.0,"max_hp_gain":0.0,"max_hp_loss":0.0,"gold_gain":0.0,"event_name":"Purifier","player_choice":"Purged","floor":28.0,"gold_loss":0.0,"damage_taken":0.0},{"cards_removed":["Defend_G"],"damage_healed":0.0,"max_hp_gain":0.0,"max_hp_loss":0.0,"gold_gain":0.0,"event_name":"Falling","player_choice":"Removed Skill","floor":37.0,"gold_loss":0.0,"damage_taken":0.0}],"is_beta":false,"boss_relics":[{"not_picked":["HoveringKite","Black Star"],"picked":"Coffee Dripper"},{"not_picked":["Ring of the Serpent","WristBlade"],"picked":"Empty Cage"}],"items_purged_floors":[20,29,36],"is_endless":false,"potions_floor_spawned":[3,7,10,13,18,21,24,31,39,44,45],"ascension_level":20}}