{"host":"j9j3743o1ttcbk0r","time":1614239896,"event":{"mods":["Always Whale","Bard","BaseMod","Conspire","Downfall","GifTheSpireLib","Glutton Mod","Halation","Infinite Spire","Library of Ruina","Library of Ruina Extra","MarisaÅiñ∂âJÅ@ñÇóùçπÅj","Minty Spire (QoL Compilation)","READ ME - Guardian Mod","Replay The Spire","StSLib","The Blackbeard","The Construct","The Disciple","The Mystic","The Servant 0.9.4"],"gold_per_floor":[114,127,140,155,166,166,166],"floor_reached":6,"language":"ENG","playtime":954,"items_purged":[],"score":40,"play_id":"f17c9b2d-8d48-4144-8fba-4b8b4303db5c","local_time":"20210225025816","is_ascension_mode":false,"campfire_choices":[],"circlet_count":0,"master_deck":["Strike_P","Strike_P","Strike_P","Strike_P","Defend_P","Defend_P","Defend_P","Defend_P","Eruption","Vigilance","construct:HeatedStrike","Neutralize","DevaForm","Protect","Replay:AtTheReady","Prostrate","LikeWater"],"relics":["PureWater"],"acts_visited":["Exordium"],"potions_floor_usage":[6],"damage_taken":[{"damage":5,"enemies":"2 Louse","floor":1,"turns":2},{"damage":18,"enemies":"Small Slimes","floor":2,"turns":5},{"damage":12,"enemies":"Cultist","floor":3,"turns":3},{"damage":7,"enemies":"Blue Slaver","floor":4,"turns":7},{"damage":14,"enemies":"Red Slaver","floor":5,"turns":6},{"damage":32,"enemies":"3 Sentries","floor":6,"turns":8}],"seed_played":"4505667035848884160","potions_obtained":[{"floor":4,"key":"Swift Potion"}],"is_trial":false,"path_per_floor":["M","M","M","M","M","E"],"character_chosen":"WATCHER","items_purchased":[],"campfire_rested":0,"item_purchase_floors":[],"current_hp_per_floor":[67,49,37,30,16,0,0],"gold":166,"neow_bonus":"THREE_RARE_CARDS","is_daily":false,"chose_seed":false,"campfire_upgraded":0,"win_rate":0.0,"timestamp":1614239896,"path_taken":["M","M","M","M","M","E"],"items_purchased_type":[],"build_version":"2020-12-22","purchased_purges":0,"victory":false,"max_hp_per_floor":[72,72,72,72,72,72,72],"card_choices":[{"not_picked":["Alpha","MasterReality"],"picked":"DevaForm","floor":0},{"not_picked":["PathToVictory","Halt","Replay:BluntJabs"],"picked":"SKIP","floor":1},{"not_picked":["Prostrate","FlyingSleeves"],"picked":"Protect","floor":2},{"not_picked":["EmptyBody","SandsOfTime"],"picked":"Replay:AtTheReady","floor":3},{"not_picked":["Evaluate","FollowUp"],"picked":"Prostrate","floor":4},{"not_picked":["EmptyFist","JustLucky"],"picked":"LikeWater","floor":5}],"player_experience":215201,"relics_obtained":[],"event_choices":[],"is_beta":false,"boss_relics":[],"items_purged_floors":[],"is_endless":false,"potions_floor_spawned":[4],"killed_by":"3 Sentries","ascension_level":0}}