{"host":"otq8dfq4j7e4v22n","time":1614266452,"event":{"mods":["BaseMod","Bestiary","Better Third Choice","Curses Come First","Marisa????????","Minty Spire (QoL Compilation)","Permanent Neow","Relic Stats","StSLib","Transform Curses"],"gold_per_floor":[219,169,179,198,20,49,49,76,76,94,94,113,143,157,157,254,254,266,39,39,49,67,97,97,131,131,131,149,169,188,221,221,325,325,340,352,352,140,159,159,192,192,215,250,250,250,3,14,14,14,14,14,14,40,40],"floor_reached":56,"language":"ENG","playtime":3871,"items_purged":["ManaConvection","Wraith","DC"],"score":1599,"play_id":"ebef4a40-7f58-4a2d-afe0-ea5663697010","local_time":"20210225092052","is_ascension_mode":true,"campfire_choices":[{"data":"6A","floor":7,"key":"SMITH"},{"data":"CasketOfStar","floor":15,"key":"SMITH"},{"data":"FinalSpark","floor":24,"key":"SMITH"},{"floor":32,"key":"REST"},{"data":"CasketOfStar","floor":40,"key":"SMITH"},{"data":"CasketOfStar","floor":42,"key":"SMITH"},{"data":"OrrerysSun","floor":46,"key":"SMITH"},{"floor":49,"key":"RECALL"},{"data":"Acceleration","floor":52,"key":"SMITH"}],"circlet_count":0,"master_deck":["MasterSpark","UpSweep","NonDirectionalLaser","ShootingEcho","CasketOfStar+1","Acceleration+1","6A+1","EventHorizon","OrrerysSun+1","ShootTheMoon","6A","FinalSpark+1","CasketOfStar+1","ChargeUpSpray","MilkyWay","AsteroidBelt","Singularity","Acceleration+1","OrrerysSun+1","DragonMeteor","Acceleration","6A+1","MagicAbsorber","CasketOfStar+1","Parasite","Parasite","DragonMeteor"],"relics":["BewitchedHakkero","Regal Pillow","Bottled Flame","Lantern","Akabeko","Pandora\u0027s Box","Yang","Ornamental Fan","Orrery","PreservedInsect","TungstenRod","Darkstone Periapt","Sundial","Art of War","ExperimentalFamiliar","Bottled Tornado","ShroomBag","Ancient Tea Set","SproutingBranch","Medical Kit","Pear"],"acts_visited":["Exordium","TheCity","TheBeyond","TheEnding"],"potions_floor_usage":[6,10,16,25,33,36,41,55,55],"damage_taken":[{"damage":2,"enemies":"2 Louse","floor":1,"turns":3},{"damage":2,"enemies":"Jaw Worm","floor":3,"turns":3},{"damage":1,"enemies":"Cultist","floor":4,"turns":3},{"damage":24,"enemies":"Gremlin Nob","floor":6,"turns":4},{"damage":20,"enemies":"3 Sentries","floor":8,"turns":7},{"damage":0,"enemies":"Large Slime","floor":10,"turns":2},{"damage":0,"enemies":"Looter","floor":12,"turns":3},{"damage":18,"enemies":"Lagavulin","floor":13,"turns":8},{"damage":0,"enemies":"Blue Slaver","floor":14,"turns":3},{"damage":32,"enemies":"The Guardian","floor":16,"turns":10},{"damage":2,"enemies":"Spheric Guardian","floor":18,"turns":3},{"damage":0,"enemies":"Chosen","floor":21,"turns":3},{"damage":23,"enemies":"Centurion and Healer","floor":22,"turns":5},{"damage":2,"enemies":"Gremlin Leader","floor":23,"turns":4},{"damage":25,"enemies":"Slavers","floor":25,"turns":4},{"damage":22,"enemies":"Snake Plant","floor":28,"turns":4},{"damage":24,"enemies":"Snecko","floor":29,"turns":4},{"damage":0,"enemies":"Centurion and Healer","floor":30,"turns":4},{"damage":15,"enemies":"Gremlin Leader","floor":31,"turns":5},{"damage":19,"enemies":"Automaton","floor":33,"turns":7},{"damage":1,"enemies":"3 Shapes","floor":35,"turns":3},{"damage":15,"enemies":"3 Darklings","floor":36,"turns":3},{"damage":0,"enemies":"Maw","floor":39,"turns":3},{"damage":0,"enemies":"Giant Head","floor":41,"turns":2},{"damage":0,"enemies":"Reptomancer","floor":44,"turns":2},{"damage":0,"enemies":"4 Shapes","floor":48,"turns":2},{"damage":15,"enemies":"Donu and Deca","floor":50,"turns":4},{"damage":0,"enemies":"Shield and Spear","floor":54,"turns":2},{"damage":81,"enemies":"The Heart","floor":55,"turns":6}],"seed_played":"-4970419295121682512","potions_obtained":[{"floor":1,"key":"SteroidPotion"},{"floor":8,"key":"AttackPotion"},{"floor":13,"key":"GamblersBrew"},{"floor":14,"key":"AttackPotion"},{"floor":22,"key":"SkillPotion"},{"floor":28,"key":"Dexterity Potion"},{"floor":29,"key":"Ancient Potion"},{"floor":33,"key":"BottledSpark"},{"floor":36,"key":"SkillPotion"},{"floor":54,"key":"FearPotion"}],"is_trial":false,"path_per_floor":["M","?","M","M","$","E","R","E","T","M","?","M","E","M","R","B",null,"M","$","?","M","M","E","R","E","T","?","M","M","M","E","R","B",null,"M","M","?","$","M","R","E","R","T","E","?","R","$","M","R","B",null,"R","$","E","B",null],"character_chosen":"MARISA","items_purchased":["CasketOfStar","Acceleration","PreservedInsect","Bottled Tornado","ShroomBag","Medical Kit"],"campfire_rested":1,"item_purchase_floors":[5,5,19,38,38,47],"current_hp_per_floor":[73,73,71,70,70,46,46,26,26,26,26,75,57,57,57,25,75,73,73,73,73,50,48,48,23,23,10,58,34,34,19,58,39,80,79,64,70,82,84,84,84,84,84,86,86,86,86,93,93,88,98,98,98,108,35],"gold":40,"neow_bonus":"HUNDRED_GOLD","is_daily":false,"chose_seed":false,"campfire_upgraded":7,"win_rate":0.0,"timestamp":1614266452,"path_taken":["M","?","M","M","$","E","R","E","T","M","?","M","E","M","R","BOSS","M","$","?","?","M","E","R","E","T","?","M","M","M","E","R","BOSS","M","M","?","$","M","R","E","R","T","E","?","R","$","M","R","BOSS","R","$","E","BOSS"],"items_purchased_type":["Card","Card","Relic","Relic","Relic","Relic"],"build_version":"2020-12-22","purchased_purges":3,"victory":true,"max_hp_per_floor":[75,75,75,75,75,75,75,75,75,75,75,75,75,75,75,75,75,75,75,75,75,75,75,75,75,75,80,80,80,80,80,80,80,80,80,80,86,98,98,98,98,98,98,98,98,98,98,98,98,98,98,98,98,108,108],"relic_stats":{"Darkstone Periapt":18,"Regal Pillow":15,"counters":[29,116],"Ornamental Fan":[492],"Sundial":[4],"Pandora\u0027s Box":["DarkMatter","CasketOfStar","ChargeUpSpray","DC","MilkyWay","IllusionStar","AsteroidBelt"],"Yang":[463],"PreservedInsect":383,"Art of War":[0],"Medical Kit":[3],"obtain_stats":[{"Darkstone Periapt":25,"Regal Pillow":6,"Lantern":9,"Pear":54,"Yang":17,"PreservedInsect":19,"SproutingBranch":44,"Bottled Tornado":38,"Ancient Tea Set":41,"Medical Kit":47,"Akabeko":13,"ShroomBag":38,"Bottled Flame":8,"ExperimentalFamiliar":34,"Ornamental Fan":17,"Sundial":26,"Orrery":17,"Pandora\u0027s Box":17,"Art of War":31,"MiniHakkero":0,"BewitchedHakkero":17,"TungstenRod":23},{"Darkstone Periapt":15,"Regal Pillow":4,"Lantern":5,"Pear":28,"Yang":10,"PreservedInsect":11,"SproutingBranch":25,"Bottled Tornado":22,"Ancient Tea Set":24,"Medical Kit":25,"Akabeko":8,"ShroomBag":22,"Bottled Flame":5,"ExperimentalFamiliar":20,"Ornamental Fan":10,"Sundial":15,"Orrery":10,"Pandora\u0027s Box":10,"Art of War":19,"MiniHakkero":0,"BewitchedHakkero":10,"TungstenRod":14},{"Darkstone Periapt":65,"Regal Pillow":13,"Lantern":20,"Pear":110,"Yang":46,"PreservedInsect":49,"SproutingBranch":102,"Bottled Tornado":95,"Ancient Tea Set":100,"Medical Kit":102,"Akabeko":33,"ShroomBag":95,"Bottled Flame":20,"ExperimentalFamiliar":89,"Ornamental Fan":46,"Sundial":65,"Orrery":46,"Pandora\u0027s Box":46,"Art of War":82,"MiniHakkero":0,"BewitchedHakkero":46,"TungstenRod":61}],"TungstenRod":58},"card_choices":[{"not_picked":["OpenUniverse","EarthLightRay"],"picked":"NonDirectionalLaser","floor":1},{"not_picked":["PowerUp","OpenUniverse"],"picked":"ShootingEcho","floor":3},{"not_picked":["UnstableBomb","DoubleSpark"],"picked":"ManaConvection","floor":4},{"not_picked":["StarBarrage","UnstableBomb"],"picked":"6A","floor":6},{"not_picked":["MysteriousBeam","MagicChant"],"picked":"EventHorizon","floor":8},{"not_picked":["GrandCross","DarkSpark"],"picked":"GasGiant","floor":10},{"not_picked":["EnergyRecoil","DC"],"picked":"OrrerysSun","floor":12},{"not_picked":["ManaConvection","DC"],"picked":"ShootTheMoon","floor":13},{"not_picked":["DC","DarkMatter"],"picked":"6A","floor":14},{"not_picked":["JA","CollectingQuirk"],"picked":"FinalSpark","floor":16},{"not_picked":["GrandCross","ShootingEcho"],"picked":"Singularity","floor":17},{"not_picked":["MeteoricShower","ChargeUpSpray+1"],"picked":"Acceleration+1","floor":17},{"not_picked":["MysteriousBeam","SprinkleStarSeal"],"picked":"OrrerysSun+1","floor":18},{"not_picked":["ShootingEcho","LuminesStrike+1"],"picked":"Acceleration","floor":21},{"not_picked":["Acceleration","DoubleSpark","ShootingEcho"],"picked":"SKIP","floor":22},{"not_picked":["DarkMatter","BlazeAway","AlicesGift"],"picked":"SKIP","floor":23},{"not_picked":["DC","IllusionStar"],"picked":"6A+1","floor":25},{"not_picked":["DC","EarthLightRay","DarkSpark"],"picked":"SKIP","floor":28},{"not_picked":["AsteroidBelt","ShootTheMoon+1","DoubleSpark"],"picked":"SKIP","floor":29},{"not_picked":["GrandCross+1","MilkyWay"],"picked":"MagicAbsorber","floor":30},{"not_picked":["PulseMagic+1","WitchOfGreed"],"picked":"UltimateShortwave","floor":31},{"not_picked":["EscapeVelocity","TreasureHunter"],"picked":"CasketOfStar","floor":33},{"not_picked":["UnstableBomb","ChargingUp+1","6A"],"picked":"SKIP","floor":35},{"not_picked":["IllusionStar+1","MysteriousBeam+1","GrandCross+1"],"picked":"SKIP","floor":36},{"not_picked":["OpenUniverse+1","StarlightTyphoon","Orbital+1"],"picked":"SKIP","floor":39},{"not_picked":["CasketOfStar","RefractionSpark","ManaConvection"],"picked":"SKIP","floor":41},{"not_picked":["WitchOfGreed+1","Robbery","PowerUp+1"],"picked":"SKIP","floor":44},{"not_picked":["OneTimeOff+1","Acceleration+1","MysteriousBeam"],"picked":"SKIP","floor":48},{"not_picked":["DeepEcoloBomb+1","AsteroidBelt+1"],"picked":"DragonMeteor","floor":54}],"player_experience":155753,"relics_obtained":[{"floor":6,"key":"Regal Pillow"},{"floor":8,"key":"Bottled Flame"},{"floor":9,"key":"Lantern"},{"floor":13,"key":"Akabeko"},{"floor":23,"key":"TungstenRod"},{"floor":25,"key":"Darkstone Periapt"},{"floor":26,"key":"Sundial"},{"floor":31,"key":"Art of War"},{"floor":41,"key":"Ancient Tea Set"},{"floor":44,"key":"SproutingBranch"},{"floor":54,"key":"Pear"}],"event_choices":[{"cards_removed":["Strike_MRS"],"damage_healed":0,"gold_gain":0,"player_choice":"Card Removal","damage_taken":0,"max_hp_gain":0,"max_hp_loss":0,"event_name":"The Cleric","floor":2,"gold_loss":50},{"damage_healed":0,"gold_gain":1,"player_choice":"LEAVE","damage_taken":0,"max_hp_gain":0,"max_hp_loss":0,"event_name":"betterThird:BetterScrap","floor":11,"gold_loss":0,"cards_obtained":["Doom and Gloom"]},{"damage_healed":0,"gold_gain":0,"cards_transformed":["GasGiant"],"player_choice":"Transformed","damage_taken":0,"max_hp_gain":0,"max_hp_loss":0,"event_name":"Transmorgrifier","floor":20,"gold_loss":0,"cards_obtained":["DragonMeteor"]},{"damage_healed":0,"gold_gain":0,"player_choice":"Shed Blood","damage_taken":19,"max_hp_gain":5,"max_hp_loss":0,"event_name":"Forgotten Altar","floor":27,"gold_loss":0},{"damage_healed":0,"gold_gain":0,"player_choice":"Ignored","damage_taken":0,"max_hp_gain":0,"max_hp_loss":0,"event_name":"OrinTheCat","floor":37,"gold_loss":0},{"cards_removed":["UltimateShortwave"],"damage_healed":0,"gold_gain":0,"player_choice":"Removed Skill","damage_taken":0,"max_hp_gain":0,"max_hp_loss":0,"event_name":"Falling","floor":45,"gold_loss":0}],"is_beta":false,"boss_relics":[{"not_picked":["Velvet Choker","Calling Bell"],"picked":"Pandora\u0027s Box"},{"not_picked":["Tiny House","SacredBark"],"picked":"ExperimentalFamiliar"}],"items_purged_floors":[19,38,47],"is_endless":false,"potions_floor_spawned":[1,8,13,14,22,28,29,33,35,36,54],"ascension_level":4}}