{"host":"5sw3zovcv0q4yiho","time":1614236859,"event":{"mods":["BaseMod","Gremlin Mod","Minty Spire (QoL Compilation)","Replay The Spire","StSLib"],"gold_per_floor":[119,119,48,62,78,105,105,105,105,105,105,125,125,125,0,0,0,100,100,119,129,129,148,148,148,165,184,208,321,402,431,431,62,62,161,161,173,173,185,235,248,248,262,262,262,262,262,6,6,36,36,36,36,36,6,35,35,35],"floor_reached":57,"language":"ENG","playtime":14710,"items_purged":["ReplayTheSpireMod:Splinters"],"score":1031,"play_id":"4070b8ee-5143-4ea1-bc24-c6c8814c8fa1","local_time":"20210225010739","is_ascension_mode":false,"campfire_choices":[{"data":"Gremlin:Stupend","floor":7,"key":"SMITH"},{"data":"Gremlin:FanOfKnives","floor":10,"key":"SMITH"},{"data":"Gremlin:Astound","floor":13,"key":"SMITH"},{"floor":17,"key":"RECALL"},{"data":"Gremlin:Unforgiving","floor":42,"key":"SMITH"},{"data":"Gremlin:Tadah","floor":44,"key":"SMITH"},{"data":"Gremlin:GremlinToss","floor":47,"key":"SMITH"},{"data":"Gremlin:Enthusiasm","floor":49,"key":"SMITH"},{"data":"Gremlin:EdibleArmor","floor":51,"key":"SMITH"},{"data":"Gremlin:Nob","floor":54,"key":"SMITH"}],"circlet_count":0,"master_deck":["Gremlin:TagTeam","Gremlin:GremlinDance","Gremlin:Pickpocket","Gremlin:Stupend+1","Gremlin:Pickpocket+1","Gremlin:FanOfKnives+1","Gremlin:Astound+1","Gremlin:Erupt","Gremlin:Fury","Gremlin:Exacerbate+1","Gremlin:Whiz","Gremlin:GremlinMeal","Gremlin:Jeer","Gremlin:Dazzle","Gremlin:GremlinToss+1","Gremlin:EdibleArmor+1","Gremlin:Flurry+1","Gremlin:Presto+1","Gremlin:Enthusiasm+1","Gremlin:GremlinArms","Gremlin:Nob+1","Gremlin:Changeo+1","Gremlin:Kablamo+1","Gremlin:Patsy","Deep Breath","Gremlin:Unforgiving+1","Gremlin:Pretaliation+1","Gremlin:Tadah+1","Gremlin:BulkUp","Gremlin:GlitterGuard","Gremlin:MakeshiftArmor","Pot Of Greed","Pot Of Greed","Pot Of Greed"],"relics":["Gremlin:GremlinKnob","Quantum Egg","Matryoshka","Pandora\u0027s Box","Blood Vial","Replay:Bottled Steam","Whetstone","ReplayTheSpireMod:Lightbulb","Letter Opener","Centennial Puzzle","Replay:Baseball","Busted Crown","WingedGreaves","The Courier","Pear","Happy Flower","Gremlin:StolenMerchandise","Grinning Jar"],"acts_visited":["Exordium","TheCity","TheBeyond","TheEnding"],"potions_floor_usage":[18,18,23,35,39,50,52,56,57,57],"damage_taken":[{"damage":0,"enemies":"Small Slimes","floor":1,"turns":3},{"damage":0,"enemies":"Cultist","floor":4,"turns":3},{"damage":1,"enemies":"2 Louse","floor":5,"turns":2},{"damage":22,"enemies":"3 Sentries","floor":6,"turns":9},{"damage":1,"enemies":"2 Fungi Beasts","floor":12,"turns":3},{"damage":0,"enemies":"Gremlin Nob","floor":15,"turns":1},{"damage":30,"enemies":"The Guardian","floor":18,"turns":13},{"damage":22,"enemies":"3 Byrds","floor":20,"turns":4},{"damage":10,"enemies":"2 Thieves","floor":21,"turns":2},{"damage":11,"enemies":"Snake Plant","floor":23,"turns":3},{"damage":29,"enemies":"Snecko","floor":26,"turns":5},{"damage":11,"enemies":"Centurion and Healer","floor":27,"turns":4},{"damage":29,"enemies":"Book of Stabbing","floor":31,"turns":3},{"damage":12,"enemies":"Pondfish","floor":35,"turns":13},{"damage":0,"enemies":"Orb Walker","floor":37,"turns":4},{"damage":0,"enemies":"3 Shapes","floor":39,"turns":4},{"damage":0,"enemies":"Mind Bloom Boss Battle","floor":40,"turns":3},{"damage":5,"enemies":"3 Darklings","floor":41,"turns":3},{"damage":10,"enemies":"Writhing Mass","floor":43,"turns":8},{"damage":0,"enemies":"R_Hoarder","floor":50,"turns":6},{"damage":20,"enemies":"Replay:Hell Engine","floor":52,"turns":6},{"damage":8,"enemies":"Shield and Spear","floor":56,"turns":2}],"seed_played":"-790695348223723446","potions_obtained":[{"floor":5,"key":"Venom Potion"},{"floor":6,"key":"FearPotion"},{"floor":12,"key":"Energy Potion"},{"floor":20,"key":"SteroidPotion"},{"floor":29,"key":"Death Potion"},{"floor":37,"key":"GamblersBrew"},{"floor":43,"key":"Adrenaline Potion"},{"floor":50,"key":"SteroidPotion"},{"floor":56,"key":"SteroidPotion"}],"is_trial":false,"path_per_floor":["M","?","$","M","M","E","R","PTL","PTL","R","T","M","R","?","E","?","R","B",null,"M","M","?","M","?","R","M","M","T","?","T","E","R","$","R","B",null,"M","?","M","?","M","R","M","R","T","?","R","$","R","E","R","B",null,"R","$","E","B"],"character_chosen":"GREMLIN","items_purchased":["Gremlin:Stupend","Replay:Baseball","Gremlin:Patsy","Deep Breath","Pear","Gremlin:BulkUp","Gremlin:GlitterGuard","Gremlin:StolenMerchandise","Gremlin:MakeshiftArmor"],"campfire_rested":0,"item_purchase_floors":[3,33,33,33,48,48,48,55,55],"current_hp_per_floor":[21,21,21,21,21,15,15,15,15,15,15,20,20,21,21,19,19,15,22,22,12,12,3,3,3,21,10,10,10,10,21,20,20,19,19,19,19,19,19,19,19,19,19,19,19,19,19,21,21,21,21,16,21,21,21,21,0,0],"gold":35,"neow_bonus":"TEN_PERCENT_HP_BONUS","is_daily":false,"chose_seed":false,"campfire_upgraded":9,"win_rate":0.0,"timestamp":1614236859,"path_taken":["M","?","?","M","M","E","R","PTL","PTL","R","T","M","R","?","E","?","R","BOSS","M","M","?","M","?","R","?","M","T","?","?","E","R","$","R","BOSS","M","?","?","?","M","R","M","R","T","?","R","$","R","E","R","BOSS","R","$","E","BOSS"],"items_purchased_type":["Card","Relic","Card","Card","Relic","Card","Card","Relic","Card"],"build_version":"2020-12-22","purchased_purges":1,"victory":false,"max_hp_per_floor":[21,21,21,21,21,21,21,21,21,21,21,21,21,22,22,22,22,22,22,22,22,22,22,22,21,21,21,21,21,21,21,20,20,19,19,19,19,19,19,19,19,19,19,19,19,19,19,21,21,21,21,21,21,21,21,21,21,21],"card_choices":[{"not_picked":["Gremlin:GremlinArms","Gremlin:Presto"],"picked":"Gremlin:Pickpocket","floor":1},{"not_picked":["Gremlin:Changeo","Gremlin:BubbleBarrier"],"picked":"Gremlin:Pickpocket","floor":4},{"not_picked":["Gremlin:ShowStopper","Gremlin:GlitterGuard","Gremlin:GremlinMeal"],"picked":"SKIP","floor":5},{"not_picked":["Gremlin:ToeStub","Gremlin:BulkUp"],"picked":"Gremlin:FanOfKnives","floor":6},{"not_picked":["Gremlin:GremlinMeal","Gremlin:PourSalt"],"picked":"Gremlin:Astound","floor":12},{"not_picked":["Gremlin:SharpenBlades","Gremlin:ShadowShiv"],"picked":"Gremlin:Erupt","floor":15},{"not_picked":["Gremlin:ShadowShiv","Gremlin:Necromancy"],"picked":"Gremlin:Fury","floor":18},{"not_picked":["Gremlin:CatScratch","Gremlin:ToeStub"],"picked":"Gremlin:Flurry+1","floor":20},{"not_picked":["Gremlin:DaggerDance+1","Gremlin:Flurry+1"],"picked":"Gremlin:Presto+1","floor":21},{"not_picked":["Gremlin:SharpenBlades","Gremlin:BulkUp"],"picked":"Gremlin:Enthusiasm","floor":23},{"not_picked":["Gremlin:Glimmer","Gremlin:GremlinMeal+1"],"picked":"Gremlin:GremlinArms","floor":26},{"not_picked":["Gremlin:Enthusiasm","Gremlin:GremlinMeal+1","Gremlin:DaggerDance"],"picked":"SKIP","floor":27},{"not_picked":["Gremlin:InfiniteBlocks","Gremlin:Wizardry"],"picked":"Gremlin:Nob","floor":29},{"not_picked":["Gremlin:BulkUp","Gremlin:Presto"],"picked":"Gremlin:Changeo+1","floor":29},{"not_picked":["Gremlin:GremlinArms","Gremlin:PartyStick"],"picked":"Gremlin:Kablamo+1","floor":31},{"not_picked":["Gremlin:FairyDust","Gremlin:Erupt"],"picked":"Gremlin:Unforgiving","floor":35},{"not_picked":["Gremlin:ToeStub+1"],"picked":"SKIP","floor":37},{"not_picked":[],"picked":"Gremlin:Pretaliation+1","floor":39},{"not_picked":["Gremlin:Pretaliation"],"picked":"SKIP","floor":41},{"not_picked":[],"picked":"Gremlin:Tadah","floor":43},{"not_picked":["Gremlin:SharpenBlades+1"],"picked":"SKIP","floor":50},{"not_picked":["Gremlin:Presto"],"picked":"SKIP","floor":56}],"player_experience":338764,"relics_obtained":[{"floor":6,"key":"Quantum Egg"},{"floor":11,"key":"Matryoshka"},{"floor":28,"key":"Replay:Bottled Steam"},{"floor":29,"key":"Whetstone"},{"floor":29,"key":"ReplayTheSpireMod:Lightbulb"},{"floor":30,"key":"Letter Opener"},{"floor":31,"key":"Centennial Puzzle"},{"floor":40,"key":"WingedGreaves"},{"floor":45,"key":"The Courier"},{"floor":50,"key":"Happy Flower"},{"floor":56,"key":"Grinning Jar"}],"event_choices":[{"damage_healed":0,"gold_gain":0,"player_choice":"Cursed","damage_taken":0,"max_hp_gain":0,"max_hp_loss":0,"event_name":"Wheel of Change","floor":2,"gold_loss":0,"cards_obtained":["Decay"]},{"damage_healed":0,"gold_gain":0,"player_choice":"Donut","damage_taken":0,"max_hp_gain":5,"max_hp_loss":0,"event_name":"Big Fish","floor":14,"gold_loss":0},{"cards_removed":["Gremlin:Defend"],"damage_healed":0,"gold_gain":0,"player_choice":"Card Removal","damage_taken":2,"max_hp_gain":0,"max_hp_loss":0,"event_name":"Golden Wing","floor":16,"gold_loss":0},{"damage_healed":0,"gold_gain":0,"player_choice":"Opened","damage_taken":0,"relics_obtained":["Blood Vial"],"max_hp_gain":0,"max_hp_loss":0,"event_name":"The Mausoleum","floor":22,"gold_loss":0},{"cards_removed":["Decay"],"damage_healed":0,"gold_gain":0,"player_choice":"Purged","damage_taken":0,"max_hp_gain":0,"max_hp_loss":0,"event_name":"Purifier","floor":24,"gold_loss":0},{"damage_healed":0,"gold_gain":0,"player_choice":"Full Heal","damage_taken":0,"max_hp_gain":0,"max_hp_loss":0,"event_name":"Wheel of Change","floor":38,"gold_loss":0},{"damage_healed":0,"gold_gain":0,"player_choice":"Fight","damage_taken":0,"max_hp_gain":0,"max_hp_loss":0,"event_name":"MindBloom","floor":40,"gold_loss":0},{"damage_healed":0,"gold_gain":0,"player_choice":"Memory 1","damage_taken":0,"max_hp_gain":0,"max_hp_loss":0,"event_name":"SensoryStone","floor":46,"gold_loss":0}],"is_beta":false,"boss_relics":[{"not_picked":["Runic Dome","ChewingGum"],"picked":"Pandora\u0027s Box"},{"not_picked":["Velvet Choker","Runic Pyramid"],"picked":"Busted Crown"}],"items_purged_floors":[33],"is_endless":false,"potions_floor_spawned":[5,6,12,20,37,43,50,56],"killed_by":"The Heart","ascension_level":0}}