{"host":"22njw49i2r7r2wa8","time":1614229315,"event":{"mods":["2.2 Compatiblity","BaseMod","Colored Map","Minty Spire (QoL Compilation)"],"gold_per_floor":[117,117,132,148,165,165,165,204,279,295,295,336,359,13,13,142,142,160,184,208,208,208,208],"floor_reached":22,"language":"ENG","playtime":2318,"items_purged":["Strike_R"],"score":267,"play_id":"de5e4e2a-db28-4688-813f-aafc620e62f5","local_time":"20210224210155","is_ascension_mode":true,"campfire_choices":[{"data":"Uppercut","floor":7,"key":"SMITH"},{"data":"Inflame","floor":11,"key":"SMITH"},{"data":"Infernal Blade","floor":15,"key":"SMITH"}],"circlet_count":0,"master_deck":["Strike_R","Strike_R","Strike_R","Strike_R","Defend_R","Defend_R","Defend_R","Defend_R","Bash","Uppercut+1","Rampage","Inflame+1","Headbutt","Headbutt","Infernal Blade+1","Metallicize","Immolate","Demon Form"],"relics":["SacredBark","Golden Idol","Bird Faced Urn","Mummified Hand","Centennial Puzzle","Potion Belt","Black Star","CeramicFish"],"acts_visited":["Exordium","TheCity"],"potions_floor_usage":[3,5,8,10,10,10,13,14,16,18,22,22],"damage_taken":[{"damage":7,"enemies":"Small Slimes","floor":1,"turns":3},{"damage":0,"enemies":"Cultist","floor":3,"turns":3},{"damage":0,"enemies":"2 Louse","floor":4,"turns":2},{"damage":0,"enemies":"Large Slime","floor":5,"turns":3},{"damage":20,"enemies":"3 Sentries","floor":8,"turns":3},{"damage":0,"enemies":"Lots of Slimes","floor":10,"turns":4},{"damage":20,"enemies":"Lagavulin","floor":12,"turns":4},{"damage":8,"enemies":"Blue Slaver","floor":13,"turns":2},{"damage":11,"enemies":"Hexaghost","floor":16,"turns":7},{"damage":12,"enemies":"2 Thieves","floor":18,"turns":2},{"damage":14,"enemies":"Chosen","floor":19,"turns":3},{"damage":44,"enemies":"Centurion and Healer","floor":20,"turns":4},{"damage":8,"enemies":"Shelled Parasite and Fungi","floor":22,"turns":1}],"seed_played":"-478307147994494601","potions_obtained":[{"floor":2,"key":"SteroidPotion"},{"floor":2,"key":"Explosive Potion"},{"floor":2,"key":"Fire Potion"},{"floor":3,"key":"FairyPotion"},{"floor":4,"key":"Explosive Potion"},{"floor":8,"key":"EntropicBrew"},{"floor":12,"key":"FearPotion"},{"floor":19,"key":"FearPotion"},{"floor":20,"key":"Fire Potion"}],"is_trial":false,"path_per_floor":["M","?","M","M","M","?","R","E","T","M","R","E","M","$","R","B",null,"M","M","M","?","M"],"character_chosen":"IRONCLAD","items_purchased":["Potion Belt","Metallicize","BloodPotion"],"campfire_rested":0,"item_purchase_floors":[14,14,14],"current_hp_per_floor":[65,65,65,65,65,65,65,45,45,47,47,29,23,52,52,45,67,57,47,7,7,0,0],"gold":208,"neow_bonus":"BOSS_RELIC","is_daily":false,"chose_seed":false,"campfire_upgraded":3,"win_rate":0.0,"timestamp":1614229315,"path_taken":["M","?","?","M","M","?","R","E","T","M","R","E","M","$","R","BOSS","M","M","M","?","M"],"items_purchased_type":["Relic","Card","Potion"],"build_version":"2020-12-22","purchased_purges":1,"victory":false,"max_hp_per_floor":[80,80,80,80,80,74,74,74,74,74,74,74,74,74,74,74,74,74,74,74,74,74,74],"card_choices":[{"not_picked":["Anger","Sword Boomerang"],"picked":"Uppercut","floor":1},{"not_picked":["Feel No Pain","Evolve"],"picked":"Rampage","floor":3},{"not_picked":["Combust","Havoc"],"picked":"Inflame","floor":4},{"not_picked":["Dual Wield","Anger"],"picked":"Headbutt","floor":5},{"not_picked":["Disarm","Wild Strike","Bloodletting"],"picked":"SKIP","floor":8},{"not_picked":["Perfected Strike","Iron Wave"],"picked":"Headbutt","floor":10},{"not_picked":["Twin Strike","Pommel Strike"],"picked":"Infernal Blade","floor":12},{"not_picked":["Uppercut","Warcry","Power Through"],"picked":"SKIP","floor":13},{"not_picked":["Exhume","Corruption"],"picked":"Immolate","floor":16},{"not_picked":["Anger","Body Slam","Twin Strike"],"picked":"SKIP","floor":18},{"not_picked":["Thunderclap","Sword Boomerang","Body Slam"],"picked":"SKIP","floor":19},{"not_picked":["Dual Wield","Pommel Strike"],"picked":"Demon Form","floor":20}],"player_experience":540243,"relics_obtained":[{"floor":8,"key":"Bird Faced Urn"},{"floor":9,"key":"Mummified Hand"},{"floor":12,"key":"Centennial Puzzle"}],"event_choices":[{"damage_healed":0,"gold_gain":0,"player_choice":"Got Potions","damage_taken":0,"max_hp_gain":0,"max_hp_loss":0,"event_name":"Lab","floor":2,"gold_loss":0},{"damage_healed":0,"gold_gain":0,"player_choice":"Lose Max HP","damage_taken":0,"relics_obtained":["Golden Idol"],"max_hp_gain":0,"max_hp_loss":6,"event_name":"Golden Idol","floor":6,"gold_loss":0},{"damage_healed":0,"gold_gain":0,"player_choice":"Opened","damage_taken":0,"relics_obtained":["CeramicFish"],"max_hp_gain":0,"max_hp_loss":0,"event_name":"The Mausoleum","floor":21,"gold_loss":0}],"is_beta":false,"boss_relics":[{"not_picked":["Ectoplasm","Runic Dome"],"picked":"Black Star"}],"items_purged_floors":[14],"is_endless":false,"potions_floor_spawned":[3,4,8,12,19,20],"killed_by":"Shelled Parasite and Fungi","ascension_level":7}}