{"host":"742iv5syyyu8a2dy","time":1614288621,"event":{"mods":["BaseMod","Bestiary","Block Reminder","Colored Powertips","Downfall","Minty Spire (QoL Compilation)","Practice Mode","Quick Restart","Relic Stats","StSLib"],"gold_per_floor":[111,111,128,141,141,141,168,168,168,193,260,335,361,311,311,408,408,426,351,365,365,365,365,395,395,476,476,492,518,545,555,555,555,555],"floor_reached":33,"language":"ENG","playtime":1014,"items_purged":["Strike_R"],"score":389,"play_id":"36276718-2297-4f40-b18f-d4a780848276","local_time":"20210225163021","is_ascension_mode":true,"campfire_choices":[{"data":"Bash","floor":6,"key":"SMITH"},{"floor":8,"key":"REST"},{"data":"Armaments","floor":15,"key":"SMITH"},{"data":"1","floor":23,"key":"LIFT"},{"floor":25,"key":"REST"},{"data":"2","floor":27,"key":"LIFT"},{"floor":32,"key":"REST"}],"circlet_count":0,"master_deck":["Defend_R","Defend_R","Defend_R","Bash+1","Warcry","Flex","Battle Trance","Bludgeon","Spot Weakness","Anger","Armaments+1","Corruption","Fire Breathing+1","Pummel+1","Dropkick+1","Spot Weakness","Dual Wield","Twin Strike","Immolate","Immolate","Clash","Dark Embrace+1","Headbutt+1","Double Tap+1"],"relics":["Burning Blood","NeowsBlessing","Incense Burner","Girya","Juzu Bracelet","Bronze Scales","Astrolabe","Regal Pillow","Toxic Egg 2","Molten Egg 2","Red Mask"],"acts_visited":["Exordium","TheCity"],"potions_floor_usage":[7,10,13,13,24,33],"damage_taken":[{"damage":0,"enemies":"2 Louse","floor":1,"turns":1},{"damage":0,"enemies":"Small Slimes","floor":3,"turns":1},{"damage":0,"enemies":"Cultist","floor":4,"turns":1},{"damage":30,"enemies":"3 Sentries","floor":7,"turns":7},{"damage":18,"enemies":"Gremlin Nob","floor":10,"turns":3},{"damage":10,"enemies":"3 Sentries","floor":13,"turns":5},{"damage":48,"enemies":"The Guardian","floor":16,"turns":8},{"damage":0,"enemies":"Chosen","floor":18,"turns":4},{"damage":23,"enemies":"Spheric Guardian","floor":20,"turns":4},{"damage":34,"enemies":"Gremlin Leader","floor":24,"turns":5},{"damage":7,"enemies":"3 Cultists","floor":28,"turns":3},{"damage":29,"enemies":"Slavers","floor":29,"turns":2},{"damage":0,"enemies":"Masked Bandits","floor":30,"turns":2},{"damage":28,"enemies":"Sentry and Sphere","floor":31,"turns":4},{"damage":71,"enemies":"Champ","floor":33,"turns":7}],"seed_played":"7054977601574721700","potions_obtained":[{"floor":3,"key":"Energy Potion"},{"floor":5,"key":"LiquidMemories"},{"floor":5,"key":"LiquidBronze"},{"floor":10,"key":"DistilledChaos"},{"floor":20,"key":"Block Potion"},{"floor":30,"key":"BlessingOfTheForge"},{"floor":31,"key":"Explosive Potion"}],"is_trial":false,"path_per_floor":["M","?","M","M","?","R","E","R","T","E","?","?","E","?","R","B",null,"M","$","M","?","$","R","E","R","T","R","M","E","?","M","R","B"],"character_chosen":"IRONCLAD","items_purchased":[],"campfire_rested":3,"item_purchase_floors":[],"current_hp_per_floor":[78,78,80,80,80,80,56,80,80,68,68,57,53,53,53,11,63,69,69,52,52,52,52,24,63,63,63,62,39,45,23,62,0,0],"gold":555,"neow_bonus":"THREE_ENEMY_KILL","is_daily":false,"chose_seed":false,"campfire_upgraded":2,"win_rate":0.0,"timestamp":1614288621,"path_taken":["M","?","M","M","?","R","E","R","T","E","?","?","E","?","R","BOSS","M","$","M","?","$","R","E","R","T","R","M","E","?","M","R","BOSS"],"items_purchased_type":[],"build_version":"2020-12-22","purchased_purges":1,"victory":false,"max_hp_per_floor":[80,80,80,80,80,80,80,80,80,80,80,80,80,80,80,80,80,80,80,80,80,80,80,80,80,80,80,80,80,80,80,80,80,80],"relic_stats":{"Regal Pillow":30,"counters":[15,57],"Bronze Scales":[75],"Astrolabe":["Fire Breathing","Pummel","Dropkick"],"Juzu Bracelet":2,"obtain_stats":[{"Girya":9,"Regal Pillow":24,"NeowsBlessing":0,"Bronze Scales":13,"Astrolabe":17,"Molten Egg 2":29,"Incense Burner":7,"Juzu Bracelet":10,"Red Mask":30,"Toxic Egg 2":26,"Burning Blood":0},{"Girya":4,"Regal Pillow":10,"NeowsBlessing":0,"Bronze Scales":6,"Astrolabe":7,"Molten Egg 2":12,"Incense Burner":4,"Juzu Bracelet":5,"Red Mask":13,"Toxic Egg 2":10,"Burning Blood":0},{"Girya":10,"Regal Pillow":39,"NeowsBlessing":0,"Bronze Scales":18,"Astrolabe":26,"Molten Egg 2":44,"Incense Burner":10,"Juzu Bracelet":13,"Red Mask":46,"Toxic Egg 2":39,"Burning Blood":0}],"Burning Blood":74},"card_choices":[{"not_picked":["Pommel Strike","Flex"],"picked":"Warcry","floor":1},{"not_picked":["Thunderclap","Shrug It Off"],"picked":"Battle Trance","floor":3},{"not_picked":["Iron Wave","Shockwave"],"picked":"Bludgeon","floor":4},{"not_picked":["Evolve","Bludgeon"],"picked":"Spot Weakness","floor":7},{"not_picked":["Infernal Blade","Pommel Strike"],"picked":"Anger","floor":10},{"not_picked":["Cleave","Perfected Strike"],"picked":"Armaments","floor":13},{"not_picked":["Demon Form","Feed"],"picked":"Corruption","floor":16},{"not_picked":["Second Wind","Battle Trance"],"picked":"Spot Weakness","floor":18},{"not_picked":["Anger+1","Pommel Strike"],"picked":"Dual Wield","floor":20},{"not_picked":["Dual Wield","Armaments"],"picked":"Immolate","floor":24},{"not_picked":["Armaments+1","Shrug It Off+1"],"picked":"Clash","floor":28},{"not_picked":["Wild Strike+1","Clothesline+1"],"picked":"Dark Embrace+1","floor":29},{"not_picked":["Clothesline+1","Flex+1"],"picked":"Headbutt+1","floor":30},{"not_picked":["Fire Breathing","Searing Blow+1"],"picked":"Double Tap+1","floor":31}],"player_experience":256469,"relics_obtained":[{"floor":7,"key":"Incense Burner"},{"floor":9,"key":"Girya"},{"floor":10,"key":"Juzu Bracelet"},{"floor":13,"key":"Bronze Scales"},{"floor":24,"key":"Regal Pillow"},{"floor":26,"key":"Toxic Egg 2"},{"floor":29,"key":"Molten Egg 2"},{"floor":30,"key":"Red Mask"}],"event_choices":[{"damage_healed":0,"gold_gain":0,"cards_transformed":["Defend_R"],"player_choice":"Change","damage_taken":0,"max_hp_gain":0,"max_hp_loss":0,"event_name":"Living Wall","floor":2,"gold_loss":0,"cards_obtained":["Flex"]},{"damage_healed":0,"gold_gain":0,"player_choice":"Got Potions","damage_taken":0,"max_hp_gain":0,"max_hp_loss":0,"event_name":"Lab","floor":5,"gold_loss":0},{"damage_healed":0,"gold_gain":67,"player_choice":"Gained Gold","damage_taken":0,"max_hp_gain":0,"max_hp_loss":0,"event_name":"Golden Wing","floor":11,"gold_loss":0},{"damage_healed":0,"gold_gain":75,"player_choice":"Gather Gold","damage_taken":11,"max_hp_gain":0,"max_hp_loss":0,"event_name":"World of Goop","floor":12,"gold_loss":0},{"cards_removed":["Strike_R"],"damage_healed":0,"gold_gain":0,"player_choice":"Card Removal","damage_taken":0,"max_hp_gain":0,"max_hp_loss":0,"event_name":"The Cleric","floor":14,"gold_loss":50},{"damage_healed":0,"gold_gain":0,"player_choice":"2 cards matched","damage_taken":0,"max_hp_gain":0,"max_hp_loss":0,"event_name":"Match and Keep!","floor":21,"gold_loss":0,"cards_obtained":["Twin Strike","Immolate"]},{"damage_healed":0,"gold_gain":0,"player_choice":"Fought Bandits","damage_taken":0,"max_hp_gain":0,"max_hp_loss":0,"event_name":"Masked Bandits","floor":30,"gold_loss":0}],"is_beta":false,"boss_relics":[{"not_picked":["SacredBark","Velvet Choker"],"picked":"Astrolabe"}],"items_purged_floors":[19],"is_endless":false,"potions_floor_spawned":[3,10,20,30,31],"killed_by":"Champ","ascension_level":6}}