{"host":"p9xedk00duaz8l9n","time":1614272116,"event":{"mods":["BaseMod","Colored Map","DeckTracker","Highlight Path","Minty Spire (QoL Compilation)","Relic Stats","SuperFastMode"],"gold_per_floor":[114,132,150,150,64,64,95,108,108,108,142,157,188,206,206,283,283,296,296,296,310,235,235,266,266,334,347,372,396,77,22,22,22,22],"floor_reached":33,"language":"JPN","playtime":1342,"items_purged":["Strike_R+1"],"score":631,"play_id":"d58a1310-103f-4e3f-ad19-398d97635f5f","local_time":"20210226015516","is_ascension_mode":true,"campfire_choices":[{"data":"Carnage","floor":6,"key":"SMITH"},{"data":"Hemokinesis","floor":10,"key":"SMITH"},{"data":"Disarm","floor":15,"key":"SMITH"},{"data":"Seeing Red","floor":23,"key":"SMITH"},{"data":"Infernal Blade","floor":25,"key":"SMITH"},{"data":"Hemokinesis","floor":32,"key":"SMITH"}],"circlet_count":0,"master_deck":["AscendersBane","Strike_R+1","Defend_R+1","Defend_R+1","Defend_R+1","Defend_R+1","Bash","Reaper","Twin Strike","Carnage+1","Seeing Red+1","Hemokinesis+1","Infernal Blade+1","Shockwave","Disarm+1","Feed","Ghostly Armor","Hemokinesis+1","Pummel","Sever Soul","Pommel Strike","Dark Embrace"],"relics":["Burning Blood","Bag of Preparation","War Paint","Sundial","Pear","Runic Pyramid","Du-Vu Doll","Mummified Hand","MealTicket","Dream Catcher","TheAbacus"],"acts_visited":["Exordium","TheCity"],"potions_floor_usage":[7,11,11,11,16,24,24,33],"damage_taken":[{"damage":10,"enemies":"Small Slimes","floor":1,"turns":3},{"damage":15,"enemies":"2 Louse","floor":2,"turns":2},{"damage":1,"enemies":"Cultist","floor":3,"turns":3},{"damage":6,"enemies":"Gremlin Nob","floor":7,"turns":3},{"damage":7,"enemies":"Large Slime","floor":8,"turns":6},{"damage":16,"enemies":"3 Sentries","floor":11,"turns":4},{"damage":2,"enemies":"Blue Slaver","floor":12,"turns":2},{"damage":34,"enemies":"Gremlin Nob","floor":13,"turns":4},{"damage":11,"enemies":"Red Slaver","floor":14,"turns":3},{"damage":31,"enemies":"Hexaghost","floor":16,"turns":11},{"damage":14,"enemies":"Chosen","floor":18,"turns":4},{"damage":18,"enemies":"3 Byrds","floor":21,"turns":8},{"damage":26,"enemies":"Gremlin Leader","floor":24,"turns":7},{"damage":5,"enemies":"Snecko","floor":27,"turns":3},{"damage":53,"enemies":"Slavers","floor":28,"turns":6},{"damage":67,"enemies":"Collector","floor":33,"turns":7}],"seed_played":"-7426194316646569960","potions_obtained":[{"floor":1,"key":"DuplicationPotion"},{"floor":3,"key":"FearPotion"},{"floor":8,"key":"EntropicBrew"},{"floor":13,"key":"BlessingOfTheForge"},{"floor":18,"key":"Explosive Potion"},{"floor":28,"key":"FearPotion"}],"is_trial":false,"path_per_floor":["M","M","M","?","$","R","E","M","T","R","E","M","E","M","R","B",null,"M","?","?","M","?","R","E","R","T","M","E","T","$","$","R","B"],"character_chosen":"IRONCLAD","items_purchased":["Hemokinesis","TheAbacus","Dark Embrace","SkillPotion"],"campfire_rested":0,"item_purchase_floors":[5,30,30,31],"current_hp_per_floor":[71,62,71,64,64,64,70,69,69,69,59,63,51,52,52,31,72,67,67,67,64,64,64,65,65,65,69,25,25,40,55,55,0,0],"gold":22,"neow_bonus":"ONE_RANDOM_RARE_CARD","is_daily":false,"chose_seed":false,"campfire_upgraded":6,"win_rate":0.0,"timestamp":1614272116,"path_taken":["M","M","M","?","$","R","E","M","T","R","E","M","E","M","R","BOSS","M","?","?","M","?","R","E","R","T","M","E","?","?","$","R","BOSS"],"items_purchased_type":["Card","Relic","Card","Potion"],"build_version":"2020-12-22","purchased_purges":1,"victory":false,"max_hp_per_floor":[75,75,75,75,75,75,75,75,75,75,75,75,85,85,85,85,85,88,88,88,91,91,91,95,95,95,98,101,101,101,101,101,101,101],"relic_stats":{"Dream Catcher":0,"TheAbacus":[30],"counters":[16,76],"Sundial":[10],"Mummified Hand":[1],"MealTicket":30,"Bag of Preparation":[24],"War Paint":["Defend_R","Defend_R"],"obtain_stats":[{"Du-Vu Doll":24,"Dream Catcher":29,"Pear":13,"TheAbacus":30,"Sundial":11,"Mummified Hand":26,"MealTicket":28,"Bag of Preparation":7,"War Paint":9,"Burning Blood":0,"Runic Pyramid":17},{"Du-Vu Doll":13,"Dream Catcher":15,"Pear":8,"TheAbacus":15,"Sundial":6,"Mummified Hand":13,"MealTicket":15,"Bag of Preparation":4,"War Paint":5,"Burning Blood":0,"Runic Pyramid":10},{"Du-Vu Doll":60,"Dream Catcher":69,"Pear":27,"TheAbacus":69,"Sundial":21,"Mummified Hand":60,"MealTicket":69,"Bag of Preparation":11,"War Paint":17,"Burning Blood":0,"Runic Pyramid":41}],"Burning Blood":90},"card_choices":[{"not_picked":["Clash","Armaments"],"picked":"Twin Strike","floor":1},{"not_picked":["Havoc","Body Slam"],"picked":"Carnage","floor":2},{"not_picked":["Rampage","Anger"],"picked":"Seeing Red","floor":3},{"not_picked":["Barricade","Evolve"],"picked":"Infernal Blade","floor":7},{"not_picked":["Body Slam","Flex"],"picked":"Shockwave","floor":8},{"not_picked":["Carnage","Rage"],"picked":"Barricade","floor":11},{"not_picked":["Sentinel","Perfected Strike","Warcry"],"picked":"SKIP","floor":12},{"not_picked":["Thunderclap","True Grit"],"picked":"Disarm","floor":13},{"not_picked":["Perfected Strike","Heavy Blade","Thunderclap"],"picked":"SKIP","floor":14},{"not_picked":["Corruption","Limit Break"],"picked":"Feed","floor":16},{"not_picked":["Thunderclap","Power Through+1"],"picked":"Ghostly Armor","floor":18},{"not_picked":["Wild Strike","Clash","Headbutt"],"picked":"SKIP","floor":21},{"not_picked":["Evolve","Bludgeon","Iron Wave+1"],"picked":"SKIP","floor":24},{"not_picked":["Anger","Havoc"],"picked":"Sever Soul","floor":27},{"not_picked":["Combust","Exhume"],"picked":"Pommel Strike","floor":28}],"player_experience":869244,"relics_obtained":[{"floor":7,"key":"Bag of Preparation"},{"floor":9,"key":"War Paint"},{"floor":11,"key":"Sundial"},{"floor":13,"key":"Pear"},{"floor":24,"key":"Du-Vu Doll"},{"floor":26,"key":"Mummified Hand"},{"floor":28,"key":"MealTicket"},{"floor":29,"key":"Dream Catcher"}],"event_choices":[{"cards_removed":["Strike_R"],"damage_healed":0,"gold_gain":0,"player_choice":"Card Removal","damage_taken":7,"max_hp_gain":0,"max_hp_loss":0,"event_name":"Golden Wing","floor":4,"gold_loss":0},{"damage_healed":0,"gold_gain":0,"player_choice":"Simplicity","damage_taken":0,"max_hp_gain":0,"max_hp_loss":0,"event_name":"Back to Basics","floor":19,"gold_loss":0,"cards_upgraded":["Strike_R","Strike_R","Strike_R","Strike_R","Defend_R","Defend_R"]},{"damage_healed":0,"gold_gain":0,"cards_transformed":["Strike_R","Strike_R"],"player_choice":"Became Test Subject","damage_taken":0,"max_hp_gain":0,"max_hp_loss":0,"event_name":"Drug Dealer","floor":20,"gold_loss":0,"cards_obtained":["Hemokinesis","Pummel"]},{"cards_removed":["Barricade"],"damage_healed":0,"gold_gain":0,"player_choice":"Gave Gold","damage_taken":0,"max_hp_gain":0,"max_hp_loss":0,"event_name":"Beggar","floor":22,"gold_loss":75}],"is_beta":false,"boss_relics":[{"not_picked":["Runic Cube","Busted Crown"],"picked":"Runic Pyramid"}],"items_purged_floors":[30],"is_endless":false,"potions_floor_spawned":[1,3,8,13,14,18,28],"killed_by":"Collector","ascension_level":20}}