{"host":"o7ymgqw1bx1zbjaa","time":1614233705,"event":{"mods":["2.2 Compatiblity","AchievementEnabler","BaseMod","Colored Map","Downfall","Highlight Path","Minty Spire (QoL Compilation)","Quick Restart","Random Character Button","Rare Cards Sparkle","Spicy Shops","StSLib"],"gold_per_floor":[99,113,213,228,240,259,259,286,286,317,317,328,328,357,377,481,481,381,401,401,401,11,11,38,38,48,68,168,202,102,136,156,254,254,254,271,288,299,58,71,94,94,120,139,39,68,68,118,133,133,133,162,2,2,2,2],"floor_reached":57,"language":"ENG","playtime":5727,"items_purged":["downfall:Bewildered","champ:Defend","Normality"],"score":1967,"play_id":"5be3ae28-48eb-4762-af3e-c0ed25d078fd","local_time":"20210225001505","is_ascension_mode":true,"campfire_choices":[{"data":"champ:Execute","floor":1.0,"key":"SMITH"},{"floor":9.0,"key":"REST"},{"data":"champ:StrikeOfGenius","floor":13,"key":"SMITH"},{"data":"champ:ShieldWall","floor":18,"key":"SMITH"},{"data":"champ:FlashCut","floor":25,"key":"SMITH"},{"data":"champ:Devastate","floor":30,"key":"SMITH"},{"floor":35,"key":"RECALL"},{"data":"champ:ShieldWall","floor":45,"key":"SMITH"},{"data":"champ:FalseCounter","floor":47,"key":"SMITH"},{"floor":54,"key":"REST"}],"circlet_count":0,"master_deck":["champ:Strike","champ:Strike","champ:Strike","champ:Strike","champ:Defend","champ:Execute+1","champ:Taunt","champ:ShieldWall+1","champ:FlashCut+1","champ:FalseCounter+1","champ:AdrenalArmor","champ:Devastate+1","champ:BringItOn+1","champ:StrikeOfGenius+1","champ:FlashCut+1","champ:Backstep+1","champ:PerfectedStrike+1","champ:TripleStrike+1","champ:PerfectedStrike+1","champ:Backstep+1","champ:FlashCut+1","champ:Backstep+1","champ:FlashCut+1","champ:CrownThrow+1","J.A.X.+1","champ:Parry+1","champ:CrookedStrike+1","champ:ArenaPreparation+1","champ:Circumvent+1","champ:FlashCut+1","champ:SteelEdge+1","champ:Circumvent+1","champ:ShieldSigil+1","champ:UltimateStance+1","champ:ShieldWall+1","champ:FalseCounter+1","champ:MurderStrike+1","champ:RapidStrikes+1","champ:SetATrap+1","champ:Parry+1","champ:PerfectedStrike+1","champ:RageSigil+1"],"relics":["champ:ChampionCrown","WristBlade","Toxic Egg 2","Ancient Tea Set","Anchor","Molten Egg 2","Art of War","Cursed Key","downfall:HeartBlessingGreen","sneckomod:BabySnecko","Guardian:BottledAnomaly","ClockworkSouvenir","champ:FightingForDummies","MutagenicStrength","Gremlin Horn","downfall:HeartBlessingBlue","The Courier","Empty Cage","Bronze Scales","Strange Spoon","Omamori","Akabeko","downfall:HeartBlessingRed","Bag of Preparation","Bird Faced Urn","Happy Flower"],"acts_visited":["Exordium","TheCity","TheBeyond","TheEnding"],"potions_floor_usage":[10,14,33,50,50,56],"damage_taken":[{"damage":10.0,"enemies":"2 Louse","floor":2.0,"turns":3.0},{"damage":62.0,"enemies":"2 Louse","floor":3.0,"turns":7.0},{"damage":14.0,"enemies":"Jaw Worm","floor":4.0,"turns":3.0},{"damage":6.0,"enemies":"Small Slimes","floor":5.0,"turns":4.0},{"damage":14.0,"enemies":"Exordium Wildlife","floor":6.0,"turns":4.0},{"damage":42.0,"enemies":"3 Sentries","floor":8.0,"turns":8.0},{"damage":14,"enemies":"Lagavulin","floor":10,"turns":7},{"damage":10,"enemies":"3 Louse","floor":12,"turns":4},{"damage":0,"enemies":"3 Sentries","floor":14,"turns":4},{"damage":15,"enemies":"Exordium Thugs","floor":15,"turns":3},{"damage":22,"enemies":"WA_ARCHETYPE_RETAIN","floor":16,"turns":6},{"damage":0,"enemies":"Spheric Guardian","floor":19,"turns":2},{"damage":0,"enemies":"downfall:FleeingMerchant","floor":22,"turns":4},{"damage":0,"enemies":"Shell Parasite","floor":26,"turns":3},{"damage":21,"enemies":"Snake Plant","floor":27,"turns":3},{"damage":10,"enemies":"downfall:Augmenter","floor":28,"turns":4},{"damage":13,"enemies":"Slavers","floor":29,"turns":3},{"damage":10,"enemies":"Gremlin Leader","floor":31,"turns":3},{"damage":0,"enemies":"Centurion and Healer","floor":32,"turns":3},{"damage":10,"enemies":"IC_MUSHROOM_ARCHETYPE","floor":33,"turns":4},{"damage":0,"enemies":"3 Shapes","floor":36,"turns":2},{"damage":10,"enemies":"Orb Walker","floor":37,"turns":3},{"damage":3,"enemies":"Maw","floor":38,"turns":4},{"damage":3,"enemies":"downfall:FleeingMerchant","floor":39,"turns":4},{"damage":0,"enemies":"Transient","floor":40,"turns":5},{"damage":10,"enemies":"Sphere and 2 Shapes","floor":44,"turns":2},{"damage":35,"enemies":"Nemesis","floor":46,"turns":5},{"damage":0,"enemies":"Nemesis","floor":48,"turns":4},{"damage":35,"enemies":"Maw","floor":49,"turns":4},{"damage":29,"enemies":"SI_POISON_ARCHETYPE","floor":50,"turns":7},{"damage":52,"enemies":"downfall:CharBossMerchant","floor":52,"turns":5},{"damage":29,"enemies":"downfall:NeowBoss","floor":55,"turns":9},{"damage":74,"enemies":"downfall:NeowBossFinal","floor":56,"turns":8}],"seed_played":"6127416715468370730","potions_obtained":[{"floor":2.0,"key":"SpeedPotion"},{"floor":4.0,"key":"Weak Potion"},{"floor":5.0,"key":"ColorlessPotion"},{"floor":8.0,"key":"hexamod:SoulburnPotion"},{"floor":12,"key":"Slimebound:ThreeZeroPotion"},{"floor":28,"key":"EssenceOfSteel"},{"floor":29,"key":"Slimebound:ThreeZeroPotion"},{"floor":31,"key":"Block Potion"},{"floor":36,"key":"FairyPotion"},{"floor":37,"key":"champ:OpenerPotion"},{"floor":44,"key":"DuplicationPotion"}],"is_trial":false,"path_per_floor":["R","M","?","M","M","M","T","E","R","E","T","M","R","E","M","B",null,"R","M","?","?","$","T","T","R","M","M","?","E","R","E","M","B",null,"R","M","M","M","$","M","T","?","?","M","R","E","R","?","M","B",null,"E","$","R","B","B",null],"character_chosen":"THE_CHAMP","items_purchased":["Guardian:BottledAnomaly","ClockworkSouvenir","champ:FlashCut+1","champ:UltimateStance+1","champ:ShieldWall","Bronze Scales","Strange Spoon","champ:FalseCounter+1","champ:RageSigil+1"],"campfire_rested":2,"item_purchase_floors":[22,22,22,39,39,39,39,39,53],"current_hp_per_floor":[99,99,57,53,47,43,43,18,47,43,43,43,43,43,38,16,99,99,99,79,79,79,79,79,79,79,58,58,55,65,65,65,65,114,114,114,114,111,108,108,108,108,108,108,108,108,108,108,112,95,114,84,84,114,105,63],"gold":2,"neow_bonus":"TEN_PERCENT_HP_BONUS","is_daily":false,"chose_seed":false,"campfire_upgraded":7,"win_rate":0.0,"timestamp":1614233705,"path_taken":["R","M","?","M","M","M","T","E","R","E","?","M","R","E","M","BOSS","R","M","?","?","$","?","T","R","M","M","?","E","R","E","M","BOSS","R","M","M","M","$","M","T","?","?","M","R","E","R","?","M","BOSS","E","$","R","BOSS","BOSS"],"items_purchased_type":["Relic","Relic","Card","Card","Card","Relic","Relic","Card","Card"],"build_version":"2020-12-22","purchased_purges":3,"victory":true,"max_hp_per_floor":[99,99,99,99,99,99,99,99,99,99,99,99,99,99,99,99,99,99,99,104,104,104,104,104,104,104,104,104,104,114,114,114,114,114,114,114,114,114,114,114,114,114,114,114,114,114,114,114,114,114,114,114,114,114,114,114],"card_choices":[{"not_picked":["champ:FlashCut","champ:SkillfulDodge"],"picked":"champ:ShieldWall","floor":2.0},{"not_picked":["champ:Circumvent","champ:CalledShot"],"picked":"champ:FlashCut","floor":3.0},{"not_picked":["champ:BladeFlurry","champ:Circumvent"],"picked":"champ:FalseCounter","floor":4.0},{"not_picked":["champ:RapidStrikes","champ:PerfectedStrike"],"picked":"champ:AdrenalArmor","floor":5.0},{"not_picked":["champ:FancyFootwork","champ:BerserkersShout"],"picked":"champ:Devastate","floor":6.0},{"not_picked":["champ:CrookedStrike","champ:SkillfulDodge+1"],"picked":"champ:BringItOn+1","floor":8.0},{"not_picked":["champ:Backstep+1","champ:CrownThrow"],"picked":"champ:StrikeOfGenius","floor":10},{"not_picked":["champ:DefensiveShout+1","champ:Shatter+1"],"picked":"champ:FlashCut+1","floor":12},{"not_picked":["champ:HeavySlash+1","champ:BringItOn+1"],"picked":"champ:Backstep+1","floor":14},{"not_picked":["champ:GladiatorStyle","champ:BringItOn+1"],"picked":"champ:PerfectedStrike+1","floor":15},{"not_picked":["champ:LastStand","champ:HeavySlash+1"],"picked":"champ:TripleStrike+1","floor":16},{"not_picked":["champ:GladiatorStyle","champ:Circumvent+1"],"picked":"champ:PerfectedStrike+1","floor":19},{"not_picked":["champ:BringItOn+1","champ:RapidStrikes+1"],"picked":"champ:Backstep+1","floor":22},{"not_picked":["champ:StanceDance+1","champ:Duel+1"],"picked":"champ:Backstep+1","floor":26},{"not_picked":["champ:TornadoPunch+1","champ:GutPunch+1"],"picked":"champ:FlashCut+1","floor":27},{"not_picked":["champ:BladeFlurry+1","champ:AdrenalArmor+1"],"picked":"champ:CrownThrow+1","floor":28},{"not_picked":[],"picked":"J.A.X.","floor":28},{"not_picked":["champ:LastStand","champ:FlashCut+1"],"picked":"champ:ArenaPreparation+1","floor":29},{"not_picked":["champ:ViciousMockery+1","champ:FanOfKnives+1"],"picked":"champ:Circumvent+1","floor":31},{"not_picked":["champ:GutPunch+1","champ:ShieldSigil+1"],"picked":"champ:FlashCut+1","floor":32},{"not_picked":["champ:SwordThrow+1","champ:DancingMaster"],"picked":"champ:SteelEdge+1","floor":33},{"not_picked":["champ:BerserkersShout+1","champ:TornadoPunch+1"],"picked":"champ:Circumvent+1","floor":36},{"not_picked":["champ:EnGarde+1","champ:BladeFlurry+1"],"picked":"champ:ShieldSigil+1","floor":37},{"not_picked":["champ:BringItOn+1","champ:GutPunch+1","champ:BladeFlurry+1"],"picked":"SKIP","floor":38},{"not_picked":["champ:BerserkersShout+1","champ:PreciseThrust+1","champ:Shatter+1"],"picked":"SKIP","floor":39},{"not_picked":["champ:GutPunch+1","champ:StanceDance+1"],"picked":"champ:MurderStrike+1","floor":40},{"not_picked":["champ:FaceSlap+1","champ:EnGarde+1"],"picked":"champ:RapidStrikes+1","floor":44},{"not_picked":["champ:EnGarde+1","champ:RisingSlash+1"],"picked":"champ:SetATrap+1","floor":46},{"not_picked":["champ:Endure+1","champ:IronFortress+1"],"picked":"champ:Parry+1","floor":48},{"not_picked":["champ:AdrenalArmor+1","champ:CrownThrow+1","champ:BerserkersShout+1"],"picked":"SKIP","floor":49},{"not_picked":["champ:CrownThrow+1","champ:CrookedStrike+1"],"picked":"champ:PerfectedStrike+1","floor":52}],"player_experience":440395,"relics_obtained":[{"floor":3.0,"key":"WristBlade"},{"floor":7.0,"key":"Toxic Egg 2"},{"floor":8.0,"key":"Ancient Tea Set"},{"floor":10,"key":"Anchor"},{"floor":11,"key":"Molten Egg 2"},{"floor":14,"key":"Art of War"},{"floor":23,"key":"champ:FightingForDummies"},{"floor":28,"key":"MutagenicStrength"},{"floor":29,"key":"Gremlin Horn"},{"floor":31,"key":"The Courier"},{"floor":41,"key":"Omamori"},{"floor":43,"key":"Akabeko"},{"floor":46,"key":"Bag of Preparation"},{"floor":48,"key":"Bird Faced Urn"},{"floor":52,"key":"Happy Flower"}],"event_choices":[],"is_beta":false,"boss_relics":[{"not_picked":["Tiny House","Astrolabe"],"picked":"Cursed Key"},{"not_picked":["Pandora\u0027s Box","Calling Bell"],"picked":"Empty Cage"}],"items_purged_floors":[22,39,53],"is_endless":false,"potions_floor_spawned":[2,4,5,8,12,28,29,31,36,37,44,46,48,49],"ascension_level":1}}