{"host":"4cz9gr89nglr7k8k","time":1614291291,"event":{"mods":["BaseMod","Minty Spire (QoL Compilation)","Relic Stats","Slay-I"],"gold_per_floor":[112,129,140,152,171,171,187,187,187,187,207,41,41,59,59,133,133,147,147,23,40,40,40,70,89,89,105,105,105,105,0,0,0,0],"floor_reached":33,"language":"DEU","playtime":1028,"items_purged":[],"score":518,"play_id":"b28253fa-e63c-4e85-8c01-e9450d64ed97","local_time":"20210225231451","is_ascension_mode":true,"campfire_choices":[{"floor":6,"key":"REST"},{"data":"Reaper","floor":8,"key":"SMITH"},{"data":"Inflame","floor":13,"key":"SMITH"},{"floor":15,"key":"REST"},{"floor":23,"key":"REST"},{"floor":28,"key":"REST"},{"floor":30,"key":"REST"},{"floor":32,"key":"REST"}],"circlet_count":0,"master_deck":["AscendersBane","Strike_R","Strike_R","Strike_R","Strike_R","Strike_R","Defend_R","Defend_R","Defend_R","Defend_R","Bash","Cleave","Clash","Pommel Strike","Reaper+1","Sword Boomerang","Thunderclap","Ghostly Armor","Inflame+1","Shrug It Off","Thunderclap","Flex","Immolate","Heavy Blade","Flash of Steel","Shrug It Off","Twin Strike","Thunderclap+1","Evolve","Wild Strike"],"relics":["Black Blood","Ginger","Bag of Marbles","Bottled Tornado","Champion Belt"],"acts_visited":["Exordium","TheCity"],"potions_floor_usage":[16,24,27,27],"damage_taken":[{"damage":6,"enemies":"Cultist","floor":1,"turns":3},{"damage":9,"enemies":"Jaw Worm","floor":2,"turns":3},{"damage":8,"enemies":"Small Slimes","floor":3,"turns":4},{"damage":11,"enemies":"3 Louse","floor":4,"turns":3},{"damage":20,"enemies":"Large Slime","floor":5,"turns":5},{"damage":11,"enemies":"2 Fungi Beasts","floor":7,"turns":3},{"damage":12,"enemies":"Exordium Wildlife","floor":11,"turns":2},{"damage":22,"enemies":"Exordium Thugs","floor":14,"turns":4},{"damage":39,"enemies":"Slime Boss","floor":16,"turns":6},{"damage":35,"enemies":"Spheric Guardian","floor":18,"turns":5},{"damage":28,"enemies":"2 Thieves","floor":21,"turns":4},{"damage":60,"enemies":"Slavers","floor":24,"turns":5},{"damage":25,"enemies":"Chosen and Byrds","floor":25,"turns":4},{"damage":10,"enemies":"Centurion and Healer","floor":27,"turns":3},{"damage":39,"enemies":"Colosseum Slavers","floor":29,"turns":5},{"damage":93,"enemies":"Champ","floor":33,"turns":13}],"seed_played":"-3229759047816805302","potions_obtained":[{"floor":1,"key":"AttackPotion"},{"floor":2,"key":"SpeedPotion"},{"floor":10,"key":"Fire Potion"},{"floor":16,"key":"Regen Potion"},{"floor":24,"key":"Explosive Potion"},{"floor":27,"key":"Fire Potion"}],"is_trial":false,"path_per_floor":["M","M","M","M","M","R","M","R","T","?","M","$","R","M","R","B",null,"M","?","$","M","?","R","E","M","T","M","R","?","R","?","R","B"],"character_chosen":"IRONCLAD","items_purchased":["Inflame","Shrug It Off","Thunderclap","Flash of Steel","Shrug It Off"],"campfire_rested":6,"item_purchase_floors":[12,12,12,20,20],"current_hp_per_floor":[50,47,45,40,36,58,61,61,61,61,55,55,55,49,71,38,66,43,43,43,34,34,56,34,21,21,23,45,18,40,40,62,0,0],"gold":0,"neow_bonus":"ONE_RARE_RELIC","is_daily":false,"chose_seed":false,"campfire_upgraded":2,"win_rate":0.0,"timestamp":1614291291,"path_taken":["M","M","M","M","?","R","M","R","T","?","?","$","R","M","R","BOSS","M","?","$","M","?","R","E","M","T","M","R","?","R","?","R","BOSS"],"items_purchased_type":["Card","Card","Card","Card","Card"],"build_version":"2020-12-22","purchased_purges":0,"victory":false,"max_hp_per_floor":[75,75,75,75,75,75,75,75,75,75,75,75,75,75,75,75,75,75,75,75,75,75,75,75,75,75,75,75,75,75,75,75,75,75],"relic_stats":{"counters":[16,72],"Black Blood":126,"Ginger":[11],"Champion Belt":[17],"obtain_stats":[{"Black Blood":17,"Bag of Marbles":9,"Ginger":0,"Champion Belt":26,"Bottled Tornado":24,"Burning Blood":0},{"Black Blood":9,"Bag of Marbles":6,"Ginger":0,"Champion Belt":13,"Bottled Tornado":12,"Burning Blood":0},{"Black Blood":33,"Bag of Marbles":21,"Ginger":0,"Champion Belt":51,"Bottled Tornado":47,"Burning Blood":0}]},"card_choices":[{"not_picked":["Blood for Blood","Headbutt"],"picked":"Cleave","floor":1},{"not_picked":["Reckless Charge","Perfected Strike"],"picked":"Clash","floor":2},{"not_picked":["Bloodletting","Armaments"],"picked":"Pommel Strike","floor":3},{"not_picked":["Uppercut","Havoc"],"picked":"Reaper","floor":4},{"not_picked":["Cleave","Heavy Blade"],"picked":"Sword Boomerang","floor":5},{"not_picked":["Infernal Blade","Searing Blow"],"picked":"Thunderclap","floor":7},{"not_picked":["Disarm","Body Slam"],"picked":"Ghostly Armor","floor":11},{"not_picked":["Twin Strike","Searing Blow"],"picked":"Flex","floor":14},{"not_picked":["Fiend Fire","Feed"],"picked":"Immolate","floor":16},{"not_picked":["Clash","Burning Pact"],"picked":"Heavy Blade","floor":18},{"not_picked":["Sever Soul","Warcry"],"picked":"Twin Strike","floor":21},{"not_picked":["Dual Wield","Feel No Pain"],"picked":"Thunderclap+1","floor":24},{"not_picked":["Sentinel","Dark Embrace"],"picked":"Evolve","floor":25},{"not_picked":["Battle Trance","Combust"],"picked":"Wild Strike","floor":27}],"player_experience":1560641,"relics_obtained":[{"floor":9,"key":"Bag of Marbles"},{"floor":24,"key":"Bottled Tornado"},{"floor":26,"key":"Champion Belt"}],"event_choices":[{"damage_healed":0,"gold_gain":0,"player_choice":"Got Potions","damage_taken":0,"max_hp_gain":0,"max_hp_loss":0,"event_name":"Lab","floor":10,"gold_loss":0},{"damage_healed":0,"gold_gain":0,"player_choice":"Ignored","damage_taken":0,"max_hp_gain":0,"max_hp_loss":0,"event_name":"Vampires","floor":19,"gold_loss":0},{"damage_healed":0,"gold_gain":0,"player_choice":"Ignored","damage_taken":0,"max_hp_gain":0,"max_hp_loss":0,"event_name":"Cursed Tome","floor":22,"gold_loss":0},{"damage_healed":0,"gold_gain":0,"player_choice":"Fight","damage_taken":0,"max_hp_gain":0,"max_hp_loss":0,"event_name":"Colosseum","floor":29,"gold_loss":0},{"damage_healed":0,"gold_gain":0,"player_choice":"Fled From Nobs","damage_taken":0,"max_hp_gain":0,"max_hp_loss":0,"event_name":"Colosseum","floor":29,"gold_loss":0},{"damage_healed":0,"gold_gain":0,"player_choice":"Paid Fearfully","damage_taken":0,"max_hp_gain":0,"max_hp_loss":0,"event_name":"Masked Bandits","floor":31,"gold_loss":105}],"is_beta":false,"boss_relics":[{"not_picked":["Runic Pyramid","Philosopher\u0027s Stone"],"picked":"Black Blood"}],"items_purged_floors":[],"is_endless":false,"potions_floor_spawned":[1,2,14,16,18,24,27],"killed_by":"Champ","ascension_level":20}}