{"host":"2fgwwnzqc97k7iys","time":1614295611,"event":{"mods":["BaseMod","Colored Map","Minty Spire (QoL Compilation)","Quick Restart","Relic Stats"],"gold_per_floor":[116,129,79,9,29,29,42,68,94,120,130,144,164,183,183,285,285,285,285],"floor_reached":18,"language":"ENG","playtime":961,"items_purged":[],"score":273,"play_id":"f0d68b18-a901-4aa4-b06a-68598d2a9b0a","local_time":"20210225172651","is_ascension_mode":true,"campfire_choices":[{"data":"Uppercut","floor":6,"key":"SMITH"},{"data":"Rampage","floor":15,"key":"SMITH"}],"circlet_count":0,"master_deck":["AscendersBane","Strike_R","Strike_R","Strike_R","Strike_R","Defend_R","Defend_R","Defend_R","Defend_R","Bash","Uppercut+1","Cleave","Pommel Strike","Seeing Red","Ghostly Armor","Rampage+1","Feed"],"relics":["Burning Blood","NeowsBlessing","Blood Vial","Toy Ornithopter","Strawberry","Potion Belt","Coffee Dripper"],"acts_visited":["Exordium","TheCity"],"potions_floor_usage":[8,10,16,18],"damage_taken":[{"damage":0,"enemies":"Jaw Worm","floor":1,"turns":1},{"damage":0,"enemies":"Small Slimes","floor":2,"turns":1},{"damage":0,"enemies":"Cultist","floor":5,"turns":1},{"damage":4,"enemies":"2 Fungi Beasts","floor":7,"turns":4},{"damage":44,"enemies":"Gremlin Nob","floor":8,"turns":5},{"damage":32,"enemies":"3 Sentries","floor":10,"turns":7},{"damage":22,"enemies":"Lots of Slimes","floor":11,"turns":4},{"damage":10,"enemies":"Large Slime","floor":12,"turns":6},{"damage":9,"enemies":"Red Slaver","floor":13,"turns":3},{"damage":13,"enemies":"Blue Slaver","floor":14,"turns":2},{"damage":32,"enemies":"The Guardian","floor":16,"turns":12},{"damage":7,"enemies":"Chosen","floor":18,"turns":4}],"seed_played":"-5546661080465501425","potions_obtained":[{"floor":5,"key":"Dexterity Potion"},{"floor":7,"key":"BloodPotion"},{"floor":8,"key":"Swift Potion"},{"floor":14,"key":"ElixirPotion"},{"floor":16,"key":"PowerPotion"}],"is_trial":false,"path_per_floor":["M","M","?","?","M","R","M","E","T","E","M","M","M","M","R","B",null,"M"],"character_chosen":"IRONCLAD","items_purchased":[],"campfire_rested":0,"item_purchase_floors":[],"current_hp_per_floor":[78,80,80,80,80,80,80,63,70,51,37,35,34,29,29,10,68,68,68],"gold":285,"neow_bonus":"THREE_ENEMY_KILL","is_daily":false,"chose_seed":false,"campfire_upgraded":2,"win_rate":0.0,"timestamp":1614295611,"path_taken":["M","M","?","?","M","R","M","E","T","E","M","M","M","?","R","BOSS","M"],"items_purchased_type":[],"build_version":"2020-12-22","purchased_purges":0,"victory":false,"max_hp_per_floor":[80,80,80,80,80,80,80,80,87,87,87,87,87,87,87,87,87,87,87],"relic_stats":{"Blood Vial":14,"counters":[12,50],"obtain_stats":[{"Blood Vial":4,"Potion Belt":10,"NeowsBlessing":0,"Strawberry":9,"Coffee Dripper":17,"Burning Blood":0,"Toy Ornithopter":8},{"Blood Vial":2,"Potion Belt":6,"NeowsBlessing":0,"Strawberry":5,"Coffee Dripper":11,"Burning Blood":0,"Toy Ornithopter":5},{"Blood Vial":2,"Potion Belt":19,"NeowsBlessing":0,"Strawberry":12,"Coffee Dripper":46,"Burning Blood":0,"Toy Ornithopter":12}],"Burning Blood":54,"Toy Ornithopter":20},"card_choices":[{"not_picked":["Pommel Strike","Infernal Blade"],"picked":"Uppercut","floor":1},{"not_picked":["Body Slam","Wild Strike"],"picked":"Cleave","floor":2},{"not_picked":["Sword Boomerang","Warcry"],"picked":"Pommel Strike","floor":5},{"not_picked":["Pummel","Intimidate","Burning Pact"],"picked":"SKIP","floor":7},{"not_picked":["Sword Boomerang","Dual Wield"],"picked":"Seeing Red","floor":8},{"not_picked":["Juggernaut","Dual Wield"],"picked":"Ghostly Armor","floor":10},{"not_picked":["Thunderclap","Body Slam","Heavy Blade"],"picked":"SKIP","floor":11},{"not_picked":["Flex","Havoc","Thunderclap"],"picked":"SKIP","floor":12},{"not_picked":["Warcry","Body Slam"],"picked":"Rampage","floor":13},{"not_picked":["Havoc","Evolve","Perfected Strike"],"picked":"SKIP","floor":14},{"not_picked":["Exhume","Fiend Fire"],"picked":"Feed","floor":16}],"player_experience":661816,"relics_obtained":[{"floor":8,"key":"Toy Ornithopter"},{"floor":9,"key":"Strawberry"},{"floor":10,"key":"Potion Belt"}],"event_choices":[{"cards_removed":["Strike_R"],"damage_healed":0,"gold_gain":0,"player_choice":"Card Removal","damage_taken":0,"max_hp_gain":0,"max_hp_loss":0,"event_name":"The Cleric","floor":3,"gold_loss":50},{"damage_healed":0,"gold_gain":0,"player_choice":"Paid Gold","damage_taken":0,"relics_obtained":["Blood Vial"],"max_hp_gain":0,"max_hp_loss":0,"event_name":"WeMeetAgain","floor":4,"gold_loss":70}],"is_beta":false,"boss_relics":[{"not_picked":["Empty Cage","Fusion Hammer"],"picked":"Coffee Dripper"}],"items_purged_floors":[],"is_endless":false,"potions_floor_spawned":[5,7,8,14,16],"killed_by":"Chosen","ascension_level":11}}