{"host":"363rf8rl7gb9fsj6","time":1614277543,"event":{"mods":["BaseMod","Minty Spire (QoL Compilation)"],"gold_per_floor":[111,125,135,150,166,166,191,191,191,191,208,208,224,125,125,125,125],"floor_reached":16,"language":"DEU","playtime":626,"items_purged":["Strike_R"],"score":109,"play_id":"469a66e2-d2b6-4be9-9a97-06ce318ab6a7","local_time":"20210225192543","is_ascension_mode":true,"campfire_choices":[{"floor":6,"key":"REST"},{"floor":12,"key":"REST"},{"data":"Double Tap","floor":15,"key":"SMITH"}],"circlet_count":0,"master_deck":["Strike_R","Strike_R","Strike_R","Defend_R","Defend_R","Defend_R","Defend_R","Bash","Cleave","Double Tap+1","Sentinel","Flex"],"relics":["Runic Cube","Matryoshka","Singing Bowl","Shuriken"],"acts_visited":["Exordium"],"potions_floor_usage":[16,16],"damage_taken":[{"damage":13,"enemies":"Cultist","floor":1,"turns":6},{"damage":3,"enemies":"Small Slimes","floor":2,"turns":3},{"damage":1,"enemies":"Jaw Worm","floor":3,"turns":4},{"damage":5,"enemies":"Looter","floor":4,"turns":4},{"damage":14,"enemies":"Gremlin Gang","floor":5,"turns":3},{"damage":31,"enemies":"3 Sentries","floor":7,"turns":7},{"damage":9,"enemies":"2 Fungi Beasts","floor":11,"turns":2},{"damage":14,"enemies":"3 Louse","floor":13,"turns":2},{"damage":68,"enemies":"Slime Boss","floor":16,"turns":12}],"seed_played":"-5357192791298719696","potions_obtained":[{"floor":1,"key":"FearPotion"},{"floor":7,"key":"EssenceOfSteel"}],"is_trial":false,"path_per_floor":["M","M","M","M","M","R","E","?","T","?","M","R","M","$","R","B"],"character_chosen":"IRONCLAD","items_purchased":["Flex"],"campfire_rested":2,"item_purchase_floors":[14],"current_hp_per_floor":[67,64,63,58,44,68,37,63,63,63,56,80,68,68,68,0,0],"gold":125,"neow_bonus":"BOSS_RELIC","is_daily":false,"chose_seed":false,"campfire_upgraded":1,"win_rate":0.0,"timestamp":1614277543,"path_taken":["M","M","M","M","M","R","E","?","T","?","M","R","M","?","R","BOSS"],"items_purchased_type":["Card"],"build_version":"2020-12-22","purchased_purges":1,"victory":false,"max_hp_per_floor":[80,80,80,80,80,80,80,80,80,80,82,82,84,84,84,84,84],"card_choices":[{"not_picked":["Carnage","True Grit","Sword Boomerang"],"picked":"SKIP","floor":1},{"not_picked":["Searing Blow","Body Slam"],"picked":"Cleave","floor":2},{"not_picked":["Shockwave","Combust","Hemokinesis"],"picked":"SKIP","floor":3},{"not_picked":["Havoc","Perfected Strike"],"picked":"Double Tap","floor":4},{"not_picked":["Havoc","Metallicize","True Grit"],"picked":"SKIP","floor":5},{"not_picked":["Clash","Carnage","Exhume"],"picked":"SKIP","floor":7},{"not_picked":["Clash","Flame Barrier","Flex"],"picked":"Singing Bowl","floor":11},{"not_picked":["Hemokinesis","Clothesline","Pommel Strike"],"picked":"Singing Bowl","floor":13}],"player_experience":57867,"relics_obtained":[{"floor":7,"key":"Matryoshka"},{"floor":9,"key":"Singing Bowl"},{"floor":9,"key":"Shuriken"}],"event_choices":[{"damage_healed":26,"gold_gain":0,"player_choice":"Banana","damage_taken":0,"max_hp_gain":0,"max_hp_loss":0,"event_name":"Big Fish","floor":8,"gold_loss":0},{"damage_healed":0,"gold_gain":0,"cards_transformed":["Strike_R"],"player_choice":"Change","damage_taken":0,"max_hp_gain":0,"max_hp_loss":0,"event_name":"Living Wall","floor":10,"gold_loss":0,"cards_obtained":["Sentinel"]}],"is_beta":false,"boss_relics":[],"items_purged_floors":[14],"is_endless":false,"potions_floor_spawned":[1,7],"killed_by":"Slime Boss","ascension_level":1}}