{"host":"eglukmwb6rueyn6u","time":1614243232,"event":{"mods":["AchievementEnabler","BaseMod","Colored Powertips","Highlight Path","Minty Spire (QoL Compilation)"],"gold_per_floor":[116,132,148,158,175,175,205,216,241,416,428,428,438,448,448,543,543,557,656,669,82,82,82],"floor_reached":22,"language":"ENG","playtime":1324,"items_purged":["Strike_P"],"score":217,"play_id":"7e81a15c-f2ec-41d1-a96b-bf61c45c23f5","local_time":"20210225105352","is_ascension_mode":false,"campfire_choices":[{"data":"Eruption","floor":6,"key":"SMITH"},{"data":"Nirvana","floor":12,"key":"SMITH"},{"data":"Vigilance","floor":15,"key":"SMITH"}],"circlet_count":0,"master_deck":["Strike_P","Strike_P","Strike_P","Defend_P","Defend_P","Defend_P","Defend_P","Eruption+1","Vigilance+1","SashWhip","Consecrate","Protect","Tantrum","DeceiveReality","Nirvana+1","Prostrate","Doubt","CutThroughFate","Vengeance","FollowUp","Devotion","FollowUp","LikeWater+1","Wallop","Sanctity","EmptyFist","Halt"],"relics":["PureWater","NeowsBlessing","PreservedInsect","Orichalcum","VioletLotus","Bag of Preparation","Bronze Scales"],"acts_visited":["Exordium","TheCity"],"potions_floor_usage":[7,11,16],"damage_taken":[{"damage":0.0,"enemies":"Cultist","floor":1.0,"turns":1.0},{"damage":0.0,"enemies":"2 Louse","floor":2.0,"turns":1.0},{"damage":0.0,"enemies":"Jaw Worm","floor":3.0,"turns":1.0},{"damage":2.0,"enemies":"Looter","floor":4.0,"turns":4.0},{"damage":8,"enemies":"2 Fungi Beasts","floor":5,"turns":3},{"damage":0,"enemies":"Lagavulin","floor":7,"turns":2},{"damage":1,"enemies":"Gremlin Gang","floor":8,"turns":3},{"damage":0,"enemies":"Lots of Slimes","floor":11,"turns":1},{"damage":2,"enemies":"3 Louse","floor":13,"turns":3},{"damage":7,"enemies":"Exordium Wildlife","floor":14,"turns":2},{"damage":45,"enemies":"Hexaghost","floor":16,"turns":9},{"damage":20,"enemies":"Shell Parasite","floor":18,"turns":5},{"damage":25,"enemies":"Spheric Guardian","floor":20,"turns":5},{"damage":36,"enemies":"Masked Bandits","floor":22,"turns":3}],"seed_played":"-3954055161881809867","potions_obtained":[{"floor":1.0,"key":"Explosive Potion"},{"floor":3.0,"key":"Strength Potion"},{"floor":4.0,"key":"FearPotion"},{"floor":16,"key":"StancePotion"}],"is_trial":false,"path_per_floor":["M","M","M","M","M","R","E","M","T","?","M","R","M","M","R","B",null,"M","?","M","$","?"],"character_chosen":"WATCHER","items_purchased":["Bag of Preparation","Bronze Scales","Wallop","Sanctity","EmptyFist","Halt"],"campfire_rested":0,"item_purchase_floors":[21,21,21,21,21,21],"current_hp_per_floor":[72,72,72,70,62,62,62,61,61,61,61,61,59,52,52,7,72,52,52,27,27,0,0],"gold":82,"neow_bonus":"THREE_ENEMY_KILL","is_daily":false,"chose_seed":false,"campfire_upgraded":3,"win_rate":0.0,"timestamp":1614243232,"path_taken":["M","M","M","M","M","R","E","M","T","?","M","R","M","M","R","BOSS","M","?","M","$","?"],"items_purchased_type":["Relic","Relic","Card","Card","Card","Card"],"build_version":"2020-12-22","purchased_purges":1,"victory":false,"max_hp_per_floor":[72,72,72,72,72,72,72,72,72,72,72,72,72,72,72,72,72,72,72,72,72,72,72],"card_choices":[{"not_picked":["Conclude","InnerPeace"],"picked":"SashWhip","floor":1.0},{"not_picked":["Evaluate","EmptyFist"],"picked":"Consecrate","floor":2.0},{"not_picked":["Omniscience","JustLucky"],"picked":"Protect","floor":3.0},{"not_picked":["Pray","Evaluate"],"picked":"Tantrum","floor":4.0},{"not_picked":["ClearTheMind","Crescendo"],"picked":"DeceiveReality","floor":5},{"not_picked":["Worship","FlurryOfBlows"],"picked":"Nirvana","floor":7},{"not_picked":["Consecrate","Indignation"],"picked":"Prostrate","floor":8},{"not_picked":["ClearTheMind","PathToVictory"],"picked":"CutThroughFate","floor":11},{"not_picked":["Crescendo","Nirvana"],"picked":"Vengeance","floor":13},{"not_picked":["Crescendo","PathToVictory"],"picked":"FollowUp","floor":14},{"not_picked":["SpiritShield","Judgement"],"picked":"Devotion","floor":16},{"not_picked":["Adaptation","EmptyFist"],"picked":"FollowUp","floor":18},{"not_picked":["SashWhip","Evaluate"],"picked":"LikeWater+1","floor":20}],"player_experience":185890,"relics_obtained":[{"floor":7,"key":"PreservedInsect"},{"floor":9,"key":"Orichalcum"}],"event_choices":[{"damage_healed":0,"gold_gain":175,"player_choice":"AGREE","damage_taken":0,"max_hp_gain":0,"max_hp_loss":0,"event_name":"Liars Game","floor":10,"gold_loss":0,"cards_obtained":["Doubt"]},{"damage_healed":0,"gold_gain":99,"player_choice":"Stole From Cult","damage_taken":0,"max_hp_gain":0,"max_hp_loss":0,"event_name":"Nest","floor":19,"gold_loss":0},{"damage_healed":0,"gold_gain":0,"player_choice":"Fought Bandits","damage_taken":0,"max_hp_gain":0,"max_hp_loss":0,"event_name":"Masked Bandits","floor":22,"gold_loss":0}],"is_beta":false,"boss_relics":[{"not_picked":["Fusion Hammer","Philosopher\u0027s Stone"],"picked":"VioletLotus"}],"items_purged_floors":[21],"is_endless":false,"potions_floor_spawned":[1,3,4,16],"killed_by":"Masked Bandits","ascension_level":0}}