{"host":"q8ewzd1tf4mqkgtb","time":1614237512,"event":{"mods":["Ascension Unlocker","BaseMod","Colored Map","Faster Ascension Climbing","Minty Spire (QoL Compilation)","Relic Stats","StSLib","UnlockEverythingMod"],"gold_per_floor":[20,30,30,30,46,82,82,82,82,82,105,180,196,214,214,310,310,328,328,349,364,38,38,54,54,77,97,138,138,176,200,200,293,293,306,306,329,115,115,155,155,155,155,178,53,88,109,153,153,153,153,153,153,9,62,62],"floor_reached":57,"language":"ENG","playtime":11525,"items_purged":["Strike_R","Strike_R","Defend_R"],"score":2810,"play_id":"64b11785-f81e-48bd-86e3-65b3a4ebf7c8","local_time":"20210225011832","is_ascension_mode":true,"campfire_choices":[{"data":"Blood for Blood","floor":8,"key":"SMITH"},{"floor":10,"key":"REST"},{"data":"Bash","floor":15,"key":"SMITH"},{"data":"Offering","floor":23,"key":"SMITH"},{"data":"Dual Wield","floor":25,"key":"SMITH"},{"data":"Limit Break","floor":29,"key":"SMITH"},{"data":"Battle Trance","floor":32,"key":"SMITH"},{"floor":42,"key":"RECALL"},{"data":"Pommel Strike","floor":49,"key":"SMITH"},{"data":"Heavy Blade","floor":53,"key":"SMITH"}],"circlet_count":0,"master_deck":["AscendersBane","Defend_R","Bash+1","Power Through+1","Reaper","Anger","Pommel Strike+1","Blood for Blood+1","Limit Break+1","Dual Wield+1","Shrug It Off","Offering+1","Inflame+1","Bloodletting+1","Hemokinesis+1","Evolve+1","Immolate","Disarm+1","Battle Trance+1","Fire Breathing+1","Inflame+1","Impervious","Heavy Blade+1","Metallicize+1","Master of Strategy","Dark Embrace+1","Metallicize+1"],"relics":["Burning Blood","Golden Idol","Blue Candle","Frozen Egg 2","SlaversCollar","Orrery","Centennial Puzzle","Happy Flower","Strawberry","Cursed Key","Nunchaku","Anchor","CeramicFish","Bag of Preparation"],"acts_visited":["Exordium","TheCity","TheBeyond","TheEnding"],"potions_floor_usage":[6,16,16,28,28,44,56,56],"damage_taken":[{"damage":4,"enemies":"Small Slimes","floor":1,"turns":5},{"damage":2,"enemies":"Jaw Worm","floor":2,"turns":3},{"damage":6,"enemies":"2 Louse","floor":5,"turns":3},{"damage":62,"enemies":"3 Sentries","floor":6,"turns":14},{"damage":3,"enemies":"Looter","floor":13,"turns":3},{"damage":8,"enemies":"Large Slime","floor":14,"turns":7},{"damage":28,"enemies":"Hexaghost","floor":16,"turns":11},{"damage":14,"enemies":"Chosen","floor":18,"turns":5},{"damage":22,"enemies":"Shell Parasite","floor":20,"turns":4},{"damage":17,"enemies":"Snake Plant","floor":21,"turns":3},{"damage":21,"enemies":"Centurion and Healer","floor":24,"turns":4},{"damage":22,"enemies":"Snecko","floor":27,"turns":5},{"damage":14,"enemies":"Book of Stabbing","floor":28,"turns":4},{"damage":40,"enemies":"Slavers","floor":30,"turns":3},{"damage":15,"enemies":"Shelled Parasite and Fungi","floor":31,"turns":4},{"damage":50,"enemies":"Collector","floor":33,"turns":6},{"damage":11,"enemies":"Orb Walker","floor":35,"turns":2},{"damage":32,"enemies":"3 Darklings","floor":37,"turns":5},{"damage":38,"enemies":"Giant Head","floor":40,"turns":6},{"damage":49,"enemies":"Writhing Mass","floor":44,"turns":5},{"damage":10,"enemies":"Reptomancer","floor":46,"turns":3},{"damage":18,"enemies":"Transient","floor":47,"turns":6},{"damage":15,"enemies":"Giant Head","floor":48,"turns":3},{"damage":111,"enemies":"Awakened One","floor":50,"turns":7},{"damage":23,"enemies":"Donu and Deca","floor":51,"turns":3},{"damage":51,"enemies":"Shield and Spear","floor":55,"turns":6},{"damage":135,"enemies":"The Heart","floor":56,"turns":7}],"seed_played":"-1745465097082627717","potions_obtained":[{"floor":2,"key":"Dexterity Potion"},{"floor":13,"key":"Block Potion"},{"floor":14,"key":"SkillPotion"},{"floor":16,"key":"Strength Potion"},{"floor":24,"key":"EntropicBrew"},{"floor":28,"key":"BloodPotion"},{"floor":33,"key":"Weak Potion"},{"floor":35,"key":"BloodPotion"},{"floor":44,"key":"GamblersBrew"}],"is_trial":false,"path_per_floor":["M","M","?","?","M","E","?","R","T","R","T","?","M","M","R","B",null,"M","?","M","M","$","R","M","R","T","M","E","R","E","M","R","B",null,"M","?","M","$","?","E","?","R","T","M","$","E","M","E","R","B","B",null,"R","$","E","B",null],"character_chosen":"IRONCLAD","items_purchased":["Orrery","Battle Trance","Heavy Blade","Metallicize+1","Dark Embrace+1","LiquidMemories"],"campfire_rested":1,"item_purchase_floors":[22,22,38,38,54,54],"current_hp_per_floor":[75,75,49,49,53,9,9,9,9,31,31,20,27,25,25,9,59,57,57,51,50,50,50,42,42,42,26,48,48,80,81,81,82,82,82,82,82,82,72,82,82,82,82,55,55,82,82,82,82,50,82,82,82,82,82,82],"gold":62,"neow_bonus":"TRANSFORM_TWO_CARDS","is_daily":false,"chose_seed":false,"campfire_upgraded":8,"win_rate":0.0,"timestamp":1614237512,"path_taken":["M","M","?","?","M","E","?","R","T","R","?","?","?","M","R","BOSS","M","?","M","M","?","R","M","R","T","M","E","R","E","M","R","BOSS","M","?","?","?","?","E","?","R","T","?","$","E","M","E","R","BOSS","BOSS","R","$","E","BOSS"],"items_purchased_type":["Relic","Card","Card","Card","Card","Potion"],"build_version":"2020-12-22","purchased_purges":3,"victory":true,"max_hp_per_floor":[75,75,75,75,75,75,75,75,75,75,75,75,75,75,75,75,75,75,75,75,75,75,75,75,75,75,75,75,75,82,82,82,82,82,82,82,82,82,82,82,82,82,82,82,82,82,82,82,82,82,82,82,82,82,82,82],"relic_stats":{"Centennial Puzzle":[45],"Nunchaku":[8],"Happy Flower":[22],"counters":[27,137],"Golden Idol":199,"Blue Candle":[9],"CeramicFish":18,"Bag of Preparation":[2],"Cursed Key":0,"obtain_stats":[{"Happy Flower":28,"Golden Idol":3,"Blue Candle":6,"CeramicFish":48,"Bag of Preparation":55,"Frozen Egg 2":9,"Cursed Key":34,"Burning Blood":0,"SlaversCollar":17,"Centennial Puzzle":26,"Nunchaku":40,"Anchor":46,"Strawberry":30,"Orrery":22},{"Happy Flower":13,"Golden Idol":2,"Blue Candle":4,"CeramicFish":23,"Bag of Preparation":26,"Frozen Egg 2":4,"Cursed Key":16,"Burning Blood":0,"SlaversCollar":7,"Centennial Puzzle":11,"Nunchaku":19,"Anchor":21,"Strawberry":14,"Orrery":10},{"Happy Flower":71,"Golden Idol":8,"Blue Candle":25,"CeramicFish":114,"Bag of Preparation":130,"Frozen Egg 2":25,"Cursed Key":84,"Burning Blood":0,"SlaversCollar":46,"Centennial Puzzle":62,"Nunchaku":97,"Anchor":105,"Strawberry":74,"Orrery":58}],"Burning Blood":110},"card_choices":[{"not_picked":["Rage","Body Slam"],"picked":"Anger","floor":1},{"not_picked":["Combust","Heavy Blade"],"picked":"Pommel Strike","floor":2},{"not_picked":["Headbutt","Combust","Heavy Blade"],"picked":"SKIP","floor":5},{"not_picked":["Warcry","Pommel Strike"],"picked":"Blood for Blood","floor":6},{"not_picked":["Hemokinesis","Infernal Blade"],"picked":"Dual Wield","floor":13},{"not_picked":["Perfected Strike","Clash"],"picked":"Shrug It Off","floor":14},{"not_picked":["Bludgeon","Double Tap"],"picked":"Offering","floor":16},{"not_picked":["Clothesline","Warcry"],"picked":"Inflame+1","floor":18},{"not_picked":["Reckless Charge","Iron Wave"],"picked":"Bloodletting+1","floor":20},{"not_picked":["Dual Wield+1","Flex+1"],"picked":"Hemokinesis+1","floor":21},{"not_picked":["Intimidate","Cleave"],"picked":"Evolve+1","floor":22},{"not_picked":["Pummel","Iron Wave"],"picked":"Immolate","floor":22},{"not_picked":["Perfected Strike","Burning Pact+1"],"picked":"Disarm+1","floor":22},{"not_picked":["Rage","Warcry","Shockwave"],"picked":"SKIP","floor":24},{"not_picked":["Pommel Strike","Body Slam"],"picked":"Fire Breathing+1","floor":27},{"not_picked":["Evolve+1","Clothesline","Heavy Blade"],"picked":"SKIP","floor":28},{"not_picked":["Shrug It Off","Headbutt","Anger"],"picked":"SKIP","floor":30},{"not_picked":["True Grit","Iron Wave+1"],"picked":"Inflame+1","floor":31},{"not_picked":["Berserk+1","Corruption+1"],"picked":"Impervious","floor":33},{"not_picked":["Armaments","Headbutt","Iron Wave"],"picked":"SKIP","floor":35},{"not_picked":["Armaments","Headbutt","Iron Wave"],"picked":"SKIP","floor":35},{"not_picked":["Pommel Strike","Clothesline","Warcry"],"picked":"SKIP","floor":37},{"not_picked":["Thinking Ahead","Panacea"],"picked":"Master of Strategy","floor":39},{"not_picked":["Seeing Red","Spot Weakness","Hemokinesis+1"],"picked":"SKIP","floor":40},{"not_picked":["Feel No Pain+1","Spot Weakness","Heavy Blade"],"picked":"SKIP","floor":44},{"not_picked":["Heavy Blade","Armaments","Pommel Strike"],"picked":"SKIP","floor":46},{"not_picked":["Intimidate","Uppercut","Havoc"],"picked":"SKIP","floor":47},{"not_picked":["Reckless Charge","Hemokinesis+1","Iron Wave"],"picked":"SKIP","floor":48},{"not_picked":["Clash","Sentinel"],"picked":"Metallicize+1","floor":55}],"player_experience":583676,"relics_obtained":[{"floor":6,"key":"Blue Candle"},{"floor":9,"key":"Frozen Egg 2"},{"floor":26,"key":"Centennial Puzzle"},{"floor":28,"key":"Happy Flower"},{"floor":30,"key":"Strawberry"},{"floor":40,"key":"Nunchaku"},{"floor":46,"key":"Anchor"},{"floor":48,"key":"CeramicFish"},{"floor":55,"key":"Bag of Preparation"}],"event_choices":[{"damage_healed":0,"gold_gain":0,"player_choice":"Take Damage","damage_taken":26,"relics_obtained":["Golden Idol"],"max_hp_gain":0,"max_hp_loss":0,"event_name":"Golden Idol","floor":3,"gold_loss":0},{"damage_healed":0,"gold_gain":0,"player_choice":"Ignored","damage_taken":0,"max_hp_gain":0,"max_hp_loss":0,"event_name":"Liars Game","floor":4,"gold_loss":0},{"damage_healed":0,"gold_gain":0,"cards_transformed":["Strike_R"],"player_choice":"Change","damage_taken":0,"max_hp_gain":0,"max_hp_loss":0,"event_name":"Living Wall","floor":7,"gold_loss":0,"cards_obtained":["Limit Break"]},{"damage_healed":0,"gold_gain":75,"player_choice":"Gather Gold","damage_taken":11,"max_hp_gain":0,"max_hp_loss":0,"event_name":"World of Goop","floor":12,"gold_loss":0},{"cards_removed":["Defend_R"],"damage_healed":0,"gold_gain":0,"player_choice":"Purged","damage_taken":0,"max_hp_gain":0,"max_hp_loss":0,"event_name":"Purifier","floor":19,"gold_loss":0},{"damage_healed":0,"gold_gain":0,"player_choice":"Upgraded","damage_taken":0,"max_hp_gain":0,"max_hp_loss":0,"event_name":"Upgrade Shrine","floor":36,"gold_loss":0,"cards_upgraded":["Power Through"]},{"damage_healed":0,"gold_gain":0,"player_choice":"Memory 3","damage_taken":10,"max_hp_gain":0,"max_hp_loss":0,"event_name":"SensoryStone","floor":39,"gold_loss":0},{"cards_removed":["Defend_R"],"damage_healed":0,"gold_gain":0,"player_choice":"Removed Skill","damage_taken":0,"max_hp_gain":0,"max_hp_loss":0,"event_name":"Falling","floor":41,"gold_loss":0}],"is_beta":false,"boss_relics":[{"not_picked":["Runic Dome","Tiny House"],"picked":"SlaversCollar"},{"not_picked":["Snecko Eye","Black Star"],"picked":"Cursed Key"}],"items_purged_floors":[22,38,45],"is_endless":false,"potions_floor_spawned":[2,13,14,16,24,28,31,33,35,37,44,46,47],"ascension_level":20}}