{"host":"iv5y6bhuaupt1dsk","time":1614241973,"event":{"mods":["BaseMod","Colored Powertips","Koishi","Minty Spire (QoL Compilation)","StSLib","The Cursed","The Druid","The Exalted","The Forsaken","The Hierophant","The Judge","The Servant 0.9.4"],"gold_per_floor":[111,129,304,385,460,491,491,511,538,556,570,570,570],"floor_reached":12,"language":"ENG","playtime":903,"items_purged":[],"score":105,"play_id":"622bbea3-0031-44db-b3f6-0759ac0c906e","local_time":"20210225003253","is_ascension_mode":true,"campfire_choices":[{"floor":7,"key":"REST"}],"circlet_count":0,"master_deck":["theForsaken:TheForsaken_Strike","theForsaken:TheForsaken_Strike","theForsaken:TheForsaken_Strike","theForsaken:TheForsaken_Strike","theForsaken:TheForsaken_Defend","theForsaken:TheForsaken_Defend","theForsaken:TheForsaken_Defend","theForsaken:TheForsaken_Defend","theForsaken:Smite","theForsaken:Penitence","theForsaken:StoreUp","theForsaken:Eulogy","Doubt","theForsaken:DefensiveStance","theForsaken:TearsOfSunlight"],"relics":["theForsaken:JudgementScales","Ancient Tea Set","Odd Mushroom","Boot"],"acts_visited":["Exordium"],"potions_floor_usage":[12,12],"damage_taken":[{"damage":0,"enemies":"Cultist","floor":1,"turns":5},{"damage":14,"enemies":"Jaw Worm","floor":2,"turns":5},{"damage":35,"enemies":"3 Sentries","floor":6,"turns":14},{"damage":18,"enemies":"The Mushroom Lair","floor":8,"turns":6},{"damage":4,"enemies":"Small Slimes","floor":10,"turns":5},{"damage":2,"enemies":"2 Fungi Beasts","floor":11,"turns":5},{"damage":31,"enemies":"Gremlin Nob","floor":12,"turns":4}],"seed_played":"-2956822437557535723","potions_obtained":[{"floor":8,"key":"AttackPotion"},{"floor":10,"key":"ColorlessPotion"},{"floor":11,"key":"Ancient Potion"}],"is_trial":false,"path_per_floor":["M","M","?","T","?","E","R","?","T","M","M","E"],"character_chosen":"THE_FORSAKEN","items_purchased":[],"campfire_rested":1,"item_purchase_floors":[],"current_hp_per_floor":[68,61,61,61,50,18,39,24,24,23,21,0,0],"gold":570,"neow_bonus":"TEN_PERCENT_HP_BONUS","is_daily":false,"chose_seed":false,"campfire_upgraded":0,"win_rate":0.0,"timestamp":1614241973,"path_taken":["M","?","?","?","?","E","R","?","T","M","M","E"],"items_purchased_type":[],"build_version":"2020-12-22","purchased_purges":0,"victory":false,"max_hp_per_floor":[71,71,71,71,71,71,71,71,71,71,71,71,71],"card_choices":[{"not_picked":["theForsaken:PowerUp","theForsaken:BlessedWeapon"],"picked":"theForsaken:StoreUp","floor":1},{"not_picked":["theForsaken:BlightOfFamine","theForsaken:Thunderbolt"],"picked":"theForsaken:Eulogy","floor":2},{"not_picked":["theForsaken:Temperance","theForsaken:Thunderbolt","theForsaken:CreepingInfection"],"picked":"SKIP","floor":6},{"not_picked":["theForsaken:HorrifyingStrike","theForsaken:ChargeAttack"],"picked":"theForsaken:DefensiveStance","floor":8},{"not_picked":["theForsaken:ChargeAttack","theForsaken:Thunderbolt","theForsaken:AncientWords"],"picked":"SKIP","floor":10},{"not_picked":["theForsaken:CorruptedWord","theForsaken:CreepingInfection"],"picked":"theForsaken:TearsOfSunlight","floor":11}],"player_experience":1525798,"relics_obtained":[{"floor":6,"key":"Ancient Tea Set"},{"floor":8,"key":"Odd Mushroom"},{"floor":9,"key":"Boot"}],"event_choices":[{"damage_healed":0,"gold_gain":175,"player_choice":"AGREE","damage_taken":0,"max_hp_gain":0,"max_hp_loss":0,"event_name":"Liars Game","floor":3,"gold_loss":0,"cards_obtained":["Doubt"]},{"damage_healed":0,"gold_gain":75,"player_choice":"Gather Gold","damage_taken":11,"max_hp_gain":0,"max_hp_loss":0,"event_name":"World of Goop","floor":5,"gold_loss":0},{"damage_healed":0,"gold_gain":0,"player_choice":"Fought Mushrooms","damage_taken":0,"max_hp_gain":0,"max_hp_loss":0,"event_name":"Mushrooms","floor":8,"gold_loss":0}],"is_beta":false,"boss_relics":[],"items_purged_floors":[],"is_endless":false,"potions_floor_spawned":[8,10,11],"killed_by":"Gremlin Nob","ascension_level":7}}