{"host":"nb3r5a3er9rrnn3n","time":1614224229,"event":{"mods":["BaseMod","Colored Map","Downfall","Minty Spire (QoL Compilation)","Relic Stats","Spire Arcade","StSLib"],"gold_per_floor":[99,116,6,19,119,119,119,146,146,158,170,202,214,227,241,241,241,241],"floor_reached":16,"language":"ENG","playtime":758,"items_purged":[],"score":171,"play_id":"f911f1eb-3582-4982-a4a0-61374436cba2","local_time":"20210225143709","is_ascension_mode":true,"campfire_choices":[{"floor":1,"key":"DIG"},{"floor":6,"key":"DIG"}],"circlet_count":0,"master_deck":["AscendersBane","Slimebound:Strike_Slimebound","Slimebound:Strike_Slimebound","Slimebound:Strike_Slimebound","Slimebound:Tackle","Slimebound:Defend_Slimebound","Slimebound:Defend_Slimebound","Slimebound:Defend_Slimebound","Slimebound:Defend_Slimebound","Slimebound:Split","Slimebound:CorrosiveSpit","Slimebound:RainOfGoop","Slimebound:BestDefense+1","Slimebound:Prepare+1","Slimebound:RollThrough","Shame","Slimebound:GoopTackle","Slimebound:Replication","Slimebound:ComboTackle","Slimebound:RollThrough"],"relics":["Slimebound:AbsorbEndCombat","Shovel","Singing Bowl","Peace Pipe","HornCleat","Darkstone Periapt","Orichalcum"],"acts_visited":["Exordium"],"potions_floor_usage":[11,15,16,16],"damage_taken":[{"damage":4,"enemies":"Cultist","floor":2,"turns":4},{"damage":0,"enemies":"downfall:FleeingMerchant","floor":3,"turns":4},{"damage":0,"enemies":"2 Louse","floor":4,"turns":4},{"damage":36,"enemies":"Lagavulin","floor":8,"turns":8},{"damage":0,"enemies":"Jaw Worm","floor":10,"turns":4},{"damage":6,"enemies":"Gremlin Gang","floor":11,"turns":1},{"damage":22,"enemies":"Gremlin Nob","floor":12,"turns":4},{"damage":13,"enemies":"Blue Slaver","floor":13,"turns":3},{"damage":1,"enemies":"downfall:LooterAlt","floor":14,"turns":3},{"damage":9,"enemies":"Exordium Thugs","floor":15,"turns":3},{"damage":30,"enemies":"IC_STATUS_ARCHETYPE","floor":16,"turns":8}],"seed_played":"-1135576371363141960","potions_obtained":[{"floor":2,"key":"SkillPotion"},{"floor":10,"key":"SpeedPotion"},{"floor":11,"key":"PowerPotion"},{"floor":14,"key":"Fire Potion"}],"is_trial":false,"path_per_floor":["R","M","$","M","?","R","T","E","?","M","M","E","M","M","M","B"],"character_chosen":"SLIMEBOUND","items_purchased":["Slimebound:Prepare","Slimebound:RollThrough"],"campfire_rested":0,"item_purchase_floors":[3,3],"current_hp_per_floor":[44,46,54,62,62,62,62,36,42,48,44,26,21,22,15,0,0,0],"gold":241,"neow_bonus":"ONE_RARE_RELIC","is_daily":false,"chose_seed":false,"campfire_upgraded":0,"win_rate":0.0,"timestamp":1614224229,"path_taken":["R","M","$","M","?","R","T","E","?","M","M","E","?","M","M","BOSS"],"items_purchased_type":["Card","Card"],"build_version":"2020-12-22","purchased_purges":0,"victory":false,"max_hp_per_floor":[65,65,65,67,67,67,67,69,75,75,77,77,79,79,79,79,79,79],"relic_stats":{"Peace Pipe":0,"Darkstone Periapt":6,"Shovel":2,"Singing Bowl":8,"counters":[11,46],"Orichalcum":[18],"obtain_stats":[{"Peace Pipe":6,"Darkstone Periapt":8,"Shovel":0,"HornCleat":7,"Singing Bowl":1,"Slimebound:AbsorbEndCombat":0,"Orichalcum":12},{"Peace Pipe":3,"Darkstone Periapt":4,"Shovel":0,"HornCleat":3,"Singing Bowl":0,"Slimebound:AbsorbEndCombat":0,"Orichalcum":7},{"Peace Pipe":12,"Darkstone Periapt":20,"Shovel":0,"HornCleat":12,"Singing Bowl":0,"Slimebound:AbsorbEndCombat":0,"Orichalcum":29}]},"card_choices":[{"not_picked":["Slimebound:Schlurp","Slimebound:LeechingTouch"],"picked":"Slimebound:RainOfGoop","floor":2},{"not_picked":["Slimebound:SamplingLick","Slimebound:SplitBruiser"],"picked":"Slimebound:BestDefense","floor":3},{"not_picked":["Slimebound:Repurpose","Slimebound:SplitMire","Slimebound:HauntingLick"],"picked":"Singing Bowl","floor":4},{"not_picked":["Slimebound:Recollect","Slimebound:SamplingLick","Slimebound:Dissolve"],"picked":"Singing Bowl","floor":8},{"not_picked":["Slimebound:ServeAndProtect","Slimebound:SplitLeeching"],"picked":"Slimebound:GoopTackle","floor":10},{"not_picked":["Slimebound:SplitAcid","Slimebound:ServeAndProtect","Slimebound:SelfFormingGoo"],"picked":"Singing Bowl","floor":11},{"not_picked":["Slimebound:RainOfGoop","Slimebound:GoopSpray"],"picked":"Slimebound:Replication","floor":12},{"not_picked":["Slimebound:SpikyOuterGoop","Slimebound:SplitSpecialist","Slimebound:DisruptingSlam"],"picked":"Singing Bowl","floor":13},{"not_picked":["Slimebound:Prepare","Slimebound:RollThrough"],"picked":"Slimebound:ComboTackle","floor":14},{"not_picked":["Slimebound:SlimeSpikes","Slimebound:DisruptingSlam"],"picked":"Slimebound:RollThrough","floor":15}],"player_experience":2067937,"relics_obtained":[{"floor":1,"key":"Singing Bowl"},{"floor":6,"key":"Peace Pipe"},{"floor":7,"key":"HornCleat"},{"floor":8,"key":"Darkstone Periapt"},{"floor":12,"key":"Orichalcum"}],"event_choices":[],"is_beta":false,"boss_relics":[],"items_purged_floors":[],"is_endless":false,"potions_floor_spawned":[2,10,11,14],"killed_by":"IC_STATUS_ARCHETYPE","ascension_level":10}}