{"host":"ovcza0gnr2tscsgg","time":1614251920,"event":{"mods":["BaseMod","Colored Powertips","Marisa£®ÏF”Í°°ƒß¿Ì…≥£©","Minty Spire (QoL Compilation)","StSLib","The Bug Knight","UnlockEverythingMod","noobMod"],"gold_per_floor":[114,114,134,155,155,155,186,186,232,274,301,372,446,480,480,586,613,627,627,648,666,687,725,725,744,791,791,820,820,846,871,871,978,978,1004,1021,1041,1061,1087,1087,263,313,313,184,204,242,295,51,51,51],"floor_reached":51,"language":"ZHS","playtime":2562,"items_purged":["Strike_P","Strike_P+1"],"score":1165,"play_id":"e161461d-6885-4932-811f-135de13bcf44","local_time":"20210225191840","is_ascension_mode":true,"campfire_choices":[{"data":"CutThroughFate","floor":6,"key":"SMITH"},{"data":"EmptyFist","floor":8,"key":"SMITH"},{"data":"Devotion","floor":15,"key":"SMITH"},{"data":"MentalFortress","floor":24,"key":"SMITH"},{"data":"WindmillStrike","floor":27,"key":"SMITH"},{"data":"MasterReality","floor":29,"key":"SMITH"},{"data":"Tantrum","floor":32,"key":"SMITH"},{"data":"Vault","floor":40,"key":"SMITH"},{"data":"DeusExMachina","floor":49,"key":"SMITH"}],"circlet_count":0,"master_deck":["Eruption+1","Vigilance","EmptyFist+1","FearNoEvil+1","CutThroughFate+1","Devotion+1","MentalFortress+1","WindmillStrike+1","Prostrate","MasterReality+1","Ragnarok+1","Halt+1","Blasphemy+1","Prostrate+1","Adaptation+1","Establishment","Tantrum+1","Vault+1","EmptyMind","EmptyMind+1","Crescendo+1","Ragnarok","Vengeance","DeusExMachina+1"],"relics":["PureWater","ice","CeramicFish","Thread and Needle","Vajra","Yang","Bottled Tornado","Eternal Feather","Mango","Astrolabe","NlothsMask","Omamori","Kunai","Whetstone","Empty Cage","Sundial","Ancient Tea Set","Toolbox","Ginger","StrikeDummy","Pen Nib","Ice Cream","Mummified Hand"],"acts_visited":["Exordium","TheCity","TheBeyond"],"potions_floor_usage":[14,21,28,33,39,50],"damage_taken":[{"damage":14,"enemies":"Small Slimes","floor":1,"turns":3},{"damage":0,"enemies":"Cultist","floor":3,"turns":3},{"damage":12,"enemies":"Jaw Worm","floor":4,"turns":3},{"damage":27,"enemies":"Lagavulin","floor":7,"turns":5},{"damage":0,"enemies":"3 Sentries","floor":10,"turns":5},{"damage":2,"enemies":"Exordium Thugs","floor":11,"turns":5},{"damage":9,"enemies":"3 Sentries","floor":12,"turns":5},{"damage":0,"enemies":"Lagavulin","floor":14,"turns":5},{"damage":0,"enemies":"Slime Boss","floor":16,"turns":6},{"damage":3,"enemies":"Shell Parasite","floor":18,"turns":3},{"damage":9,"enemies":"3 Byrds","floor":20,"turns":5},{"damage":29,"enemies":"Snecko","floor":21,"turns":5},{"damage":0,"enemies":"Shelled Parasite and Fungi","floor":22,"turns":4},{"damage":29,"enemies":"Gremlin Leader","floor":23,"turns":3},{"damage":0,"enemies":"Cultist and Chosen","floor":25,"turns":4},{"damage":24,"enemies":"Slavers","floor":28,"turns":5},{"damage":9,"enemies":"Book of Stabbing","floor":30,"turns":4},{"damage":17,"enemies":"Snake Plant","floor":31,"turns":4},{"damage":14,"enemies":"Automaton","floor":33,"turns":5},{"damage":33,"enemies":"3 Darklings","floor":35,"turns":4},{"damage":20,"enemies":"Orb Walker","floor":36,"turns":5},{"damage":20,"enemies":"Sphere and 2 Shapes","floor":37,"turns":4},{"damage":25,"enemies":"Spire Growth","floor":38,"turns":4},{"damage":5,"enemies":"Transient","floor":39,"turns":4},{"damage":0,"enemies":"Mind Bloom Boss Battle","floor":42,"turns":2},{"damage":8,"enemies":"Sphere and 2 Shapes","floor":45,"turns":2},{"damage":0,"enemies":"Giant Head","floor":46,"turns":3},{"damage":0,"enemies":"2 Orb Walkers","floor":47,"turns":2},{"damage":8,"enemies":"Time Eater","floor":50,"turns":2}],"seed_played":"-3298191421505283566","potions_obtained":[{"floor":1,"key":"SkillPotion"},{"floor":7,"key":"FairyPotion"},{"floor":12,"key":"BottledMiracle"},{"floor":14,"key":"LiquidMemories"},{"floor":20,"key":"BlessingOfTheForge"},{"floor":23,"key":"Weak Potion"},{"floor":31,"key":"ColorlessPotion"},{"floor":37,"key":"Swift Potion"}],"is_trial":false,"path_per_floor":["M","?","M","M","?","R","E","R","T","E","M","?","T","E","R","B",null,"M","?","M","M","M","E","R","M","T","R","E","R","E","M","R","B",null,"M","M","M","M","M","R","$","?","T","$","M","E","?","$","R","B",null],"character_chosen":"WATCHER","items_purchased":["Sundial","Ancient Tea Set","Toolbox","Ragnarok","Energy Potion","Vengeance","Mummified Hand"],"campfire_rested":0,"item_purchase_floors":[41,41,41,41,41,44,48],"current_hp_per_floor":[58,51,51,39,39,39,12,12,12,12,10,1,1,86,87,87,89,86,86,77,48,48,19,31,31,31,43,19,31,22,5,17,3,125,92,72,52,27,180,187,187,187,187,187,179,179,179,179,190,182],"gold":51,"neow_bonus":"UPGRADE_CARD","is_daily":false,"chose_seed":false,"campfire_upgraded":9,"win_rate":0.0,"timestamp":1614251920,"path_taken":["M","?","M","M","?","R","E","R","T","E","?","?","?","E","R","BOSS","M","?","M","M","M","E","R","M","T","R","E","R","E","M","R","BOSS","M","M","M","?","M","R","$","?","T","$","M","E","?","?","R","BOSS"],"items_purchased_type":["Relic","Relic","Relic","Card","Potion","Card","Relic"],"build_version":"2020-12-22","purchased_purges":2,"victory":true,"max_hp_per_floor":[72,72,72,72,72,72,72,72,72,72,72,72,72,87,87,89,89,91,91,123,126,131,138,138,141,141,141,149,149,155,161,161,166,166,171,174,182,185,187,187,187,187,187,187,189,189,190,190,190,193],"card_choices":[{"not_picked":["WaveOfTheHand","Prostrate"],"picked":"EmptyFist","floor":1},{"not_picked":["PathToVictory","ThirdEye"],"picked":"FearNoEvil","floor":3},{"not_picked":["Weave","ClearTheMind"],"picked":"CutThroughFate","floor":4},{"not_picked":["Consecrate","WindmillStrike","Evaluate"],"picked":"SKIP","floor":7},{"not_picked":["FlyingSleeves","Evaluate"],"picked":"Devotion","floor":10},{"not_picked":["BowlingBash","EmptyFist"],"picked":"MentalFortress","floor":11},{"not_picked":["FlyingSleeves","SashWhip"],"picked":"WindmillStrike","floor":12},{"not_picked":["EmptyBody","Halt"],"picked":"Prostrate","floor":14},{"not_picked":["Omniscience","Judgement"],"picked":"MasterReality","floor":16},{"not_picked":["DeceiveReality","BattleHymn","FlyingSleeves"],"picked":"SKIP","floor":18},{"not_picked":["TalkToTheHand","JustLucky+1"],"picked":"Prostrate+1","floor":20},{"not_picked":["Consecrate","FlyingSleeves","Evaluate"],"picked":"SKIP","floor":21},{"not_picked":["Halt+1","BowlingBash"],"picked":"Adaptation+1","floor":22},{"not_picked":["WreathOfFlame","Fasting2+1"],"picked":"Establishment","floor":23},{"not_picked":["Evaluate","PathToVictory","Sanctity"],"picked":"SKIP","floor":25},{"not_picked":["Evaluate+1","FearNoEvil","Swivel+1"],"picked":"SKIP","floor":28},{"not_picked":["CutThroughFate","WreathOfFlame","CrushJoints+1"],"picked":"SKIP","floor":30},{"not_picked":["Swivel","Protect+1"],"picked":"Tantrum","floor":31},{"not_picked":["Omniscience","MasterReality"],"picked":"Vault","floor":33},{"not_picked":["EmptyBody+1","ThirdEye+1"],"picked":"EmptyMind","floor":35},{"not_picked":["FollowUp+1","JustLucky+1","Fasting2+1"],"picked":"SKIP","floor":36},{"not_picked":["Halt+1","EmptyBody+1","EmptyFist"],"picked":"SKIP","floor":37},{"not_picked":["EmptyBody","FollowUp+1"],"picked":"EmptyMind+1","floor":38},{"not_picked":["MentalFortress","DeceiveReality"],"picked":"Crescendo+1","floor":39},{"not_picked":["BowlingBash","WheelKick","FlyingSleeves"],"picked":"SKIP","floor":45},{"not_picked":["DeceiveReality+1","CarveReality+1"],"picked":"DeusExMachina","floor":46}],"player_experience":147672,"relics_obtained":[{"floor":7,"key":"Thread and Needle"},{"floor":9,"key":"Vajra"},{"floor":10,"key":"Yang"},{"floor":12,"key":"Bottled Tornado"},{"floor":13,"key":"Eternal Feather"},{"floor":14,"key":"Mango"},{"floor":23,"key":"Omamori"},{"floor":28,"key":"Kunai"},{"floor":30,"key":"Whetstone"},{"floor":42,"key":"Ginger"},{"floor":43,"key":"StrikeDummy"},{"floor":46,"key":"Pen Nib"},{"floor":47,"key":"Ice Cream"}],"event_choices":[{"damage_healed":0,"gold_gain":0,"player_choice":"Success","damage_taken":7,"relics_obtained":["CeramicFish"],"max_hp_gain":0,"max_hp_loss":0,"event_name":"Scrap Ooze","floor":2,"gold_loss":0},{"cards_removed":["Strike_P"],"damage_healed":0,"gold_gain":0,"player_choice":"Offered Basic","damage_taken":0,"max_hp_gain":0,"max_hp_loss":0,"event_name":"Bonfire Elementals","floor":5,"gold_loss":0},{"damage_healed":0,"gold_gain":30,"player_choice":"Searched \u00273\u0027 times","damage_taken":0,"max_hp_gain":0,"max_hp_loss":0,"event_name":"Dead Adventurer","floor":12,"gold_loss":0},{"damage_healed":0,"gold_gain":0,"player_choice":"Trade","damage_taken":0,"relics_obtained":["NlothsMask"],"max_hp_gain":0,"max_hp_loss":0,"event_name":"FaceTrader","floor":19,"gold_loss":0},{"damage_healed":0,"gold_gain":0,"player_choice":"Fight","damage_taken":0,"max_hp_gain":0,"max_hp_loss":0,"event_name":"MindBloom","floor":42,"gold_loss":0},{"damage_healed":0,"gold_gain":0,"player_choice":"Fight","damage_taken":0,"max_hp_gain":0,"max_hp_loss":0,"event_name":"Mysterious Sphere","floor":47,"gold_loss":0}],"is_beta":false,"boss_relics":[{"not_picked":["Sozu","Pandora\u0027s Box"],"picked":"Astrolabe"},{"not_picked":["Tiny House","Black Star"],"picked":"Empty Cage"}],"items_purged_floors":[41,44],"is_endless":false,"potions_floor_spawned":[1,7,12,14,20,23,31,37,46,47],"ascension_level":5}}