{"host":"nxydmt0dvj4m8em3","time":1614296594,"event":{"mods":["AchievementEnabler","Aspiration","BaseMod","Better Altar","Better Match","Better Note","Better Sensory Stone","Better Skull","Better Third Choice","BetterRewards","Colored Map","Colored Powertips","Downfall","GifTheSpireLib","Googly Eyes","Hermit","Hubris","Infinite Spire","Minty Spire (QoL Compilation)","Permanent Neow","Quick Restart","Rare Cards Sparkle","Relic Stats","Replay The Spire","Shop Mod","Spicy Shops","StSLib","Stuff the Spire","egg","everything is the same but u backflip on backflip","slay the spire mod where everything is the same but ironclad has a cowboy hat"],"gold_per_floor":[118,133,152,169,269,269,269,283,307,307,307,318,347,357,357,460,460,480,480,480,11,23,23,41,41,41,55,71,71,103,52,52,188,188,16,0,0,140,87,121,121],"floor_reached":40,"language":"ENG","playtime":3600,"items_purged":["Delirium"],"score":610,"play_id":"4210b85a-41f0-4f7d-a599-b1bf6f688566","local_time":"20210225154314","is_ascension_mode":false,"campfire_choices":[{"data":"Bash","floor":6,"key":"SMITH"},{"floor":15,"key":"REST"},{"data":"Reaper","floor":23,"key":"SMITH"},{"data":"Thunderclap","floor":32,"key":"SMITH"}],"circlet_count":0,"master_deck":["Strike_R","Strike_R","Strike_R","Strike_R","Strike_R","Defend_R","Defend_R","Defend_R","Defend_R","Reaper+1","Life Link+1","Cleave","Bloodletting","Dropkick","downfall:Haunted","Regret","Offering","CommonCold","Thunderclap+1","Survivor+1","Neutralize+1","Regret","Shrug It Off","Sword Boomerang","Pommel Strike","Double Tap+1","hubris:ReadiedAction+1","Anger","True Grit+1","Shrug It Off+1","Distraction+1","Backflip+1","ReplayTheSpireMod:IOU","Clumsy","Berserk","Entrench+1","Twin Strike+1"],"relics":["Burning Blood","Darkstone Periapt","Replay:Baseball","StuffTheSpire:RedRose","StuffTheSpire:Gunfinga","aspiration:SilentSkillbook","StuffTheSpire:OldFever","infinitespire:Lucky Rock","Replay:Kaleidoscope","aspiration:SeaSaltIceCream","aspiration:Nostalgia","m_SnakeBloodCore","hubris:PeanutButter","Replay:Wax Seal","Replay:Bandana","hubris:EmptyBottle","Red Mask","hubris:Icosahedron"],"acts_visited":["Exordium","TheCity","TheBeyond"],"potions_floor_usage":[3,8,12,16,22,24,33,33,33,33,39,39,40,40],"damage_taken":[{"damage":18,"enemies":"infinitespire:Voidling","floor":1,"turns":5},{"damage":1,"enemies":"Cultist","floor":2,"turns":4},{"damage":0,"enemies":"2 Louse","floor":3,"turns":1},{"damage":31,"enemies":"Large Slime","floor":4,"turns":6},{"damage":22,"enemies":"Blue Slaver","floor":8,"turns":4},{"damage":13,"enemies":"Gremlin Gang","floor":12,"turns":3},{"damage":40,"enemies":"3 Sentries","floor":13,"turns":6},{"damage":13,"enemies":"Exordium Wildlife","floor":14,"turns":3},{"damage":35,"enemies":"Slime Boss","floor":16,"turns":11},{"damage":34,"enemies":"Spheric Guardian","floor":18,"turns":4},{"damage":25,"enemies":"2 Thieves","floor":22,"turns":3},{"damage":15,"enemies":"Chosen and Byrds","floor":24,"turns":4},{"damage":32,"enemies":"Shelled Parasite and Fungi","floor":27,"turns":7},{"damage":9,"enemies":"Cultist and Chosen","floor":28,"turns":5},{"damage":27,"enemies":"Gremlin Leader","floor":30,"turns":5},{"damage":8,"enemies":"Automaton","floor":33,"turns":4},{"damage":2,"enemies":"Orb Walker","floor":35,"turns":4},{"damage":19,"enemies":"3 Shapes","floor":38,"turns":3},{"damage":89,"enemies":"Maw","floor":39,"turns":9},{"damage":71,"enemies":"Giant Head","floor":40,"turns":7}],"seed_played":"1006974313121897948","potions_obtained":[{"floor":1,"key":"DuplicationPotion"},{"floor":4,"key":"Energy Potion"},{"floor":8,"key":"AttackPotion"},{"floor":13,"key":"HeartOfIron"},{"floor":18,"key":"ColorlessPotion"},{"floor":22,"key":"Strength Potion"},{"floor":33,"key":"Adrenaline Potion"},{"floor":39,"key":"SteroidPotion"}],"is_trial":false,"path_per_floor":["M","M","M","M","?","R","?","M","T","?","?","M","E","M","R","B",null,"M","?","?","$","M","R","M","?","T","M","M","?","E","$","R","B",null,"M","?","?","M","M","E"],"character_chosen":"IRONCLAD","items_purchased":["StuffTheSpire:OldFever","infinitespire:Lucky Rock","Replay:Kaleidoscope","Replay:Wax Seal","Replay:Bandana","infinitespire:BlackPotion","ColorlessPotion","hubris:EmptyBottle"],"campfire_rested":1,"item_purchase_floors":[21,21,21,31,31,31,31,31],"current_hp_per_floor":[72,72,72,51,86,86,79,67,67,67,73,66,44,41,74,45,113,92,92,92,92,87,87,93,93,93,75,92,92,80,110,110,111,143,143,143,143,133,56,0,0],"gold":121,"neow_bonus":"THREE_RARE_CARDS","is_daily":false,"chose_seed":false,"campfire_upgraded":3,"win_rate":0.0,"timestamp":1614296594,"path_taken":["M","?","M","M","?","R","?","M","T","?","?","M","E","M","R","BOSS","M","?","?","$","M","R","M","?","T","M","?","?","E","?","R","BOSS","M","?","?","M","M","E"],"items_purchased_type":["Relic","Relic","Relic","Relic","Relic","Potion","Potion","Relic"],"build_version":"2020-12-22","purchased_purges":1,"victory":false,"max_hp_per_floor":[72,72,72,72,107,107,107,107,107,107,113,113,113,113,113,113,113,113,113,113,113,113,113,113,113,113,113,113,113,113,143,143,143,143,143,143,143,143,143,143,143],"relic_stats":{"Darkstone Periapt":66,"counters":[20,98],"obtain_stats":[{"Darkstone Periapt":5,"aspiration:Nostalgia":26,"infinitespire:Lucky Rock":21,"Replay:Kaleidoscope":21,"aspiration:SeaSaltIceCream":26,"hubris:EmptyBottle":31,"Burning Blood":0,"Replay:Baseball":9,"StuffTheSpire:Gunfinga":13,"Replay:Bandana":31,"hubris:Icosahedron":37,"m_SnakeBloodCore":26,"aspiration:SilentSkillbook":17,"hubris:PeanutButter":30,"Red Mask":36,"StuffTheSpire:RedRose":11,"Replay:Wax Seal":31,"StuffTheSpire:OldFever":21},{"Darkstone Periapt":4,"aspiration:Nostalgia":12,"infinitespire:Lucky Rock":10,"Replay:Kaleidoscope":10,"aspiration:SeaSaltIceCream":12,"hubris:EmptyBottle":15,"Burning Blood":0,"Replay:Baseball":5,"StuffTheSpire:Gunfinga":7,"Replay:Bandana":15,"hubris:Icosahedron":17,"m_SnakeBloodCore":12,"aspiration:SilentSkillbook":9,"hubris:PeanutButter":15,"Red Mask":17,"StuffTheSpire:RedRose":5,"Replay:Wax Seal":15,"StuffTheSpire:OldFever":10},{"Darkstone Periapt":16,"aspiration:Nostalgia":54,"infinitespire:Lucky Rock":47,"Replay:Kaleidoscope":47,"aspiration:SeaSaltIceCream":54,"hubris:EmptyBottle":71,"Burning Blood":0,"Replay:Baseball":20,"StuffTheSpire:Gunfinga":29,"Replay:Bandana":71,"hubris:Icosahedron":79,"m_SnakeBloodCore":54,"aspiration:SilentSkillbook":43,"hubris:PeanutButter":71,"Red Mask":79,"StuffTheSpire:RedRose":20,"Replay:Wax Seal":71,"StuffTheSpire:OldFever":47}],"Burning Blood":98},"card_choices":[{"not_picked":["Demonic Infusion","Impervious"],"picked":"Reaper","floor":0},{"not_picked":["Flex","Cleave"],"picked":"Life Link","floor":1},{"not_picked":["True Grit","Thunderclap"],"picked":"Cleave","floor":2},{"not_picked":["Uppercut","Heavy Blade"],"picked":"Bloodletting","floor":3},{"not_picked":["Life Link","Armaments"],"picked":"Dropkick","floor":4},{"not_picked":["Havoc","ReplayTheSpireMod:Muscle Training"],"picked":"Thunderclap","floor":8},{"not_picked":["Whirlwind","Body Slam"],"picked":"Shrug It Off","floor":12},{"not_picked":["Clothesline","StuffTheSpire:RagingBull"],"picked":"Sword Boomerang","floor":13},{"not_picked":["Power Through","StuffTheSpire:RagingBull"],"picked":"Pommel Strike","floor":14},{"not_picked":["Juggernaut","Exhume"],"picked":"Double Tap","floor":16},{"not_picked":["Well Laid Plans","Crippling Poison","StuffTheSpire:ReptileScales"],"picked":"hubris:ReadiedAction+1","floor":18},{"not_picked":["Bouncing Flask","ReplayTheSpireMod:Exploit Weakness","Hidden Blade"],"picked":"True Grit+1","floor":22},{"not_picked":["Clash+1","True Grit","Warcry"],"picked":"Shrug It Off+1","floor":24},{"not_picked":["Hidden Blade","Bane","Life Link"],"picked":"Distraction+1","floor":27},{"not_picked":["hubris:Sniper","Underhanded Strike","ReplayTheSpireMod:From All Sides","Acrobatics"],"picked":"SKIP","floor":28},{"not_picked":["Immolate","Rage","Clash"],"picked":"Backflip+1","floor":30},{"not_picked":["Hemogenesis","Juggernaut","Bludgeon"],"picked":"Berserk","floor":33},{"not_picked":["Shockwave","Reckless Charge","Feel No Pain+1"],"picked":"Entrench+1","floor":35},{"not_picked":["Clash","Outmaneuver+1","After Image"],"picked":"Twin Strike+1","floor":38},{"not_picked":["Clothesline","ReplayTheSpireMod:Strike From Hell","Hidden Blade","Expertise"],"picked":"SKIP","floor":39}],"player_experience":138783,"relics_obtained":[{"floor":9,"key":"Replay:Baseball"},{"floor":13,"key":"StuffTheSpire:Gunfinga"},{"floor":26,"key":"aspiration:SeaSaltIceCream"},{"floor":30,"key":"hubris:PeanutButter"}],"event_choices":[{"cards_removed":["downfall:Haunted"],"damage_healed":0,"gold_gain":0,"player_choice":"Card Removal","damage_taken":7,"max_hp_gain":0,"max_hp_loss":0,"event_name":"Golden Wing","floor":7,"gold_loss":0},{"damage_healed":0,"gold_gain":0,"player_choice":"Take","damage_taken":0,"max_hp_gain":0,"max_hp_loss":0,"event_name":"betterNote:BetterNote","floor":19,"gold_loss":0,"cards_obtained":["Anger"]},{"damage_healed":0,"gold_gain":0,"player_choice":"Upgraded","damage_taken":0,"max_hp_gain":0,"max_hp_loss":0,"event_name":"Upgrade Shrine","floor":29,"gold_loss":0,"cards_upgraded":["Life Link"]},{"damage_healed":0,"gold_gain":0,"player_choice":"Paid","damage_taken":0,"relics_obtained":["Red Mask"],"max_hp_gain":0,"max_hp_loss":0,"event_name":"Tomb of Lord Red Mask","floor":36,"gold_loss":16}],"is_beta":false,"boss_relics":[{"not_picked":["StuffTheSpire:RunicHypercube","hubris:CrackedHourglass"],"picked":"aspiration:SilentSkillbook"},{"not_picked":["Velvet Choker","Coffee Dripper","StuffTheSpire:Kangaroo"]}],"items_purged_floors":[21],"is_endless":false,"potions_floor_spawned":[1,4,8,13,18,22,33,39],"killed_by":"Giant Head","ascension_level":0}}