{"host":"gm50ke85n5jz306u","time":1614255560,"event":{"mods":["AchievementEnabler","AlwaysNeverKeys","Aspiration","BaseMod","Beaked The Cultist","Bestiary","Better Altar","Better Match","Better Note","Better Sensory Stone","Better Skull","Better Third Choice","Better Vampires","Better-Laid Plans","BetterRewards","Colored Powertips","Curses Come First","DNKmod","Defuse TimeMaze Blight","Disable Question Mark Monsters","Displayed Cursed Tome","Downfall","Emptier Cage","Extra Virgin Snecko Oil","Filter the Spire","Friendly Minions","Gremlin Skip","Hermit","Hubris","Hyrulean Relics","Ironclad Rager","Koishi","Lobotomy","Marisa????????","Marked Mod","Minty Spire (QoL Compilation)","Permanent Neow","Poor People Problems","Quick Restart","Reimu??????","Relic Filter Mod","Relic Sorter","Remove Card Discount Mod","Reorder Act Four","Replay The Spire","Shop Mod","StSLib","Synergy Search","Td1madao Mod","The Administrix","The Animator","The Blue Laboratory","The Bug Knight","The Construct","The Cursed","The Disciple","The Hierophant","The Necromancer","The Runesmith","The Senshi","The Servant 0.9.4","Thieving Mod","Transform Curses","WarShipGirlsR/????R mod"],"gold_per_floor":[10017,10027,10027,10041,9492,9522,9522,9539,9539,9554,9564,9056,9056,9074,9074,9074,9074],"floor_reached":16,"language":"ENG","playtime":580,"items_purged":["Strike_R","Strike_R","Strike_R","Strike_R","Strike_R"],"score":172,"play_id":"dc237651-67a7-4997-b469-5192e091b235","local_time":"20210225131920","is_ascension_mode":true,"campfire_choices":[{"data":"Shrug It Off","floor":15.0,"key":"SMITH"}],"circlet_count":0,"master_deck":["AscendersBane","Defend_R","Defend_R","Defend_R+1","Defend_R","Iron Wave","Flex","Twin Strike","Twin Strike","Pommel Strike","Shrug It Off+1","Battle Trance"],"relics":["Burning Blood","hubris:CuriousFeather","Akabeko","hubris:ChampionShield","MerchantsRug","Question Card","DollysMirror","Darkstone Periapt","Pear"],"acts_visited":["Exordium"],"potions_floor_usage":[16],"damage_taken":[{"damage":0.0,"enemies":"2 Louse","floor":1.0,"turns":2.0},{"damage":8.0,"enemies":"Jaw Worm","floor":2.0,"turns":4.0},{"damage":5.0,"enemies":"Cultist","floor":4.0,"turns":4.0},{"damage":41.0,"enemies":"Gremlin Nob","floor":6.0,"turns":5.0},{"damage":0.0,"enemies":"3 Louse","floor":8.0,"turns":3.0},{"damage":2.0,"enemies":"2 Fungi Beasts","floor":10.0,"turns":4.0},{"damage":13.0,"enemies":"Exordium Thugs","floor":11.0,"turns":3.0},{"damage":0.0,"enemies":"Exordium Wildlife","floor":14.0,"turns":2.0},{"damage":56,"enemies":"Slime Boss","floor":16,"turns":7}],"seed_played":"3135065076438293257","potions_obtained":[{"floor":4.0,"key":"Death Potion"},{"floor":6.0,"key":"blueLaboratory:ImpenetrablePotion"},{"floor":14.0,"key":"blueLaboratory:IronCompound"}],"is_trial":false,"path_per_floor":["M","M","?","M","$","E","?","M","T","M","M","$","?","M","R","B"],"character_chosen":"IRONCLAD","items_purchased":["Question Card","DollysMirror","MerchantsRug","Pear","Akabeko","Dexterity Potion","blueLaboratory:CorrosionFlask"],"campfire_rested":0,"item_purchase_floors":[5,5,5,12,12,12,12],"current_hp_per_floor":[78,76,69,70,70,35,35,41,41,45,38,48,48,54,54,0,0],"gold":9074,"neow_bonus":"RANDOM_COMMON_RELIC","is_daily":false,"chose_seed":false,"campfire_upgraded":1,"win_rate":0.0,"timestamp":1614255560,"path_taken":["M","M","?","M","$","E","?","?","T","M","M","$","?","M","R","BOSS"],"items_purchased_type":["Relic","Relic","Relic","Relic","Relic","Potion","Potion"],"build_version":"2020-12-22","purchased_purges":5,"victory":false,"max_hp_per_floor":[80,80,80,80,80,80,80,80,80,80,80,90,90,90,90,90,90],"card_choices":[{"not_picked":["Seeing Red","Wild Strike"],"picked":"Iron Wave","floor":1.0},{"not_picked":["ReplayTheSpireMod:Strike From Hell","Twin Strike"],"picked":"Flex","floor":2.0},{"not_picked":["Replay:Undeath\u0027s Touch","Flex"],"picked":"Twin Strike","floor":4.0},{"not_picked":["Defy Death","Bludgeon","Pummel","Wild Strike"],"picked":"SKIP","floor":6.0},{"not_picked":["Pummel","ReplayReversal","ReplayTheSpireMod:Strike From Hell"],"picked":"Pommel Strike","floor":8.0},{"not_picked":["Thunderclap","Second Wind","Headbutt"],"picked":"Shrug It Off","floor":10.0},{"not_picked":["Spot Weakness","Anger","hubris:SharpeningStone","Clash"],"picked":"SKIP","floor":11.0},{"not_picked":["Abandon","Twin Strike","Defy Death"],"picked":"Battle Trance","floor":14.0}],"player_experience":476759,"relics_obtained":[{"floor":6.0,"key":"Darkstone Periapt"},{"floor":9.0,"key":"hubris:CuriousFeather"}],"event_choices":[{"cards_removed":["Bash"],"damage_healed":0.0,"max_hp_gain":0.0,"max_hp_loss":0.0,"gold_gain":0.0,"event_name":"Golden Wing","player_choice":"Card Removal","floor":3.0,"gold_loss":0.0,"damage_taken":7.0},{"damage_healed":0.0,"max_hp_gain":0.0,"max_hp_loss":0.0,"gold_gain":0.0,"event_name":"betterThird:BetterSerpent","player_choice":"Ignored","floor":7.0,"gold_loss":0.0,"damage_taken":9522.0}],"is_beta":false,"boss_relics":[],"items_purged_floors":[5,5,5,5,5],"is_endless":false,"potions_floor_spawned":[4,6,10,14],"killed_by":"Slime Boss","ascension_level":13}}