{"host":"dbkc9h3etq50r1dq","time":1614294788,"event":{"mods":["100% Spire Juice","AchievementEnabler","BaseMod","Block Reminder","Colored Powertips","Curses Come First","Dark Map","Minty Spire (QoL Compilation)","Permanent Neow","Potion Indicator Mod","Random Character Button","Rare Cards Sparkle","StSLib","Weighted Paths"],"gold_per_floor":[118,18,38,38,38,38,63,63,142,142,158,189,199,229,229,333,333,333,333],"floor_reached":18,"language":"ZHS","playtime":651,"items_purged":[],"score":198,"play_id":"bbec95a1-6761-4c90-a2ee-a7fa8eaf65ef","local_time":"20210226071308","is_ascension_mode":true,"campfire_choices":[{"data":"Moonworks:Ambush","floor":6.0,"key":"SMITH"},{"data":"Moonworks:SakisCookie","floor":10.0,"key":"SMITH"},{"floor":15.0,"key":"REST"}],"circlet_count":0,"master_deck":["Moonworks:Strike","Moonworks:Strike","Moonworks:Defend","Moonworks:Defend","Moonworks:Defend","Moonworks:Defend","Moonworks:Ambush+1","Moonworks:LongDistanceShot","Moonworks:SakisCookie+1","Moonworks:NicePresent","Moonworks:EvilSpyWorkPreparation","Moonworks:IndiscriminateFireSupport","Moonworks:SakisCookie","Moonworks:Gamble"],"relics":["Moonworks:BrokenBomb","Moonworks:Homemark","Centennial Puzzle","Mango","Meat on the Bone","Toy Ornithopter","Bronze Scales","Empty Cage"],"acts_visited":["Exordium","TheCity"],"potions_floor_usage":[],"damage_taken":[{"damage":0.0,"enemies":"Small Slimes","floor":1.0,"turns":2.0},{"damage":0.0,"enemies":"Jaw Worm","floor":2.0,"turns":1.0},{"damage":0.0,"enemies":"Cultist","floor":3.0,"turns":4.0},{"damage":9.0,"enemies":"3 Sentries","floor":7.0,"turns":6.0},{"damage":2.0,"enemies":"Looter","floor":11.0,"turns":2.0},{"damage":14.0,"enemies":"Gremlin Nob","floor":12.0,"turns":3.0},{"damage":6.0,"enemies":"2 Fungi Beasts","floor":13.0,"turns":2.0},{"damage":41.0,"enemies":"Lagavulin","floor":14.0,"turns":7.0},{"damage":38.0,"enemies":"The Guardian","floor":16.0,"turns":9.0},{"damage":1011,"enemies":"Chosen","floor":18,"turns":3}],"seed_played":"-6769536556614906680","potions_obtained":[{"floor":0.0,"key":"PowerPotion"},{"floor":0.0,"key":"Fire Potion"},{"floor":0.0,"key":"Weak Potion"},{"floor":7.0,"key":"PowerPotion"},{"floor":11.0,"key":"LiquidBronze"},{"floor":13.0,"key":"FearPotion"},{"floor":14.0,"key":"LiquidMemories"},{"floor":16.0,"key":"EssenceOfSteel"}],"is_trial":false,"path_per_floor":["M","M","M","?","?","R","E","$","T","R","M","E","M","E","R","B",null,"M"],"character_chosen":"THE_STARBREAKER","items_purchased":[],"campfire_rested":1,"item_purchase_floors":[],"current_hp_per_floor":[60,60,60,60,53,53,60,60,60,60,61,50,47,26,48,40,74,0,0],"gold":333,"neow_bonus":"THREE_SMALL_POTIONS","is_daily":false,"chose_seed":false,"campfire_upgraded":2,"win_rate":0.0,"timestamp":1614294788,"path_taken":["M","M","M","?","?","R","E","?","T","R","M","E","M","E","R","BOSS","M"],"items_purchased_type":[],"build_version":"2020-12-22","purchased_purges":0,"victory":false,"max_hp_per_floor":[60,60,60,60,60,60,74,74,74,74,74,74,74,74,74,74,74,74,74],"card_choices":[{"not_picked":["Moonworks:BigMagnum","Moonworks:Assault"],"picked":"Moonworks:SakisCookie","floor":1.0},{"not_picked":["Moonworks:ImOnFire","Moonworks:IntelligenceOfficer","Moonworks:UnluckyCharm"],"picked":"SKIP","floor":2.0},{"not_picked":["Moonworks:ExtendedPhotonRifle","Moonworks:CloudOfSeagulls"],"picked":"Moonworks:NicePresent","floor":3.0},{"not_picked":["Moonworks:JonathanRush","Moonworks:BindingChains"],"picked":"Moonworks:EvilSpyWorkPreparation","floor":7.0},{"not_picked":["Moonworks:ExtendedPhotonRifle","Moonworks:CompletionReward"],"picked":"Moonworks:IndiscriminateFireSupport","floor":11.0},{"not_picked":["Moonworks:IndiscriminateFireSupport","Moonworks:CastOff","Moonworks:Dinner"],"picked":"SKIP","floor":12.0},{"not_picked":["Moonworks:IndiscriminateFireSupport","Moonworks:LulusLuckyEgg"],"picked":"Moonworks:SakisCookie","floor":13.0},{"not_picked":["Moonworks:ReproductionOfRecords","Moonworks:ImOnFire","Moonworks:LulusLuckyEgg"],"picked":"SKIP","floor":14.0},{"not_picked":["Moonworks:Accelerator","Moonworks:LeapThroughSpace"],"picked":"Moonworks:Gamble","floor":16.0}],"player_experience":178895,"relics_obtained":[{"floor":7.0,"key":"Mango"},{"floor":9.0,"key":"Meat on the Bone"},{"floor":12.0,"key":"Toy Ornithopter"},{"floor":14.0,"key":"Bronze Scales"}],"event_choices":[{"damage_healed":0.0,"max_hp_gain":0.0,"max_hp_loss":0.0,"gold_gain":0.0,"event_name":"Big Fish","player_choice":"Box","floor":4.0,"gold_loss":0.0,"damage_taken":0.0,"relics_obtained":["Centennial Puzzle"],"cards_obtained":["Regret"]},{"cards_removed":["Regret"],"damage_healed":0.0,"max_hp_gain":0.0,"max_hp_loss":0.0,"gold_gain":0.0,"event_name":"Golden Wing","player_choice":"Card Removal","floor":5.0,"gold_loss":0.0,"damage_taken":7.0}],"is_beta":false,"boss_relics":[{"not_picked":["Velvet Choker","Calling Bell"],"picked":"Empty Cage"}],"items_purged_floors":[],"is_endless":false,"potions_floor_spawned":[1,7,11,13,14,16],"killed_by":"Chosen","ascension_level":2}}