{"host":"dyzdf8svqmiivg97","time":1614272226,"event":{"mods":["AchievementEnabler","BaseMod","Colored Map","DeckTracker","Minty Spire (QoL Compilation)","Quick Restart","Rare Cards Sparkle","SuperFastMode"],"gold_per_floor":[212,212,231,244,244,244,255,274,274,274,293,328,328,340,340,413,413,428,443,457,382,392,392,406,406,406,19,19,44,55,65,65,65,65],"floor_reached":33,"language":"KOR","playtime":817,"items_purged":["Decay"],"score":522,"play_id":"2abcaae3-f50c-4765-b045-f361144759f0","local_time":"20210226015706","is_ascension_mode":true,"campfire_choices":[{"data":"Eruption","floor":6,"key":"SMITH"},{"data":"Adaptation","floor":10,"key":"SMITH"},{"floor":13,"key":"REST"},{"data":"Vault","floor":15,"key":"SMITH"},{"data":"ForeignInfluence","floor":23,"key":"SMITH"},{"data":"Scrawl","floor":25,"key":"SMITH"},{"floor":32,"key":"REST"}],"circlet_count":0,"master_deck":["AscendersBane","Strike_P","Strike_P","Defend_P","Defend_P","Defend_P","Defend_P","Eruption+1","Vigilance","ForeignInfluence+1","CarveReality","Adaptation+1","Vault+1","EmptyMind","Indignation","Scrawl+1","Halt+1","TalkToTheHand","EmptyFist"],"relics":["PureWater","Bottled Tornado","Gremlin Horn","Cursed Key","StoneCalendar","FossilizedHelix","Sundial"],"acts_visited":["Exordium","TheCity"],"potions_floor_usage":[11,18,20,31],"damage_taken":[{"damage":11,"enemies":"Small Slimes","floor":1,"turns":5},{"damage":0,"enemies":"2 Louse","floor":3,"turns":2},{"damage":0,"enemies":"Cultist","floor":4,"turns":2},{"damage":13,"enemies":"Large Slime","floor":7,"turns":3},{"damage":11,"enemies":"Looter","floor":8,"turns":3},{"damage":7,"enemies":"Exordium Wildlife","floor":11,"turns":3},{"damage":17,"enemies":"3 Sentries","floor":12,"turns":5},{"damage":1,"enemies":"2 Fungi Beasts","floor":14,"turns":2},{"damage":28,"enemies":"The Guardian","floor":16,"turns":9},{"damage":0,"enemies":"Shell Parasite","floor":18,"turns":2},{"damage":3,"enemies":"Spheric Guardian","floor":19,"turns":4},{"damage":9,"enemies":"Shelled Parasite and Fungi","floor":20,"turns":3},{"damage":6,"enemies":"3 Cultists","floor":22,"turns":4},{"damage":4,"enemies":"Snecko","floor":24,"turns":4},{"damage":0,"enemies":"Book of Stabbing","floor":29,"turns":4},{"damage":0,"enemies":"Sentry and Sphere","floor":30,"turns":2},{"damage":6,"enemies":"Shelled Parasite and Fungi","floor":31,"turns":4},{"damage":93,"enemies":"Automaton","floor":33,"turns":7}],"seed_played":"340845557099145603","potions_obtained":[{"floor":8,"key":"FearPotion"},{"floor":14,"key":"GamblersBrew"},{"floor":16,"key":"Weak Potion"},{"floor":18,"key":"FearPotion"},{"floor":22,"key":"BottledMiracle"}],"is_trial":false,"path_per_floor":["M","?","M","M","?","R","M","M","T","R","M","E","R","M","R","B",null,"M","M","M","?","M","R","M","R","T","$","?","E","M","M","R","B"],"character_chosen":"WATCHER","items_purchased":["FossilizedHelix"],"campfire_rested":2,"item_purchase_floors":[27],"current_hp_per_floor":[50,68,68,68,68,68,55,44,44,44,37,20,40,39,39,11,54,54,51,42,42,36,36,32,32,32,32,32,32,32,26,46,0,0],"gold":65,"neow_bonus":"HUNDRED_GOLD","is_daily":false,"chose_seed":false,"campfire_upgraded":5,"win_rate":0.0,"timestamp":1614272226,"path_taken":["M","?","M","M","?","R","M","?","T","R","M","E","R","M","R","BOSS","M","M","M","?","M","R","M","R","T","$","?","E","M","M","R","BOSS"],"items_purchased_type":["Relic"],"build_version":"2020-12-22","purchased_purges":1,"victory":false,"max_hp_per_floor":[68,68,68,68,68,68,68,68,68,68,68,68,68,68,68,68,68,68,68,68,68,68,68,68,68,68,68,68,68,68,68,68,68,68],"card_choices":[{"not_picked":["PathToVictory","BowlingBash"],"picked":"ForeignInfluence","floor":1},{"not_picked":["CutThroughFate","Swivel","PathToVictory"],"picked":"SKIP","floor":3},{"not_picked":["Crescendo","SignatureMove","Consecrate"],"picked":"SKIP","floor":4},{"not_picked":["FlyingSleeves","Vengeance"],"picked":"Adaptation","floor":7},{"not_picked":["CrushJoints","PathToVictory"],"picked":"Vault","floor":8},{"not_picked":["FlyingSleeves","Perseverance"],"picked":"EmptyMind","floor":11},{"not_picked":["DevaForm","Conclude","SashWhip"],"picked":"SKIP","floor":12},{"not_picked":["JustLucky","BowlingBash"],"picked":"Indignation","floor":14},{"not_picked":["Wish","Brilliance"],"picked":"Scrawl","floor":16},{"not_picked":["FlurryOfBlows","ThirdEye"],"picked":"Halt+1","floor":18},{"not_picked":["Protect","Nirvana"],"picked":"TalkToTheHand","floor":19},{"not_picked":["Protect+1","Prostrate","SpiritShield"],"picked":"SKIP","floor":20},{"not_picked":["Collect","FlyingSleeves","Pray"],"picked":"SKIP","floor":22},{"not_picked":["Halt","Weave","PathToVictory"],"picked":"SKIP","floor":24},{"not_picked":["SignatureMove","Consecrate+1","Brilliance"],"picked":"SKIP","floor":29},{"not_picked":["Crescendo","Consecrate"],"picked":"EmptyFist","floor":30},{"not_picked":["Worship","BowlingBash","Conclude"],"picked":"SKIP","floor":31}],"player_experience":610082,"relics_obtained":[{"floor":9,"key":"Bottled Tornado"},{"floor":12,"key":"Gremlin Horn"},{"floor":26,"key":"StoneCalendar"},{"floor":29,"key":"Sundial"}],"event_choices":[{"damage_healed":22,"gold_gain":0,"player_choice":"Banana","damage_taken":0,"max_hp_gain":0,"max_hp_loss":0,"event_name":"Big Fish","floor":2,"gold_loss":0},{"damage_healed":0,"gold_gain":0,"cards_transformed":["Strike_P"],"player_choice":"Transformed","damage_taken":0,"max_hp_gain":0,"max_hp_loss":0,"event_name":"Transmorgrifier","floor":5,"gold_loss":0,"cards_obtained":["CarveReality"]},{"cards_removed":["Strike_P"],"damage_healed":0,"gold_gain":0,"player_choice":"Gave Gold","damage_taken":0,"max_hp_gain":0,"max_hp_loss":0,"event_name":"Beggar","floor":21,"gold_loss":75},{"damage_healed":0,"gold_gain":0,"player_choice":"Ignored","damage_taken":0,"max_hp_gain":0,"max_hp_loss":0,"event_name":"Vampires","floor":28,"gold_loss":0}],"is_beta":false,"boss_relics":[{"not_picked":["Ectoplasm","Fusion Hammer"],"picked":"Cursed Key"}],"items_purged_floors":[27],"is_endless":false,"potions_floor_spawned":[8,14,16,18,22],"killed_by":"Automaton","ascension_level":15}}