{"host":"lv7etzzgwahaenh9","time":1614216288,"event":{"mods":["AchievementEnabler","BaseMod","Colored Map","Colored Powertips","Highlight Path","Minty Spire (QoL Compilation)","Permanent Neow","Quick Restart","Random Character Button","StSLib"],"gold_per_floor":[15,31,48,66,77,105,105,134,206,206,206],"floor_reached":10,"language":"ENG","playtime":461,"items_purged":[],"score":136,"play_id":"4a917df2-6cb3-4f01-922b-b73f08cdffd7","local_time":"20210224172448","is_ascension_mode":true,"campfire_choices":[{"floor":7,"key":"REST"}],"circlet_count":0,"master_deck":["AscendersBane","Strike_G","Strike_G","Strike_G","Strike_G","Strike_G","Defend_G","Defend_G","Defend_G","Defend_G","Defend_G","Survivor","Neutralize","Glass Knife","Crippling Poison","Blur","A Thousand Cuts","Dagger Spray","Dagger Throw","Escape Plan"],"relics":["Ring of the Snake","Bag of Marbles","Sundial","Bottled Flame"],"acts_visited":["Exordium"],"potions_floor_usage":[6,8,10],"damage_taken":[{"damage":0,"enemies":"Cultist","floor":1,"turns":3},{"damage":0,"enemies":"Jaw Worm","floor":2,"turns":4},{"damage":0,"enemies":"Small Slimes","floor":3,"turns":5},{"damage":8,"enemies":"2 Fungi Beasts","floor":4,"turns":5},{"damage":5,"enemies":"Red Slaver","floor":5,"turns":4},{"damage":23,"enemies":"Gremlin Nob","floor":6,"turns":4},{"damage":12,"enemies":"Lagavulin","floor":8,"turns":6},{"damage":34,"enemies":"Gremlin Nob","floor":10,"turns":4}],"seed_played":"6114067716422846068","potions_obtained":[{"floor":3,"key":"CunningPotion"},{"floor":4,"key":"PowerPotion"},{"floor":6,"key":"Fruit Juice"}],"is_trial":false,"path_per_floor":["M","M","M","M","M","E","R","E","T","E"],"character_chosen":"THE_SILENT","items_purchased":[],"campfire_rested":1,"item_purchase_floors":[],"current_hp_per_floor":[59,59,59,51,46,23,42,30,30,1,1],"gold":206,"neow_bonus":"THREE_RARE_CARDS","is_daily":false,"chose_seed":false,"campfire_upgraded":0,"win_rate":0.0,"timestamp":1614216288,"path_taken":["M","M","M","M","M","E","R","E","T","E"],"items_purchased_type":[],"build_version":"2020-12-22","purchased_purges":0,"victory":false,"max_hp_per_floor":[66,66,66,66,66,66,66,66,66,71,71],"card_choices":[{"not_picked":["Tools of the Trade","Die Die Die"],"picked":"Glass Knife","floor":0},{"not_picked":["Sucker Punch","Distraction","Outmaneuver"],"picked":"SKIP","floor":1},{"not_picked":["Prepared","Bane"],"picked":"Crippling Poison","floor":2},{"not_picked":["Dodge and Roll","Riddle With Holes"],"picked":"Blur","floor":3},{"not_picked":["Sucker Punch","Well Laid Plans"],"picked":"A Thousand Cuts","floor":4},{"not_picked":["Backflip","PiercingWail"],"picked":"Dagger Spray","floor":5},{"not_picked":["Sucker Punch","Catalyst"],"picked":"Dagger Throw","floor":6},{"not_picked":["Outmaneuver","Dodge and Roll"],"picked":"Escape Plan","floor":8}],"player_experience":550644,"relics_obtained":[{"floor":6,"key":"Bag of Marbles"},{"floor":8,"key":"Sundial"},{"floor":9,"key":"Bottled Flame"}],"event_choices":[],"is_beta":false,"boss_relics":[],"items_purged_floors":[],"is_endless":false,"potions_floor_spawned":[3,4,5,6],"killed_by":"Gremlin Nob","ascension_level":14}}