{"host":"g11d3x3m0pyxfasu","time":1614283031,"event":{"mods":["BaseMod","Block Reminder","Hubris","Infinite Spire","Minty Spire (QoL Compilation)","Quick Restart","Reliquary","Replay The Spire","StSLib","SuperFastMode"],"gold_per_floor":[118,138,154,174,18,53,53,65,65,65,15,30,30,30,30,127,127,138,138,63,81,95,129,129,129,129],"floor_reached":25,"language":"ENG","playtime":1191,"items_purged":[],"score":223,"play_id":"9c4b252f-ba34-4e1b-ba15-32bd09837ca5","local_time":"20210225205711","is_ascension_mode":false,"campfire_choices":[{"floor":15,"key":"DIG"},{"floor":24,"key":"REST"}],"circlet_count":0,"master_deck":["Strike_G","Strike_G","Strike_G+1","Defend_G","Defend_G","Defend_G","Defend_G","Survivor","Neutralize+1","CurseOfTheBell","Footwork+1","Backflip","Dagger Spray+1","Hidden Blade+1","Deadly Poison","Deadly Poison","Escape Plan","infinitespire:Neurotoxin+1","Deadly Poison+1","Slice+1"],"relics":["Calling Bell","Golden Egg","Vajra","Replay:Multitool","Snake Skull","Mirror","Nunchaku","Whetstone","reliquary:RedCape","Velvet Choker","reliquary:PrincelyHelmet"],"acts_visited":["Exordium","TheCity"],"potions_floor_usage":[16,16,25,25],"damage_taken":[{"damage":3,"enemies":"Jaw Worm","floor":1,"turns":5},{"damage":0,"enemies":"2 Louse","floor":2,"turns":3},{"damage":2,"enemies":"Cultist","floor":3,"turns":5},{"damage":0,"enemies":"Exordium Wildlife","floor":4,"turns":3},{"damage":40,"enemies":"Gremlin Nob","floor":6,"turns":5},{"damage":10,"enemies":"Lots of Slimes","floor":8,"turns":2},{"damage":6,"enemies":"2 Fungi Beasts","floor":12,"turns":3},{"damage":24,"enemies":"Fading Forest","floor":16,"turns":11},{"damage":16,"enemies":"Spheric Guardian","floor":18,"turns":5},{"damage":2,"enemies":"Shell Parasite","floor":21,"turns":5},{"damage":0,"enemies":"Centurion and Healer","floor":22,"turns":5},{"damage":46,"enemies":"Slavers","floor":23,"turns":5},{"damage":28,"enemies":"Gremlin Leader","floor":25,"turns":5}],"seed_played":"-506626017253926210","potions_obtained":[{"floor":2,"key":"Toxic Potion"},{"floor":6,"key":"GhostInAJar"},{"floor":8,"key":"Dexterity Potion"},{"floor":18,"key":"Flashbang"},{"floor":23,"key":"DuplicationPotion"}],"is_trial":false,"path_per_floor":["M","M","M","M","$","E","R","M","T","R","?","M","?","?","R","B",null,"M","AVR","?","M","M","E","R","E"],"character_chosen":"THE_SILENT","items_purchased":["Snake Skull"],"campfire_rested":1,"item_purchase_floors":[5],"current_hp_per_floor":[67,67,65,65,65,25,46,36,36,57,57,51,44,44,44,30,70,54,54,54,52,52,6,27,0,0],"gold":129,"neow_bonus":"BOSS_RELIC","is_daily":false,"chose_seed":false,"campfire_upgraded":0,"win_rate":0.0,"timestamp":1614283031,"path_taken":["M","M","M","M","$","E","R","M","T","R","?","M","?","?","R","BOSS","M","AVR","?","M","M","E","R","E"],"items_purchased_type":["Relic"],"build_version":"2020-12-22","purchased_purges":0,"victory":false,"max_hp_per_floor":[70,70,70,70,70,70,70,70,70,70,70,70,70,70,70,70,70,70,70,70,70,70,70,70,70,70],"card_choices":[{"not_picked":["Quick Slash","Sucker Punch"],"picked":"Footwork","floor":1},{"not_picked":["ReplayTheSpireMod:Tripwire","Draining Mist"],"picked":"Backflip","floor":2},{"not_picked":["Underhanded Strike","Eviscerate"],"picked":"Dagger Spray","floor":3},{"not_picked":["Leg Sweep","Malaise"],"picked":"Hidden Blade","floor":4},{"not_picked":["Caltrops","Leg Sweep"],"picked":"Deadly Poison","floor":6},{"not_picked":["Reflex","ReplayTheSpireMod:Shiv Toss"],"picked":"Deadly Poison","floor":8},{"not_picked":["Sucker Punch","Slice"],"picked":"Escape Plan","floor":12},{"not_picked":["Bullet Time","ReplayTheSpireMod:Necrosis"],"picked":"infinitespire:Neurotoxin","floor":16},{"not_picked":["Sucker Punch","Prepared","Underhanded Strike+1"],"picked":"SKIP","floor":18},{"not_picked":["Quick Slash","Dagger Spray+1"],"picked":"Deadly Poison+1","floor":21},{"not_picked":["Slice","Reflex","Sneak Up"],"picked":"SKIP","floor":22},{"not_picked":["Well Laid Plans+1","Flying Knee"],"picked":"Slice+1","floor":23}],"player_experience":5459,"relics_obtained":[{"floor":0,"key":"Golden Egg"},{"floor":0,"key":"Vajra"},{"floor":0,"key":"Replay:Multitool"},{"floor":6,"key":"Mirror"},{"floor":9,"key":"Nunchaku"},{"floor":15,"key":"Whetstone"},{"floor":23,"key":"reliquary:PrincelyHelmet"}],"event_choices":[{"cards_removed":["Strike_G"],"damage_healed":0,"gold_gain":0,"player_choice":"Card Removal","damage_taken":0,"max_hp_gain":0,"max_hp_loss":0,"event_name":"The Cleric","floor":11,"gold_loss":50},{"cards_removed":["Defend_G"],"damage_healed":0,"gold_gain":0,"player_choice":"Card Removal","damage_taken":7,"max_hp_gain":0,"max_hp_loss":0,"event_name":"Golden Wing","floor":13,"gold_loss":0},{"damage_healed":0,"gold_gain":0,"player_choice":"Forge","damage_taken":0,"max_hp_gain":0,"max_hp_loss":0,"event_name":"Accursed Blacksmith","floor":14,"gold_loss":0,"cards_upgraded":["Footwork"]},{"cards_removed":["Strike_G"],"damage_healed":0,"gold_gain":0,"player_choice":"Gave Gold","damage_taken":0,"max_hp_gain":0,"max_hp_loss":0,"event_name":"Beggar","floor":20,"gold_loss":75}],"is_beta":false,"boss_relics":[{"not_picked":["Snecko Eye","Cursed Key"],"picked":"reliquary:RedCape"}],"items_purged_floors":[],"is_endless":false,"potions_floor_spawned":[2,6,8,18,23],"killed_by":"Gremlin Leader","ascension_level":0}}