{"host":"kh6fvhxn285ncg0o","time":1614220158,"event":{"mods":["Act Like it!","BaseMod","Colored Map","Friendly Minions","Keyboard Shortcuts","Minty Spire (QoL Compilation)","Quick Restart","Relic Stats","StSLib","SuperFastMode","UnlockEverythingMod"],"gold_per_floor":[367,367,378,328,342,368,386,421,447,473,473,312,346,365,365,441,441,452,377,395,415,395,395,133,160,160,170,185,213,213,213,213,288,288,305,330,348,348,365,400,400,435,462,462,493,493,109,123,123,123,123,123],"floor_reached":51,"language":"KOR","playtime":1304,"items_purged":["Strike_R","Strike_R","Bash"],"score":1606,"play_id":"79a722e9-1c4f-4525-a14b-59a3e8e8a583","local_time":"20210225112918","is_ascension_mode":true,"campfire_choices":[{"floor":11.0,"key":"REST"},{"floor":15.0,"key":"DIG"},{"data":"Immolate","floor":23.0,"key":"SMITH"},{"data":"Evolve","floor":30.0,"key":"SMITH"},{"floor":32.0,"key":"DIG"},{"data":"Finesse","floor":44.0,"key":"SMITH"},{"floor":46.0,"key":"RECALL"},{"data":"Discovery","floor":49.0,"key":"SMITH"}],"circlet_count":0,"master_deck":["AscendersBane","Strike_R+1","Defend_R","Defend_R","Defend_R","Defend_R","Uppercut+1","Hemokinesis","Fire Breathing","Carnage","Immolate+1","Evolve+1","Second Wind","Feel No Pain","Fiend Fire","Body Slam+1","Shrug It Off","Shockwave","Finesse+1","Purity","Panacea","Discovery+1"],"relics":["Burning Blood","Orichalcum","Regal Pillow","Tiny Chest","Whetstone","Shovel","Toy Ornithopter","Mercury Hourglass","Mark of Pain","Unceasing Top","White Beast Statue","Boot","Question Card","Bag of Preparation","Runic Dome","Torii","Mango","Pen Nib","Ice Cream","Potion Belt"],"acts_visited":["Exordium","TheCity","TheBeyond"],"potions_floor_usage":[51,51],"damage_taken":[{"damage":11.0,"enemies":"Cultist","floor":1.0,"turns":4.0},{"damage":6.0,"enemies":"2 Louse","floor":3.0,"turns":4.0},{"damage":2.0,"enemies":"Small Slimes","floor":5.0,"turns":2.0},{"damage":18.0,"enemies":"Lagavulin","floor":6.0,"turns":6.0},{"damage":10.0,"enemies":"Red Slaver","floor":7.0,"turns":3.0},{"damage":24.0,"enemies":"3 Sentries","floor":8.0,"turns":5.0},{"damage":15.0,"enemies":"Gremlin Nob","floor":10.0,"turns":4.0},{"damage":14.0,"enemies":"3 Sentries","floor":13.0,"turns":5.0},{"damage":6.0,"enemies":"Large Slime","floor":14.0,"turns":5.0},{"damage":50.0,"enemies":"The Guardian","floor":16.0,"turns":9.0},{"damage":2.0,"enemies":"3 Byrds","floor":18.0,"turns":2.0},{"damage":0.0,"enemies":"Chosen","floor":20.0,"turns":3.0},{"damage":9.0,"enemies":"Centurion and Healer","floor":21.0,"turns":4.0},{"damage":1.0,"enemies":"Slavers","floor":25.0,"turns":2.0},{"damage":5.0,"enemies":"3 Cultists","floor":27.0,"turns":4.0},{"damage":7.0,"enemies":"Snecko","floor":28.0,"turns":4.0},{"damage":34.0,"enemies":"Book of Stabbing","floor":29.0,"turns":4.0},{"damage":32.0,"enemies":"Champ","floor":33.0,"turns":7.0},{"damage":6.0,"enemies":"3 Darklings","floor":35.0,"turns":3.0},{"damage":2.0,"enemies":"Mind Bloom Boss Battle","floor":36.0,"turns":4.0},{"damage":0.0,"enemies":"3 Shapes","floor":37.0,"turns":2.0},{"damage":12.0,"enemies":"3 Darklings","floor":39.0,"turns":4.0},{"damage":2.0,"enemies":"Reptomancer","floor":40.0,"turns":3.0},{"damage":7.0,"enemies":"Giant Head","floor":42.0,"turns":7.0},{"damage":35.0,"enemies":"Nemesis","floor":45.0,"turns":5.0},{"damage":14.0,"enemies":"Spire Growth","floor":48.0,"turns":4.0},{"damage":31.0,"enemies":"Time Eater","floor":50.0,"turns":9.0},{"damage":33,"enemies":"Awakened One","floor":51,"turns":3}],"seed_played":"-7306922963857660263","potions_obtained":[{"floor":1.0,"key":"ColorlessPotion"},{"floor":5.0,"key":"SteroidPotion"},{"floor":8.0,"key":"SkillPotion"},{"floor":13.0,"key":"Energy Potion"},{"floor":14.0,"key":"LiquidMemories"},{"floor":16.0,"key":"LiquidBronze"},{"floor":18.0,"key":"Ancient Potion"},{"floor":22.0,"key":"SpeedPotion"},{"floor":25.0,"key":"Fruit Juice"},{"floor":27.0,"key":"SteroidPotion"},{"floor":29.0,"key":"ColorlessPotion"},{"floor":33.0,"key":"Swift Potion"},{"floor":35.0,"key":"AttackPotion"},{"floor":36.0,"key":"Block Potion"},{"floor":37.0,"key":"DistilledChaos"},{"floor":39.0,"key":"SneckoOil"},{"floor":40.0,"key":"LiquidMemories"},{"floor":42.0,"key":"Dexterity Potion"},{"floor":48.0,"key":"SteroidPotion"}],"is_trial":false,"path_per_floor":["M","?","M","?","M","E","M","E","T","E","R","$","E","M","R","B",null,"M","?","M","M","?","R","$","E","T","M","M","E","R","T","R","B",null,"M","?","M","?","M","E","?","E","T","R","E","R","$","M","R","B","B"],"character_chosen":"IRONCLAD","items_purchased":["LiquidBronze","Evolve","Second Wind","Potion Belt","Discovery"],"campfire_rested":1,"item_purchase_floors":[12,24,24,47,47],"current_hp_per_floor":[63,63,63,63,67,55,51,33,33,24,59,59,51,51,51,12,54,63,63,68,65,65,65,65,68,68,73,72,44,44,44,44,23,61,66,73,73,69,68,83,73,77,77,77,48,48,48,45,45,20,0,0],"gold":123,"neow_bonus":"TWO_FIFTY_GOLD","is_daily":false,"chose_seed":false,"campfire_upgraded":4,"win_rate":0.0,"timestamp":1614220158,"path_taken":["M","?","M","?","?","E","M","E","T","E","R","$","E","M","R","BOSS","M","?","M","M","?","R","$","E","T","?","M","E","R","?","R","BOSS","M","?","M","?","M","E","?","E","T","R","E","R","$","M","R","BOSS","BOSS"],"items_purchased_type":["Potion","Card","Card","Relic","Card"],"build_version":"2020-12-22","purchased_purges":3,"victory":false,"max_hp_per_floor":[68,68,68,68,68,68,68,68,68,68,68,68,68,68,68,68,68,68,68,68,68,68,68,68,68,68,73,73,73,73,73,73,73,73,73,73,73,69,69,83,83,83,83,83,83,83,83,83,83,83,83,83],"relic_stats":{"Regal Pillow":15,"Torii":8,"counters":[28,121],"Pen Nib":[3],"Bag of Preparation":[22],"Whetstone":["Strike_R","Uppercut"],"Orichalcum":[288],"Boot":[16],"Question Card":12,"Burning Blood":143,"Mercury Hourglass":[338],"Shovel":2,"Tiny Chest":1,"obtain_stats":[{"Ice Cream":45,"Potion Belt":47,"Regal Pillow":6,"Torii":36,"Mango":40,"Pen Nib":42,"Bag of Preparation":32,"Whetstone":9,"Orichalcum":4,"Boot":29,"Question Card":31,"Burning Blood":0,"White Beast Statue":26,"Mercury Hourglass":15,"Runic Dome":34,"Shovel":10,"Tiny Chest":8,"Mark of Pain":17,"Toy Ornithopter":13,"Unceasing Top":25},{"Ice Cream":25,"Potion Belt":25,"Regal Pillow":4,"Torii":20,"Mango":23,"Pen Nib":24,"Bag of Preparation":17,"Whetstone":6,"Orichalcum":2,"Boot":17,"Question Card":17,"Burning Blood":0,"White Beast Statue":14,"Mercury Hourglass":9,"Runic Dome":18,"Shovel":7,"Tiny Chest":6,"Mark of Pain":10,"Toy Ornithopter":8,"Unceasing Top":14},{"Ice Cream":105,"Potion Belt":105,"Regal Pillow":16,"Torii":84,"Mango":93,"Pen Nib":100,"Bag of Preparation":70,"Whetstone":24,"Orichalcum":8,"Boot":70,"Question Card":70,"Burning Blood":0,"White Beast Statue":58,"Mercury Hourglass":38,"Runic Dome":77,"Shovel":28,"Tiny Chest":24,"Mark of Pain":47,"Toy Ornithopter":33,"Unceasing Top":58}],"Toy Ornithopter":54,"Unceasing Top":[44]},"card_choices":[{"not_picked":["Dual Wield","Warcry"],"picked":"Uppercut","floor":1.0},{"not_picked":["Sentinel","Anger"],"picked":"Hemokinesis","floor":3.0},{"not_picked":["Searing Blow","Flex"],"picked":"Fire Breathing","floor":6.0},{"not_picked":["Havoc","Uppercut"],"picked":"Carnage","floor":13.0},{"not_picked":["Iron Wave","Flex","Sentinel"],"picked":"SKIP","floor":14.0},{"not_picked":["Impervious","Brutality"],"picked":"Immolate","floor":16.0},{"not_picked":["True Grit","Combust","Clash"],"picked":"SKIP","floor":18.0},{"not_picked":["Reckless Charge","Iron Wave","Sword Boomerang"],"picked":"SKIP","floor":21.0},{"not_picked":["Heavy Blade+1","Blood for Blood","Sentinel"],"picked":"SKIP","floor":25.0},{"not_picked":["Ghostly Armor","Clash"],"picked":"Feel No Pain","floor":29.0},{"not_picked":["Demon Form","Berserk","Double Tap"],"picked":"Fiend Fire","floor":33.0},{"not_picked":["Heavy Blade","Dual Wield","Havoc"],"picked":"Body Slam+1","floor":35.0},{"not_picked":["Feel No Pain","Thunderclap","Armaments+1"],"picked":"Shrug It Off","floor":37.0},{"not_picked":["Cleave","Havoc","Wild Strike","True Grit"],"picked":"SKIP","floor":39.0},{"not_picked":["Sentinel","Sword Boomerang+1","Flex"],"picked":"Shockwave","floor":40.0},{"not_picked":["Good Instincts","Discovery","Mind Blast"],"picked":"Finesse","floor":41.0},{"not_picked":["Blind","Chrysalis","Enlightenment"],"picked":"Purity","floor":41.0},{"not_picked":["Metamorphosis","Dramatic Entrance","Impatience"],"picked":"Panacea","floor":41.0},{"not_picked":["Body Slam","Sword Boomerang","Shrug It Off","Entrench"],"picked":"SKIP","floor":42.0},{"not_picked":["Body Slam","Sword Boomerang","Shrug It Off","Entrench"],"picked":"SKIP","floor":42.0},{"not_picked":["Flex","Flame Barrier","Warcry","Infernal Blade"],"picked":"SKIP","floor":45.0},{"not_picked":["Hemokinesis","Havoc+1","Wild Strike","Sever Soul"],"picked":"SKIP","floor":48.0}],"player_experience":1521560,"relics_obtained":[{"floor":6.0,"key":"Regal Pillow"},{"floor":8.0,"key":"Tiny Chest"},{"floor":9.0,"key":"Whetstone"},{"floor":10.0,"key":"Shovel"},{"floor":13.0,"key":"Toy Ornithopter"},{"floor":15.0,"key":"Mercury Hourglass"},{"floor":25.0,"key":"Unceasing Top"},{"floor":26.0,"key":"White Beast Statue"},{"floor":29.0,"key":"Boot"},{"floor":31.0,"key":"Question Card"},{"floor":32.0,"key":"Bag of Preparation"},{"floor":36.0,"key":"Torii"},{"floor":40.0,"key":"Mango"},{"floor":42.0,"key":"Pen Nib"},{"floor":45.0,"key":"Ice Cream"}],"event_choices":[{"cards_removed":["Strike_R"],"damage_healed":0.0,"max_hp_gain":0.0,"max_hp_loss":0.0,"gold_gain":0.0,"event_name":"Living Wall","player_choice":"Forget","floor":2.0,"gold_loss":0.0,"damage_taken":0.0},{"damage_healed":0.0,"max_hp_gain":0.0,"max_hp_loss":0.0,"gold_gain":0.0,"event_name":"WeMeetAgain","player_choice":"Paid Gold","floor":4.0,"gold_loss":50.0,"damage_taken":0.0,"relics_obtained":["Orichalcum"]},{"cards_removed":["Strike_R"],"damage_healed":0.0,"max_hp_gain":0.0,"max_hp_loss":0.0,"gold_gain":0.0,"event_name":"Beggar","player_choice":"Gave Gold","floor":19.0,"gold_loss":75.0,"damage_taken":0.0},{"damage_healed":0.0,"max_hp_gain":0.0,"max_hp_loss":0.0,"gold_gain":0.0,"event_name":"The Woman in Blue","player_choice":"Bought 1 Potion","floor":22.0,"gold_loss":0.0,"damage_taken":0.0},{"damage_healed":0.0,"max_hp_gain":0.0,"max_hp_loss":0.0,"gold_gain":0.0,"event_name":"MindBloom","player_choice":"Fight","floor":36.0,"gold_loss":0.0,"damage_taken":0.0},{"damage_healed":0.0,"max_hp_gain":0.0,"max_hp_loss":4.0,"gold_gain":0.0,"event_name":"Winding Halls","player_choice":"Max HP","floor":38.0,"gold_loss":0.0,"damage_taken":0.0},{"damage_healed":0.0,"max_hp_gain":0.0,"max_hp_loss":0.0,"gold_gain":0.0,"event_name":"SensoryStone","player_choice":"Memory 3","floor":41.0,"gold_loss":0.0,"damage_taken":10.0}],"is_beta":false,"boss_relics":[{"not_picked":["SacredBark","Pandora\u0027s Box"],"picked":"Mark of Pain"},{"not_picked":["Busted Crown","Tiny House"],"picked":"Runic Dome"}],"items_purged_floors":[12,24,47],"is_endless":false,"potions_floor_spawned":[1,5,8,13,14,16,18,25,27,28,29,33,35,36,37,39,40,42,45,48],"killed_by":"Awakened One","ascension_level":20}}