{"host":"2myxm4ogqgjbicg6","time":1614213831,"event":{"mods":["Aspiration","BaseMod","Colored Powertips","DeckTracker","GifTheSpireLib","Ironclad Rager","Minty Spire (QoL Compilation)","Quick Restart","StSLib","Stuff the Spire","SuperFastMode","The IronCluck","[IsaacMod]????"],"gold_per_floor":[115,115,115,128,128,160,160,178,258,273,54,70,70,103,103,103,103],"floor_reached":16,"language":"ENG","playtime":436,"items_purged":["Regret"],"score":176,"play_id":"86d921e7-0f0c-4798-9421-f68e321ad5f9","local_time":"20210225004351","is_ascension_mode":true,"campfire_choices":[{"data":"Enlightenment","floor":7,"key":"SMITH"},{"floor":13,"key":"REST"},{"floor":15,"key":"REST"}],"circlet_count":0,"master_deck":["AscendersBane","Strike_R","Strike_R","Strike_R","Strike_R","Strike_R","Defend_R","Defend_R","Defend_R","Defend_R","Bash","Enlightenment+1","Rage","Feed","Heavy Blade","Cleave","Twin Strike","Clash","Double Tap","Limit Break","Anger","Inflame+1","Twin Strike","Spot Weakness"],"relics":["Burning Blood","HushsDoor","DeathBook","StuffTheSpire:RedRose","Frozen Egg 2","BloodDonationMachine","Orrery","Bag of Preparation"],"acts_visited":["Exordium"],"potions_floor_usage":[10,16],"damage_taken":[{"damage":3,"enemies":"2 Louse","floor":1,"turns":4},{"damage":13,"enemies":"Jaw Worm","floor":4,"turns":7},{"damage":34,"enemies":"Lagavulin","floor":6,"turns":7},{"damage":10,"enemies":"Small Slimes","floor":8,"turns":4},{"damage":22,"enemies":"Gremlin Gang","floor":10,"turns":4},{"damage":7,"enemies":"3 Louse","floor":12,"turns":2},{"damage":24,"enemies":"Gremlin Nob","floor":14,"turns":4},{"damage":57,"enemies":"The Guardian","floor":16,"turns":9}],"seed_played":"3024805127655656921","potions_obtained":[{"floor":6,"key":"SmokeBomb"},{"floor":8,"key":"Swift Potion"},{"floor":12,"key":"AttackPotion"},{"floor":14,"key":"Energy Potion"}],"is_trial":false,"path_per_floor":["M","?","$","M","?","E","R","M","T","M","$","M","R","E","R","B"],"character_chosen":"IRONCLAD","items_purchased":["Orrery"],"campfire_rested":2,"item_purchase_floors":[11],"current_hp_per_floor":[75,75,75,68,68,43,43,39,39,26,26,25,50,32,57,0,0],"gold":103,"neow_bonus":"RANDOM_COLORLESS","is_daily":false,"chose_seed":false,"campfire_upgraded":1,"win_rate":0.0,"timestamp":1614213831,"path_taken":["M","?","$","M","?","E","R","M","T","M","$","M","R","E","R","BOSS"],"items_purchased_type":["Relic"],"build_version":"2020-12-22","purchased_purges":1,"victory":false,"max_hp_per_floor":[80,80,80,80,80,83,83,83,83,86,86,86,86,86,86,86,86],"card_choices":[{"not_picked":[],"picked":"ChaosCard","floor":0},{"not_picked":["BettingIsNotGood","Finesse"],"picked":"Enlightenment","floor":0},{"not_picked":["Sentinel","Wild Strike"],"picked":"Rage","floor":1},{"not_picked":["Infernal Blade","True Grit"],"picked":"Feed","floor":4},{"not_picked":["True Grit","Second Wind"],"picked":"Heavy Blade","floor":6},{"not_picked":["Bomb","Rupture+1"],"picked":"Cleave","floor":8},{"not_picked":["Thunderclap","StuffTheSpire:RockThrow"],"picked":"Twin Strike","floor":10},{"not_picked":["Body Slam","Bloodletting"],"picked":"Clash","floor":11},{"not_picked":["Metallicize+1","StuffTheSpire:Incineration"],"picked":"Double Tap","floor":11},{"not_picked":["Inflame+1","StuffTheSpire:RockThrow"],"picked":"Limit Break","floor":11},{"not_picked":["StuffTheSpire:Pyroclast","Havoc"],"picked":"Anger","floor":11},{"not_picked":["Dark Embrace+1","Thunderclap"],"picked":"Inflame+1","floor":11},{"not_picked":["Warcry","Pommel Strike"],"picked":"Twin Strike","floor":12},{"not_picked":["Havoc","Heavy Blade"],"picked":"Spot Weakness","floor":14}],"player_experience":435379,"relics_obtained":[{"floor":6,"key":"Frozen Egg 2"},{"floor":9,"key":"BloodDonationMachine"},{"floor":14,"key":"Bag of Preparation"}],"event_choices":[{"damage_healed":0,"gold_gain":0,"player_choice":"Leave","damage_taken":0,"max_hp_gain":0,"max_hp_loss":0,"event_name":"The Cleric","floor":2,"gold_loss":0}],"is_beta":false,"boss_relics":[],"items_purged_floors":[11],"is_endless":false,"potions_floor_spawned":[6,8,12,14],"killed_by":"The Guardian","ascension_level":12}}