{"host":"p20682arl12z5m5p","time":1614281770,"event":{"mods":["AchievementEnabler","BaseMod","Colored Map","Highlight Path","Minty Spire (QoL Compilation)","Permanent Neow","Relic Stats","StSLib"],"gold_per_floor":[110,110,123,135,135,135,151,151,177,206,225,241,265,25,25,101,101,121,121,121,138,138,173,188,214,241,253,273,293,311,338,338,412,412,431,37,63,63,73,103,103,128,128,128,128,165,176,188,188,188,188,188,12,44,44,44],"floor_reached":55,"language":"ENG","playtime":4179,"items_purged":["Defend_R"],"score":1355,"play_id":"dfedf016-4133-4f7f-aa96-fb6a833892c8","local_time":"20210225123610","is_ascension_mode":true,"campfire_choices":[{"data":"Demon Form","floor":6,"key":"SMITH"},{"data":"True Grit","floor":8,"key":"SMITH"},{"data":"Armaments","floor":15,"key":"SMITH"},{"data":"Armaments","floor":32,"key":"SMITH"},{"floor":41,"key":"RECALL"},{"floor":45,"key":"REST"},{"floor":49,"key":"REST"},{"floor":52,"key":"REST"}],"circlet_count":0,"master_deck":["AscendersBane","Strike_R+1","Strike_R","Defend_R","Bash","Infernal Blade+1","Demon Form+1","Sword Boomerang+1","Hemokinesis","Reaper","True Grit+1","Whirlwind","Armaments+1","Shrug It Off","Brutality+1","Armaments+1","Perfected Strike","Disarm","Sentinel+1","Ghostly Armor","Headbutt","Reaper","Shrug It Off","Rupture","Battle Trance","Shrug It Off+1"],"relics":["Burning Blood","Whetstone","Bag of Marbles","Nunchaku","Oddly Smooth Stone","SlaversCollar","MutagenicStrength","Akabeko","Orichalcum","CeramicFish","Fusion Hammer","Chemical X","Bottled Tornado","Centennial Puzzle","Potion Belt","Blood Vial","Membership Card","Gambling Chip"],"acts_visited":["TheCity","TheBeyond","TheEnding"],"potions_floor_usage":[10,14,16,23,25,30,33,40,42,50,54,55,55],"damage_taken":[{"damage":8,"enemies":"2 Louse","floor":1,"turns":5},{"damage":7,"enemies":"Small Slimes","floor":3,"turns":4},{"damage":2,"enemies":"Cultist","floor":4,"turns":2},{"damage":27,"enemies":"Exordium Thugs","floor":7,"turns":6},{"damage":34,"enemies":"Gremlin Nob","floor":10,"turns":4},{"damage":5,"enemies":"Exordium Wildlife","floor":11,"turns":3},{"damage":0,"enemies":"Large Slime","floor":12,"turns":4},{"damage":13,"enemies":"Slime Boss","floor":16,"turns":7},{"damage":17,"enemies":"Shell Parasite","floor":18,"turns":3},{"damage":18,"enemies":"Spheric Guardian","floor":21,"turns":5},{"damage":11,"enemies":"Slavers","floor":23,"turns":4},{"damage":28,"enemies":"Snake Plant","floor":24,"turns":5},{"damage":21,"enemies":"Gremlin Leader","floor":25,"turns":6},{"damage":18,"enemies":"3 Cultists","floor":27,"turns":5},{"damage":35,"enemies":"Snecko","floor":28,"turns":5},{"damage":16,"enemies":"Shelled Parasite and Fungi","floor":29,"turns":4},{"damage":20,"enemies":"Snake Plant","floor":30,"turns":8},{"damage":26,"enemies":"Slavers","floor":31,"turns":9},{"damage":52,"enemies":"Champ","floor":33,"turns":9},{"damage":23,"enemies":"3 Darklings","floor":35,"turns":6},{"damage":2,"enemies":"3 Shapes","floor":37,"turns":5},{"damage":0,"enemies":"3 Darklings","floor":39,"turns":1},{"damage":7,"enemies":"Giant Head","floor":40,"turns":6},{"damage":47,"enemies":"Nemesis","floor":42,"turns":7},{"damage":5,"enemies":"Reptomancer","floor":46,"turns":4},{"damage":13,"enemies":"Sphere and 2 Shapes","floor":47,"turns":2},{"damage":4,"enemies":"Transient","floor":48,"turns":5},{"damage":35,"enemies":"Donu and Deca","floor":50,"turns":7},{"damage":87,"enemies":"Shield and Spear","floor":54,"turns":6},{"damage":68,"enemies":"The Heart","floor":55,"turns":4}],"seed_played":"-4917594294326177471","potions_obtained":[{"floor":3,"key":"Ancient Potion"},{"floor":7,"key":"BlessingOfTheForge"},{"floor":11,"key":"LiquidBronze"},{"floor":12,"key":"BloodPotion"},{"floor":18,"key":"SkillPotion"},{"floor":24,"key":"Regen Potion"},{"floor":27,"key":"BloodPotion"},{"floor":31,"key":"AttackPotion"},{"floor":33,"key":"SkillPotion"},{"floor":40,"key":"CultistPotion"},{"floor":42,"key":"SkillPotion"},{"floor":46,"key":"Explosive Potion"}],"is_trial":false,"path_per_floor":["M","?","M","M","?","R","M","R","T","E","M","M","T","$","R","B",null,"M","?","?","M","?","E","M","E","T","M","M","M","M","E","R","B",null,"M","$","M","?","M","E","R","E","T","?","R","E","M","M","R","B",null,"R","$","E","B"],"character_chosen":"IRONCLAD","items_purchased":["Oddly Smooth Stone","Shrug It Off","PowerPotion","Chemical X","Reaper","Shrug It Off","Rupture","Membership Card","ColorlessPotion"],"campfire_rested":3,"item_purchase_floors":[14,14,14,36,36,36,36,53,53],"current_hp_per_floor":[49,42,41,45,45,45,38,38,38,14,15,34,34,50,50,43,71,60,60,60,48,48,62,40,75,75,80,75,77,79,78,78,58,75,80,80,80,80,80,80,80,73,73,73,80,80,79,80,80,79,80,80,80,60,0,0],"gold":44,"neow_bonus":"TRANSFORM_TWO_CARDS","is_daily":false,"chose_seed":false,"campfire_upgraded":4,"win_rate":0.0,"timestamp":1614281770,"path_taken":["M","?","M","M","?","R","?","R","T","E","M","M","?","$","R","BOSS","M","?","?","M","?","E","M","E","T","?","?","M","M","E","R","BOSS","M","$","M","?","?","E","R","E","T","?","R","E","M","M","R","BOSS","R","$","E","BOSS"],"items_purchased_type":["Relic","Card","Potion","Relic","Card","Card","Card","Relic","Potion"],"build_version":"2020-12-22","purchased_purges":1,"victory":false,"max_hp_per_floor":[80,80,80,80,80,80,80,80,80,80,80,80,80,80,80,80,80,80,80,80,80,80,80,80,80,80,80,80,80,80,80,80,80,80,80,80,80,80,80,80,80,80,80,80,80,80,80,80,80,80,80,80,80,80,80,80],"relic_stats":{"Blood Vial":3,"Nunchaku":[17],"Centennial Puzzle":[18],"counters":[30,150],"CeramicFish":54,"Gambling Chip":[0],"Whetstone":["Sword Boomerang","Strike_R"],"Chemical X":[17],"Orichalcum":[96],"obtain_stats":[{"Potion Belt":43,"CeramicFish":31,"Oddly Smooth Stone":14,"Whetstone":9,"Orichalcum":25,"Bottled Tornado":40,"Burning Blood":0,"Akabeko":23,"Blood Vial":46,"SlaversCollar":17,"Nunchaku":13,"Centennial Puzzle":42,"MutagenicStrength":20,"Gambling Chip":54,"Fusion Hammer":34,"Bag of Marbles":10,"Chemical X":36,"Membership Card":53},{"Potion Belt":24,"CeramicFish":18,"Oddly Smooth Stone":7,"Whetstone":4,"Orichalcum":13,"Bottled Tornado":23,"Burning Blood":0,"Akabeko":11,"Blood Vial":25,"SlaversCollar":8,"Nunchaku":7,"Centennial Puzzle":24,"MutagenicStrength":9,"Gambling Chip":29,"Fusion Hammer":19,"Bag of Marbles":5,"Chemical X":20,"Membership Card":28},{"Potion Belt":123,"CeramicFish":89,"Oddly Smooth Stone":28,"Whetstone":17,"Orichalcum":58,"Bottled Tornado":116,"Burning Blood":0,"Akabeko":47,"Blood Vial":127,"SlaversCollar":35,"Nunchaku":28,"Centennial Puzzle":123,"MutagenicStrength":38,"Gambling Chip":147,"Fusion Hammer":98,"Bag of Marbles":21,"Chemical X":104,"Membership Card":141}],"Burning Blood":140},"card_choices":[{"not_picked":["Anger","Iron Wave"],"picked":"Sword Boomerang","floor":1},{"not_picked":["Warcry","Rage"],"picked":"Hemokinesis","floor":3},{"not_picked":["Sword Boomerang","Body Slam"],"picked":"Reaper","floor":4},{"not_picked":["Clash","Sever Soul"],"picked":"True Grit","floor":7},{"not_picked":["Burning Pact","Demon Form"],"picked":"Whirlwind","floor":10},{"not_picked":["Clothesline","Anger","Heavy Blade"],"picked":"SKIP","floor":11},{"not_picked":["Sword Boomerang","Havoc"],"picked":"Armaments","floor":12},{"not_picked":["Bludgeon","Limit Break"],"picked":"Brutality","floor":16},{"not_picked":["Perfected Strike+1","Heavy Blade","Iron Wave"],"picked":"SKIP","floor":18},{"not_picked":["Dual Wield","Cleave","Iron Wave"],"picked":"SKIP","floor":21},{"not_picked":["Dropkick+1","Combust","Perfected Strike"],"picked":"SKIP","floor":23},{"not_picked":["Reckless Charge","Cleave"],"picked":"Disarm","floor":24},{"not_picked":["Corruption","Hemokinesis"],"picked":"Sentinel+1","floor":25},{"not_picked":["Body Slam","Wild Strike","Flex"],"picked":"SKIP","floor":27},{"not_picked":["Iron Wave","Seeing Red","Thunderclap"],"picked":"SKIP","floor":28},{"not_picked":["Combust","Second Wind","Clothesline"],"picked":"SKIP","floor":29},{"not_picked":["Pummel","Pommel Strike"],"picked":"Ghostly Armor","floor":30},{"not_picked":["Pommel Strike","Cleave","Barricade"],"picked":"SKIP","floor":31},{"not_picked":["Spot Weakness+1","Cleave"],"picked":"Headbutt","floor":35},{"not_picked":["True Grit","Havoc"],"picked":"Battle Trance","floor":37},{"not_picked":["Cleave","Heavy Blade","Impervious"],"picked":"SKIP","floor":39},{"not_picked":["Sword Boomerang","Dark Embrace","Carnage"],"picked":"SKIP","floor":40},{"not_picked":["Evolve","Berserk","Armaments"],"picked":"SKIP","floor":42},{"not_picked":["Evolve+1","Flex"],"picked":"Shrug It Off+1","floor":46},{"not_picked":["Pommel Strike+1","Headbutt+1","Feel No Pain+1"],"picked":"SKIP","floor":47},{"not_picked":["Headbutt","Warcry","Carnage+1"],"picked":"SKIP","floor":48},{"not_picked":["Shrug It Off+1","True Grit+1","Seeing Red"],"picked":"SKIP","floor":54}],"player_experience":705293,"relics_obtained":[{"floor":9,"key":"Whetstone"},{"floor":10,"key":"Bag of Marbles"},{"floor":13,"key":"Nunchaku"},{"floor":23,"key":"Akabeko"},{"floor":25,"key":"Orichalcum"},{"floor":31,"key":"CeramicFish"},{"floor":40,"key":"Bottled Tornado"},{"floor":42,"key":"Centennial Puzzle"},{"floor":43,"key":"Potion Belt"},{"floor":46,"key":"Blood Vial"},{"floor":54,"key":"Gambling Chip"}],"event_choices":[{"cards_removed":["Defend_R"],"damage_healed":0,"gold_gain":0,"player_choice":"Card Removal","damage_taken":7,"max_hp_gain":0,"max_hp_loss":0,"event_name":"Golden Wing","floor":2,"gold_loss":0},{"damage_healed":0,"gold_gain":0,"player_choice":"Upgraded","damage_taken":0,"max_hp_gain":0,"max_hp_loss":0,"event_name":"Upgrade Shrine","floor":5,"gold_loss":0,"cards_upgraded":["Infernal Blade"]},{"damage_healed":0,"gold_gain":0,"player_choice":"Read","damage_taken":0,"max_hp_gain":0,"max_hp_loss":0,"event_name":"The Library","floor":19,"gold_loss":0,"cards_obtained":["Armaments"]},{"damage_healed":0,"gold_gain":0,"player_choice":"Inject Mutagens","damage_taken":0,"relics_obtained":["MutagenicStrength"],"max_hp_gain":0,"max_hp_loss":0,"event_name":"Drug Dealer","floor":20,"gold_loss":0},{"damage_healed":0,"gold_gain":0,"cards_transformed":["Strike_R"],"player_choice":"Transformed","damage_taken":0,"max_hp_gain":0,"max_hp_loss":0,"event_name":"Transmorgrifier","floor":22,"gold_loss":0,"cards_obtained":["Perfected Strike"]},{"damage_healed":0,"gold_gain":0,"player_choice":"Forge","damage_taken":0,"max_hp_gain":0,"max_hp_loss":0,"event_name":"Accursed Blacksmith","floor":38,"gold_loss":0,"cards_upgraded":["Brutality"]},{"cards_removed":["Defend_R"],"damage_healed":0,"gold_gain":0,"player_choice":"Offered Basic","damage_taken":0,"max_hp_gain":0,"max_hp_loss":0,"event_name":"Bonfire Elementals","floor":44,"gold_loss":0}],"is_beta":false,"boss_relics":[{"not_picked":["Ectoplasm","Calling Bell"],"picked":"SlaversCollar"},{"not_picked":["Coffee Dripper","Black Blood"],"picked":"Fusion Hammer"}],"items_purged_floors":[36],"is_endless":false,"potions_floor_spawned":[3,7,11,12,18,24,27,31,33,39,40,42,46],"killed_by":"The Heart","ascension_level":13}}