{"host":"92wx9z21c4p52du4","time":1614284545,"event":{"mods":["Act Like it!","BaseMod","ChefMod","Downfall","Evolution","GungeonMod","Infinite Spire","Minty Spire (QoL Compilation)","Relic Stats","Reliquary","Replay The Spire","StSLib","SuperFastMode","The Hierophant","The Runesmith"],"gold_per_floor":[99,99,99,99,119,119,119,134,134,134,134,134],"floor_reached":10,"language":"ENG","playtime":266,"items_purged":[],"score":54,"play_id":"c9ba5821-265a-4b93-a8e1-85526be55a7e","local_time":"20210225142225","is_ascension_mode":false,"campfire_choices":[{"data":"bronze:Goto","floor":1,"key":"SMITH"},{"data":"bronze:FineTuning","floor":6,"key":"SMITH"}],"circlet_count":0,"master_deck":["bronze:Strike","bronze:Strike","bronze:Strike","bronze:Strike","bronze:Defend","bronze:Defend","bronze:Defend","bronze:Defend","bronze:Replicate","bronze:Goto+1","bronze:FineTuning+1","bronze:Repair","bronze:WhirlingStrike","bronze:OilSpill","bronze:Overload"],"relics":["bronze:BronzeCore","EVO:Axolotl","downfall:HeartsMalice","infinitespire:WardingShard","bronze:BottledCode"],"acts_visited":["Exordium"],"potions_floor_usage":[8,10],"damage_taken":[{"damage":0,"enemies":"infinitespire:Voidling","floor":2,"turns":1},{"damage":0,"enemies":"Small Slimes","floor":3,"turns":1},{"damage":0,"enemies":"Cultist","floor":4,"turns":1},{"damage":0,"enemies":"Exordium Wildlife","floor":5,"turns":3},{"damage":0,"enemies":"Large Slime","floor":8,"turns":5},{"damage":2,"enemies":"Lagavulin","floor":10,"turns":3}],"seed_played":"328429963736082798","potions_obtained":[{"floor":5,"key":"LifebloodPotion"},{"floor":8,"key":"Adrenaline Potion"}],"is_trial":false,"path_per_floor":["R","M","M","M","M","R","T","M","?","E"],"character_chosen":"THE_AUTOMATON","items_purchased":[],"campfire_rested":0,"item_purchase_floors":[],"current_hp_per_floor":[70,70,70,70,70,70,70,70,60,58,58,58],"gold":134,"neow_bonus":"THREE_ENEMY_KILL","is_daily":false,"chose_seed":false,"campfire_upgraded":2,"win_rate":0.0,"timestamp":1614284545,"path_taken":["R","M","M","?","?","R","T","M","?","E"],"items_purchased_type":[],"build_version":"2020-12-22","purchased_purges":0,"victory":false,"max_hp_per_floor":[70,70,70,70,70,70,70,70,60,60,60,60],"relic_stats":{"counters":[6,11],"obtain_stats":[{"bronze:BottledCode":9,"bronze:BronzeCore":0,"infinitespire:WardingShard":7,"downfall:HeartsMalice":0,"DemoMod:GlassGuonStoneRelic":2,"EVO:Axolotl":0},{"bronze:BottledCode":5,"bronze:BronzeCore":0,"infinitespire:WardingShard":4,"downfall:HeartsMalice":0,"DemoMod:GlassGuonStoneRelic":1,"EVO:Axolotl":0},{"bronze:BottledCode":8,"bronze:BronzeCore":0,"infinitespire:WardingShard":3,"downfall:HeartsMalice":0,"DemoMod:GlassGuonStoneRelic":0,"EVO:Axolotl":0}]},"card_choices":[{"not_picked":["bronze:DelayedGuard","bronze:Separator"],"picked":"bronze:FineTuning","floor":2},{"not_picked":["bronze:ChildClass","bronze:GetLatest"],"picked":"bronze:Repair","floor":3},{"not_picked":["bronze:Shield","bronze:DelayedSlice"],"picked":"bronze:WhirlingStrike","floor":4},{"not_picked":["bronze:DelayedSlice","bronze:Turbo"],"picked":"bronze:OilSpill","floor":5},{"not_picked":["bronze:Branch","bronze:Constructor"],"picked":"bronze:Overload","floor":8}],"player_experience":374868,"relics_obtained":[{"floor":7,"key":"infinitespire:WardingShard"}],"event_choices":[],"is_beta":false,"boss_relics":[],"items_purged_floors":[],"is_endless":false,"potions_floor_spawned":[5,8],"killed_by":"Lagavulin","ascension_level":0}}