{"host":"ovivighfa421z0zp","time":1614254390,"event":{"mods":["BaseMod","Colored Map","DeckTracker","Keyboard Shortcuts","Minty Spire (QoL Compilation)","Permanent Neow","Quick Restart","Replay The Spire","StSLib","SuperFastMode","The Cursed","The Hierophant"],"gold_per_floor":[111,111,123,143,73,73,73,73,144,206,256,256,256,273,284,50,50,128,128,147,147,160,9,29,29,40,54,134,146,146,165,40,40,40,158,158,192,164,164,224,280,292,323,336,348,360,440,16,16,96,96,46],"floor_reached":53,"language":"KOR","playtime":2249,"items_purged":["hierophant:Strike_Hierophant","hierophant:Strike_Hierophant","Normality","hierophant:Strike_Hierophant"],"score":867,"play_id":"84113b24-f0b5-4cef-b9d3-85b168d98923","local_time":"20210225205950","is_ascension_mode":true,"campfire_choices":[{"data":"hierophant:Glossolalia","floor":6.0,"key":"SMITH"},{"data":"hierophant:Exaltation","floor":13.0,"key":"SMITH"},{"data":"hierophant:Kindle","floor":17.0,"key":"SMITH"},{"floor":25.0,"key":"REST"},{"floor":30.0,"key":"REST"},{"data":"hierophant:Defend_Hierophant","floor":34.0,"key":"PURGE"},{"data":"ReplayTheSpireMod:Private Reserves","floor":42.0,"key":"SMITH"},{"floor":46.0,"key":"REST"},{"floor":51,"key":"REST"}],"circlet_count":0,"master_deck":["AscendersBane","hierophant:Punish","hierophant:Defend_Hierophant","hierophant:Defend_Hierophant","hierophant:ChurchCoffers+1","hierophant:Encroach","hierophant:Exaltation+1","hierophant:Endure","hierophant:Glossolalia+1","hierophant:FieryStrike","hierophant:Smite","hierophant:Chorus","hierophant:Kindle+1","hierophant:LocustPlague+1","hierophant:Exaltation+1","hierophant:SolarFlare","hierophant:PristineSoul","hierophant:OrnateJavelin","hierophant:Racketeering","hierophant:Repentance","hierophant:Patience","hierophant:Batter","ReplayTheSpireMod:Private Reserves+1","hierophant:SolarFlare","hierophant:HammerAndAnvil","hierophant:Smite","hierophant:Sermon+1","hierophant:Community","Parasite"],"relics":["hierophant:PropheticMaskRelic","ReplayTheSpireMod:Ring of Collecting","Ring of Searing","ReplayTheSpireMod:Ring of Challenge","Kunai","Dream Catcher","Cursed Key","ReplayTheSpireMod:Ring of Addiction","hierophant:DonationBoxRelic","Toy Ornithopter","SacredBark","ReplayTheSpireMod:DimensionalGlitch","MawBank","ReplayTheSpireMod:TigerMarble","Bag of Preparation"],"acts_visited":["Exordium","TheCity","TheBeyond"],"potions_floor_usage":[52],"damage_taken":[{"damage":0.0,"enemies":"2 Louse","floor":1.0,"turns":1.0},{"damage":10.0,"enemies":"Jaw Worm","floor":3.0,"turns":3.0},{"damage":6.0,"enemies":"Cultist","floor":4.0,"turns":3.0},{"damage":3.0,"enemies":"2 Fungi Beasts","floor":10.0,"turns":4.0},{"damage":6.0,"enemies":"Exordium Thugs","floor":14.0,"turns":4.0},{"damage":3.0,"enemies":"Red Slaver","floor":15.0,"turns":3.0},{"damage":5.0,"enemies":"Slime Boss","floor":18.0,"turns":6.0},{"damage":17.0,"enemies":"3 Byrds","floor":20.0,"turns":4.0},{"damage":0.0,"enemies":"Chosen","floor":22.0,"turns":2.0},{"damage":14.0,"enemies":"3 Cultists","floor":24.0,"turns":4.0},{"damage":0.0,"enemies":"Sentry and Sphere","floor":26.0,"turns":2.0},{"damage":2.0,"enemies":"Centurion and Healer","floor":27.0,"turns":2.0},{"damage":14.0,"enemies":"3 Cultists","floor":29.0,"turns":4.0},{"damage":12.0,"enemies":"Snecko","floor":31.0,"turns":3.0},{"damage":21.0,"enemies":"Automaton","floor":35.0,"turns":4.0},{"damage":12.0,"enemies":"3 Shapes","floor":37.0,"turns":3.0},{"damage":0.0,"enemies":"3 Darklings","floor":38.0,"turns":3.0},{"damage":4.0,"enemies":"Writhing Mass","floor":40.0,"turns":3.0},{"damage":10.0,"enemies":"Jaw Worm Horde","floor":41.0,"turns":4.0},{"damage":19.0,"enemies":"3 Darklings","floor":43.0,"turns":3.0},{"damage":8.0,"enemies":"Maw","floor":44.0,"turns":4.0},{"damage":0,"enemies":"Writhing Mass","floor":50,"turns":4},{"damage":0,"enemies":"Replay:Hell Engine","floor":52,"turns":2}],"seed_played":"-6051522450182465884","potions_obtained":[{"floor":1.0,"key":"PowerPotion"},{"floor":3.0,"key":"FearPotion"},{"floor":12.0,"key":"Explosive Potion"},{"floor":12.0,"key":"EntropicBrew"},{"floor":18.0,"key":"SteroidPotion"},{"floor":22.0,"key":"SteroidPotion"},{"floor":27.0,"key":"SpeedPotion"},{"floor":28.0,"key":"Energy Potion"},{"floor":28.0,"key":"BlessingOfTheForge"},{"floor":38.0,"key":"Block Potion"},{"floor":41.0,"key":"LiquidBronze"},{"floor":44.0,"key":"DistilledChaos"}],"is_trial":false,"path_per_floor":["M","?","M","M","$","R","PTL","PTL","T","M","T","?","R","M","M","$","R","B",null,"M","?","M","$","M","R","M","M","T","M","R","M","$","?","R_BF","B",null,"M","M","?","M","M","R","M","M","T","R","?","$","?","M","R","B",null],"character_chosen":"HIEROPHANT","items_purchased":["hierophant:Glossolalia","hierophant:Kindle","hierophant:Exaltation+1","Bag of Preparation","hierophant:Community","Swift Potion"],"campfire_rested":4,"item_purchase_floors":[5,16,23,48,48,48],"current_hp_per_floor":[68,68,58,52,52,52,52,52,52,49,49,49,49,43,40,40,40,35,65,48,48,48,48,34,56,56,54,59,45,67,60,60,60,60,39,65,53,53,53,52,42,42,26,18,18,39,21,21,21,23,44,47],"gold":46,"neow_bonus":"UPGRADE_CARD","is_daily":false,"chose_seed":false,"campfire_upgraded":4,"win_rate":0.0,"timestamp":1614254390,"path_taken":["M","?","M","M","$","R","PTL","PTL","?","?","T","?","R","M","M","?","R","BOSS","M","?","?","$","M","R","M","M","T","M","R","M","$","?","R_BF","BOSS","M","M","?","M","M","R","M","M","T","R","?","$","?","?","R","BOSS"],"items_purchased_type":["Card","Card","Card","Relic","Card","Potion"],"build_version":"2020-12-22","purchased_purges":4,"victory":true,"max_hp_per_floor":[75,75,75,75,75,75,75,75,75,75,75,75,75,75,75,75,75,75,75,75,75,75,75,75,75,75,75,75,75,75,75,75,75,75,75,73,73,73,73,73,73,73,73,73,73,73,73,73,71,71,71,69],"card_choices":[{"not_picked":["hierophant:FlamingChariot","hierophant:Patience"],"picked":"hierophant:Encroach","floor":1.0},{"not_picked":["hierophant:AuricShield","hierophant:FlamingChariot"],"picked":"hierophant:Exaltation","floor":3.0},{"not_picked":["hierophant:SecretStash","hierophant:Martyrdom"],"picked":"hierophant:Endure","floor":4.0},{"not_picked":["hierophant:SealAway","hierophant:Mercenaries"],"picked":"hierophant:FieryStrike","floor":10.0},{"not_picked":["hierophant:RepressedViolence","hierophant:FlamingChariot"],"picked":"hierophant:Smite","floor":14.0},{"not_picked":["hierophant:AuricBeam","hierophant:Repentance"],"picked":"hierophant:Chorus","floor":15.0},{"not_picked":["hierophant:Anathema","hierophant:Determination"],"picked":"hierophant:LocustPlague","floor":18.0},{"not_picked":["hierophant:Remorse","hierophant:Repentance","hierophant:Mercenaries+1"],"picked":"SKIP","floor":20.0},{"not_picked":["hierophant:Remorse+1","hierophant:AuricShield","hierophant:RustyCrate"],"picked":"SKIP","floor":22.0},{"not_picked":["hierophant:FlamingChariot","hierophant:Remorse"],"picked":"hierophant:SolarFlare","floor":24.0},{"not_picked":["hierophant:ArchangelShield","hierophant:HammerAndAnvil"],"picked":"hierophant:PristineSoul","floor":26.0},{"not_picked":["hierophant:Community","hierophant:Shelter","hierophant:Patience"],"picked":"SKIP","floor":27.0},{"not_picked":["hierophant:Community","hierophant:Anathema"],"picked":"hierophant:OrnateJavelin","floor":29.0},{"not_picked":["hierophant:OrnateBuckler","hierophant:Sermon"],"picked":"hierophant:Racketeering","floor":30.0},{"not_picked":["hierophant:Remorse","hierophant:PassingBell","hierophant:OrnateBuckler"],"picked":"SKIP","floor":31.0},{"not_picked":["hierophant:AuricForm","hierophant:Cornucopia"],"picked":"hierophant:Batter","floor":35.0},{"not_picked":["hierophant:Upheaval","hierophant:Endure","hierophant:FlamingChariot"],"picked":"SKIP","floor":37.0},{"not_picked":["hierophant:Flagellation+1","hierophant:PassingBell","hierophant:Blessing"],"picked":"SKIP","floor":38.0},{"not_picked":["Replay:Sssssssssshield","Trip"],"picked":"ReplayTheSpireMod:Private Reserves","floor":39.0},{"not_picked":["hierophant:Smite","hierophant:PassingBell+1"],"picked":"hierophant:SolarFlare","floor":40.0},{"not_picked":["hierophant:Cornucopia","hierophant:Shelter","hierophant:Endure"],"picked":"SKIP","floor":41.0},{"not_picked":["hierophant:SecretStash","hierophant:HammerAndAnvil","hierophant:HolyVerse"],"picked":"SKIP","floor":43.0},{"not_picked":["hierophant:SecretStash","hierophant:HolyVerse"],"picked":"hierophant:HammerAndAnvil","floor":43.0},{"not_picked":["hierophant:Shelter+1","hierophant:Purify","hierophant:FaithHealing+1"],"picked":"SKIP","floor":44.0},{"not_picked":["hierophant:Prophecy+1","hierophant:PassingBell+1"],"picked":"hierophant:Smite","floor":46.0},{"not_picked":["hierophant:OrnateBuckler","hierophant:ThreeLashes"],"picked":"hierophant:Sermon+1","floor":47},{"not_picked":["hierophant:MorningPrayer","hierophant:Doubloon+1","hierophant:RepressedViolence"],"picked":"SKIP","floor":50}],"player_experience":873779,"relics_obtained":[{"floor":2.0,"key":"ReplayTheSpireMod:Ring of Collecting"},{"floor":2.0,"key":"Ring of Searing"},{"floor":9.0,"key":"ReplayTheSpireMod:Ring of Challenge"},{"floor":9.0,"key":"Kunai"},{"floor":11.0,"key":"Dream Catcher"},{"floor":28.0,"key":"ReplayTheSpireMod:Ring of Addiction"},{"floor":28.0,"key":"hierophant:DonationBoxRelic"},{"floor":28.0,"key":"Toy Ornithopter"},{"floor":28.0,"key":"SacredBark"},{"floor":41.0,"key":"MawBank"},{"floor":47,"key":"ReplayTheSpireMod:TigerMarble"}],"event_choices":[{"damage_healed":0.0,"max_hp_gain":0.0,"max_hp_loss":0.0,"gold_gain":0.0,"event_name":"Lab","player_choice":"Got Potions","floor":12.0,"gold_loss":0.0,"damage_taken":0.0},{"damage_healed":0.0,"max_hp_gain":0.0,"max_hp_loss":0.0,"gold_gain":0.0,"event_name":"Accursed Blacksmith","player_choice":"Forge","floor":21.0,"gold_loss":0.0,"damage_taken":0.0,"cards_upgraded":["hierophant:LocustPlague"]},{"damage_healed":0.0,"max_hp_gain":0.0,"max_hp_loss":0.0,"gold_gain":0.0,"cards_transformed":["hierophant:Strike_Hierophant","hierophant:Defend_Hierophant"],"event_name":"Drug Dealer","player_choice":"Became Test Subject","floor":33.0,"gold_loss":0.0,"damage_taken":0.0,"cards_obtained":["hierophant:Repentance","hierophant:Patience"]},{"damage_healed":0.0,"max_hp_gain":0.0,"max_hp_loss":0.0,"gold_gain":0.0,"event_name":"SensoryStone","player_choice":"Memory 1","floor":39.0,"gold_loss":0.0,"damage_taken":0.0},{"damage_healed":0,"gold_gain":0,"player_choice":"Ignored","damage_taken":0,"max_hp_gain":0,"max_hp_loss":0,"event_name":"Mysterious Sphere","floor":49,"gold_loss":0}],"is_beta":false,"boss_relics":[{"not_picked":["Velvet Choker","SacredBark"],"picked":"Cursed Key"},{"not_picked":["Snecko Eye","Ring of Chaos"],"picked":"ReplayTheSpireMod:DimensionalGlitch"}],"items_purged_floors":[16,23,32,48],"is_endless":false,"potions_floor_spawned":[1,3,18,22,27,38,41,44],"ascension_level":13}}