{"host":"q0zivyteofxuwz3g","time":1614276768,"event":{"mods":["AchievementEnabler","BaseMod","BetterRewards","Minty Spire (QoL Compilation)","Relic Filter","StSLib"],"gold_per_floor":[109,109,109,120,139,167,132,152,222,253,253,104,104,52,52,149,149,164,164,263,283,296,327,327,126,152,169,198,35,48,48,48,146,146,157,170,170,59,73,73,108,69,142,142,192,192,220,268,268,268,268],"floor_reached":50,"language":"ENG","playtime":4408,"items_purged":[],"score":894,"play_id":"77569171-8834-4b84-a00a-992eb0012370","local_time":"20210225151248","is_ascension_mode":false,"campfire_choices":[{"floor":11.0,"key":"RECALL"},{"data":"Scrawl","floor":13,"key":"SMITH"},{"data":"Adaptation","floor":15,"key":"SMITH"},{"floor":24,"key":"REST"},{"floor":32,"key":"REST"},{"data":"Devotion","floor":40,"key":"SMITH"},{"data":"Collect","floor":44,"key":"SMITH"},{"data":"Crescendo","floor":46,"key":"SMITH"},{"data":"Prostrate","floor":49,"key":"SMITH"}],"circlet_count":0,"master_deck":["Strike_P","Strike_P+1","Strike_P","Strike_P+1","Defend_P","Defend_P","Defend_P","Defend_P","Eruption","Vigilance+1","Apotheosis+1","Halt","FlurryOfBlows+1","Tantrum","Consecrate","PathToVictory","Prostrate+1","Scrawl+1","PathToVictory","Adaptation+1","Consecrate","FlurryOfBlows","Brilliance","Consecrate","LessonLearned+1","CurseOfTheBell","PathToVictory+1","FollowUp","ReachHeaven+1","FlyingSleeves","Halt","Halt+1","Devotion+1","Consecrate","FollowUp","Tantrum+1","Brilliance+1","Crescendo+1","LessonLearned","FollowUp+1","FlurryOfBlows","FlurryOfBlows+1","PathToVictory","Judgement","Collect+1","Pray+1","CrushJoints","Indignation","SandsOfTime","Prostrate+1","Perseverance+1"],"relics":["PureWater","Pen Nib","StoneCalendar","Prayer Wheel","Sundial","Eternal Feather","Damaru","Calling Bell","Orichalcum","Meat on the Bone","Gambling Chip","Membership Card","Bag of Preparation","Question Card","Bronze Scales","Bird Faced Urn","Bottled Tornado","HornCleat","Sozu","Nunchaku","Juzu Bracelet","Darkstone Periapt","Lizard Tail","Mummified Hand","Calipers"],"acts_visited":["TheCity","TheBeyond"],"potions_floor_usage":[16,28,30,30,33,39],"damage_taken":[{"damage":0.0,"enemies":"Jaw Worm","floor":1.0,"turns":4.0},{"damage":0.0,"enemies":"Small Slimes","floor":4.0,"turns":1.0},{"damage":0.0,"enemies":"2 Louse","floor":5.0,"turns":2.0},{"damage":19.0,"enemies":"Gremlin Nob","floor":6.0,"turns":5.0},{"damage":0.0,"enemies":"Blue Slaver","floor":8.0,"turns":3.0},{"damage":0.0,"enemies":"Lagavulin","floor":10.0,"turns":3.0},{"damage":0,"enemies":"Slime Boss","floor":16,"turns":4},{"damage":0,"enemies":"Chosen","floor":18,"turns":3},{"damage":0,"enemies":"3 Byrds","floor":21,"turns":2},{"damage":21,"enemies":"Cultist and Chosen","floor":22,"turns":4},{"damage":40,"enemies":"Book of Stabbing","floor":23,"turns":5},{"damage":12,"enemies":"Shelled Parasite and Fungi","floor":27,"turns":2},{"damage":3,"enemies":"Gremlin Leader","floor":28,"turns":4},{"damage":36,"enemies":"Snake Plant","floor":30,"turns":2},{"damage":0,"enemies":"Automaton","floor":33,"turns":4},{"damage":4,"enemies":"3 Shapes","floor":35,"turns":3},{"damage":0,"enemies":"3 Darklings","floor":36,"turns":3},{"damage":0,"enemies":"Spire Growth","floor":39,"turns":1},{"damage":0,"enemies":"Reptomancer","floor":41,"turns":2},{"damage":28,"enemies":"Mind Bloom Boss Battle","floor":45,"turns":3},{"damage":25,"enemies":"Giant Head","floor":47,"turns":5},{"damage":63,"enemies":"2 Orb Walkers","floor":48,"turns":3},{"damage":105,"enemies":"Awakened One","floor":50,"turns":4}],"seed_played":"-6393806500656477564","potions_obtained":[{"floor":1.0,"key":"SkillPotion"},{"floor":4.0,"key":"Regen Potion"},{"floor":10.0,"key":"BlessingOfTheForge"},{"floor":21,"key":"BlessingOfTheForge"},{"floor":28,"key":"PowerPotion"},{"floor":33,"key":"Swift Potion"}],"is_trial":false,"path_per_floor":["M","?","?","M","M","E","?","M","T","E","R","$","R","$","R","B",null,"M","?","?","M","M","E","R","$","T","M","E","$","M","T","R","B",null,"M","M","?","$","M","R","E","$","T","R","?","R","E","?","R","B"],"character_chosen":"WATCHER","items_purchased":["Pen Nib","Apotheosis","Prayer Wheel","Halt","FlurryOfBlows","Damaru","Consecrate","Bag of Preparation","Question Card","Bottled Tornado","Brilliance","Judgement","Nunchaku","Indignation"],"campfire_rested":2,"item_purchase_floors":[0,0,0,0,0,12,14,25,25,29,29,38,38,42],"current_hp_per_floor":[72,72,58,58,58,39,57,57,57,57,69,69,72,72,72,72,72,72,59,59,59,50,22,63,63,63,51,48,48,33,33,77,77,77,73,77,77,77,77,77,77,77,77,77,49,76,52,50,77,0,0],"gold":268,"neow_bonus":"","is_daily":false,"chose_seed":false,"campfire_upgraded":6,"win_rate":0.0,"timestamp":1614276768,"path_taken":["M","?","?","M","M","E","?","M","T","E","R","?","R","$","R","BOSS","M","?","?","M","?","E","R","$","T","M","E","?","M","?","R","BOSS","M","M","?","?","M","R","E","$","T","R","?","R","E","?","R","BOSS"],"items_purchased_type":["Relic","Card","Relic","Card","Card","Relic","Card","Relic","Relic","Relic","Card","Card","Relic","Card"],"build_version":"2020-12-22","purchased_purges":0,"victory":false,"max_hp_per_floor":[72,72,72,72,72,72,72,72,72,72,72,72,72,72,72,72,72,72,77,77,77,77,77,77,77,77,77,77,77,77,77,77,77,77,77,77,77,77,77,77,77,77,77,77,77,77,77,77,77,77,77],"card_choices":[{"not_picked":["PathToVictory","Protect"],"picked":"Tantrum","floor":1.0},{"not_picked":["CutThroughFate","FollowUp"],"picked":"Consecrate","floor":1.0},{"not_picked":["JustLucky","Collect"],"picked":"PathToVictory","floor":4.0},{"not_picked":["Protect","SignatureMove"],"picked":"Prostrate","floor":4.0},{"not_picked":["Pray","BowlingBash"],"picked":"Scrawl","floor":5.0},{"not_picked":["ThirdEye","CutThroughFate"],"picked":"PathToVictory","floor":5.0},{"not_picked":["Wallop","CarveReality"],"picked":"Adaptation","floor":6.0},{"not_picked":["EmptyFist","ClearTheMind"],"picked":"Consecrate","floor":8.0},{"not_picked":["ThirdEye","FollowUp"],"picked":"FlurryOfBlows","floor":8.0},{"not_picked":["SashWhip","DeceiveReality"],"picked":"Brilliance","floor":10.0},{"not_picked":["Brilliance","MasterReality"],"picked":"LessonLearned","floor":16},{"not_picked":["ThirdEye","ReachHeaven"],"picked":"PathToVictory+1","floor":18},{"not_picked":["Vengeance","SashWhip+1"],"picked":"FollowUp","floor":18},{"not_picked":["Ragnarok","Worship"],"picked":"ReachHeaven+1","floor":21},{"not_picked":["JustLucky","SashWhip+1"],"picked":"FlyingSleeves","floor":21},{"not_picked":["JustLucky","ClearTheMind"],"picked":"Halt","floor":22},{"not_picked":["JustLucky+1","EmptyBody"],"picked":"Halt+1","floor":22},{"not_picked":["EmptyFist","WheelKick"],"picked":"Devotion","floor":23},{"not_picked":["EmptyFist","Halt","Worship"],"picked":"Consecrate","floor":27},{"not_picked":["ReachHeaven","Halt","LikeWater"],"picked":"FollowUp","floor":27},{"not_picked":["Protect","BowlingBash","EmptyBody"],"picked":"Tantrum+1","floor":28},{"not_picked":["CrushJoints","Study+1","PathToVictory"],"picked":"Crescendo","floor":30},{"not_picked":["InnerPeace","Wallop","Evaluate","LikeWater"],"picked":"SKIP","floor":30},{"not_picked":["Scrawl","Omniscience","MasterReality"],"picked":"LessonLearned","floor":33},{"not_picked":["Halt+1","ClearTheMind","FlyingSleeves"],"picked":"FollowUp+1","floor":35},{"not_picked":["ThirdEye","WreathOfFlame+1","Evaluate+1"],"picked":"FlurryOfBlows","floor":35},{"not_picked":["FlyingSleeves+1","PathToVictory","ThirdEye"],"picked":"FlurryOfBlows+1","floor":36},{"not_picked":["Halt","CarveReality","CutThroughFate"],"picked":"PathToVictory","floor":36},{"not_picked":["Swivel","Brilliance","CutThroughFate+1"],"picked":"Collect","floor":39},{"not_picked":["Nirvana+1","BowlingBash+1","CutThroughFate"],"picked":"Pray+1","floor":39},{"not_picked":["JustLucky+1","EmptyFist","Ragnarok"],"picked":"CrushJoints","floor":41},{"not_picked":["EmptyBody+1","Halt+1","CarveReality"],"picked":"SandsOfTime","floor":45},{"not_picked":["TalkToTheHand","FlyingSleeves","JustLucky+1"],"picked":"Prostrate","floor":47},{"not_picked":["Evaluate+1","JustLucky","Crescendo+1"],"picked":"Perseverance+1","floor":48}],"player_experience":205680,"relics_obtained":[{"floor":6.0,"key":"Sundial"},{"floor":10.0,"key":"Eternal Feather"},{"floor":17,"key":"Orichalcum"},{"floor":17,"key":"Meat on the Bone"},{"floor":17,"key":"Gambling Chip"},{"floor":23,"key":"Membership Card"},{"floor":26,"key":"Bronze Scales"},{"floor":28,"key":"Bird Faced Urn"},{"floor":31,"key":"HornCleat"},{"floor":41,"key":"Juzu Bracelet"},{"floor":43,"key":"Darkstone Periapt"},{"floor":45,"key":"Lizard Tail"},{"floor":47,"key":"Mummified Hand"},{"floor":48,"key":"Calipers"}],"event_choices":[{"damage_healed":0.0,"max_hp_gain":0.0,"max_hp_loss":0.0,"gold_gain":0.0,"event_name":"Living Wall","player_choice":"Grow","floor":2.0,"gold_loss":0.0,"damage_taken":0.0,"cards_upgraded":["Apotheosis"]},{"damage_healed":0.0,"max_hp_gain":0.0,"max_hp_loss":0.0,"gold_gain":0.0,"event_name":"Shining Light","player_choice":"Entered Light","floor":3.0,"gold_loss":0.0,"damage_taken":14.0,"cards_upgraded":["Strike_P","Vigilance"]},{"damage_healed":18.0,"max_hp_gain":0.0,"max_hp_loss":0.0,"gold_gain":0.0,"event_name":"The Cleric","player_choice":"Healed","floor":7.0,"gold_loss":35.0,"damage_taken":0.0},{"damage_healed":0,"gold_gain":0,"player_choice":"Shed Blood","damage_taken":18,"max_hp_gain":5,"max_hp_loss":0,"event_name":"Forgotten Altar","floor":19,"gold_loss":0},{"damage_healed":0,"gold_gain":99,"player_choice":"Stole From Cult","damage_taken":0,"max_hp_gain":0,"max_hp_loss":0,"event_name":"Nest","floor":20,"gold_loss":0},{"damage_healed":0,"gold_gain":0,"player_choice":"Ignored","damage_taken":0,"max_hp_gain":0,"max_hp_loss":0,"event_name":"Transmorgrifier","floor":37,"gold_loss":0},{"damage_healed":0,"gold_gain":0,"player_choice":"Fight","damage_taken":0,"max_hp_gain":0,"max_hp_loss":0,"event_name":"MindBloom","floor":45,"gold_loss":0},{"damage_healed":0,"gold_gain":0,"player_choice":"Fight","damage_taken":0,"max_hp_gain":0,"max_hp_loss":0,"event_name":"Mysterious Sphere","floor":48,"gold_loss":0}],"is_beta":false,"boss_relics":[{"not_picked":["Tiny House","Astrolabe"],"picked":"Calling Bell"},{"not_picked":["Runic Pyramid","Philosopher\u0027s Stone"],"picked":"Sozu"}],"items_purged_floors":[],"is_endless":false,"potions_floor_spawned":[1,4,10,21,28,33,35,41,47,48],"killed_by":"Awakened One","ascension_level":0}}