{"host":"h3yie3u3olngyjol","time":1614234671,"event":{"mods":["BaseMod","Colored Powertips","Downfall","Highlight Path","Infinite Spire","Lobotomy","LobotomyExtend","Marked Mod","Minty Spire (QoL Compilation)","Prisma Mod","Replay The Spire","RumiaBox-露米娅的神秘盒子","Shop Mod","StSLib","The Hierophant","The Runesmith"],"gold_per_floor":[20,20,30,30,30,30,30,87,87,10,10,10,24,85,85,190,190,209,209,209,228,138,138,148,159,159,159,170,188,188,206,206,206,206],"floor_reached":33,"language":"ZHS","playtime":949,"items_purged":["Shame","Defend_G"],"score":341,"play_id":"3f9935c0-e1d6-47de-96b4-7b09863e5555","local_time":"20210225143111","is_ascension_mode":true,"campfire_choices":[{"data":"Bouncing Flask","floor":6,"key":"SMITH"},{"floor":12,"key":"REST"},{"data":"Neutralize","floor":15,"key":"SMITH"},{"data":"Die Die Die","floor":23,"key":"SMITH"},{"floor":27,"key":"REST"},{"floor":32,"key":"REST"}],"circlet_count":0,"master_deck":["Strike_G+1","Strike_G+1","Strike_G+1","Strike_G+1","Strike_G+1","Defend_G+1","Defend_G+1","Defend_G+1","Survivor","Neutralize+1","Bouncing Flask+1","Well Laid Plans","Poisoned Stab","Die Die Die+1","Prepared","Glass Knife","Deadly Poison","Bane"],"relics":["Ring of the Snake","LetterFromLob","infinitespire:PuzzleCube","Runesmith:Locket","ReplayTheSpireMod:CursedCoin","Juzu Bracelet","SSSystem","Replay:WaspNest","Sozu","Replay:Bottled Snecko","sneckomod:BabySnecko","Divine Protection"],"acts_visited":["Exordium","TheCity"],"potions_floor_usage":[8,16,24],"damage_taken":[{"damage":4,"enemies":"Small Slimes","floor":1,"turns":3},{"damage":5,"enemies":"2 Louse","floor":3,"turns":3},{"damage":23,"enemies":"Lagavulin Event","floor":8,"turns":5},{"damage":7,"enemies":"Jaw Worm","floor":13,"turns":3},{"damage":37,"enemies":"The Guardian","floor":16,"turns":8},{"damage":20,"enemies":"2 Thieves","floor":18,"turns":3},{"damage":7,"enemies":"Chosen","floor":21,"turns":4},{"damage":20,"enemies":"Shelled Parasite and Fungi","floor":24,"turns":4},{"damage":9,"enemies":"Centurion and Healer","floor":25,"turns":3},{"damage":9,"enemies":"Chosen and Byrds","floor":28,"turns":5},{"damage":8,"enemies":"Cultist and Chosen","floor":29,"turns":4},{"damage":1,"enemies":"Shelled Parasite and Fungi","floor":31,"turns":3},{"damage":52,"enemies":"Collector","floor":33,"turns":6}],"seed_played":"4282464562985068719","potions_obtained":[{"floor":1,"key":"Poison Potion"},{"floor":13,"key":"Fire Potion"},{"floor":14,"key":"Reflective Coating"}],"is_trial":false,"path_per_floor":["M","$","M","?","$","R","?","?","T","$","?","R","M","?","R","B",null,"M","AVR","?","M","?","R","M","M","T","R","M","M","?","M","R","B"],"character_chosen":"THE_SILENT","items_purchased":["ReplayTheSpireMod:CursedCoin","Juzu Bracelet"],"campfire_rested":3,"item_purchase_floors":[10,10],"current_hp_per_floor":[73,73,68,61,61,61,61,38,38,38,38,63,56,56,56,19,68,48,48,48,41,41,41,21,12,12,37,28,20,20,19,44,0,0],"gold":206,"neow_bonus":"TWENTY_PERCENT_HP_BONUS","is_daily":false,"chose_seed":false,"campfire_upgraded":3,"win_rate":0.0,"timestamp":1614234671,"path_taken":["M","$","M","?","$","R","?","?","T","?","?","R","M","?","R","BOSS","M","AVR","?","M","?","R","M","M","T","R","M","M","?","M","R","BOSS"],"items_purchased_type":["Relic","Relic"],"build_version":"2020-12-22","purchased_purges":2,"victory":false,"max_hp_per_floor":[84,84,84,84,84,84,84,84,84,84,84,84,84,84,84,84,84,84,84,84,84,84,84,84,84,84,84,84,84,84,84,84,84,84],"card_choices":[{"not_picked":["Prepared","Caltrops"],"picked":"Bouncing Flask","floor":1},{"not_picked":["Sucker Punch","Leg Sweep","Quick Slash"],"picked":"SKIP","floor":3},{"not_picked":["Terror","Riddle With Holes"],"picked":"Well Laid Plans","floor":13},{"not_picked":["After Image","Tactician"],"picked":"Poisoned Stab","floor":14},{"not_picked":["Atom Bomb","Doppelganger"],"picked":"Die Die Die","floor":16},{"not_picked":["Sucker Punch","Riddle With Holes"],"picked":"Prepared","floor":18},{"not_picked":["Slice","Cloak And Dagger","Deflect+1"],"picked":"SKIP","floor":21},{"not_picked":["Footwork+1","Backflip","Quick Slash+1"],"picked":"SKIP","floor":24},{"not_picked":["Hidden Blade","Escape Plan"],"picked":"Glass Knife","floor":25},{"not_picked":["Outmaneuver+1","Sucker Punch"],"picked":"Deadly Poison","floor":28},{"not_picked":["Quick Slash","Dagger Spray","Leg Sweep+1"],"picked":"SKIP","floor":29},{"not_picked":["Sneak Up","Slice"],"picked":"Bane","floor":31}],"player_experience":472673,"relics_obtained":[{"floor":1,"key":"LetterFromLob"},{"floor":8,"key":"infinitespire:PuzzleCube"},{"floor":9,"key":"Runesmith:Locket"},{"floor":11,"key":"SSSystem"},{"floor":14,"key":"Replay:WaspNest"},{"floor":26,"key":"Divine Protection"}],"event_choices":[{"cards_removed":["Defend_G"],"damage_healed":0,"gold_gain":0,"player_choice":"Card Removal","damage_taken":7,"max_hp_gain":0,"max_hp_loss":0,"event_name":"Golden Wing","floor":4,"gold_loss":0},{"damage_healed":0,"gold_gain":0,"player_choice":"Fought Mushrooms","damage_taken":0,"max_hp_gain":0,"max_hp_loss":0,"event_name":"Mushrooms","floor":7,"gold_loss":0},{"damage_healed":0,"gold_gain":30,"player_choice":"Searched \u00273\u0027 times","damage_taken":0,"max_hp_gain":0,"max_hp_loss":0,"event_name":"Dead Adventurer","floor":8,"gold_loss":0},{"cards_removed":["downfall:Bewildered"],"damage_healed":0,"gold_gain":0,"player_choice":"Upgrade and Remove","damage_taken":0,"max_hp_gain":0,"max_hp_loss":0,"event_name":"Designer","floor":22,"gold_loss":90,"cards_upgraded":["Strike_G"]},{"damage_healed":0,"gold_gain":0,"player_choice":"Simplicity","damage_taken":0,"max_hp_gain":0,"max_hp_loss":0,"event_name":"Back to Basics","floor":30,"gold_loss":0,"cards_upgraded":["Strike_G","Strike_G","Strike_G","Strike_G","Defend_G","Defend_G","Defend_G"]}],"is_beta":false,"boss_relics":[{"not_picked":["Astrolabe","Busted Crown"],"picked":"Sozu"}],"items_purged_floors":[10,19],"is_endless":false,"potions_floor_spawned":[1,13,25],"killed_by":"Collector","ascension_level":9}}