{"host":"l6t8kvs6xu8ynp71","time":1614234495,"event":{"mods":["BaseMod","Curses Come First","Highlight Path","Minty Spire (QoL Compilation)","Permanent Neow","Relic Stats","StSLib"],"gold_per_floor":[115,131,131,150,164,164,190,190,236,274,274,315,0,28,28,111,170,198,217,267,267,267,267,307,318,342,342,375,403,419,93,93,179,179,198,198,198,98,125,160,179,214,266,291,291,316,326,326,326],"floor_reached":48,"language":"ENG","playtime":2546,"items_purged":["Strike_B","Strike_B+1"],"score":1218,"play_id":"d8d28de1-9820-4dfe-88bc-509f082e28f5","local_time":"20210224232815","is_ascension_mode":true,"campfire_choices":[{"floor":6.0,"key":"REST"},{"floor":8.0,"key":"REST"},{"floor":11.0,"key":"REST"},{"floor":15.0,"key":"REST"},{"data":"Strike_B+1","floor":23.0,"key":"PURGE"},{"floor":27.0,"key":"REST"},{"floor":32.0,"key":"REST"},{"data":"Strike_B+1","floor":45,"key":"PURGE"}],"circlet_count":0,"master_deck":["AscendersBane","Defend_B+1","Defend_B+1","Defend_B+1","Defend_B+1","Zap+1","Dualcast+1","Ball Lightning","Glacier","FTL","Tempest+1","Cold Snap","Chaos+1","Consume+1","Coolheaded+1","Fission+1","Conserve Battery+1","Chaos+1","Echo Form","Hologram+1","Electrodynamics","Echo Form","Undo+1","Loop","Defragment","Steam Power+1"],"relics":["Fusion Hammer","Toxic Egg 2","CeramicFish","Blood Vial","Peace Pipe","Centennial Puzzle","Tiny House","Pen Nib","Dream Catcher","StrikeDummy","Chemical X","SlaversCollar","Anchor","Turnip","Nunchaku","Ancient Tea Set","Orichalcum"],"acts_visited":["Exordium","TheCity","TheBeyond"],"potions_floor_usage":[42,42,48],"damage_taken":[{"damage":0.0,"enemies":"Cultist","floor":1.0,"turns":3.0},{"damage":0.0,"enemies":"Jaw Worm","floor":2.0,"turns":3.0},{"damage":0.0,"enemies":"2 Louse","floor":4.0,"turns":3.0},{"damage":11.0,"enemies":"2 Fungi Beasts","floor":5.0,"turns":4.0},{"damage":16.0,"enemies":"Lagavulin","floor":7.0,"turns":7.0},{"damage":56.0,"enemies":"Gremlin Nob","floor":10.0,"turns":6.0},{"damage":6.0,"enemies":"3 Sentries","floor":12.0,"turns":6.0},{"damage":4.0,"enemies":"Exordium Wildlife","floor":14.0,"turns":4.0},{"damage":11.0,"enemies":"The Guardian","floor":16.0,"turns":10.0},{"damage":12.0,"enemies":"2 Thieves","floor":18.0,"turns":4.0},{"damage":6.0,"enemies":"Spheric Guardian","floor":19.0,"turns":3.0},{"damage":21.0,"enemies":"Slavers","floor":24.0,"turns":4.0},{"damage":0.0,"enemies":"Snecko","floor":25.0,"turns":4.0},{"damage":31.0,"enemies":"Gremlin Leader","floor":28.0,"turns":6.0},{"damage":5.0,"enemies":"Cultist and Chosen","floor":29.0,"turns":5.0},{"damage":9.0,"enemies":"Snake Plant","floor":30.0,"turns":4.0},{"damage":9.0,"enemies":"Champ","floor":33.0,"turns":17.0},{"damage":0.0,"enemies":"3 Shapes","floor":35.0,"turns":5.0},{"damage":19.0,"enemies":"3 Darklings","floor":39.0,"turns":4.0},{"damage":0,"enemies":"Giant Head","floor":40,"turns":10},{"damage":0,"enemies":"4 Shapes","floor":41,"turns":3},{"damage":0,"enemies":"Reptomancer","floor":42,"turns":4},{"damage":24,"enemies":"Nemesis","floor":46,"turns":11},{"damage":17,"enemies":"Sphere and 2 Shapes","floor":47,"turns":5},{"damage":31,"enemies":"Spire Growth","floor":48,"turns":2}],"seed_played":"8166157425705955011","potions_obtained":[{"floor":5.0,"key":"Explosive Potion"},{"floor":10.0,"key":"Swift Potion"},{"floor":16.0,"key":"ColorlessPotion"},{"floor":17.0,"key":"LiquidMemories"},{"floor":29.0,"key":"LiquidMemories"},{"floor":30.0,"key":"DistilledChaos"},{"floor":33.0,"key":"ColorlessPotion"},{"floor":35.0,"key":"GamblersBrew"},{"floor":40,"key":"Block Potion"},{"floor":47,"key":"LiquidMemories"}],"is_trial":false,"path_per_floor":["M","M","?","M","M","R","E","R","T","E","R","E","$","M","R","B",null,"M","M","?","?","?","R","E","M","T","R","E","M","M","$","R","B",null,"M","?","?","$","M","E","M","E","T","T","R","E","M","M"],"character_chosen":"DEFECT","items_purchased":["Consume+1","Centennial Puzzle","Electrodynamics","Chemical X"],"campfire_rested":6,"item_purchase_floors":[13,13,31,31],"current_hp_per_floor":[64,64,43,43,32,53,37,58,58,2,23,19,19,17,38,29,66,56,52,52,52,52,52,33,35,35,57,28,25,18,18,40,33,65,67,67,63,63,46,48,50,52,52,52,52,30,15,0,0],"gold":326,"neow_bonus":"BOSS_RELIC","is_daily":false,"chose_seed":false,"campfire_upgraded":0,"win_rate":0.0,"timestamp":1614234495,"path_taken":["M","M","?","M","M","R","E","R","T","E","R","E","$","M","R","BOSS","M","M","?","?","?","R","E","M","T","R","E","M","?","$","R","BOSS","M","?","?","$","M","E","?","E","T","?","R","E","M","M"],"items_purchased_type":["Card","Relic","Card","Relic"],"build_version":"2020-12-22","purchased_purges":2,"victory":false,"max_hp_per_floor":[71,71,71,71,71,71,71,71,71,71,71,71,71,71,71,71,76,76,76,76,76,76,76,76,76,76,76,76,76,76,76,76,76,76,76,76,76,76,76,76,76,76,76,76,76,76,76,76,76],"relic_stats":{"Blood Vial":38,"Peace Pipe":2,"Centennial Puzzle":[39],"Dream Catcher":2,"Nunchaku":[2],"counters":[25,137],"CeramicFish":135,"Pen Nib":[10],"Turnip":[5],"Chemical X":[9],"Orichalcum":[6],"obtain_stats":[{"Tiny House":17,"CeramicFish":9,"Pen Nib":24,"Orichalcum":46,"Ancient Tea Set":44,"Blood Vial":10,"Peace Pipe":12,"SlaversCollar":34,"Centennial Puzzle":13,"Dream Catcher":26,"Anchor":40,"Nunchaku":43,"Fusion Hammer":0,"Turnip":42,"Chemical X":31,"Toxic Egg 2":7,"Cracked Core":0,"StrikeDummy":28},{"Tiny House":9,"CeramicFish":5,"Pen Nib":12,"Orichalcum":23,"Ancient Tea Set":22,"Blood Vial":6,"Peace Pipe":7,"SlaversCollar":17,"Centennial Puzzle":7,"Dream Catcher":13,"Anchor":20,"Nunchaku":22,"Fusion Hammer":0,"Turnip":22,"Chemical X":16,"Toxic Egg 2":5,"Cracked Core":0,"StrikeDummy":14},{"Tiny House":46,"CeramicFish":20,"Pen Nib":57,"Orichalcum":130,"Ancient Tea Set":119,"Blood Vial":26,"Peace Pipe":32,"SlaversCollar":93,"Centennial Puzzle":32,"Dream Catcher":61,"Anchor":112,"Nunchaku":119,"Fusion Hammer":0,"Turnip":119,"Chemical X":76,"Toxic Egg 2":20,"Cracked Core":0,"StrikeDummy":67}]},"card_choices":[{"not_picked":["Beam Cell","Steam Power"],"picked":"Ball Lightning","floor":1.0},{"not_picked":["Coolheaded","Leap"],"picked":"Glacier","floor":2.0},{"not_picked":["Chill","Stack","Turbo"],"picked":"SKIP","floor":4.0},{"not_picked":["Aggregate","Consume"],"picked":"FTL","floor":5.0},{"not_picked":["Melter","Leap+1"],"picked":"Tempest+1","floor":7.0},{"not_picked":["Steam+1","Amplify+1"],"picked":"Cold Snap","floor":10.0},{"not_picked":["Ball Lightning","Double Energy+1"],"picked":"Chaos+1","floor":12.0},{"not_picked":["Compile Driver","Rebound"],"picked":"Coolheaded+1","floor":14.0},{"not_picked":["Reboot+1","Hyperbeam"],"picked":"Fission+1","floor":16.0},{"not_picked":["Rebound","Redo+1"],"picked":"Conserve Battery+1","floor":17.0},{"not_picked":["Turbo+1","Auto Shields+1"],"picked":"Chaos+1","floor":18.0},{"not_picked":["Reprogram+1","Double Energy+1","Barrage+1"],"picked":"SKIP","floor":19.0},{"not_picked":["Lockon","Turbo+1"],"picked":"Echo Form","floor":24.0},{"not_picked":["Redo+1","Leap+1","Compile Driver"],"picked":"SKIP","floor":25.0},{"not_picked":["All For One","Consume+1","Fusion+1"],"picked":"SKIP","floor":28.0},{"not_picked":["Cold Snap","Static Discharge"],"picked":"Hologram+1","floor":29.0},{"not_picked":["Barrage","Reprogram+1","Stack+1"],"picked":"SKIP","floor":30.0},{"not_picked":["Machine Learning","Fission+1"],"picked":"Echo Form","floor":33.0},{"not_picked":["Auto Shields+1","Heatsinks"],"picked":"Undo+1","floor":35.0},{"not_picked":["Conserve Battery+1","Rebound"],"picked":"Loop","floor":39.0},{"not_picked":["Darkness+1","White Noise+1"],"picked":"Defragment","floor":40},{"not_picked":["Leap+1","Cold Snap+1"],"picked":"Steam Power+1","floor":41},{"not_picked":["Consume+1","Barrage+1","FTL+1"],"picked":"SKIP","floor":42},{"not_picked":["Cold Snap","Melter","Turbo+1"],"picked":"SKIP","floor":46},{"not_picked":["Cold Snap+1","Ball Lightning","Compile Driver"],"picked":"SKIP","floor":47}],"player_experience":1533744,"relics_obtained":[{"floor":7.0,"key":"Toxic Egg 2"},{"floor":9.0,"key":"CeramicFish"},{"floor":10.0,"key":"Blood Vial"},{"floor":12.0,"key":"Peace Pipe"},{"floor":24.0,"key":"Pen Nib"},{"floor":26.0,"key":"Dream Catcher"},{"floor":28.0,"key":"StrikeDummy"},{"floor":40,"key":"Anchor"},{"floor":42,"key":"Turnip"},{"floor":43,"key":"Nunchaku"},{"floor":44,"key":"Ancient Tea Set"},{"floor":46,"key":"Orichalcum"}],"event_choices":[{"damage_healed":0.0,"max_hp_gain":0.0,"max_hp_loss":0.0,"gold_gain":0.0,"event_name":"Shining Light","player_choice":"Entered Light","floor":3.0,"gold_loss":0.0,"damage_taken":21.0,"cards_upgraded":["Dualcast","Strike_B"]},{"damage_healed":0.0,"max_hp_gain":0.0,"max_hp_loss":0.0,"gold_gain":50.0,"event_name":"Nest","player_choice":"Stole From Cult","floor":20.0,"gold_loss":0.0,"damage_taken":0.0},{"damage_healed":0.0,"max_hp_gain":0.0,"max_hp_loss":0.0,"gold_gain":0.0,"event_name":"Back to Basics","player_choice":"Simplicity","floor":21.0,"gold_loss":0.0,"damage_taken":0.0,"cards_upgraded":["Strike_B","Strike_B","Defend_B","Defend_B","Defend_B","Defend_B"]},{"damage_healed":0.0,"max_hp_gain":0.0,"max_hp_loss":0.0,"gold_gain":0.0,"event_name":"The Mausoleum","player_choice":"Ignored","floor":22.0,"gold_loss":0.0,"damage_taken":0.0},{"damage_healed":0.0,"max_hp_gain":0.0,"max_hp_loss":0.0,"gold_gain":0.0,"event_name":"SensoryStone","player_choice":"Memory 1","floor":36.0,"gold_loss":0.0,"damage_taken":0.0},{"damage_healed":0.0,"max_hp_gain":0.0,"max_hp_loss":0.0,"gold_gain":0.0,"event_name":"The Woman in Blue","player_choice":"Bought 0 Potions","floor":37.0,"gold_loss":0.0,"damage_taken":0.0}],"is_beta":false,"boss_relics":[{"not_picked":["Snecko Eye","Empty Cage"],"picked":"Tiny House"},{"not_picked":["Cursed Key","Calling Bell"],"picked":"SlaversCollar"}],"items_purged_floors":[13,38],"is_endless":false,"potions_floor_spawned":[5,10,14,16,18,24,29,30,33,35,40,47],"killed_by":"Spire Growth","ascension_level":18}}