{"host":"4333ugbd3tcpphs5","time":1614292255,"event":{"mods":["Act Like it!","Aspiration","Astrologer","Bard","BaseMod","Beaked The Cultist","Bestiary","BetterRewards","Block Reminder","Bossed Relics","Colored Map","Colored Powertips","Conspire","Curses Come First","Disable Question Mark Monsters","Energized Spire","Glutton Mod","Halation","Hermit","Hubris","Infinite Spire","Keyboard Shortcuts","Marisa????????","Minty Spire (QoL Compilation)","Prisma Mod","Quick Restart","Rare Cards Sparkle","Replay The Spire","Spicy Shops","StSLib","SuperFastMode","Synergy Search","The Cursed","The Necromancer","The Sage","Transform Curses","Treasure Hunter"],"gold_per_floor":[127,149,171,14,75,75,130,130,130,130,130,195,195,257,257,386,386,427,427,427,427,23,23,88,88,111,182,230,230,230,283,283,305,305],"floor_reached":33,"language":"ENG","playtime":1809,"items_purged":[],"score":403,"play_id":"3c6ab6a6-8bc2-4a99-9e57-53d727d8cb8a","local_time":"20210225173055","is_ascension_mode":false,"campfire_choices":[{"data":"PrismaMod:ChloeUnlimitedBladeWorks","floor":6,"key":"SMITH"},{"data":"PrismaMod:ChloeAnyCommonTrace","floor":11,"key":"SMITH"},{"floor":15,"key":"REST"},{"data":"Echo Form","floor":23,"key":"SMITH"},{"floor":25,"key":"REST"},{"floor":30,"key":"REST"},{"floor":32,"key":"REST"}],"circlet_count":0,"master_deck":["PrismaMod:ChloeCommonAttack","PrismaMod:ChloeCommonAttack","PrismaMod:ChloeCommonAttack","PrismaMod:ChloeCommonAttack","PrismaMod:ChloeCommonAttack","PrismaMod:ChloeCommonDefend","PrismaMod:ChloeCommonDefend","PrismaMod:ChloeCommonDefend","PrismaMod:ChloeCommonDefend","PrismaMod:ChloeCommonDefend","PrismaMod:ChloeCheapAttack","PrismaMod:ChloeCheapDefend","hubris:Greed","PrismaMod:ChloeUnlimitedBladeWorks+1","PrismaMod:ChloeRitsuka","PrismaMod:ChloeExcalibur","hubris:Greed","PrismaMod:ChloeAnyCommonTrace+1","hubris:Greed","hubris:Greed","PrismaMod:ChloeEyeOfTheEuryale","Decay","TH:TreasureMap","PrismaMod:ChloeUncommonDefend","hubris:Greed","Echo Form+1","TH:DeckOfManyThings","PrismaMod:ChloeCarnivalAttack","PrismaMod:ChloeRhongomyniad+1","Delirium","Buffer","TH:DeckOfManyThings","TH:ArmorSpikes","PrismaMod:ChloeRitsuka+1","TH:ElvenBoots","hubris:Greed","hubris:Greed","PrismaMod:ChloeCaladbolg+1","PrismaMod:ChloeCheapDefend","PrismaMod:ChloeEyeOfTheEuryale+1","hubris:Greed","hubris:Greed","hubris:Greed","hubris:Greed"],"relics":["PrismaMod:PrismaTraceOn","Medical Kit","Lizard Tail","CultistMask","Prayer Wheel","Prayer Wheel","conspire:RunicOctahedron","hubris:CrystalStatue","MutagenicStrength","Replay:Bandana","infinitespire:Broken Mirror","Prayer Wheel","TungstenRod","Centennial Puzzle","halation:BottledLove","Prayer Wheel"],"acts_visited":["Exordium","TheCity"],"potions_floor_usage":[16,33,33],"damage_taken":[{"damage":5,"enemies":"Jaw Worm","floor":1,"turns":4},{"damage":0,"enemies":"conspire:RoseBush","floor":2,"turns":5},{"damage":6,"enemies":"Cultist","floor":3,"turns":4},{"damage":7,"enemies":"3 Louse","floor":7,"turns":8},{"damage":12,"enemies":"Exordium Thugs","floor":12,"turns":8},{"damage":7,"enemies":"conspire:2 RoseBushes","floor":14,"turns":5},{"damage":24,"enemies":"Fading Forest","floor":16,"turns":11},{"damage":7,"enemies":"3 Byrds","floor":18,"turns":5},{"damage":58,"enemies":"conspire:SneckoGhost","floor":24,"turns":10},{"damage":0,"enemies":"Chosen","floor":28,"turns":1},{"damage":34,"enemies":"Snake Plant","floor":31,"turns":6},{"damage":55,"enemies":"Champ","floor":33,"turns":7}],"seed_played":"-3098245357231190011","potions_obtained":[{"floor":1,"key":"EssenceOfSteel"},{"floor":3,"key":"Fire Potion"},{"floor":7,"key":"Elixir"}],"is_trial":false,"path_per_floor":["M","M","M","$","?","R","M","?","T","$","R","M","?","M","R","B",null,"M","?","?","?","$","R","E","R","T","?","M","T","R","M","R","B"],"character_chosen":"CHLOE","items_purchased":["Medical Kit","Replay:Bandana","infinitespire:Broken Mirror"],"campfire_rested":4,"item_purchase_floors":[4,22,22],"current_hp_per_floor":[70,70,64,64,64,64,57,57,57,57,57,45,45,38,60,43,75,68,68,68,68,68,68,10,32,32,3,3,3,25,33,55,0,0],"gold":305,"neow_bonus":"THREE_RARE_CARDS","is_daily":false,"chose_seed":false,"campfire_upgraded":3,"win_rate":0.0,"timestamp":1614292255,"path_taken":["M","M","M","$","?","R","M","?","T","$","R","?","?","M","R","BOSS","M","?","?","?","$","R","E","R","T","?","M","?","R","M","R","BOSS"],"items_purchased_type":["Relic","Relic","Relic"],"build_version":"2020-12-22","purchased_purges":0,"victory":false,"max_hp_per_floor":[75,75,75,75,75,75,75,75,75,75,75,75,75,75,75,75,75,75,75,75,75,75,75,75,75,75,75,75,75,75,75,75,75,75],"card_choices":[{"not_picked":["PrismaMod:ChloeGreatTracePools","PrismaMod:ChloeAnyRareTrace"],"picked":"PrismaMod:ChloeUnlimitedBladeWorks","floor":0},{"not_picked":["PrismaMod:ChloeCheapAttack","PrismaMod:ChloeCheapDefend"],"picked":"PrismaMod:ChloeRitsuka","floor":1},{"not_picked":["PrismaMod:ChloeCheapAttack","PrismaMod:ChloeCheapAttackTwo"],"picked":"PrismaMod:ChloeExcalibur","floor":2},{"not_picked":["PrismaMod:ChloeCheapDefend","PrismaMod:ChloeDiscardRecovery"],"picked":"PrismaMod:ChloeAnyCommonTrace","floor":3},{"not_picked":["PrismaMod:ChloeExcalibur","PrismaMod:ChloeCheapAttackTwo"],"picked":"PrismaMod:ChloeEyeOfTheEuryale","floor":7},{"not_picked":["TH:PixieDust"],"picked":"TH:TreasureMap","floor":9},{"not_picked":["PrismaMod:ChloeCheapDefend","PrismaMod:ChloeDiscardRecovery","PrismaMod:ChloeCheapDefendTwo"],"picked":"SKIP","floor":12},{"not_picked":["PrismaMod:ChloeCheapDefendTwo","PrismaMod:ChloeCheapDefend"],"picked":"PrismaMod:ChloeUncommonDefend","floor":14},{"not_picked":["TH:EnergyPotion"],"picked":"TH:DeckOfManyThings","floor":16},{"not_picked":["PrismaMod:ChloeAnyCommonTrace","PrismaMod:ChloeReshuffleDiscard"],"picked":"PrismaMod:ChloeCarnivalAttack","floor":16},{"not_picked":["PrismaMod:ChloeCheapDefend","PrismaMod:ChloeDemonicTutor"],"picked":"PrismaMod:ChloeRhongomyniad+1","floor":18},{"not_picked":["PrismaMod:ChloeCheapAttack","PrismaMod:ChloeDemonicTutor","PrismaMod:ChloeCheapDefendTwo"],"picked":"SKIP","floor":18},{"not_picked":["PrismaMod:ChloeCheapAttackTwo","PrismaMod:ChloeCheapDefend","PrismaMod:ChloeChristmas"],"picked":"SKIP","floor":18},{"not_picked":["TH:EnergyPotion"],"picked":"TH:DeckOfManyThings","floor":24},{"not_picked":["PrismaMod:ChloeExhaustOne","PrismaMod:ChloeRitsuka","PrismaMod:ChloeDiscardRecovery"],"picked":"SKIP","floor":24},{"not_picked":["TH:EnergyPotion"],"picked":"TH:ArmorSpikes","floor":26},{"not_picked":["PrismaMod:ChloeCaladbolg","PrismaMod:ChloeCheapAttackTwo"],"picked":"PrismaMod:ChloeRitsuka+1","floor":27},{"not_picked":["PrismaMod:ChloeEyeOfTheEuryale","PrismaMod:ChloeDiscardRecovery","PrismaMod:ChloeCommonAOEAttack"],"picked":"SKIP","floor":28},{"not_picked":["PrismaMod:ChloeGaeBolg+1","PrismaMod:ChloeMaid","PrismaMod:ChloeEyeOfTheEuryale"],"picked":"SKIP","floor":28},{"not_picked":["PrismaMod:ChloeExhaustOne+1","PrismaMod:ChloeCheapDefendTwo+1","PrismaMod:ChloeCheapAttack+1"],"picked":"SKIP","floor":28},{"not_picked":["PrismaMod:ChloeCheapAttack","PrismaMod:ChloeGaeBolg+1","PrismaMod:ChloeDevil"],"picked":"SKIP","floor":28},{"not_picked":["TH:TreasureMap"],"picked":"TH:ElvenBoots","floor":29},{"not_picked":["PrismaMod:ChloeMaid+1","PrismaMod:ChloeDiscardRecovery"],"picked":"PrismaMod:ChloeCaladbolg+1","floor":31},{"not_picked":["PrismaMod:ChloeCheapDefendTwo","PrismaMod:ChloeUncommonAttack+1"],"picked":"PrismaMod:ChloeCheapDefend","floor":31},{"not_picked":["PrismaMod:ChloeChristmas","PrismaMod:ChloeCheapDefend"],"picked":"PrismaMod:ChloeEyeOfTheEuryale+1","floor":31},{"not_picked":["PrismaMod:ChloeDiscardRecovery","PrismaMod:ChloeBetterTracePools","PrismaMod:ChloeMordred"],"picked":"SKIP","floor":31},{"not_picked":["PrismaMod:ChloeCommonAOEAttack","PrismaMod:ChloeExhaustOne","PrismaMod:ChloeCheapAttack"],"picked":"SKIP","floor":31},{"not_picked":["PrismaMod:ChloeDiscardRecovery","PrismaMod:ChloeBetterTracePools","PrismaMod:ChloeMordred"],"picked":"SKIP","floor":31},{"not_picked":["PrismaMod:ChloeCommonAOEAttack","PrismaMod:ChloeExhaustOne","PrismaMod:ChloeCheapAttack"],"picked":"SKIP","floor":31}],"player_experience":258906,"relics_obtained":[{"floor":9,"key":"Lizard Tail"},{"floor":24,"key":"TungstenRod"},{"floor":26,"key":"Centennial Puzzle"},{"floor":29,"key":"halation:BottledLove"}],"event_choices":[{"damage_healed":0,"gold_gain":61,"player_choice":"Gained Gold","damage_taken":0,"max_hp_gain":0,"max_hp_loss":0,"event_name":"Golden Wing","floor":5,"gold_loss":0},{"damage_healed":0,"gold_gain":0,"player_choice":"Cursed","damage_taken":0,"max_hp_gain":0,"max_hp_loss":0,"event_name":"Wheel of Change","floor":8,"gold_loss":0,"cards_obtained":["Decay"]},{"damage_healed":0,"gold_gain":0,"player_choice":"Trade","damage_taken":0,"relics_obtained":["CultistMask"],"max_hp_gain":0,"max_hp_loss":0,"event_name":"FaceTrader","floor":13,"gold_loss":0},{"damage_healed":0,"gold_gain":0,"player_choice":"Inject Mutagens","damage_taken":0,"relics_obtained":["MutagenicStrength"],"max_hp_gain":0,"max_hp_loss":0,"event_name":"Drug Dealer","floor":20,"gold_loss":0}],"is_beta":false,"boss_relics":[{"not_picked":["Velvet Choker","SacredBark"],"picked":"conspire:RunicOctahedron"}],"items_purged_floors":[],"is_endless":false,"potions_floor_spawned":[1,3,12,28],"killed_by":"Champ","ascension_level":0}}