{"host":"dvz52zoduqbx9zr0","time":1614238809,"event":{"mods":["AchievementEnabler","Always Whale","Aspiration","BaseMod","BetterRewards","Colored Map","Conspire","Custom Start","Downfall","Halation","Hubris","Jedi Mod","Minty Spire (QoL Compilation)","Relic Sorter","Replay The Spire","Shop Mod","StSLib","SuperFastMode"],"gold_per_floor":[99,115,132,132,132,132,132,132,9,19,47,47,73,68,84,186,186,186,201,221,239,39,39,39,39,59,88,152,152,352,374,390,390,390,390],"floor_reached":33,"language":"ENG","playtime":1991,"items_purged":["Slimebound:Tackle"],"score":299,"play_id":"251ac6fb-3b9d-4bbc-9cab-9d67d86782db","local_time":"20210225174009","is_ascension_mode":false,"campfire_choices":[{"data":"Slimebound:SplitBruiser","floor":1,"key":"SMITH"},{"data":"Slimebound:SplitSpecialist","floor":8,"key":"SMITH"},{"data":"Slimebound:SplitBruiser","floor":12,"key":"SMITH"},{"data":"Slimebound:SplitLeeching","floor":18,"key":"SMITH"},{"data":"Slimebound:SlimeBarrage","floor":23,"key":"SMITH"},{"data":"Slimebound:Teamwork","floor":29,"key":"SMITH"}],"circlet_count":0,"master_deck":["Slimebound:Defend_Slimebound","Slimebound:Defend_Slimebound","Slimebound:Defend_Slimebound","Slimebound:Defend_Slimebound","Slimebound:Split+1","Slimebound:CorrosiveSpit","Slimebound:SplitBruiser+1","Slimebound:SplitAcid","Slimebound:SplitSpecialist+1","CurseOfTheBell","CurseOfTheBell","Slimebound:SplitBruiser+1","Slimebound:MassFeed+1","Slimebound:SplitLeeching+1","Slimebound:GoopSpray","Slimebound:GoopSpray","Slimebound:SplitMire","Slimebound:Prepare+1","Slimebound:RallyTheTroops+1","Slimebound:DouseInSlime+1","Slimebound:SplitLeeching","Slimebound:SlimeBarrage+1","Slimebound:SlimeTap","Slimebound:SplitMire","Slimebound:Darklings+1","Slimebound:SplitMire+1","Slimebound:Teamwork+1","ReplayTheSpireMod:Splinters","Slimebound:LeechEnergy"],"relics":["Slimebound:AbsorbEndCombat","hubris:Icosahedron","downfall:ExtraCursedBell","Centennial Puzzle","Blue Candle","hubris:FunFungus","Chameleon Ring","Replay:Bandana","Astrolabe","Gremlin Food"],"acts_visited":["Exordium","TheCity"],"potions_floor_usage":[11,19,19,20,27,31,31,33],"damage_taken":[{"damage":2,"enemies":"2 Louse","floor":2,"turns":2},{"damage":3,"enemies":"Jaw Worm","floor":3,"turns":3},{"damage":5,"enemies":"downfall:FleeingMerchant","floor":9,"turns":4},{"damage":8,"enemies":"Small Slimes","floor":10,"turns":3},{"damage":22,"enemies":"Lagavulin","floor":11,"turns":5},{"damage":8,"enemies":"Blue Slaver","floor":13,"turns":2},{"damage":1,"enemies":"downfall:FleeingMerchant","floor":14,"turns":4},{"damage":6,"enemies":"2 Fungi Beasts","floor":15,"turns":2},{"damage":27,"enemies":"DF_ARCHETYPE_STREAMLINE","floor":16,"turns":8},{"damage":10,"enemies":"3 Byrds","floor":19,"turns":5},{"damage":6,"enemies":"Shell Parasite","floor":20,"turns":5},{"damage":2,"enemies":"Snecko","floor":21,"turns":5},{"damage":6,"enemies":"downfall:FleeingMerchant","floor":22,"turns":4},{"damage":11,"enemies":"Centurion and Healer","floor":26,"turns":6},{"damage":21,"enemies":"Snake Plant","floor":27,"turns":2},{"damage":5,"enemies":"Snecko","floor":31,"turns":3},{"damage":21,"enemies":"Sentry and Sphere","floor":32,"turns":7},{"damage":65,"enemies":"WA_ARCHETYPE_CALM","floor":33,"turns":8}],"seed_played":"-2674971445972803366","potions_obtained":[{"floor":2,"key":"SkillPotion"},{"floor":10,"key":"sneckomod:MuddlingPotion"},{"floor":13,"key":"Fire Potion"},{"floor":15,"key":"Block Potion"},{"floor":19,"key":"Swift Potion"},{"floor":26,"key":"Explosive Potion"},{"floor":27,"key":"SpeedPotion"},{"floor":28,"key":"SteroidPotion"}],"is_trial":false,"path_per_floor":["R","M","M","?","T","?","T","R","$","M","E","R","M","$","M","B",null,"R","M","M","M","$","R","T","?","M","M","?","R","?","M","M","B"],"character_chosen":"SLIMEBOUND","items_purchased":["Slimebound:MassFeed+1","Slimebound:Darklings+1"],"campfire_rested":0,"item_purchase_floors":[9,22],"current_hp_per_floor":[65,63,64,64,64,64,64,64,65,63,49,49,43,44,40,21,73,73,64,68,78,74,74,74,74,79,62,62,62,62,63,55,0,0,0],"gold":390,"neow_bonus":"THREE_CARDS","is_daily":false,"chose_seed":false,"campfire_upgraded":6,"win_rate":0.0,"timestamp":1614238809,"path_taken":["R","M","M","?","?","?","T","R","?","M","E","R","M","$","M","BOSS","R","M","M","M","$","R","T","?","M","M","?","R","?","M","M","BOSS"],"items_purchased_type":["Card","Card"],"build_version":"2020-12-22","purchased_purges":1,"victory":false,"max_hp_per_floor":[65,65,65,65,65,65,65,65,65,69,73,73,73,73,73,73,73,73,73,77,81,81,81,81,81,89,93,93,93,93,97,101,101,101,101],"card_choices":[{"not_picked":["Slimebound:SlimeSpikes","Slimebound:SplitSpecialist"],"picked":"Slimebound:SplitBruiser","floor":0},{"not_picked":["Slimebound:Repurpose","Slimebound:Schlurp"],"picked":"Slimebound:SplitAcid","floor":2},{"not_picked":["Slimebound:ItLooksTasty","Slimebound:PressTheAttack"],"picked":"Slimebound:SplitSpecialist","floor":3},{"not_picked":["Slimebound:LeechingTouch","Slimebound:RallyTheTroops"],"picked":"Slimebound:SplitBruiser","floor":9},{"not_picked":["Slimebound:ServeAndProtect","Slimebound:GoopTackle"],"picked":"Slimebound:SplitLeeching","floor":10},{"not_picked":["Slimebound:SlimeSpikes","Slimebound:ViciousTackle"],"picked":"Slimebound:GoopSpray","floor":11},{"not_picked":["Slimebound:RejuvenatingLick","Slimebound:PressTheAttack"],"picked":"Slimebound:GoopSpray","floor":13},{"not_picked":["Slimebound:ItLooksTasty","Slimebound:SplitAcid"],"picked":"Slimebound:SplitMire","floor":14},{"not_picked":["Slimebound:TongueLash","Slimebound:AcidTongue","Slimebound:FinishingTackle"],"picked":"SKIP","floor":15},{"not_picked":["Slimebound:HauntingLick","Slimebound:ViciousTackle"],"picked":"Slimebound:SplitLeeching","floor":19},{"not_picked":["Slimebound:Replication","Slimebound:SplitAcid"],"picked":"Slimebound:SlimeBarrage","floor":20},{"not_picked":["Slimebound:Prepare","Slimebound:GoopTackle"],"picked":"Slimebound:SlimeTap","floor":21},{"not_picked":["Slimebound:DisruptingSlam","Slimebound:GoopSpray"],"picked":"Slimebound:SplitMire","floor":22},{"not_picked":["Slimebound:FinishingTackle+1","Slimebound:SplitBruiser"],"picked":"Slimebound:SplitMire+1","floor":26},{"not_picked":["Slimebound:SplitLeeching","Slimebound:FinishingTackle"],"picked":"Slimebound:Teamwork","floor":27},{"not_picked":["Slimebound:Gluttony","Slimebound:MegaLick"],"picked":"Slimebound:LeechEnergy","floor":28},{"not_picked":["Slimebound:ProtectTheBoss","Slimebound:SamplingLick+1","Slimebound:ComboTackle"],"picked":"SKIP","floor":31},{"not_picked":["Slimebound:ForwardTackle","Slimebound:ServeAndProtect","Slimebound:LivingWall"],"picked":"SKIP","floor":32}],"player_experience":230334,"relics_obtained":[{"floor":6,"key":"Centennial Puzzle"},{"floor":6,"key":"Blue Candle"},{"floor":6,"key":"hubris:FunFungus"},{"floor":7,"key":"Chameleon Ring"},{"floor":11,"key":"Replay:Bandana"},{"floor":24,"key":"Gremlin Food"}],"event_choices":[{"damage_healed":0,"gold_gain":200,"player_choice":"Gold","damage_taken":0,"max_hp_gain":0,"max_hp_loss":0,"event_name":"Wheel of Change","floor":30,"gold_loss":0}],"is_beta":false,"boss_relics":[{"not_picked":["halation:SmartPhone","Busted Crown"],"picked":"Astrolabe"}],"items_purged_floors":[22],"is_endless":false,"potions_floor_spawned":[2,10,13,15,19,26,27],"killed_by":"WA_ARCHETYPE_CALM","ascension_level":0}}