{"host":"thy1foxqb9mxzg9y","time":1614260776,"event":{"mods":["2.2 Compatiblity","AchievementEnabler","Act Like it!","BaseMod","Best Route Mod","Custom Start","Exacting","Halation","Hallownest","Hubris","Jorbs\u0027s Wanderer Trilogy","Minty Spire (QoL Compilation)","Permanent Neow","Rare Cards Sparkle","Replay The Spire","Shop Mod","Slumbering Mod","StSLib","The Bug Knight","The Disciple","The Elementalist","The Exalted","The Hierophant","The Judge"],"gold_per_floor":[113,146,157,157,157,189,189,224,224,224,224],"floor_reached":10,"language":"ENG","playtime":987,"items_purged":[],"score":84,"play_id":"27aaf9e9-03aa-49d4-a955-c4beec471b00","local_time":"20210225164616","is_ascension_mode":false,"campfire_choices":[{"data":"Wallop","floor":7,"key":"SMITH"}],"circlet_count":0,"master_deck":["Strike_P","Strike_P","Strike_P","Defend_P","Defend_P","Defend_P","Defend_P","Eruption","Vigilance","Replay:BluntJabs","Protect","Writhe","Wallop+1","FlyingSleeves"],"relics":["PureWater","Dream Catcher","hubris:Icosahedron","Blood Vial","Bottled Flame","Boot"],"acts_visited":["Exordium"],"potions_floor_usage":[6,10],"damage_taken":[{"damage":8,"enemies":"Hallownest:2_Baldur","floor":1,"turns":8},{"damage":7,"enemies":"Hallownest:eliteVengeflyKing","floor":2,"turns":5},{"damage":1,"enemies":"Hallownest:monsterHuskWarrior","floor":3,"turns":3},{"damage":4,"enemies":"Hallownest:eliteMossKnight","floor":6,"turns":8},{"damage":28,"enemies":"Hallownest:eliteVengeflyKing","floor":8,"turns":10},{"damage":38,"enemies":"Hallownest:eliteMossKnight","floor":10,"turns":9}],"seed_played":"-4484446939436852317","potions_obtained":[{"floor":1,"key":"SpeedPotion"},{"floor":2,"key":"Doom Potion"},{"floor":2,"key":"SkillPotion"},{"floor":8,"key":"Swift Potion"}],"is_trial":false,"path_per_floor":["M","?","M","?","?","E","R","E","T","E"],"character_chosen":"WATCHER","items_purchased":[],"campfire_rested":0,"item_purchase_floors":[],"current_hp_per_floor":[64,57,56,56,65,61,61,35,35,0,0],"gold":224,"neow_bonus":"REMOVE_CARD","is_daily":false,"chose_seed":false,"campfire_upgraded":1,"win_rate":0.0,"timestamp":1614260776,"path_taken":["M","?","M","?","?","E","R","E","T","E"],"items_purchased_type":[],"build_version":"2020-12-22","purchased_purges":0,"victory":false,"max_hp_per_floor":[72,72,72,72,81,81,81,81,81,81,81],"card_choices":[{"not_picked":["BattleHymn","FollowUp"],"picked":"Replay:BluntJabs","floor":1},{"not_picked":["PathToVictory","WheelKick"],"picked":"Protect","floor":2},{"not_picked":["Study","MentalFortress","Swivel"],"picked":"SKIP","floor":3},{"not_picked":["Omniscience","CrushJoints"],"picked":"Wallop","floor":6},{"not_picked":["ThirdEye","WaveOfTheHand"],"picked":"FlyingSleeves","floor":8}],"player_experience":127142,"relics_obtained":[{"floor":2,"key":"Dream Catcher"},{"floor":6,"key":"Blood Vial"},{"floor":8,"key":"Bottled Flame"},{"floor":9,"key":"Boot"}],"event_choices":[],"is_beta":false,"boss_relics":[],"items_purged_floors":[],"is_endless":false,"potions_floor_spawned":[2,8],"killed_by":"Hallownest:eliteMossKnight","ascension_level":0}}