{"host":"75f7vpxw7p171fvt","time":1614289344,"event":{"mods":["100% Spire Juice","Act Like it!","Arknights","Astrologer","Bard","BaseMod","CapriCore","ChefMod","Clockwork Mod","Communication Mod","Downfall","Duelist Mod","Gensokyo","Gremlin Mod","Jorbs\u0027s Wanderer Trilogy","Minty Spire (QoL Compilation)","Potionbrewer","Reliquary","Robot Space Explorer","Shapeshifter Mod","StS++","StSLib","The Administrix","The Blackbeard","The Dragon Tamer","The Gatherer","The Immortal","The Mystic","The Poker Player"],"gold_per_floor":[99,111,111,174,15,28,28,46,221,237,253,263,279,297,332,430,430,330,347,347,347,347,347,372,401,411,411,411,46,46,66,78,182,182,82,96,371,391,391,391,391,407,417,427,441,452,481,481,500,500],"floor_reached":51,"language":"ENG","playtime":8177,"items_purged":["Slimebound:Defend_Slimebound"],"score":747,"play_id":"c5090f9e-7e03-45d3-b67c-41b2208e702d","local_time":"20210225134224","is_ascension_mode":false,"campfire_choices":[{"data":"Transmutation","floor":1.0,"key":"SMITH"},{"data":"Slimebound:MinionMaster","floor":18.0,"key":"SMITH"},{"floor":27.0,"key":"RECALL"},{"floor":35.0,"key":"REST"},{"floor":40.0,"key":"REST"}],"circlet_count":0,"master_deck":["Slimebound:Strike_Slimebound","Slimebound:Strike_Slimebound","Slimebound:Strike_Slimebound","Slimebound:Tackle","Slimebound:Defend_Slimebound","Slimebound:Defend_Slimebound","Slimebound:Split","Slimebound:CorrosiveSpit+1","Slimebound:GoopSpray","Slimebound:SlimeBrawl","Slimebound:Repurpose","Slimebound:ProtectTheBoss","Slimebound:SplitMire","Slimebound:SplitBruiser","Slimebound:OozeBath","Slimebound:SpikyOuterGoop","Slimebound:Prepare+1","Slimebound:LeechEnergy+1","Slimebound:SplitAcid","Slimebound:MinionMaster+1","CurseOfTheBell","Slimebound:SlimeBrawl+1","Slimebound:MegaLick","RitualDagger+1","Slimebound:Equalize+1","Slimebound:LeechEnergy+1","Slimebound:Gluttony","expansioncontent:QuickStudy","Bandage Up","Slimebound:MegaLick","Slimebound:RallyTheTroops+1","Slimebound:SplitAcid+1","Regret","Slimebound:Prepare+1","Slimebound:Darklings","Slimebound:ServeAndProtect+1","Slimebound:SamplingLick","Slimebound:Nibble+1","expansioncontent:AwakenDeath","expansioncontent:Chronoboost","expansioncontent:Hexaburn","Slimebound:PrepareCrush"],"relics":["Slimebound:AbsorbEndCombat","Lizard Tail","Strange Spoon","Calling Bell","Molten Egg 2","Pocketwatch","downfall:HeartBlessingBlue","War Paint","reliquary:Vitrine","Enchiridion","Fusion Hammer","downfall:HeartBlessingRed","Meat on the Bone","TungstenRod","Slimebound:MaxSlimesRelic"],"acts_visited":["Exordium","TheCity","TheBeyond"],"potions_floor_usage":[50],"damage_taken":[{"damage":7.0,"enemies":"Small Slimes","floor":2.0,"turns":4.0},{"damage":28.0,"enemies":"Gremlin Nob","floor":4.0,"turns":5.0},{"damage":5.0,"enemies":"downfall:FleeingMerchant","floor":5.0,"turns":4.0},{"damage":0.0,"enemies":"2 Louse","floor":6.0,"turns":1.0},{"damage":8.0,"enemies":"Jaw Worm","floor":8.0,"turns":4.0},{"damage":11.0,"enemies":"Large Slime","floor":10.0,"turns":7.0},{"damage":19.0,"enemies":"2 Fungi Beasts","floor":11.0,"turns":6.0},{"damage":16.0,"enemies":"Exordium Wildlife","floor":12.0,"turns":3.0},{"damage":4.0,"enemies":"Blue Slaver","floor":13.0,"turns":4.0},{"damage":10.0,"enemies":"Exordium Thugs","floor":14.0,"turns":3.0},{"damage":0.0,"enemies":"2 Fungi Beasts","floor":15.0,"turns":4.0},{"damage":20.0,"enemies":"SI_SHIV_ARCHETYPE","floor":16.0,"turns":9.0},{"damage":14.0,"enemies":"Spheric Guardian","floor":19.0,"turns":6.0},{"damage":0.0,"enemies":"Chosen","floor":20.0,"turns":1.0},{"damage":29.0,"enemies":"Slavers","floor":25.0,"turns":5.0},{"damage":12.0,"enemies":"Snecko","floor":26.0,"turns":4.0},{"damage":0.0,"enemies":"downfall:FleeingMerchant","floor":29.0,"turns":4.0},{"damage":9.0,"enemies":"Centurion and Healer","floor":31.0,"turns":6.0},{"damage":10.0,"enemies":"Cultist and Chosen","floor":32.0,"turns":3.0},{"damage":49.0,"enemies":"DF_ARCHETYPE_CLAW","floor":33.0,"turns":5.0},{"damage":7.0,"enemies":"3 Shapes","floor":36.0,"turns":4.0},{"damage":10.0,"enemies":"Orb Walker","floor":38.0,"turns":3.0},{"damage":27.0,"enemies":"Spire Growth","floor":42.0,"turns":5.0},{"damage":27.0,"enemies":"Jaw Worm Horde","floor":43.0,"turns":4.0},{"damage":21.0,"enemies":"Maw","floor":44.0,"turns":7.0},{"damage":0.0,"enemies":"Spire Growth","floor":45.0,"turns":4.0},{"damage":30,"enemies":"Jaw Worm Horde","floor":46,"turns":5},{"damage":15,"enemies":"Giant Head","floor":47,"turns":9},{"damage":0,"enemies":"Transient","floor":49,"turns":5},{"damage":35,"enemies":"IC_BLOCK_ARCHETYPE","floor":50,"turns":8}],"seed_played":"-7166267240120763502","potions_obtained":[{"floor":4.0,"key":"Fruit Juice"},{"floor":8.0,"key":"Slimebound:SlimedPotion"},{"floor":13.0,"key":"Slimebound:ThreeZeroPotion"},{"floor":14.0,"key":"Regen Potion"},{"floor":15.0,"key":"FearPotion"},{"floor":16.0,"key":"Guardian:BlockOnCardUsePotion"},{"floor":19.0,"key":"SkillPotion"},{"floor":22.0,"key":"CultistPotion"},{"floor":26.0,"key":"FearPotion"},{"floor":33.0,"key":"Fruit Juice"},{"floor":36.0,"key":"Explosive Potion"},{"floor":46,"key":"Explosive Potion"},{"floor":49,"key":"AttackPotion"}],"is_trial":false,"path_per_floor":["R","M","?","?","$","M","T","M","?","M","M","M","M","M","M","B",null,"R","M","M","?","?","?","T","E","M","R","?","$","?","M","M","B",null,"R","M","?","M","?","R","T","M","M","M","M","M","E","?","M","B",null],"character_chosen":"SLIMEBOUND","items_purchased":["Strange Spoon","expansioncontent:QuickStudy","Bandage Up"],"campfire_rested":2,"item_purchase_floors":[5,29,29],"current_hp_per_floor":[47,44,44,18,22,22,22,14,14,7,29,13,11,7,22,10,70,80,72,72,72,72,57,57,36,42,42,26,46,38,53,61,41,90,90,88,88,86,86,90,90,85,68,71,89,77,79,70,90,83],"gold":500,"neow_bonus":"RANDOM_COLORLESS_2","is_daily":false,"chose_seed":false,"campfire_upgraded":2,"win_rate":0.0,"timestamp":1614289344,"path_taken":["R","M","?","?","$","M","T","?","?","M","M","M","M","M","M","BOSS","R","M","M","?","?","?","T","E","?","R","?","$","?","?","M","BOSS","R","M","?","?","?","R","T","M","M","M","M","M","E","?","M","BOSS"],"items_purchased_type":["Relic","Card","Card"],"build_version":"2020-12-22","purchased_purges":1,"victory":true,"max_hp_per_floor":[65,65,65,65,70,70,70,70,70,70,70,70,70,70,70,70,70,80,80,80,80,80,85,85,85,85,85,85,85,85,85,85,90,90,90,90,90,90,90,90,90,90,90,90,90,90,90,90,90,90],"card_choices":[{"not_picked":["HandOfGreed","The Bomb"],"picked":"Transmutation","floor":0.0},{"not_picked":["Slimebound:HauntingLick","Slimebound:FinishingTackle"],"picked":"Slimebound:GoopSpray","floor":2.0},{"not_picked":["Slimebound:ComboTackle","Slimebound:DivideAndConquer"],"picked":"Slimebound:SlimeBrawl","floor":4.0},{"not_picked":["Slimebound:SlimeSpikes","Slimebound:SplitBruiser"],"picked":"Slimebound:Repurpose","floor":5.0},{"not_picked":["Slimebound:ViciousTackle","Slimebound:GoopSpray"],"picked":"Slimebound:ProtectTheBoss","floor":6.0},{"not_picked":["Slimebound:FinishingTackle","Slimebound:SplitBruiser"],"picked":"Slimebound:SplitMire","floor":8.0},{"not_picked":["Slimebound:Dissolve","Slimebound:LeechingTouch"],"picked":"Slimebound:SplitBruiser","floor":10.0},{"not_picked":["Slimebound:Equalize","Slimebound:FlameTackle"],"picked":"Slimebound:OozeBath","floor":11.0},{"not_picked":["Slimebound:DisruptingSlam","Slimebound:SplitAcid"],"picked":"Slimebound:SpikyOuterGoop","floor":12.0},{"not_picked":["Slimebound:SlimeSpikes","Slimebound:RollThrough"],"picked":"Slimebound:Prepare","floor":13.0},{"not_picked":["Slimebound:FormOfPuddle","Slimebound:GoopTackle"],"picked":"Slimebound:LeechEnergy","floor":14.0},{"not_picked":["Slimebound:RollThrough","Slimebound:GrowthPunch"],"picked":"Slimebound:SplitAcid","floor":15.0},{"not_picked":["Slimebound:PrepareCrush","Slimebound:Overexert"],"picked":"Slimebound:MinionMaster","floor":16.0},{"not_picked":["Slimebound:FlameTackle+1","Slimebound:LeechEnergy+1"],"picked":"Slimebound:SlimeBrawl+1","floor":19.0},{"not_picked":["Slimebound:ComboTackle+1","Slimebound:RejuvenatingLick"],"picked":"Slimebound:MegaLick","floor":20.0},{"not_picked":["Slimebound:ItLooksTasty+1","Slimebound:LivingWall"],"picked":"Slimebound:Equalize+1","floor":25.0},{"not_picked":["Slimebound:RollThrough+1","Slimebound:ComboTackle+1"],"picked":"Slimebound:LeechEnergy+1","floor":26.0},{"not_picked":["Slimebound:Schlurp","Slimebound:DisruptingSlam+1"],"picked":"Slimebound:Gluttony","floor":29.0},{"not_picked":["Slimebound:PressTheAttack+1","Slimebound:TongueLash+1","Slimebound:RollThrough+1"],"picked":"SKIP","floor":31.0},{"not_picked":["Slimebound:GrowthPunch+1","Slimebound:Chomp+1"],"picked":"Slimebound:MegaLick","floor":32.0},{"not_picked":["Slimebound:MassFeed+1","Slimebound:DouseInSlime"],"picked":"Slimebound:RallyTheTroops+1","floor":33.0},{"not_picked":["Slimebound:LeechEnergy+1","Slimebound:SplitMire"],"picked":"Slimebound:SplitAcid+1","floor":36.0},{"not_picked":["Slimebound:LeechEnergy+1","Slimebound:Grow+1"],"picked":"Slimebound:Prepare+1","floor":38.0},{"not_picked":["Slimebound:ComboTackle+1","Slimebound:Schlurp+1","Slimebound:GrowthPunch+1"],"picked":"SKIP","floor":42.0},{"not_picked":["Slimebound:RollThrough+1","Slimebound:SlimeSpikes+1","Slimebound:ComboTackle+1"],"picked":"SKIP","floor":43.0},{"not_picked":["Slimebound:SplitLeeching","Slimebound:SlimeSpikes"],"picked":"Slimebound:ServeAndProtect+1","floor":44.0},{"not_picked":["Slimebound:Schlurp","Slimebound:ViciousTackle+1"],"picked":"Slimebound:SamplingLick","floor":45.0},{"not_picked":["Slimebound:SlimeSpikes+1","Slimebound:RollThrough+1","Slimebound:ViciousTackle+1"],"picked":"SKIP","floor":46},{"not_picked":["Slimebound:ViciousTackle+1","Slimebound:SlimeTap+1"],"picked":"Slimebound:Nibble+1","floor":47},{"not_picked":["expansioncontent:LastStand","expansioncontent:HyperBeam"],"picked":"expansioncontent:AwakenDeath","floor":48},{"not_picked":["expansioncontent:HyperBeam","expansioncontent:PolyBeam"],"picked":"expansioncontent:Chronoboost","floor":48},{"not_picked":["expansioncontent:PolyBeam","expansioncontent:YouAreMine"],"picked":"expansioncontent:Hexaburn","floor":48},{"not_picked":["Slimebound:ViciousTackle+1","Slimebound:PressTheAttack+1"],"picked":"Slimebound:PrepareCrush","floor":49}],"player_experience":46284,"relics_obtained":[{"floor":17.0,"key":"reliquary:FerryPass"},{"floor":17.0,"key":"Molten Egg 2"},{"floor":17.0,"key":"Pocketwatch"},{"floor":24.0,"key":"War Paint"},{"floor":25.0,"key":"reliquary:Vitrine"},{"floor":28.0,"key":"Enchiridion"},{"floor":41.0,"key":"Meat on the Bone"},{"floor":44.0,"key":"TungstenRod"},{"floor":47,"key":"Slimebound:MaxSlimesRelic"}],"event_choices":[],"is_beta":false,"boss_relics":[{"not_picked":["Sozu","Runic Pyramid"],"picked":"Calling Bell"},{"not_picked":["StSpp:FireArrow","reliquary:ThirdArm"],"picked":"Fusion Hammer"}],"items_purged_floors":[29],"is_endless":false,"potions_floor_spawned":[4,8,13,14,15,16,19,26,33,36,38,46,49],"ascension_level":0}}