{"host":"sufkhx3gqml4n92r","time":1614238183,"event":{"mods":["ATMod(阿瑾Mod)","Act Like it!","BaseMod","Challenge The Spire","Colored Powertips","Conspire","Friendly Minions","Highlight Path","HumanHunterMod(怪物杀人mod)","KinomotoSakuraMod(木之本樱)","Library of Ruina","Library of Ruina Extra","Minty Spire (QoL Compilation)","MostiFishMod","Pale of the Ancients","Red Circlet Mod","Relic Filter Mod","Relic Stats","Reliquary","Remilia（蕾米莉亚）","Replay The Spire","Shop Mod","Spicy Shops","Spire Birthday Party","StSLib","TestMod","The Alterego","Waifu the Spire","Wide Potions","noobMod","【功能Mod】聪明的最终Boss","【遗物卡牌】REMEMod"],"gold_per_floor":[120,120,140,140,65,65,65],"floor_reached":6,"language":"ZHS","playtime":260,"items_purged":["Normality"],"score":34,"play_id":"e0521881-e47e-4ba1-b035-c94a6a62f7d1","local_time":"20210225152943","is_ascension_mode":false,"campfire_choices":[],"circlet_count":0,"master_deck":["Dodge","LightDefense","LightAttack","LightAttack","LightAttack","LightDefense","LightDefense","LightDefense","ChargeAndCover","FocusedStrikes","MostiFishMod:StarWish+1","AT_FamilyPortrait","FrontalAssault","SpearedSweep"],"relics":["PageOfLibrarian","ice","REME_ComplimentaryCards","DaveBox","AT_ATBox","testmod-TestBox","PatriotShield","testmod-Brilliant","PrismaticShard"],"acts_visited":["Exordium"],"potions_floor_usage":[],"damage_taken":[{"damage":0,"enemies":"Jaw Worm","floor":1,"turns":3},{"damage":0,"enemies":"2 Louse","floor":3,"turns":1},{"damage":0,"enemies":"Replay:BlueRogue","floor":6,"turns":1}],"seed_played":"4593784667486734954","potions_obtained":[],"is_trial":false,"path_per_floor":["M","?","M","?","$","E"],"character_chosen":"Librarian","items_purchased":[],"campfire_rested":0,"item_purchase_floors":[],"current_hp_per_floor":[60,60,60,60,60,60,60],"gold":65,"neow_bonus":"UPGRADE_CARD","is_daily":false,"chose_seed":false,"campfire_upgraded":0,"win_rate":0.0,"timestamp":1614238183,"path_taken":["M","?","M","?","$","E"],"items_purchased_type":[],"build_version":"2020-12-22","purchased_purges":1,"victory":false,"max_hp_per_floor":[62,62,62,62,62,62,62],"relic_stats":{"counters":[3,4],"obtain_stats":[{"PageOfLibrarian":0,"testmod-Brilliant":0,"PatriotShield":0,"AT_ATBox":0,"testmod-TestBox":0,"DaveBox":0,"ice":0,"PrismaticShard":4,"REME_ComplimentaryCards":0},{"PageOfLibrarian":0,"testmod-Brilliant":0,"PatriotShield":0,"AT_ATBox":0,"testmod-TestBox":0,"DaveBox":0,"ice":0,"PrismaticShard":2,"REME_ComplimentaryCards":0},{"PageOfLibrarian":0,"testmod-Brilliant":0,"PatriotShield":0,"AT_ATBox":0,"testmod-TestBox":0,"DaveBox":0,"ice":0,"PrismaticShard":4,"REME_ComplimentaryCards":0}]},"card_choices":[{"not_picked":["SuppressingShot","EndlessBattle","Wallop_lor","EmotionalTurbulence","WillBeTasty","Quickness","BackAttack","SkyClearingCut"],"picked":"FrontalAssault","floor":1},{"not_picked":["FervidEmotions","SuppressingShot","BindingArms","Rampage_lor","DesperateStruggle","DarkCloud","GuardingStance","UpbeatPerformance"],"picked":"SpearedSweep","floor":3}],"player_experience":98181,"relics_obtained":[],"event_choices":[{"damage_healed":0,"gold_gain":0,"player_choice":"Leave","damage_taken":0,"max_hp_gain":0,"max_hp_loss":0,"event_name":"conspire:Investor","floor":2,"gold_loss":0}],"is_beta":false,"boss_relics":[],"items_purged_floors":[5],"is_endless":false,"potions_floor_spawned":[],"killed_by":"Replay:BlueRogue","ascension_level":0}}