{"host":"lg1piimdyocafd6j","time":1614286626,"event":{"mods":["AchievementEnabler","BaseMod","Better Third Choice","BetterRewards","Colored Map","Colored Powertips","Downfall","Minty Spire (QoL Compilation)","Quick Restart","Rare Cards Sparkle","Remove Card Discount Mod","Shop Mod","StSLib","SuperFastMode"],"gold_per_floor":[113,132,146,126,145,145,145,172,172,190,184,184,213,223,223,327,327,339,174,205,205,205,205,224,224,224,257,277,35,35,55,55,152,152,168,390,390,350,364,391,403,422,422,422,295,295,309,319,319,319,319,319,39,67,67],"floor_reached":56,"language":"ENG","playtime":3106,"items_purged":["Strike_B","Dualcast","Strike_B","Strike_B","Strike_B","Defend_B","Streamline","Streamline","Zap","Gash","Defend_B","Defend_B","Gash","Steam","Steam","Madness","Parasite","Madness"],"score":1357,"play_id":"a5ea3b90-7cff-4c69-b671-16ea6e6060f1","local_time":"20210225215706","is_ascension_mode":false,"campfire_choices":[{"data":"Genetic Algorithm","floor":6,"key":"SMITH"},{"floor":12,"key":"RECALL"},{"data":"Leap","floor":15,"key":"SMITH"},{"data":"Echo Form","floor":23,"key":"SMITH"},{"data":"Steam","floor":25,"key":"SMITH"},{"floor":32,"key":"REST"},{"data":"Beam Cell","floor":44,"key":"SMITH"},{"data":"Steam","floor":46,"key":"SMITH"},{"data":"Gash","floor":49,"key":"SMITH"},{"data":"Glacier","floor":52,"key":"SMITH"}],"circlet_count":0,"master_deck":["Beam Cell+1","Beam Cell","Gash","Steam+1","Gash+1","Machine Learning","Genetic Algorithm+1","Reinforced Body+1","Leap+1","Gash","Echo Form+1","Gash+1","Steam+1","Steam+1","Glacier+1","Beam Cell+1","Scrape","Self Repair+1","Leap+1"],"relics":["Cracked Core","Vajra","DollysMirror","Orrery","Blue Candle","Lizard Tail","Incense Burner","SlaversCollar","PreservedInsect","Red Mask","Sundial","Dream Catcher","Membership Card","Oddly Smooth Stone","Runic Pyramid","Bag of Preparation","Strawberry","Ornamental Fan","TungstenRod","HornCleat","Symbiotic Virus"],"acts_visited":["Exordium","TheCity","TheBeyond","TheEnding"],"potions_floor_usage":[8,8,20,33,55,55,55],"damage_taken":[{"damage":0,"enemies":"Small Slimes","floor":1,"turns":3},{"damage":0,"enemies":"Cultist","floor":2,"turns":3},{"damage":4,"enemies":"Jaw Worm","floor":3,"turns":4},{"damage":0,"enemies":"3 Louse","floor":5,"turns":3},{"damage":2,"enemies":"Lagavulin","floor":8,"turns":4},{"damage":0,"enemies":"Large Slime","floor":10,"turns":4},{"damage":0,"enemies":"3 Sentries","floor":13,"turns":7},{"damage":0,"enemies":"2 Fungi Beasts","floor":14,"turns":4},{"damage":0,"enemies":"Slime Boss","floor":16,"turns":9},{"damage":4,"enemies":"Shell Parasite","floor":18,"turns":5},{"damage":15,"enemies":"Masked Bandits","floor":20,"turns":5},{"damage":14,"enemies":"3 Byrds","floor":24,"turns":5},{"damage":2,"enemies":"Slavers","floor":27,"turns":5},{"damage":6,"enemies":"Shelled Parasite and Fungi","floor":28,"turns":4},{"damage":9,"enemies":"3 Cultists","floor":31,"turns":6},{"damage":20,"enemies":"Automaton","floor":33,"turns":9},{"damage":0,"enemies":"3 Darklings","floor":35,"turns":6},{"damage":0,"enemies":"Orb Walker","floor":39,"turns":4},{"damage":0,"enemies":"Giant Head","floor":40,"turns":6},{"damage":0,"enemies":"Jaw Worm Horde","floor":41,"turns":4},{"damage":6,"enemies":"Writhing Mass","floor":42,"turns":5},{"damage":0,"enemies":"Transient","floor":47,"turns":5},{"damage":0,"enemies":"Maw","floor":48,"turns":6},{"damage":0,"enemies":"Awakened One","floor":50,"turns":8},{"damage":0,"enemies":"Shield and Spear","floor":54,"turns":5},{"damage":31,"enemies":"The Heart","floor":55,"turns":8}],"seed_played":"-5335771671566558609","potions_obtained":[{"floor":1,"key":"Strength Potion"},{"floor":4,"key":"AttackPotion"},{"floor":5,"key":"SkillPotion"},{"floor":8,"key":"sneckomod:MuddlingPotion"},{"floor":10,"key":"Regen Potion"},{"floor":20,"key":"EssenceOfSteel"},{"floor":33,"key":"CultistPotion"},{"floor":47,"key":"DuplicationPotion"}],"is_trial":false,"path_per_floor":["M","M","M","?","M","R","?","E","T","M","$","R","E","M","R","B",null,"M","$","?","?","?","R","M","R","T","E","M","$","?","M","R","B",null,"M","?","?","?","M","E","M","M","T","R","$","R","M","M","R","B",null,"R","$","E","B",null],"character_chosen":"DEFECT","items_purchased":["Vajra","Beam Cell","Steam","Gash","Beam Cell","DollysMirror","Orrery","BlessingOfTheForge","PreservedInsect","Membership Card","Glacier","Oddly Smooth Stone","Ornamental Fan","TungstenRod","HornCleat"],"campfire_rested":1,"item_purchase_floors":[0,0,0,0,0,0,0,0,19,29,29,29,45,53,53],"current_hp_per_floor":[75,75,71,71,71,71,66,64,64,64,64,64,64,64,64,64,75,71,71,67,67,67,67,53,53,53,51,45,45,45,36,58,38,75,75,75,66,66,66,66,66,60,67,67,67,67,67,77,77,77,79,79,79,79,58],"gold":67,"neow_bonus":"","is_daily":false,"chose_seed":false,"campfire_upgraded":8,"win_rate":0.0,"timestamp":1614286626,"path_taken":["M","M","M","?","?","R","?","E","T","M","$","R","E","M","R","BOSS","M","$","?","?","?","R","M","R","T","E","?","$","?","M","R","BOSS","M","?","?","?","M","E","?","M","T","R","$","R","M","M","R","BOSS","R","$","E","BOSS"],"items_purchased_type":["Relic","Card","Card","Card","Card","Relic","Relic","Potion","Relic","Relic","Card","Relic","Relic","Relic","Relic"],"build_version":"2020-12-22","purchased_purges":18,"victory":true,"max_hp_per_floor":[75,75,75,75,75,75,75,75,75,75,75,75,75,75,75,75,75,75,75,75,75,75,75,75,75,75,75,75,75,75,75,75,75,75,75,75,75,75,75,75,75,75,82,82,79,79,79,79,79,79,79,79,79,79,79],"card_choices":[{"not_picked":["Rebound","Chill"],"picked":"Steam","floor":0},{"not_picked":["Barrage","Compile Driver"],"picked":"Streamline","floor":0},{"not_picked":["Compile Driver","Static Discharge"],"picked":"Steam","floor":0},{"not_picked":["Sunder","Auto Shields"],"picked":"Gash","floor":0},{"not_picked":["Defragment","Redo"],"picked":"Machine Learning","floor":0},{"not_picked":["Chaos","Conserve Battery"],"picked":"Genetic Algorithm","floor":1},{"not_picked":["Stack","Reprogram"],"picked":"Streamline","floor":2},{"not_picked":["Sunder","Hello World"],"picked":"Reinforced Body","floor":3},{"not_picked":["Cold Snap","Conserve Battery"],"picked":"Leap","floor":5},{"not_picked":["Sweeping Beam","Coolheaded"],"picked":"Gash","floor":8},{"not_picked":["Redo","Skim"],"picked":"Gash","floor":10},{"not_picked":["Heatsinks","Compile Driver","Force Field"],"picked":"SKIP","floor":13},{"not_picked":["Steam Power","Defragment","Melter"],"picked":"SKIP","floor":14},{"not_picked":["Fission","Seek"],"picked":"Echo Form","floor":16},{"not_picked":["Double Energy","Consume"],"picked":"Gash+1","floor":18},{"not_picked":["Capacitor+1","Steam Power","Redo"],"picked":"SKIP","floor":24},{"not_picked":["Rebound+1","Conserve Battery"],"picked":"Steam","floor":27},{"not_picked":["Go for the Eyes","Creative AI"],"picked":"Steam+1","floor":28},{"not_picked":["Gash","Sweeping Beam+1"],"picked":"Beam Cell+1","floor":31},{"not_picked":["Barrage","Beam Cell","Gash"],"picked":"SKIP","floor":35},{"not_picked":["Hologram","Genetic Algorithm+1","Steam"],"picked":"SKIP","floor":39},{"not_picked":["Hyperbeam","Hologram+1"],"picked":"Scrape","floor":40},{"not_picked":["Darkness+1","Static Discharge","Turbo"],"picked":"SKIP","floor":41},{"not_picked":["Storm+1","Ball Lightning+1","Undo"],"picked":"SKIP","floor":42},{"not_picked":["Beam Cell","Coolheaded"],"picked":"Self Repair+1","floor":47},{"not_picked":["Blizzard+1","Rip and Tear","Sweeping Beam"],"picked":"SKIP","floor":48},{"not_picked":["Sweeping Beam+1","Creative AI"],"picked":"Leap+1","floor":54}],"player_experience":230515,"relics_obtained":[{"floor":8,"key":"Lizard Tail"},{"floor":13,"key":"Incense Burner"},{"floor":20,"key":"Red Mask"},{"floor":26,"key":"Sundial"},{"floor":27,"key":"Dream Catcher"},{"floor":40,"key":"Bag of Preparation"},{"floor":43,"key":"Strawberry"},{"floor":54,"key":"Symbiotic Virus"}],"event_choices":[{"damage_healed":0,"gold_gain":0,"player_choice":"Bought 1 Potion","damage_taken":0,"max_hp_gain":0,"max_hp_loss":0,"event_name":"The Woman in Blue","floor":4,"gold_loss":0},{"damage_healed":0,"gold_gain":0,"player_choice":"Fought Bandits","damage_taken":0,"max_hp_gain":0,"max_hp_loss":0,"event_name":"Masked Bandits","floor":20,"gold_loss":0},{"cards_removed":["Defend_B"],"damage_healed":0,"gold_gain":0,"player_choice":"Offered Basic","damage_taken":0,"max_hp_gain":0,"max_hp_loss":0,"event_name":"Bonfire Elementals","floor":22,"gold_loss":0},{"damage_healed":0,"gold_gain":222,"player_choice":"Wore Mask","damage_taken":0,"max_hp_gain":0,"max_hp_loss":0,"event_name":"Tomb of Lord Red Mask","floor":36,"gold_loss":0},{"damage_healed":0,"gold_gain":0,"player_choice":"Embrace Madness","damage_taken":9,"max_hp_gain":0,"max_hp_loss":0,"event_name":"Winding Halls","floor":37,"gold_loss":0,"cards_obtained":["Madness","Madness"]},{"damage_healed":0,"gold_gain":0,"player_choice":"Upgrade","damage_taken":0,"max_hp_gain":0,"max_hp_loss":0,"event_name":"Designer","floor":38,"gold_loss":40,"cards_upgraded":["Reinforced Body"]}],"is_beta":false,"boss_relics":[{"not_picked":["Sozu","Fusion Hammer"],"picked":"SlaversCollar"},{"not_picked":["Astrolabe","Coffee Dripper"],"picked":"Runic Pyramid"}],"items_purged_floors":[0,0,0,0,0,0,11,11,11,19,19,19,19,29,29,45,45,45],"is_endless":false,"potions_floor_spawned":[1,5,8,10,20,28,33,42,47,48],"ascension_level":0}}