{"host":"f97mkdti7dx29mjq","time":1614217193,"event":{"mods":["BaseMod","Colored Powertips","Minty Spire (QoL Compilation)","Quick Restart","Rare Cards Sparkle","StSLib"],"gold_per_floor":[116,129,129,147,147,177,177,212,238,272,291,306,324,337,337,434,434,451,464,464,204,223,253,253,268,268,300,310,310,321,351,351,351,351],"floor_reached":33,"language":"ENG","playtime":2192,"items_purged":[],"score":424,"play_id":"ed486b5a-97b4-461f-9663-5ad3177a7d35","local_time":"20210224203953","is_ascension_mode":true,"campfire_choices":[{"data":"Feed","floor":7,"key":"SMITH"},{"data":"Flex","floor":15,"key":"SMITH"},{"data":"Infernal Blade","floor":24,"key":"SMITH"},{"data":"Exhume","floor":29,"key":"SMITH"},{"data":"Armaments","floor":32,"key":"SMITH"}],"circlet_count":0,"master_deck":["Strike_R+1","Strike_R+1","Strike_R+1","Strike_R+1","Strike_R+1","Defend_R+1","Defend_R+1","Defend_R+1","Defend_R+1","Bash","Thunderclap","Perfected Strike","Immolate","Seeing Red","Feed+1","Pummel+1","Rampage","Flex+1","Second Wind","Ghostly Armor","Perfected Strike","Rupture","Exhume+1","Infernal Blade+1","Burning Pact","Sword Boomerang+1","Combust","Battle Trance","Uppercut+1","Armaments","Cleave","Armaments+1"],"relics":["Burning Blood","Omamori","Happy Flower","Potion Belt","PreservedInsect","Calling Bell","Bag of Marbles","Incense Burner","InkBottle","Question Card","Whetstone","Mango","Frozen Egg 2","Meat on the Bone"],"acts_visited":["Exordium","TheCity"],"potions_floor_usage":[16,16,16,18,23,28],"damage_taken":[{"damage":0,"enemies":"2 Louse","floor":1,"turns":3},{"damage":1,"enemies":"Jaw Worm","floor":2,"turns":5},{"damage":1,"enemies":"Cultist","floor":4,"turns":3},{"damage":9,"enemies":"3 Sentries","floor":6,"turns":4},{"damage":39,"enemies":"Lagavulin","floor":8,"turns":6},{"damage":29,"enemies":"3 Sentries","floor":10,"turns":5},{"damage":2,"enemies":"Blue Slaver","floor":11,"turns":3},{"damage":11,"enemies":"Exordium Wildlife","floor":12,"turns":2},{"damage":12,"enemies":"2 Fungi Beasts","floor":13,"turns":3},{"damage":0,"enemies":"Large Slime","floor":14,"turns":5},{"damage":73,"enemies":"The Guardian","floor":16,"turns":10},{"damage":19,"enemies":"Shell Parasite","floor":18,"turns":5},{"damage":30,"enemies":"Spheric Guardian","floor":19,"turns":5},{"damage":1,"enemies":"Snecko","floor":22,"turns":4},{"damage":2,"enemies":"Slavers","floor":23,"turns":4},{"damage":23,"enemies":"Chosen and Byrds","floor":25,"turns":6},{"damage":28,"enemies":"Book of Stabbing","floor":27,"turns":4},{"damage":6,"enemies":"Cultist and Chosen","floor":28,"turns":4},{"damage":6,"enemies":"Centurion and Healer","floor":30,"turns":6},{"damage":1,"enemies":"Gremlin Leader","floor":31,"turns":3},{"damage":86,"enemies":"Collector","floor":33,"turns":5}],"seed_played":"-3373147820793795790","potions_obtained":[{"floor":1,"key":"FairyPotion"},{"floor":2,"key":"SmokeBomb"},{"floor":12,"key":"SteroidPotion"},{"floor":13,"key":"SneckoOil"},{"floor":14,"key":"Energy Potion"},{"floor":16,"key":"Fire Potion"},{"floor":19,"key":"Fire Potion"},{"floor":27,"key":"DistilledChaos"},{"floor":28,"key":"GamblersBrew"}],"is_trial":false,"path_per_floor":["M","M","?","M","?","E","R","E","T","E","M","M","M","M","R","B",null,"M","M","?","$","M","E","R","M","T","E","M","R","M","E","R","B"],"character_chosen":"IRONCLAD","items_purchased":["Question Card"],"campfire_rested":0,"item_purchase_floors":[21],"current_hp_per_floor":[88,88,88,88,88,88,88,55,55,36,40,39,37,47,47,15,107,94,70,70,70,75,83,83,70,84,66,70,70,70,75,75,0,0],"gold":351,"neow_bonus":"TEN_PERCENT_HP_BONUS","is_daily":false,"chose_seed":false,"campfire_upgraded":5,"win_rate":0.0,"timestamp":1614217193,"path_taken":["M","M","?","M","?","E","R","E","T","E","M","M","M","?","R","BOSS","M","M","?","$","M","E","R","M","T","E","M","R","M","E","R","BOSS"],"items_purchased_type":["Relic"],"build_version":"2020-12-22","purchased_purges":0,"victory":false,"max_hp_per_floor":[88,88,88,88,88,91,91,91,91,95,95,99,103,107,107,107,107,107,107,107,107,107,111,111,115,129,133,137,137,137,137,137,137,137],"card_choices":[{"not_picked":["Dual Wield","Iron Wave"],"picked":"Thunderclap","floor":1},{"not_picked":["Warcry","Heavy Blade"],"picked":"Perfected Strike","floor":2},{"not_picked":["Sword Boomerang","Combust"],"picked":"Immolate","floor":4},{"not_picked":["Sword Boomerang","Uppercut"],"picked":"Pummel","floor":6},{"not_picked":["Bloodletting","Power Through"],"picked":"Rampage","floor":8},{"not_picked":["Sword Boomerang","Anger"],"picked":"Flex","floor":10},{"not_picked":["Pommel Strike","Reckless Charge"],"picked":"Second Wind","floor":11},{"not_picked":["Headbutt","Sword Boomerang"],"picked":"Ghostly Armor","floor":12},{"not_picked":["Havoc","Seeing Red"],"picked":"Perfected Strike","floor":13},{"not_picked":["Anger","Seeing Red"],"picked":"Rupture","floor":14},{"not_picked":["Barricade","Limit Break"],"picked":"Exhume","floor":16},{"not_picked":["Sever Soul","Iron Wave"],"picked":"Infernal Blade","floor":18},{"not_picked":["Clash","Flex"],"picked":"Burning Pact","floor":19},{"not_picked":["Warcry","Reckless Charge","Feel No Pain"],"picked":"Sword Boomerang","floor":22},{"not_picked":["Immolate","Pommel Strike","Heavy Blade+1"],"picked":"Combust","floor":23},{"not_picked":["Sword Boomerang","Shrug It Off","Cleave"],"picked":"Battle Trance","floor":25},{"not_picked":["Anger","Heavy Blade","Rupture+1"],"picked":"Uppercut+1","floor":27},{"not_picked":["Shrug It Off","Clothesline","Heavy Blade"],"picked":"Armaments","floor":28},{"not_picked":["Twin Strike","Wild Strike","Sword Boomerang"],"picked":"Cleave","floor":30},{"not_picked":["Blood for Blood","Clothesline","Bludgeon"],"picked":"Armaments","floor":31}],"player_experience":208300,"relics_obtained":[{"floor":6,"key":"Omamori"},{"floor":8,"key":"Happy Flower"},{"floor":9,"key":"Potion Belt"},{"floor":10,"key":"PreservedInsect"},{"floor":17,"key":"Bag of Marbles"},{"floor":17,"key":"Incense Burner"},{"floor":17,"key":"InkBottle"},{"floor":23,"key":"Whetstone"},{"floor":26,"key":"Mango"},{"floor":27,"key":"Frozen Egg 2"},{"floor":31,"key":"Meat on the Bone"}],"event_choices":[{"damage_healed":0,"gold_gain":0,"player_choice":"Ignored","damage_taken":0,"max_hp_gain":0,"max_hp_loss":0,"event_name":"Golden Wing","floor":3,"gold_loss":0},{"damage_healed":0,"gold_gain":0,"player_choice":"2 cards matched","damage_taken":0,"max_hp_gain":0,"max_hp_loss":0,"event_name":"Match and Keep!","floor":5,"gold_loss":0,"cards_obtained":["Seeing Red","Feed"]},{"damage_healed":0,"gold_gain":0,"player_choice":"Simplicity","damage_taken":0,"max_hp_gain":0,"max_hp_loss":0,"event_name":"Back to Basics","floor":20,"gold_loss":0,"cards_upgraded":["Strike_R","Strike_R","Strike_R","Strike_R","Strike_R","Defend_R","Defend_R","Defend_R","Defend_R"]}],"is_beta":false,"boss_relics":[{"not_picked":["Runic Cube","Black Star"],"picked":"Calling Bell"}],"items_purged_floors":[],"is_endless":false,"potions_floor_spawned":[1,2,12,13,14,16,19,27,28],"killed_by":"Collector","ascension_level":1}}