{"host":"raaimkojny05jekw","time":1614257859,"event":{"mods":["AchievementEnabler","BaseMod","Colored Map","Colored Powertips","DeckTracker","Minty Spire (QoL Compilation)","Quick Restart","Rare Cards Sparkle","everything is the same but u backflip on backflip"],"gold_per_floor":[115,135,235,246,263,263,263,263,316,92,105,128,128,142,142,142,142],"floor_reached":16,"language":"KOR","playtime":464,"items_purged":["Strike_R"],"score":150,"play_id":"6cda2a8a-550f-4137-abbd-58736573b9cc","local_time":"20210225215739","is_ascension_mode":true,"campfire_choices":[{"data":"Whirlwind","floor":6,"key":"SMITH"},{"data":"Entrench","floor":15,"key":"SMITH"}],"circlet_count":0,"master_deck":["AscendersBane","Strike_R","Strike_R","Strike_R","Strike_R","Defend_R","Defend_R+1","Defend_R","Defend_R","Bash+1","Metallicize","Whirlwind+1","Pommel Strike","Juggernaut","Double Tap","Second Wind+1","Entrench+1","Warcry"],"relics":["Burning Blood","Golden Idol","Anchor","Centennial Puzzle","Orrery"],"acts_visited":["Exordium"],"potions_floor_usage":[5,14,16],"damage_taken":[{"damage":8,"enemies":"Jaw Worm","floor":1,"turns":4},{"damage":3,"enemies":"Cultist","floor":2,"turns":3},{"damage":0,"enemies":"2 Louse","floor":4,"turns":2},{"damage":21,"enemies":"Lots of Slimes","floor":5,"turns":3},{"damage":12,"enemies":"Looter","floor":11,"turns":3},{"damage":4,"enemies":"3 Louse","floor":12,"turns":2},{"damage":0,"enemies":"Gremlin Gang","floor":14,"turns":5},{"damage":33,"enemies":"The Guardian","floor":16,"turns":7}],"seed_played":"4608357294801001236","potions_obtained":[{"floor":4,"key":"DistilledChaos"},{"floor":5,"key":"Fire Potion"},{"floor":14,"key":"Block Potion"}],"is_trial":false,"path_per_floor":["M","M","?","M","M","R","?","?","T","$","M","M","?","M","R","B"],"character_chosen":"IRONCLAD","items_purchased":["Orrery"],"campfire_rested":0,"item_purchase_floors":[10],"current_hp_per_floor":[70,73,73,79,64,64,44,44,44,44,38,40,24,30,30,0,0],"gold":142,"neow_bonus":"UPGRADE_CARD","is_daily":false,"chose_seed":false,"campfire_upgraded":2,"win_rate":0.0,"timestamp":1614257859,"path_taken":["M","M","?","M","?","R","?","?","T","$","M","?","?","M","R","BOSS"],"items_purchased_type":["Relic"],"build_version":"2020-12-22","purchased_purges":1,"victory":false,"max_hp_per_floor":[80,80,80,80,80,80,80,80,80,80,80,80,80,80,80,80,80],"card_choices":[{"not_picked":["Shrug It Off","Sword Boomerang"],"picked":"Metallicize","floor":1},{"not_picked":["Clothesline","Seeing Red"],"picked":"Whirlwind","floor":2},{"not_picked":["Burning Pact","Dual Wield"],"picked":"Pommel Strike","floor":4},{"not_picked":["Body Slam","Headbutt"],"picked":"Juggernaut","floor":5},{"not_picked":["Hemokinesis","Thunderclap"],"picked":"Double Tap","floor":10},{"not_picked":["Thunderclap","Anger"],"picked":"Second Wind","floor":10},{"not_picked":["True Grit","Sword Boomerang"],"picked":"Entrench","floor":11},{"not_picked":["Sword Boomerang","Cleave","Perfected Strike"],"picked":"SKIP","floor":12},{"not_picked":["Rupture","Burning Pact"],"picked":"Warcry","floor":14}],"player_experience":789850,"relics_obtained":[{"floor":8,"key":"Anchor"},{"floor":9,"key":"Centennial Puzzle"}],"event_choices":[{"damage_healed":0,"gold_gain":100,"player_choice":"Pray","damage_taken":0,"max_hp_gain":0,"max_hp_loss":0,"event_name":"Golden Shrine","floor":3,"gold_loss":0},{"damage_healed":0,"gold_gain":0,"player_choice":"Take Damage","damage_taken":20,"relics_obtained":["Golden Idol"],"max_hp_gain":0,"max_hp_loss":0,"event_name":"Golden Idol","floor":7,"gold_loss":0},{"damage_healed":0,"gold_gain":0,"player_choice":"Relic","damage_taken":0,"max_hp_gain":0,"max_hp_loss":0,"event_name":"Wheel of Change","floor":8,"gold_loss":0},{"damage_healed":0,"gold_gain":0,"player_choice":"Entered Light","damage_taken":16,"max_hp_gain":0,"max_hp_loss":0,"event_name":"Shining Light","floor":13,"gold_loss":0,"cards_upgraded":["Second Wind","Defend_R"]}],"is_beta":false,"boss_relics":[],"items_purged_floors":[10],"is_endless":false,"potions_floor_spawned":[4,5,14],"killed_by":"The Guardian","ascension_level":12}}