{"host":"7amvf8dip44jyuqm","time":1614230442,"event":{"mods":["BaseMod","Colored Map","Highlight Path","Minty Spire (QoL Compilation)","StSLib"],"gold_per_floor":[113,113,113,133,157,198,198,198,198,212,255,255,281,293,305,441,453,488,521,547,572,584,596,622,634,673,685,738,750,796,824,836,977,989,1020,1050,1062,1089,1101,1126,1138,1184,1196,1243,347,347,347,412,412,412,412],"floor_reached":50,"language":"ENG","playtime":4119,"items_purged":["Strike_R"],"score":675,"play_id":"dd9ee34e-9cdc-4c1c-a273-8387326ee103","local_time":"20210224232042","is_ascension_mode":false,"campfire_choices":[{"data":"Shrug It Off","floor":7,"key":"SMITH"},{"data":"Flame Barrier","floor":15,"key":"SMITH"},{"data":"True Grit","floor":23,"key":"SMITH"},{"data":"Berserk","floor":25,"key":"SMITH"},{"data":"Inflame","floor":29,"key":"SMITH"},{"data":"Inflame","floor":32,"key":"SMITH"},{"data":"Demon Form","floor":47,"key":"SMITH"},{"data":"Armaments","floor":49,"key":"SMITH"}],"circlet_count":0,"master_deck":["Strike_R","Strike_R","Strike_R+1","Strike_R","Defend_R","Defend_R","Defend_R","Defend_R","Bash+1","Carnage","Cleave+1","Shrug It Off+1","Fiend Fire","Shockwave","Flex","Flame Barrier+1","Berserk+1","Battle Trance+1","Pommel Strike+1","True Grit+1","Seeing Red+1","Inflame+1","Ghostly","Ghostly","Ghostly","Ghostly","Ghostly","Inflame+1","Inflame+1","Ghostly Armor","Impervious","Twin Strike+1","Feed+1","Inflame","Demon Form+1","Armaments+1","Trip"],"relics":["Burning Blood","Golden Idol","Lizard Tail","Gremlin Horn","Juzu Bracelet","MawBank","Question Card","Sozu","MealTicket","Lantern","Vajra","Runic Cube","Bottled Tornado","Molten Egg 2","White Beast Statue","Pear","Shuriken","Pantograph","HandDrill","Charon\u0027s Ashes"],"acts_visited":["Exordium","TheCity","TheBeyond"],"potions_floor_usage":[6,6,16],"damage_taken":[{"damage":1,"enemies":"2 Louse","floor":1,"turns":3},{"damage":0,"enemies":"Small Slimes","floor":4,"turns":2},{"damage":6,"enemies":"Jaw Worm","floor":5,"turns":3},{"damage":0,"enemies":"Gremlin Nob","floor":6,"turns":2},{"damage":2,"enemies":"2 Fungi Beasts","floor":10,"turns":2},{"damage":6,"enemies":"3 Sentries","floor":11,"turns":4},{"damage":2,"enemies":"Looter","floor":13,"turns":3},{"damage":67,"enemies":"The Guardian","floor":16,"turns":15},{"damage":24,"enemies":"Chosen","floor":18,"turns":5},{"damage":10,"enemies":"Shell Parasite","floor":19,"turns":3},{"damage":9,"enemies":"Centurion and Healer","floor":20,"turns":4},{"damage":4,"enemies":"Snecko","floor":21,"turns":4},{"damage":19,"enemies":"Snake Plant","floor":24,"turns":4},{"damage":6,"enemies":"Book of Stabbing","floor":28,"turns":7},{"damage":2,"enemies":"Gremlin Leader","floor":30,"turns":5},{"damage":4,"enemies":"Chosen and Byrds","floor":31,"turns":7},{"damage":31,"enemies":"Champ","floor":33,"turns":12},{"damage":0,"enemies":"Orb Walker","floor":35,"turns":2},{"damage":6,"enemies":"3 Shapes","floor":36,"turns":6},{"damage":2,"enemies":"Transient","floor":38,"turns":5},{"damage":13,"enemies":"Maw","floor":40,"turns":9},{"damage":10,"enemies":"Reptomancer","floor":42,"turns":6},{"damage":31,"enemies":"Nemesis","floor":44,"turns":9},{"damage":3,"enemies":"2 Orb Walkers","floor":48,"turns":4},{"damage":70,"enemies":"Awakened One","floor":50,"turns":10}],"seed_played":"7088527728104365482","potions_obtained":[{"floor":1,"key":"SteroidPotion"},{"floor":4,"key":"Fire Potion"},{"floor":11,"key":"SkillPotion"}],"is_trial":false,"path_per_floor":["M","?","?","M","M","E","R","?","T","M","E","?","M","?","R","B",null,"M","M","M","M","?","R","M","R","T","?","E","R","E","M","R","B",null,"M","M","?","M","?","M","T","E","T","E","$","?","R","?","R","B"],"character_chosen":"IRONCLAD","items_purchased":["Shuriken","Demon Form","Armaments","Pantograph","HandDrill"],"campfire_rested":0,"item_purchase_floors":[45,45,45,45,45],"current_hp_per_floor":[80,60,60,66,66,72,72,56,56,60,60,42,46,46,46,28,80,62,58,55,57,57,57,44,44,44,40,40,40,40,40,40,15,40,40,40,40,40,40,37,37,33,33,18,33,23,23,30,30,0,0],"gold":412,"neow_bonus":"","is_daily":false,"chose_seed":false,"campfire_upgraded":8,"win_rate":0.0,"timestamp":1614230442,"path_taken":["M","?","?","M","M","E","R","?","T","?","E","?","M","?","R","BOSS","M","M","M","M","?","R","M","R","T","?","E","R","E","M","R","BOSS","M","M","?","M","?","M","?","E","T","E","$","?","R","?","R","BOSS"],"items_purchased_type":["Relic","Card","Card","Relic","Relic"],"build_version":"2020-12-22","purchased_purges":1,"victory":false,"max_hp_per_floor":[80,80,80,80,80,80,80,80,80,80,80,80,80,80,80,80,80,80,80,80,80,80,80,80,80,80,40,40,40,40,40,40,40,40,40,40,40,40,40,44,44,44,44,54,54,54,54,58,58,58,58],"card_choices":[{"not_picked":["Fire Breathing","Shrug It Off"],"picked":"Carnage","floor":1},{"not_picked":["Blood for Blood","Perfected Strike"],"picked":"Cleave","floor":4},{"not_picked":["Iron Wave","Inflame"],"picked":"Shrug It Off","floor":5},{"not_picked":["Body Slam","Warcry"],"picked":"Fiend Fire","floor":6},{"not_picked":["Iron Wave","True Grit"],"picked":"Shockwave","floor":10},{"not_picked":["Headbutt","Anger"],"picked":"Flex","floor":11},{"not_picked":["Headbutt","Disarm"],"picked":"Flame Barrier","floor":13},{"not_picked":["Juggernaut","Fiend Fire","Barricade"],"picked":"Berserk","floor":16},{"not_picked":["Shockwave","Clash","Headbutt"],"picked":"Battle Trance+1","floor":18},{"not_picked":["Rage","Searing Blow","Anger"],"picked":"Pommel Strike+1","floor":19},{"not_picked":["Clash+1","Dual Wield+1","Shrug It Off+1"],"picked":"True Grit","floor":20},{"not_picked":["Body Slam+1","Shrug It Off+1","Iron Wave"],"picked":"Seeing Red+1","floor":21},{"not_picked":["Clothesline","Shrug It Off","Pommel Strike+1"],"picked":"Inflame+1","floor":24},{"not_picked":["Twin Strike+1","Warcry+1","Pummel"],"picked":"Inflame","floor":28},{"not_picked":["Sword Boomerang","Barricade","Uppercut"],"picked":"Inflame","floor":30},{"not_picked":["Anger+1","Iron Wave+1","Sword Boomerang"],"picked":"Ghostly Armor","floor":31},{"not_picked":["Bludgeon","Brutality","Juggernaut"],"picked":"Impervious","floor":33},{"not_picked":["Thunderclap","Sword Boomerang","Anger+1","Hemokinesis+1"],"picked":"SKIP","floor":35},{"not_picked":["Pommel Strike","Clothesline+1","Sever Soul+1"],"picked":"Twin Strike+1","floor":36},{"not_picked":["Intimidate+1","Perfected Strike+1","Rupture+1"],"picked":"Feed","floor":38},{"not_picked":["Pommel Strike+1","Clash","True Grit","Brutality"],"picked":"SKIP","floor":40},{"not_picked":["Body Slam+1","Reckless Charge+1","Cleave+1","Pummel+1"],"picked":"SKIP","floor":42},{"not_picked":["Battle Trance","Cleave+1","Blood for Blood+1"],"picked":"Inflame","floor":44},{"not_picked":["Blind","Deep Breath","Secret Weapon"],"picked":"Trip","floor":46}],"player_experience":0,"relics_obtained":[{"floor":6,"key":"Lizard Tail"},{"floor":9,"key":"Gremlin Horn"},{"floor":11,"key":"Juzu Bracelet"},{"floor":26,"key":"MealTicket"},{"floor":28,"key":"Lantern"},{"floor":30,"key":"Vajra"},{"floor":41,"key":"Bottled Tornado"},{"floor":42,"key":"Molten Egg 2"},{"floor":43,"key":"White Beast Statue"},{"floor":44,"key":"Pear"},{"floor":48,"key":"Charon\u0027s Ashes"}],"event_choices":[{"damage_healed":0,"gold_gain":0,"player_choice":"Take Damage","damage_taken":20,"relics_obtained":["Golden Idol"],"max_hp_gain":0,"max_hp_loss":0,"event_name":"Golden Idol","floor":2,"gold_loss":0},{"damage_healed":0,"gold_gain":0,"player_choice":"Grow","damage_taken":0,"max_hp_gain":0,"max_hp_loss":0,"event_name":"Living Wall","floor":3,"gold_loss":0,"cards_upgraded":["Bash"]},{"damage_healed":0,"gold_gain":0,"player_choice":"Entered Light","damage_taken":16,"max_hp_gain":0,"max_hp_loss":0,"event_name":"Shining Light","floor":8,"gold_loss":0,"cards_upgraded":["Strike_R","Cleave"]},{"damage_healed":0,"gold_gain":0,"player_choice":"Success","damage_taken":18,"relics_obtained":["MawBank"],"max_hp_gain":0,"max_hp_loss":0,"event_name":"Scrap Ooze","floor":12,"gold_loss":0},{"damage_healed":0,"gold_gain":0,"player_choice":"Box","damage_taken":0,"relics_obtained":["Question Card"],"max_hp_gain":0,"max_hp_loss":0,"event_name":"Big Fish","floor":14,"gold_loss":0,"cards_obtained":["Regret"]},{"damage_healed":0,"gold_gain":0,"player_choice":"Got Potions","damage_taken":0,"max_hp_gain":0,"max_hp_loss":0,"event_name":"Lab","floor":22,"gold_loss":0},{"damage_healed":0,"gold_gain":0,"player_choice":"Became a Ghost","damage_taken":0,"max_hp_gain":0,"max_hp_loss":40,"event_name":"Ghosts","floor":27,"gold_loss":0,"cards_obtained":["Ghostly","Ghostly","Ghostly","Ghostly","Ghostly"]},{"cards_removed":["Regret"],"damage_healed":0,"gold_gain":0,"player_choice":"Purged","damage_taken":0,"max_hp_gain":0,"max_hp_loss":0,"event_name":"Purifier","floor":37,"gold_loss":0},{"damage_healed":0,"gold_gain":0,"player_choice":"Upgraded","damage_taken":0,"max_hp_gain":0,"max_hp_loss":0,"event_name":"Upgrade Shrine","floor":39,"gold_loss":0,"cards_upgraded":["Feed"]},{"damage_healed":0,"gold_gain":0,"player_choice":"Memory 3","damage_taken":10,"max_hp_gain":0,"max_hp_loss":0,"event_name":"SensoryStone","floor":46,"gold_loss":0},{"damage_healed":0,"gold_gain":0,"player_choice":"Fight","damage_taken":0,"max_hp_gain":0,"max_hp_loss":0,"event_name":"Mysterious Sphere","floor":48,"gold_loss":0}],"is_beta":false,"boss_relics":[{"not_picked":["Tiny House","Busted Crown"],"picked":"Sozu"},{"not_picked":["Black Star","Philosopher\u0027s Stone"],"picked":"Runic Cube"}],"items_purged_floors":[45],"is_endless":false,"potions_floor_spawned":[1,4,11,18,19,21,24,30,36,40,42,44,48],"killed_by":"Awakened One","ascension_level":0}}