{"host":"by2xx8ri294xcjpl","time":1614265341,"event":{"mods":["Act Like it!","BaseMod","Dota2Spire","Downfall","Minty Spire (QoL Compilation)","Relic Stats","Replay The Spire","StSLib","【功能Mod】混沌之环修复补丁","【功能Mod】精心准备","【遗物Mod】简单游戏","【遗物卡牌】REMEMod"],"gold_per_floor":[117,192,192,72,72,103,103,143,143,176,176,176,176,224,224,353,416,440,355,43,67,108,146,146,187,263,263,263,42,73,108,108,239,239,239],"floor_reached":34,"language":"ZHS","playtime":1138,"items_purged":[],"score":924,"play_id":"e8348a5b-c868-4376-81d2-f88e364954df","local_time":"20210225230221","daily_mods":["Allstar","Red Cards","Green Cards","Blue Cards","Colorless Cards","Heirloom","Flight","DeadlyEvents"],"is_ascension_mode":true,"campfire_choices":[{"floor":7,"key":"REST"},{"floor":11,"key":"REST"},{"data":"Magnetism","floor":12,"key":"SMITH"},{"data":"Mayhem","floor":13,"key":"SMITH"},{"data":"Armaments","floor":27,"key":"SMITH"},{"floor":28,"key":"REST"},{"floor":32,"key":"REST"}],"circlet_count":0,"master_deck":["Strike_B+2","Strike_B","Strike_B","Strike_B+1","Defend_B+1","Defend_B","Defend_B","Defend_B","Zap","Dualcast","expansioncontent:QuickStudy","Swift Strike","Midas Touch","Flash of Steel","Mind Blast","Replay:Sssssssssshield","Sword Boomerang","Redo+1","Magnetism+1","Mayhem+1","REME_PuzzleBox","All For One","Reaper","Flex","Inflame+1","Hello World","Jack Of All Trades","Swift Strike+1","Deadly Poison","Chaos+1","Armaments+1","Genetic Algorithm","Stack","Cleave+1","Corruption","AbeCurse"],"relics":["Cracked Core","REME_ComplimentaryCards","EasyRelic","Calipers","ReplayTheSpireMod:ShopPack","Golden Idol","Replay:Kaleidoscope","Replay:Bottled Steam","Dota2Spire:LotusOrb","Lantern","hexamod:BolsterEngine","Tiny House","Replay:WaspNest","Replay:Frozen Program","sneckomod:BlankCard","Question Card","Replay:Accelerometer","Strange Spoon","Dream Catcher","Simple Rune","Abe\u0027s Treasure"],"acts_visited":["Exordium","TheCity","TheBeyond"],"potions_floor_usage":[6,31,31,31,31],"damage_taken":[{"damage":0,"enemies":"Small Slimes","floor":1,"turns":1},{"damage":13,"enemies":"Gremlin Nob","floor":6,"turns":4},{"damage":11,"enemies":"3 Sentries","floor":8,"turns":5},{"damage":0,"enemies":"Lagavulin","floor":10,"turns":3},{"damage":28,"enemies":"Hexaghost","floor":16,"turns":7},{"damage":7,"enemies":"2 Thieves","floor":18,"turns":2},{"damage":0,"enemies":"Chosen","floor":21,"turns":3},{"damage":0,"enemies":"REME_1_Revenger","floor":22,"turns":1},{"damage":13,"enemies":"Slavers","floor":23,"turns":2},{"damage":38,"enemies":"Book of Stabbing","floor":25,"turns":4},{"damage":33,"enemies":"Slavers","floor":30,"turns":3},{"damage":12,"enemies":"Gremlin Leader","floor":31,"turns":3},{"damage":29,"enemies":"Pondfish","floor":33,"turns":8}],"seed_played":"9068636677981433553","potions_obtained":[{"floor":1,"key":"Toxic Potion"},{"floor":2,"key":"AttackPotion"},{"floor":2,"key":"EntropicBrew"},{"floor":8,"key":"BlessingOfTheForge"},{"floor":31,"key":"Fire Potion"}],"is_trial":true,"path_per_floor":["M","?","?","$","?","E","R","E","T","E","R","R","R","T","R","B",null,"M","?","$","M","E","E","T","E","T","R","R","$","E","E","R","B",null],"character_chosen":"DEFECT","items_purchased":["ReplayTheSpireMod:ShopPack","Replay:Frozen Program","Hello World","Jack Of All Trades","Strange Spoon","Genetic Algorithm"],"campfire_rested":4,"item_purchase_floors":[4,20,20,20,29,29],"current_hp_per_floor":[75,57,62,62,42,29,53,42,42,42,66,66,66,66,80,52,85,85,85,85,85,85,72,72,34,34,34,59,59,41,29,54,37,85,85],"gold":239,"neow_bonus":"","is_daily":false,"chose_seed":false,"campfire_upgraded":3,"win_rate":0.0,"timestamp":1614265341,"path_taken":["M","?","?","$","?","E","R","E","T","?","R","R","R","?","R","BOSS","M","?","$","?","?","E","?","E","T","R","R","$","E","E","R","BOSS"],"items_purchased_type":["Relic","Relic","Card","Card","Relic","Card"],"build_version":"2020-12-22","purchased_purges":0,"victory":false,"max_hp_per_floor":[75,75,80,80,80,80,80,80,80,80,80,80,80,80,80,80,85,85,85,85,85,85,85,85,85,85,85,85,85,85,85,85,85,85,85],"relic_stats":{"Strange Spoon":[9],"Dream Catcher":1,"counters":[13,46],"Golden Idol":133,"Question Card":4,"obtain_stats":[{"Replay:Accelerometer":26,"Lantern":10,"Calipers":0,"Tiny House":17,"Golden Idol":5,"sneckomod:BlankCard":24,"Replay:WaspNest":19,"Replay:Kaleidoscope":6,"Question Card":25,"Dota2Spire:LotusOrb":9,"EasyRelic":0,"Strange Spoon":29,"Dream Catcher":30,"Replay:Frozen Program":20,"Simple Rune":31,"hexamod:BolsterEngine":14,"Cracked Core":0,"Abe\u0027s Treasure":34,"REME_ComplimentaryCards":0,"ReplayTheSpireMod:ShopPack":4,"Replay:Bottled Steam":8},{"Replay:Accelerometer":10,"Lantern":4,"Calipers":0,"Tiny House":5,"Golden Idol":1,"sneckomod:BlankCard":9,"Replay:WaspNest":6,"Replay:Kaleidoscope":2,"Question Card":10,"Dota2Spire:LotusOrb":3,"EasyRelic":0,"Strange Spoon":10,"Dream Catcher":11,"Replay:Frozen Program":6,"Simple Rune":12,"hexamod:BolsterEngine":4,"Cracked Core":0,"Abe\u0027s Treasure":13,"REME_ComplimentaryCards":0,"ReplayTheSpireMod:ShopPack":1,"Replay:Bottled Steam":3},{"Replay:Accelerometer":32,"Lantern":13,"Calipers":0,"Tiny House":20,"Golden Idol":1,"sneckomod:BlankCard":28,"Replay:WaspNest":22,"Replay:Kaleidoscope":5,"Question Card":32,"Dota2Spire:LotusOrb":10,"EasyRelic":0,"Strange Spoon":32,"Dream Catcher":35,"Replay:Frozen Program":22,"Simple Rune":38,"hexamod:BolsterEngine":13,"Cracked Core":0,"Abe\u0027s Treasure":46,"REME_ComplimentaryCards":0,"ReplayTheSpireMod:ShopPack":1,"Replay:Bottled Steam":10}]},"card_choices":[{"not_picked":["Turbo","Compile Driver"],"picked":"Sword Boomerang","floor":1},{"not_picked":["Blade Dance","Deadly Poison"],"picked":"Redo","floor":2},{"not_picked":["REME_ProfessionalPlagiarism","REME_AllRoundStrike"],"picked":"Magnetism","floor":4},{"not_picked":["REME_ShortnessOfBreath","ReplayTheSpireMod:Private Reserves"],"picked":"Mayhem","floor":4},{"not_picked":["Mind Blast","REME_MagicPocketWatch"],"picked":"REME_PuzzleBox","floor":4},{"not_picked":["Outmaneuver","Reckless Charge","Clothesline"],"picked":"SKIP","floor":6},{"not_picked":["Steam Power","Heavy Blade"],"picked":"All For One","floor":8},{"not_picked":["Grand Finale","Intimidate","Dagger Throw"],"picked":"SKIP","floor":10},{"not_picked":["REME_Shoggoth","ReplayTheSpireMod:Necrosis"],"picked":"Reaper","floor":16},{"not_picked":["Ghostly Armor","Twin Strike"],"picked":"Flex","floor":17},{"not_picked":["Cold Snap","BasicCrystalCard+1"],"picked":"Inflame+1","floor":18},{"not_picked":["True Grit","Reinforced Body+1"],"picked":"Swift Strike+1","floor":21},{"not_picked":["REME_FirmDetermination","ReplayUltimateDefense"],"picked":"Deadly Poison","floor":22},{"not_picked":["Riddle With Holes","Body Slam"],"picked":"Chaos+1","floor":23},{"not_picked":["Sword Boomerang","Underhanded Strike"],"picked":"Armaments","floor":25},{"not_picked":["Blade Dance","Accuracy","REME_TheoryOfElimination"],"picked":"Stack","floor":30},{"not_picked":["REME_Flogging","Heatsinks+1","Barrage"],"picked":"Cleave+1","floor":31},{"not_picked":["All For One","REME_ProfessionalPlagiarism","REME_SpectralBlade"],"picked":"Corruption","floor":33}],"player_experience":43151,"relics_obtained":[{"floor":6,"key":"Replay:Kaleidoscope"},{"floor":8,"key":"Replay:Bottled Steam"},{"floor":9,"key":"Dota2Spire:LotusOrb"},{"floor":10,"key":"Lantern"},{"floor":14,"key":"hexamod:BolsterEngine"},{"floor":24,"key":"sneckomod:BlankCard"},{"floor":25,"key":"Question Card"},{"floor":26,"key":"Replay:Accelerometer"},{"floor":30,"key":"Dream Catcher"},{"floor":31,"key":"Simple Rune"}],"event_choices":[{"damage_healed":0,"gold_gain":0,"player_choice":"Donut","damage_taken":0,"max_hp_gain":5,"max_hp_loss":0,"event_name":"Big Fish","floor":3,"gold_loss":0},{"damage_healed":0,"gold_gain":0,"player_choice":"Take Damage","damage_taken":20,"relics_obtained":["Golden Idol"],"max_hp_gain":0,"max_hp_loss":0,"event_name":"Golden Idol","floor":5,"gold_loss":0},{"damage_healed":0,"gold_gain":0,"player_choice":"Obtained Relic","damage_taken":0,"relics_obtained":["Replay:WaspNest"],"max_hp_gain":0,"max_hp_loss":0,"event_name":"Addict","floor":19,"gold_loss":85}],"is_beta":false,"boss_relics":[{"not_picked":["Pandora\u0027s Box","Astrolabe"],"picked":"Tiny House"},{"not_picked":["Empty Cage","Runic Dome"],"picked":"Abe\u0027s Treasure"}],"items_purged_floors":[],"is_endless":true,"potions_floor_spawned":[1,8,16,18,25,31,33],"ascension_level":1}}