{"host":"zomvc55eewbqxhwb","time":1614255425,"event":{"mods":["ATMod(阿瑾Mod)","Act Like it!","BaseMod","Conspire","Minty Spire (QoL Compilation)","MostiFishMod","Pale of the Ancients","Relic Stats","Replay The Spire","RumiaBox-露米娅的神秘盒子","Shop Mod","StSLib","TestMod","[IsaacMod]以撒尖塔","【功能Mod】混沌之环修复补丁","【遗物卡牌】REMEMod"],"gold_per_floor":[116,129,142,124,204,204,204,204,204,214,262,262,337,231,256,304,347,359,417,464,492,504,516,655,667,696,708,237,237,276,305,335,388,408,408,77,77,77,100,12,12,57,92,92,92,92,92,186,186,211,175,215,115,115,115,165,852,1012,1079,1079,1165,1165,1189,1263,1263,1339,1389,1505,1588,1588,1342,1465,1465,1533,1588,1690,1774,1774,1563,1563,1643,1643,1171,1242,1242,1375],"floor_reached":87,"language":"ZHS","playtime":5318,"items_purged":["Voices","Strike_G","Strike_G","Strike_G","Defend_G","Defend_G","Blade Dance+1","Hidden Blade","Apotheosis+1","Deflect+1"],"score":4592,"play_id":"ef9c0db6-23ce-4fb1-bf99-5407d584d378","local_time":"20210225201705","daily_mods":["Heirloom","Flight"],"is_ascension_mode":true,"campfire_choices":[{"data":"Blade Dance","floor":8.0,"key":"SMITH"},{"data":"Tactician","floor":9.0,"key":"SMITH"},{"data":"Blade Dance","floor":12.0,"key":"SMITH"},{"data":"Concentrate","floor":18.0,"key":"SMITH"},{"data":"conspire:PoisonWeapons","floor":22.0,"key":"SMITH"},{"data":"Prepared","floor":23.0,"key":"SMITH"},{"data":"AT_WindFlip","floor":38.0,"key":"SMITH"},{"data":"Defend_G","floor":46.0,"key":"PURGE"},{"floor":47.0,"key":"RECALL"},{"data":"Acrobatics","floor":60,"key":"SMITH"},{"data":"MostiFishMod:PerfectParry","floor":62,"key":"SMITH"},{"data":"Acrobatics","floor":65,"key":"SMITH"},{"data":"Sneak Up","floor":70,"key":"SMITH"},{"floor":73,"key":"REST"},{"floor":80,"key":"REST"},{"floor":82,"key":"REST"}],"circlet_count":0,"master_deck":["MostiFishMod:LethalBlade+1","AT_FamilyPortrait+1","Tactician+1","Prepared+1","Hidden Blade+1","Concentrate+1","conspire:PoisonWeapons+1","MostiFishMod:PerfectParry+1","MostiFishMod:Opportunism+1","Acrobatics+1","Accuracy+1","Acrobatics+1","Sneak Up+1","AT_WindFlip+1","MostiFishMod:Overload+1","MostiFishMod:AdrenalineArouse+1","testmod-Reflect+1","Calculated Gamble+1","Sneak Up+1","AT_ShadowStep+1","Well Laid Plans+1"],"relics":["Ring of the Snake","DaveBox","HushsDoor","AT_ATBox","testmod-TestBox","REME_ComplimentaryCards","SteamSale","testmod-Acrobat","BrkXgEgg","testmod-RainbowHikingShoes","SynthV:TestCard","Baka2","ReplayTheSpireMod:CursedCoin","HowToJump","Lantern","testmod-Hope","Sundial","MawBank","conspire:TopHat","testmod-Motorcycle","Replay:Drink Me","Enchiridion","Orrery","AnarchistCookbook","PlanX","Prayer Wheel","Omamori","Replay:Bottled Steam","testmod-IntensifyImprint","Guide Book","Pen Nib","Kunai","GodSword1","Potion Belt","xbg","AT_MibuBalloonWealth","Replay:WaspNest","ReplayTheSpireMod:Shallot","Whetstone","HornCleat","Nunchaku","REME_HourglassOfDeath","testmod-Déjàvu","Pen Nib","Replay:Rubber Ducky","AT_Manta","AT_BellowingDragoncrestRing","paleoftheancients:Timepiece","paleoftheancients:KeyRelic","Anchor","Ice Cream","Gremlin Horn","paleoftheancients:SoulOfTheBard","ReplayTheSpireMod:Ring of Addiction","SacredBark","White Beast Statue","Replay:Baseball","TheAbacus","Counterbalance","PillsDrop","MagicDraw3"],"acts_visited":["TheCity","TheBeyond","paleoftheancients:PaleOfTheAncients"],"potions_floor_usage":[64,86,86,86,86,86,86,86,86,86,86,86],"damage_taken":[{"damage":1.0,"enemies":"2 Louse","floor":1.0,"turns":4.0},{"damage":0.0,"enemies":"Cultist","floor":2.0,"turns":2.0},{"damage":0.0,"enemies":"Small Slimes","floor":3.0,"turns":1.0},{"damage":0.0,"enemies":"Gremlin Nob","floor":10.0,"turns":3.0},{"damage":16.0,"enemies":"3 Louse","floor":15.0,"turns":2.0},{"damage":8.0,"enemies":"Lagavulin","floor":16.0,"turns":7.0},{"damage":1.0,"enemies":"3 Sentries","floor":17.0,"turns":2.0},{"damage":0.0,"enemies":"Gremlin Nob","floor":19.0,"turns":2.0},{"damage":0.0,"enemies":"Lagavulin","floor":20.0,"turns":1.0},{"damage":0.0,"enemies":"Blue Slaver","floor":21.0,"turns":1.0},{"damage":0.0,"enemies":"Fading Forest","floor":24.0,"turns":5.0},{"damage":0.0,"enemies":"Shell Parasite","floor":26.0,"turns":1.0},{"damage":0.0,"enemies":"Spheric Guardian","floor":30.0,"turns":2.0},{"damage":0.0,"enemies":"Shelled Parasite and Fungi","floor":31.0,"turns":1.0},{"damage":0.0,"enemies":"Centurion and Healer","floor":32.0,"turns":1.0},{"damage":0.0,"enemies":"conspire:SneckoGhost","floor":33.0,"turns":1.0},{"damage":0.0,"enemies":"conspire:Head Lice","floor":34.0,"turns":1.0},{"damage":0.0,"enemies":"Snecko","floor":39.0,"turns":1.0},{"damage":0.0,"enemies":"conspire:SneckoGhost","floor":42.0,"turns":2.0},{"damage":0.0,"enemies":"Gremlin Leader","floor":43.0,"turns":1.0},{"damage":0.0,"enemies":"Automaton","floor":48.0,"turns":1.0},{"damage":0,"enemies":"Orb Walker","floor":50,"turns":1},{"damage":0,"enemies":"3 Darklings","floor":51,"turns":2},{"damage":0,"enemies":"Transient","floor":52,"turns":1},{"damage":0,"enemies":"R_Hoarder","floor":57,"turns":3},{"damage":0,"enemies":"Reptomancer","floor":58,"turns":3},{"damage":0,"enemies":"R_Hoarder","floor":59,"turns":2},{"damage":0,"enemies":"Nemesis","floor":61,"turns":1},{"damage":0,"enemies":"R_Hoarder","floor":64,"turns":2},{"damage":0,"enemies":"Mind Bloom Boss Battle","floor":66,"turns":3},{"damage":0,"enemies":"Writhing Mass","floor":67,"turns":1},{"damage":0,"enemies":"Reptomancer","floor":68,"turns":1},{"damage":0,"enemies":"R_Hoarder","floor":69,"turns":2},{"damage":0,"enemies":"4 Shapes","floor":72,"turns":1},{"damage":0,"enemies":"Donu and Deca","floor":74,"turns":1},{"damage":0,"enemies":"conspire:OrnateMirror","floor":75,"turns":1},{"damage":0,"enemies":"conspire:OrnateMirror","floor":76,"turns":1},{"damage":0,"enemies":"conspire:OrnateMirror","floor":77,"turns":1},{"damage":0,"enemies":"conspire:OrnateMirror","floor":81,"turns":1},{"damage":0,"enemies":"Delirium","floor":86,"turns":2}],"seed_played":"-1833411334176831171","potions_obtained":[{"floor":1.0,"key":"testmod-SpacePotion"},{"floor":3.0,"key":"Energy Potion"},{"floor":10.0,"key":"Dexterity Potion"},{"floor":16.0,"key":"LiquidBronze"},{"floor":26.0,"key":"Dexterity Potion"},{"floor":39.0,"key":"Strength Potion"},{"floor":43.0,"key":"ColorlessPotion"},{"floor":50,"key":"SkillPotion"},{"floor":58,"key":"Elixir"},{"floor":66,"key":"Flashbang"},{"floor":72,"key":"Energy Potion"},{"floor":81,"key":"Poison Potion"}],"is_trial":true,"path_per_floor":["M","M","M","$","?","?","?","R","R","E","T","R","T","$","M","E","E","R","E","E","M","R","R","B",null,"M","?","$","?","M","M","M","E","E","?","$","T","R","M","$","T","E","E","$","?","R","R","B",null,"M","M","M","$","?","?","?","E","E","E","R","E","R","T","E","R","?","M","E","E","R","$","M","R","B","B","M","M","?","$","R","M","R","$","T","?","B",null],"character_chosen":"THE_SILENT","items_purchased":["ReplayTheSpireMod:CursedCoin","HowToJump","Tactician","Prepared","Hidden Blade","Orrery","testmod-SpacePotion","AnarchistCookbook","PlanX","testmod-IntensifyImprint","Guide Book","AT_BellowingDragoncrestRing","Replay:Baseball","TheAbacus","Counterbalance","DuplicationPotion","PillsDrop","CunningPotion"],"campfire_rested":3,"item_purchase_floors":[4,4,4,14,14,28,28,28,28,36,36,71,79,83,83,83,83,83],"current_hp_per_floor":[58,58,59,59,44,44,44,44,44,44,44,44,44,44,28,22,21,21,21,21,21,21,21,21,39,39,18,18,18,45,45,45,45,45,45,45,45,45,45,45,45,45,45,45,45,45,45,45,38,38,38,38,38,28,28,19,29,29,29,29,29,29,29,29,29,29,29,29,29,29,29,29,29,29,29,29,29,29,29,29,29,27,27,27,25,25],"gold":1375,"neow_bonus":"","is_daily":false,"chose_seed":false,"campfire_upgraded":11,"win_rate":0.0,"timestamp":1614255425,"path_taken":["M","M","M","$","?","?","?","R","R","E","?","R","T","$","?","E","E","R","E","E","M","R","R","BOSS","M","?","$","?","M","?","M","E","E","?","$","T","R","M","?","?","E","E","$","?","R","R","BOSS","M","M","M","$","?","?","?","E","E","E","R","E","R","T","E","R","?","M","E","E","R","$","M","R","BOSS","BOSS","M","M","?","$","R","M","R","$","T","?","BOSS"],"items_purchased_type":["Relic","Relic","Card","Card","Card","Relic","Potion","Relic","Relic","Relic","Relic","Relic","Relic","Relic","Relic","Potion","Relic","Potion"],"build_version":"2020-12-22","purchased_purges":10,"victory":true,"max_hp_per_floor":[66,66,66,66,66,66,66,66,66,66,66,66,66,66,66,66,66,66,66,66,66,66,66,66,45,45,45,45,45,45,45,45,45,45,45,45,45,45,45,45,45,45,45,45,45,45,45,45,38,38,38,38,38,38,29,29,29,29,29,29,29,29,29,29,29,29,29,29,29,29,29,29,29,29,29,29,29,29,29,29,29,27,27,27,25,25],"relic_stats":{"Nunchaku":[6],"TheAbacus":[156],"Gremlin Horn":[0,1],"counters":[40,72],"Sundial":[108],"Prayer Wheel":10,"Pen Nib":[17],"Kunai":[36],"Whetstone":[],"MawBank":132,"obtain_stats":[{"Ice Cream":75,"AT_ATBox":0,"Gremlin Horn":75,"AT_MibuBalloonWealth":56,"Whetstone":59,"testmod-RainbowHikingShoes":0,"MagicDraw3":84,"Baka2":2,"HornCleat":61,"Sundial":16,"Prayer Wheel":32,"Kunai":41,"Replay:Bottled Steam":34,"KeepersGift":0,"testmod-IntensifyImprint":36,"paleoftheancients:KeyRelic":75,"testmod-TestBox":0,"AT_Manta":69,"ReplayTheSpireMod:CursedCoin":4,"ReplayTheSpireMod:Ring of Addiction":78,"Counterbalance":83,"Pen Nib":37,"SteamSale":0,"paleoftheancients:Timepiece":75,"Replay:Baseball":79,"ReplayTheSpireMod:Shallot":58,"REME_HourglassOfDeath":64,"testmod-Acrobat":0,"PlanX":28,"xbg":49,"HushsDoor":0,"GodSword1":42,"AnarchistCookbook":28,"Lantern":10,"DaveBox":0,"SacredBark":78,"Enchiridion":27,"paleoftheancients:SoulOfTheBard":77,"conspire:TopHat":19,"Replay:Rubber Ducky":68,"Nunchaku":63,"TheAbacus":83,"testmod-Motorcycle":20,"PillsDrop":83,"testmod-Déjàvu":66,"Replay:Drink Me":25,"Ring of the Snake":0,"Potion Belt":43,"HowToJump":4,"Guide Book":36,"BrkXgEgg":0,"Replay:WaspNest":57,"Baka":1,"Omamori":33,"MawBank":17,"White Beast Statue":78,"Anchor":75,"SynthV:TestCard":1,"AT_BellowingDragoncrestRing":71,"testmod-Hope":13,"Orrery":28,"REME_ComplimentaryCards":0},{"Ice Cream":36,"AT_ATBox":0,"Gremlin Horn":36,"AT_MibuBalloonWealth":24,"Whetstone":27,"testmod-RainbowHikingShoes":0,"MagicDraw3":39,"Baka2":2,"HornCleat":28,"Sundial":6,"Prayer Wheel":15,"Kunai":18,"Replay:Bottled Steam":17,"KeepersGift":0,"testmod-IntensifyImprint":17,"paleoftheancients:KeyRelic":36,"testmod-TestBox":0,"AT_Manta":33,"ReplayTheSpireMod:CursedCoin":3,"ReplayTheSpireMod:Ring of Addiction":38,"Counterbalance":39,"Pen Nib":17,"SteamSale":0,"paleoftheancients:Timepiece":36,"Replay:Baseball":38,"ReplayTheSpireMod:Shallot":26,"REME_HourglassOfDeath":29,"testmod-Acrobat":0,"PlanX":12,"xbg":21,"HushsDoor":0,"GodSword1":19,"AnarchistCookbook":12,"Lantern":4,"DaveBox":0,"SacredBark":38,"Enchiridion":12,"paleoftheancients:SoulOfTheBard":38,"conspire:TopHat":8,"Replay:Rubber Ducky":32,"Nunchaku":28,"TheAbacus":39,"testmod-Motorcycle":9,"PillsDrop":39,"testmod-Déjàvu":30,"Replay:Drink Me":11,"Ring of the Snake":0,"Potion Belt":20,"HowToJump":3,"Guide Book":17,"BrkXgEgg":0,"Replay:WaspNest":25,"Baka":1,"Omamori":16,"MawBank":7,"White Beast Statue":38,"Anchor":36,"SynthV:TestCard":1,"AT_BellowingDragoncrestRing":33,"testmod-Hope":4,"Orrery":12,"REME_ComplimentaryCards":0},{"Ice Cream":67,"AT_ATBox":0,"Gremlin Horn":67,"AT_MibuBalloonWealth":46,"Whetstone":54,"testmod-RainbowHikingShoes":0,"MagicDraw3":70,"Baka2":6,"HornCleat":55,"Sundial":19,"Prayer Wheel":35,"Kunai":38,"Replay:Bottled Steam":37,"KeepersGift":0,"testmod-IntensifyImprint":37,"paleoftheancients:KeyRelic":67,"testmod-TestBox":0,"AT_Manta":64,"ReplayTheSpireMod:CursedCoin":7,"ReplayTheSpireMod:Ring of Addiction":69,"Counterbalance":70,"Pen Nib":37,"SteamSale":0,"paleoftheancients:Timepiece":67,"Replay:Baseball":69,"ReplayTheSpireMod:Shallot":52,"REME_HourglassOfDeath":57,"testmod-Acrobat":0,"PlanX":31,"xbg":42,"HushsDoor":0,"GodSword1":40,"AnarchistCookbook":31,"Lantern":10,"DaveBox":0,"SacredBark":69,"Enchiridion":31,"paleoftheancients:SoulOfTheBard":69,"conspire:TopHat":23,"Replay:Rubber Ducky":62,"Nunchaku":55,"TheAbacus":70,"testmod-Motorcycle":24,"PillsDrop":70,"testmod-Déjàvu":60,"Replay:Drink Me":30,"Ring of the Snake":0,"Potion Belt":41,"HowToJump":7,"Guide Book":37,"BrkXgEgg":0,"Replay:WaspNest":49,"Baka":4,"Omamori":36,"MawBank":21,"White Beast Statue":69,"Anchor":67,"SynthV:TestCard":4,"AT_BellowingDragoncrestRing":64,"testmod-Hope":10,"Orrery":31,"REME_ComplimentaryCards":0}],"Ring of the Snake":[74]},"card_choices":[{"not_picked":["MostiFishMod:VineMother","Outmaneuver"],"picked":"Blade Dance","floor":1.0},{"not_picked":["Cloak And Dagger","Backflip","Slice","Deflect"],"picked":"Blade Dance","floor":2.0},{"not_picked":["Predator","AT_WindRun","Flechettes","REME_SpectralBlade+1","ReplayTheSpireMod:Scrap Shanks"],"picked":"SKIP","floor":3.0},{"not_picked":["Predator","AT_WindRun","Flechettes","REME_SpectralBlade+1","ReplayTheSpireMod:Scrap Shanks"],"picked":"SKIP","floor":3.0},{"not_picked":["Poisoned Stab","Flechettes","Tactician","Outmaneuver"],"picked":"AT_ThistleTea","floor":10.0},{"not_picked":["Backflip","Underhanded Strike","Blade Dance","Predator","Quick Slash"],"picked":"SKIP","floor":15.0},{"not_picked":["Slice","Poison Darts+1","Flying Knee","Terror"],"picked":"Concentrate","floor":16.0},{"not_picked":["AT_ArcaneSupremacy","ReplayTheSpireMod:Tripwire","Noxious Fumes","AT_WindRun"],"picked":"conspire:PoisonWeapons","floor":17.0},{"not_picked":["Leg Sweep","Slice","Underhanded Strike","AT_KneejerkReflex"],"picked":"MostiFishMod:PerfectParry","floor":19.0},{"not_picked":["Draining Mist","Blade Dance","Crippling Poison","Bane","Distraction"],"picked":"SKIP","floor":20.0},{"not_picked":["Bane","ReplayTheSpireMod:Shiv Toss","Flying Knee","Deflect"],"picked":"AT_MyraUnstableElement+1","floor":21.0},{"not_picked":["MostiFishMod:Neurotoxin+1","MostiFishMod:FullyArmed+1","MostiFishMod:GrandStart+1","Corpse Explosion+1"],"picked":"MostiFishMod:Opportunism+1","floor":24.0},{"not_picked":["Outmaneuver","Expertise","MostiFishMod:PerfectParry","Bane","Quick Slash+1"],"picked":"SKIP","floor":26.0},{"not_picked":["Flying Knee","MostiFishMod:Listen+1","Dagger Spray","Leg Sweep"],"picked":"Acrobatics","floor":28.0},{"not_picked":["Malaise+1","Outmaneuver+1","Sucker Punch","ReplayTheSpireMod:Shiv Toss+1"],"picked":"Accuracy","floor":28.0},{"not_picked":["Flechettes","Catalyst","Accuracy","Deflect"],"picked":"Acrobatics","floor":28.0},{"not_picked":["Tactician","AT_ShadowStep","Prepared","Deadly Poison"],"picked":"AT_WindFlip","floor":30.0},{"not_picked":["Outmaneuver","Flechettes","AT_WindFlip","MostiFishMod:PreservedThorns","AT_TinkerSharpsword"],"picked":"SKIP","floor":31.0},{"not_picked":["Poison Darts+1","Slice","Dagger Throw","Quick Slash","MostiFishMod:PerfectParry"],"picked":"SKIP","floor":32.0},{"not_picked":["Dodge and Roll","Reflex","Dash","MostiFishMod:PerfectParry","Toxin Wave"],"picked":"SKIP","floor":32.0},{"not_picked":["Tactician","Sucker Punch","PiercingWail","ReplayTheSpireMod:From All Sides+1","Eviscerate"],"picked":"SKIP","floor":33.0},{"not_picked":["Tactician","Sucker Punch","PiercingWail","ReplayTheSpireMod:From All Sides+1","Eviscerate"],"picked":"SKIP","floor":33.0},{"not_picked":["Eviscerate","Slice+1","AT_ThistleTea","Quick Slash","Replay:Poison Smokescreen"],"picked":"SKIP","floor":34.0},{"not_picked":["Acrobatics","Replay:Poison Smokescreen","Outmaneuver","Dagger Spray","Cloak And Dagger"],"picked":"SKIP","floor":39.0},{"not_picked":["Backflip","Quick Slash","Slice","Deflect","MostiFishMod:FrostNova"],"picked":"SKIP","floor":39.0},{"not_picked":["MostiFishMod:ShivMaster+1","Slice+1","Poisoned Stab","conspire:PoisonWeapons","ReplayTheSpireMod:The Works"],"picked":"SKIP","floor":42.0},{"not_picked":["Quick Slash+1","Slice","Dodge and Roll","Escape Plan"],"picked":"MostiFishMod:Listen+1","floor":43.0},{"not_picked":["PiercingWail","Backflip","ReplayTheSpireMod:Scrap Shanks","Choke","Cloak And Dagger+1"],"picked":"SKIP","floor":50},{"not_picked":["MostiFishMod:ThornCasing+1","All Out Attack+1","Poisoned Stab","Well Laid Plans","Hidden Blade"],"picked":"SKIP","floor":50},{"not_picked":["Flying Knee","Deflect","Caltrops","Cloak And Dagger","Acrobatics"],"picked":"SKIP","floor":51},{"not_picked":["Underhanded Strike","Setup","Dagger Throw","Acrobatics","AT_WindFlip"],"picked":"SKIP","floor":51},{"not_picked":["ReplayTheSpireMod:Tripwire+1","Calculated Gamble","Hidden Blade","MostiFishMod:VineMother+1"],"picked":"MostiFishMod:AdrenalineArouse+1","floor":52},{"not_picked":["MostiFishMod:InvigoratingSolution","Sucker Punch","Deflect+1","Hidden Blade","Poisoned Stab"],"picked":"SKIP","floor":52},{"not_picked":["MostiFishMod:JungleRules+1","testmod-ComboMaster","Bomb","MostiFishMod:OneDayCity+1"],"picked":"Apotheosis+1","floor":54},{"not_picked":["ReplayTheSpireMod:Uncanny Aura","Finesse","testmod-SelfRegulatingSystem+1","testmod-TemporaryDeletion"],"picked":"testmod-Reflect+1","floor":54},{"not_picked":["Backflip","Dagger Throw","AT_KneejerkReflex","Underhanded Strike"],"picked":"Calculated Gamble+1","floor":56},{"not_picked":["Backflip","Dodge and Roll","Setup","Flying Knee","Heel Hook"],"picked":"SKIP","floor":57},{"not_picked":["Quick Slash+1","Bane+1","Blade Dance","Heel Hook+1","AT_WindFlip"],"picked":"SKIP","floor":58},{"not_picked":["Quick Slash+1","Bane+1","Blade Dance","Heel Hook+1","AT_WindFlip"],"picked":"SKIP","floor":58},{"not_picked":["Deflect","Skewer","Sucker Punch","Dodge and Roll","AT_TwilightShroud+1"],"picked":"SKIP","floor":59},{"not_picked":["REME_ShadowForm+1","Heel Hook","Hidden Blade","Slice","Predator"],"picked":"SKIP","floor":61},{"not_picked":["MostiFishMod:PreservedThorns+1","Prepared+1","Bane+1","MostiFishMod:FrostNova+1","Flying Knee"],"picked":"SKIP","floor":64},{"not_picked":["Cloak And Dagger","MostiFishMod:LethalBlade+1","Hidden Blade","Slice"],"picked":"AT_ShadowStep+1","floor":66},{"not_picked":["Dagger Throw","Prepared","Acrobatics","ReplayTheSpireMod:The Works","Slice+1"],"picked":"SKIP","floor":67},{"not_picked":["Distraction","Prepared","Draining Mist","Escape Plan","Hidden Blade"],"picked":"SKIP","floor":67},{"not_picked":["Deadly Poison","Sucker Punch","Underhanded Strike","Quick Slash","Bane"],"picked":"SKIP","floor":68},{"not_picked":["REME_CopyPotion+1","Setup","Expertise","Dagger Throw+1"],"picked":"Well Laid Plans+1","floor":69},{"not_picked":["Blade Dance","Poisoned Stab+1","AT_ArcaneSupremacy","Deadly Poison","Bane"],"picked":"SKIP","floor":72},{"not_picked":["Flechettes","PiercingWail","Underhanded Strike","MostiFishMod:PerfectParry","Predator"],"picked":"SKIP","floor":72},{"not_picked":["Flying Knee","Bouncing Flask","Dagger Spray","Slice+1","Blur"],"picked":"SKIP","floor":76},{"not_picked":["Deadly Poison","AT_WindFlip","AT_WindRun","Quick Slash+1","MostiFishMod:ShivMaster+1"],"picked":"SKIP","floor":76},{"not_picked":["Acrobatics","AT_TwilightShroud","Flying Knee","Finisher+1","Fluid Movement+1"],"picked":"SKIP","floor":77},{"not_picked":["Accuracy","Outmaneuver","Prepared+1","Deflect","Underhanded Strike"],"picked":"SKIP","floor":77},{"not_picked":["Leg Sweep","Well Laid Plans","Bane","ReplayTheSpireMod:The Works+1","AT_WindFlip"],"picked":"SKIP","floor":81},{"not_picked":["Dodge and Roll","Acrobatics","Hidden Blade+1","Sucker Punch","Toxin Wave+1"],"picked":"SKIP","floor":81}],"player_experience":2646783,"relics_obtained":[{"floor":1.0,"key":"SynthV:TestCard"},{"floor":1.0,"key":"Baka"},{"floor":2.0,"key":"Baka2"},{"floor":10.0,"key":"Lantern"},{"floor":13.0,"key":"testmod-Hope"},{"floor":16.0,"key":"Sundial"},{"floor":17.0,"key":"MawBank"},{"floor":19.0,"key":"conspire:TopHat"},{"floor":20.0,"key":"testmod-Motorcycle"},{"floor":27.0,"key":"Enchiridion"},{"floor":33.0,"key":"Omamori"},{"floor":34.0,"key":"Replay:Bottled Steam"},{"floor":37.0,"key":"Pen Nib"},{"floor":41.0,"key":"Kunai"},{"floor":42.0,"key":"GodSword1"},{"floor":43.0,"key":"Potion Belt"},{"floor":56,"key":"AT_MibuBalloonWealth"},{"floor":57,"key":"Replay:WaspNest"},{"floor":58,"key":"ReplayTheSpireMod:Shallot"},{"floor":59,"key":"Whetstone"},{"floor":61,"key":"HornCleat"},{"floor":63,"key":"Nunchaku"},{"floor":64,"key":"REME_HourglassOfDeath"},{"floor":66,"key":"testmod-Déjàvu"},{"floor":66,"key":"Pen Nib"},{"floor":68,"key":"Replay:Rubber Ducky"},{"floor":69,"key":"AT_Manta"},{"floor":77,"key":"paleoftheancients:SoulOfTheBard"},{"floor":78,"key":"ReplayTheSpireMod:Ring of Addiction"},{"floor":78,"key":"SacredBark"},{"floor":78,"key":"White Beast Statue"},{"floor":84,"key":"MagicDraw3"}],"event_choices":[{"damage_healed":0.0,"max_hp_gain":0.0,"max_hp_loss":0.0,"gold_gain":0.0,"event_name":"Upgrade Shrine","player_choice":"Upgraded","floor":6.0,"gold_loss":0.0,"damage_taken":0.0,"cards_upgraded":["MostiFishMod:LethalBlade"]},{"damage_healed":0.0,"max_hp_gain":0.0,"max_hp_loss":0.0,"gold_gain":0.0,"event_name":"Cursed Tome","player_choice":"Obtained Book","floor":27.0,"gold_loss":0.0,"damage_taken":21.0},{"damage_healed":0.0,"max_hp_gain":0.0,"max_hp_loss":0.0,"gold_gain":0.0,"event_name":"The Library","player_choice":"Read","floor":29.0,"gold_loss":0.0,"damage_taken":0.0,"cards_obtained":["Sneak Up"]},{"cards_removed":["Defend_G"],"damage_healed":0.0,"max_hp_gain":0.0,"max_hp_loss":0.0,"gold_gain":0.0,"event_name":"Back to Basics","player_choice":"Elegance","floor":45.0,"gold_loss":0.0,"damage_taken":0.0},{"damage_healed":0,"gold_gain":0,"player_choice":"Memory 3","damage_taken":10,"max_hp_gain":0,"max_hp_loss":0,"event_name":"SensoryStone","floor":54,"gold_loss":0},{"damage_healed":0,"gold_gain":0,"player_choice":"Swap Relic","damage_taken":0,"relics_obtained":["Replay:Drink Me"],"max_hp_gain":0,"max_hp_loss":0,"event_name":"给自己的盒子","floor":55,"relics_lost":["Replay:Drink Me"],"gold_loss":0},{"damage_healed":0,"gold_gain":0,"player_choice":"Fight","damage_taken":0,"max_hp_gain":0,"max_hp_loss":0,"event_name":"MindBloom","floor":66,"gold_loss":0}],"is_beta":false,"boss_relics":[{"not_picked":["ChewingGum","Velvet Choker"],"picked":"Replay:Drink Me"},{"not_picked":[]},{"not_picked":["ReplayTheSpireMod:DimensionalGlitch","conspire:RunicOctahedron"],"picked":"xbg"},{"not_picked":[]}],"items_purged_floors":[4,14,25,28,36,40,49,53,71,79],"is_endless":false,"potions_floor_spawned":[1,3,10,16,26,39,42,43,50,58,61,66,72,81],"ascension_level":20}}