{"host":"5tzvto3beate6p8b","time":1614244176,"event":{"mods":["BaseMod","Colored Map","DeckTracker","Minty Spire (QoL Compilation)","Relic Stats","StSLib","SuperFastMode"],"gold_per_floor":[11,286,297,308,17,17,45,45,99,128,128,25,175,37,37,109,109,123,123,18,29,29,356,356,370,395,407,407,427,454,468,468,468,468],"floor_reached":33,"language":"JPN","playtime":1525,"items_purged":["Regret"],"score":661,"play_id":"9d49283e-5c6e-4d9c-a44e-79367cbc550a","local_time":"20210225180936","is_ascension_mode":true,"campfire_choices":[{"data":"Backstab","floor":6.0,"key":"SMITH"},{"data":"Backstab","floor":8.0,"key":"SMITH"},{"data":"Doubt","floor":15.0,"key":"PURGE"},{"floor":24,"key":"REST"},{"data":"Backstab","floor":28,"key":"SMITH"},{"floor":32,"key":"REST"}],"circlet_count":0,"master_deck":["AscendersBane","Strike_G","Defend_G","Defend_G","Defend_G","Defend_G","Defend_G","Survivor","Neutralize","Backstab+1","PiercingWail","Backstab+1","Dagger Spray","Blade Dance+1","Caltrops","Cloak And Dagger","Endless Agony","Accuracy","Accuracy","Cloak And Dagger","Footwork","Cloak And Dagger","Malaise","Calculated Gamble+1","Reflex+1","PiercingWail+1","Caltrops","All Out Attack","PiercingWail","Well Laid Plans+1","Finisher","Backstab+1","Blade Dance","PiercingWail","Bullet Time"],"relics":["Ring of the Snake","Peace Pipe","Snake Skull","Boot","HornCleat","Astrolabe","Old Coin","Bronze Scales","Tiny Chest"],"acts_visited":["Exordium","TheCity"],"potions_floor_usage":[23,30,30,33],"damage_taken":[{"damage":2.0,"enemies":"Jaw Worm","floor":1.0,"turns":6.0},{"damage":20.0,"enemies":"Cultist","floor":3.0,"turns":6.0},{"damage":8.0,"enemies":"Small Slimes","floor":4.0,"turns":3.0},{"damage":15.0,"enemies":"3 Sentries","floor":7.0,"turns":8.0},{"damage":1.0,"enemies":"Gremlin Nob","floor":10.0,"turns":4.0},{"damage":2.0,"enemies":"Hexaghost","floor":16.0,"turns":8.0},{"damage":19.0,"enemies":"Shell Parasite","floor":18.0,"turns":4.0},{"damage":0.0,"enemies":"3 Byrds","floor":21.0,"turns":2.0},{"damage":27,"enemies":"Slavers","floor":23,"turns":9},{"damage":0,"enemies":"Centurion and Healer","floor":25,"turns":7},{"damage":0,"enemies":"Shelled Parasite and Fungi","floor":27,"turns":4},{"damage":44,"enemies":"Cultist and Chosen","floor":29,"turns":8},{"damage":14,"enemies":"Gremlin Leader","floor":30,"turns":5},{"damage":0,"enemies":"3 Cultists","floor":31,"turns":5},{"damage":39,"enemies":"Collector","floor":33,"turns":6}],"seed_played":"6055847061921863879","potions_obtained":[{"floor":1.0,"key":"PowerPotion"},{"floor":4.0,"key":"Dexterity Potion"},{"floor":22,"key":"FairyPotion"},{"floor":25,"key":"LiquidMemories"},{"floor":29,"key":"Swift Potion"},{"floor":31,"key":"ColorlessPotion"}],"is_trial":false,"path_per_floor":["M","?","M","M","$","R","E","R","T","E","?","$","?","$","R","B",null,"M","?","$","M","?","E","R","M","T","M","R","M","E","M","R","B"],"character_chosen":"THE_SILENT","items_purchased":["Dagger Spray","Blade Dance","Caltrops","Cloak And Dagger","Accuracy","Cloak And Dagger","Footwork","Cloak And Dagger","PiercingWail","FearPotion"],"campfire_rested":2,"item_purchase_floors":[5,5,5,5,12,12,14,14,20,20],"current_hp_per_floor":[57,57,37,29,29,29,14,14,14,13,13,13,13,13,13,11,52,33,33,33,33,33,6,25,25,25,25,25,19,5,5,24,0,0],"gold":468,"neow_bonus":"ONE_RARE_RELIC","is_daily":false,"chose_seed":false,"campfire_upgraded":3,"win_rate":0.0,"timestamp":1614244176,"path_taken":["M","?","?","M","$","R","E","R","T","E","?","$","?","$","R","BOSS","M","?","$","?","?","E","R","?","T","M","R","M","E","M","R","BOSS"],"items_purchased_type":["Card","Card","Card","Card","Card","Card","Card","Card","Card","Potion"],"build_version":"2020-12-22","purchased_purges":1,"victory":false,"max_hp_per_floor":[66,66,66,66,66,66,66,66,66,66,66,66,66,66,66,66,66,66,66,66,66,66,66,66,66,66,66,66,66,66,66,66,66,66],"relic_stats":{"Peace Pipe":1,"counters":[15,85],"Astrolabe":["Calculated Gamble","Reflex","PiercingWail"],"Bronze Scales":[57],"Tiny Chest":0,"Snake Skull":[0],"Boot":[135],"obtain_stats":[{"Peace Pipe":0,"HornCleat":10,"Astrolabe":17,"Bronze Scales":26,"Tiny Chest":30,"Snake Skull":7,"Boot":9,"Ring of the Snake":0,"Old Coin":23},{"Peace Pipe":0,"HornCleat":5,"Astrolabe":6,"Bronze Scales":10,"Tiny Chest":13,"Snake Skull":4,"Boot":4,"Ring of the Snake":0,"Old Coin":9},{"Peace Pipe":0,"HornCleat":27,"Astrolabe":35,"Bronze Scales":57,"Tiny Chest":74,"Snake Skull":23,"Boot":23,"Ring of the Snake":0,"Old Coin":50}],"Ring of the Snake":[30]},"card_choices":[{"not_picked":["Finisher","Flying Knee"],"picked":"Backstab","floor":1.0},{"not_picked":["Escape Plan","Tactician"],"picked":"PiercingWail","floor":3.0},{"not_picked":["Dash","Sucker Punch"],"picked":"Backstab","floor":4.0},{"not_picked":["Reflex","Sucker Punch"],"picked":"Endless Agony","floor":7.0},{"not_picked":["Dagger Throw","Infinite Blades"],"picked":"Accuracy","floor":10.0},{"not_picked":["A Thousand Cuts","Envenom"],"picked":"Malaise","floor":16.0},{"not_picked":["Heel Hook","Blur"],"picked":"Caltrops","floor":18.0},{"not_picked":["Caltrops","Endless Agony"],"picked":"Well Laid Plans+1","floor":21.0},{"not_picked":["Outmaneuver","Deadly Poison+1"],"picked":"Finisher","floor":23},{"not_picked":["Dagger Throw","Dagger Spray"],"picked":"Backstab","floor":25},{"not_picked":["Deadly Poison","Outmaneuver","Bane"],"picked":"SKIP","floor":27},{"not_picked":["Acrobatics","Bouncing Flask"],"picked":"Blade Dance","floor":29},{"not_picked":["Crippling Poison","Deflect"],"picked":"PiercingWail","floor":30},{"not_picked":["Prepared","Catalyst"],"picked":"Bullet Time","floor":31}],"player_experience":881517,"relics_obtained":[{"floor":7.0,"key":"Snake Skull"},{"floor":9.0,"key":"Boot"},{"floor":10.0,"key":"HornCleat"},{"floor":23,"key":"Old Coin"},{"floor":26,"key":"Bronze Scales"},{"floor":30,"key":"Tiny Chest"}],"event_choices":[{"damage_healed":0.0,"max_hp_gain":0.0,"max_hp_loss":0.0,"gold_gain":275.0,"event_name":"Golden Shrine","player_choice":"Desecrate","floor":2.0,"gold_loss":0.0,"damage_taken":0.0,"cards_obtained":["Regret"]},{"damage_healed":0.0,"max_hp_gain":0.0,"max_hp_loss":0.0,"gold_gain":0.0,"event_name":"Living Wall","player_choice":"Grow","floor":11.0,"gold_loss":0.0,"damage_taken":0.0,"cards_upgraded":["Blade Dance"]},{"damage_healed":0.0,"max_hp_gain":0.0,"max_hp_loss":0.0,"gold_gain":150.0,"event_name":"Liars Game","player_choice":"AGREE","floor":13.0,"gold_loss":0.0,"damage_taken":0.0,"cards_obtained":["Doubt"]},{"damage_healed":0.0,"max_hp_gain":0.0,"max_hp_loss":0.0,"gold_gain":0.0,"cards_transformed":["Strike_G"],"event_name":"Transmorgrifier","player_choice":"Transformed","floor":19.0,"gold_loss":0.0,"damage_taken":0.0,"cards_obtained":["All Out Attack"]},{"damage_healed":0,"gold_gain":0,"player_choice":"Got Potions","damage_taken":0,"max_hp_gain":0,"max_hp_loss":0,"event_name":"Lab","floor":22,"gold_loss":0}],"is_beta":false,"boss_relics":[{"not_picked":["Empty Cage","Sozu"],"picked":"Astrolabe"}],"items_purged_floors":[5],"is_endless":false,"potions_floor_spawned":[1,4,25,27,29,31],"killed_by":"Collector","ascension_level":20}}