{"host":"2se5dq1do2gp0x9k","time":1614222189,"event":{"mods":["AchievementEnabler","BaseMod","Block Reminder","Colored Map","Colored Powertips","Minty Spire (QoL Compilation)","Relic Stats","StSLib","SuperFastMode"],"gold_per_floor":[213,213,126,144,155,155,182,182,182,240,240,240],"floor_reached":11,"language":"ENG","playtime":278,"items_purged":[],"score":142,"play_id":"cc248123-49c2-4cc6-851e-fc57ea5528c8","local_time":"20210224190309","is_ascension_mode":true,"campfire_choices":[{"data":"Rip and Tear","floor":6,"key":"SMITH"},{"data":"Rip and Tear","floor":8,"key":"SMITH"}],"circlet_count":0,"master_deck":["AscendersBane","Strike_B","Strike_B","Strike_B","Strike_B","Defend_B","Defend_B","Defend_B","Defend_B","Zap","Dualcast","Conserve Battery","Rip and Tear+1","Rip and Tear+1","Recycle","Go for the Eyes"],"relics":["Cracked Core","Sundial","Ornamental Fan","DataDisk"],"acts_visited":["Exordium"],"potions_floor_usage":[7],"damage_taken":[{"damage":16.0,"enemies":"Small Slimes","floor":1.0,"turns":3.0},{"damage":6,"enemies":"2 Louse","floor":4,"turns":2},{"damage":0,"enemies":"Jaw Worm","floor":5,"turns":3},{"damage":18,"enemies":"3 Sentries","floor":7,"turns":7},{"damage":19,"enemies":"3 Sentries","floor":10,"turns":6},{"damage":34,"enemies":"Gremlin Nob","floor":11,"turns":3}],"seed_played":"8971860623627348210","potions_obtained":[{"floor":4,"key":"Block Potion"},{"floor":7,"key":"Energy Potion"}],"is_trial":false,"path_per_floor":["M","?","$","M","M","R","E","R","T","?","E"],"character_chosen":"DEFECT","items_purchased":["Rip and Tear"],"campfire_rested":0,"item_purchase_floors":[3],"current_hp_per_floor":[48,71,71,65,65,65,47,47,47,28,0,0],"gold":240,"neow_bonus":"HUNDRED_GOLD","is_daily":false,"chose_seed":false,"campfire_upgraded":2,"win_rate":0.0,"timestamp":1614222189,"path_taken":["M","?","$","M","M","R","E","R","T","?","E"],"items_purchased_type":["Card"],"build_version":"2020-12-22","purchased_purges":0,"victory":false,"max_hp_per_floor":[71,71,71,71,71,71,71,71,71,71,71,71],"relic_stats":{"counters":[6,24],"Sundial":[0],"Ornamental Fan":[8],"obtain_stats":[{"DataDisk":10,"Sundial":7,"Ornamental Fan":9,"Cracked Core":0},{"DataDisk":5,"Sundial":4,"Ornamental Fan":4,"Cracked Core":0},{"DataDisk":21,"Sundial":15,"Ornamental Fan":15,"Cracked Core":0}]},"card_choices":[{"not_picked":["Scrape","Auto Shields"],"picked":"Conserve Battery","floor":1.0},{"not_picked":["Blizzard","Go for the Eyes"],"picked":"Rip and Tear","floor":4},{"not_picked":["Steam Power","Barrage"],"picked":"Recycle","floor":5},{"not_picked":["Streamline","Barrage","Biased Cognition"],"picked":"SKIP","floor":7},{"not_picked":["Cold Snap","Turbo"],"picked":"Go for the Eyes","floor":10}],"player_experience":4145867,"relics_obtained":[{"floor":7,"key":"Sundial"},{"floor":9,"key":"Ornamental Fan"},{"floor":10,"key":"DataDisk"}],"event_choices":[{"damage_healed":23.0,"max_hp_gain":0.0,"max_hp_loss":0.0,"gold_gain":0.0,"event_name":"Big Fish","player_choice":"Banana","floor":2.0,"gold_loss":0.0,"damage_taken":0.0},{"damage_healed":0,"gold_gain":30,"player_choice":"Searched \u00272\u0027 times","damage_taken":0,"max_hp_gain":0,"max_hp_loss":0,"event_name":"Dead Adventurer","floor":10,"gold_loss":0}],"is_beta":false,"boss_relics":[],"items_purged_floors":[],"is_endless":false,"potions_floor_spawned":[4,7],"killed_by":"Gremlin Nob","ascension_level":20}}