{"host":"zdahj580pq9zy75i","time":1614261587,"event":{"mods":["AchievementEnabler","BaseMod","Bestiary","Colored Map","Minty Spire (QoL Compilation)","Relic Stats","StSLib","ojb\u0027s Info Mod: The sequel"],"gold_per_floor":[118,118,193,212,229,229,263,276,356,374,374,404,423,453,453,530,530,547,462,462,7,17,50,61,93,120,134,134,162,162,192,192,263,263,277,295,157,157,170,170,196,196,219,247,258,258,258,276,276,276,276,276],"floor_reached":51,"language":"ENG","playtime":2234,"items_purged":["Writhe"],"score":1545,"play_id":"c2ca90b2-2d40-480b-9526-a01b8d541495","local_time":"20210225085947","is_ascension_mode":true,"campfire_choices":[{"data":"Feed","floor":6.0,"key":"SMITH"},{"floor":11.0,"key":"REST"},{"data":"Bash","floor":15.0,"key":"SMITH"},{"data":"Metallicize","floor":30.0,"key":"SMITH"},{"data":"Limit Break","floor":32.0,"key":"SMITH"},{"data":"Flame Barrier","floor":40.0,"key":"SMITH"},{"data":"Double Tap","floor":42.0,"key":"SMITH"},{"floor":46.0,"key":"RECALL"},{"floor":49.0,"key":"REST"}],"circlet_count":0,"master_deck":["AscendersBane","Bash+1","Feed+1","Twin Strike","Anger","Clothesline","Shrug It Off","Cleave","Thunderclap","Dropkick","Spot Weakness","Power Through","Pommel Strike","Metallicize+1","Pummel","Limit Break+1","Immolate","Evolve","Infernal Blade","Power Through","Perfected Strike","Sentinel","Offering","Twin Strike","Entrench","Double Tap+1","Shrug It Off+1","Headbutt","Metallicize","Metallicize","Flame Barrier+1","Flash of Steel","Trip","Heavy Blade","Headbutt","Pummel","Burning Pact+1","Iron Wave+1","Pummel+1","Feel No Pain+1"],"relics":["Burning Blood","Peace Pipe","The Courier","Orichalcum","White Beast Statue","Velvet Choker","Torii","Nunchaku","Prayer Wheel","Sling","Oddly Smooth Stone","Red Mask","Bag of Marbles","Sundial","Shuriken","Pandora\u0027s Box","Bottled Lightning","Bronze Scales"],"acts_visited":["Exordium","TheCity","TheBeyond"],"potions_floor_usage":[51],"damage_taken":[{"damage":19.0,"enemies":"Jaw Worm","floor":1.0,"turns":4.0},{"damage":10.0,"enemies":"Small Slimes","floor":4.0,"turns":3.0},{"damage":1.0,"enemies":"2 Louse","floor":5.0,"turns":3.0},{"damage":45.0,"enemies":"Lagavulin","floor":7.0,"turns":8.0},{"damage":8.0,"enemies":"Blue Slaver","floor":8.0,"turns":5.0},{"damage":8.0,"enemies":"3 Louse","floor":10.0,"turns":3.0},{"damage":25.0,"enemies":"3 Sentries","floor":12.0,"turns":8.0},{"damage":0.0,"enemies":"Exordium Thugs","floor":13.0,"turns":3.0},{"damage":2.0,"enemies":"Gremlin Nob","floor":14.0,"turns":3.0},{"damage":12.0,"enemies":"Slime Boss","floor":16.0,"turns":7.0},{"damage":39.0,"enemies":"Chosen","floor":18.0,"turns":6.0},{"damage":18.0,"enemies":"Shell Parasite","floor":22.0,"turns":4.0},{"damage":45.0,"enemies":"Slavers","floor":23.0,"turns":5.0},{"damage":16.0,"enemies":"Centurion and Healer","floor":24.0,"turns":6.0},{"damage":20.0,"enemies":"Masked Bandits","floor":25.0,"turns":4.0},{"damage":18.0,"enemies":"3 Cultists","floor":27.0,"turns":5.0},{"damage":3.0,"enemies":"Gremlin Leader","floor":29.0,"turns":5.0},{"damage":23.0,"enemies":"Book of Stabbing","floor":31.0,"turns":5.0},{"damage":88.0,"enemies":"Collector","floor":33.0,"turns":9.0},{"damage":7.0,"enemies":"Orb Walker","floor":35.0,"turns":2.0},{"damage":16.0,"enemies":"3 Shapes","floor":36.0,"turns":5.0},{"damage":28.0,"enemies":"Maw","floor":39.0,"turns":9.0},{"damage":23.0,"enemies":"Nemesis","floor":41.0,"turns":5.0},{"damage":13.0,"enemies":"Giant Head","floor":44.0,"turns":4.0},{"damage":6.0,"enemies":"Jaw Worm Horde","floor":45.0,"turns":2.0},{"damage":26.0,"enemies":"Spire Growth","floor":48.0,"turns":5.0},{"damage":51.0,"enemies":"Donu and Deca","floor":50.0,"turns":7.0},{"damage":79,"enemies":"Awakened One","floor":51,"turns":8}],"seed_played":"4907040808520919288","potions_obtained":[{"floor":1.0,"key":"BlessingOfTheForge"},{"floor":4.0,"key":"Ancient Potion"},{"floor":5.0,"key":"Regen Potion"},{"floor":10.0,"key":"Dexterity Potion"},{"floor":14.0,"key":"AttackPotion"},{"floor":16.0,"key":"PowerPotion"},{"floor":18.0,"key":"FairyPotion"},{"floor":23.0,"key":"SpeedPotion"},{"floor":24.0,"key":"LiquidMemories"},{"floor":25.0,"key":"CultistPotion"},{"floor":31.0,"key":"DistilledChaos"},{"floor":33.0,"key":"BloodPotion"},{"floor":36.0,"key":"Dexterity Potion"},{"floor":39.0,"key":"FairyPotion"},{"floor":44.0,"key":"GamblersBrew"}],"is_trial":false,"path_per_floor":["M","?","?","M","M","R","E","M","T","M","R","E","M","E","R","B",null,"M","?","?","$","M","E","M","?","T","M","?","E","R","E","R","B",null,"M","M","$","?","M","R","E","R","T","E","M","R","?","M","R","B","B"],"character_chosen":"IRONCLAD","items_purchased":["Prayer Wheel","Sling","Flame Barrier","Flash of Steel"],"campfire_rested":2,"item_purchase_floors":[21,21,37,37],"current_hp_per_floor":[58,63,52,51,59,59,39,37,37,39,66,51,61,65,65,59,88,59,59,59,59,47,12,37,27,27,19,124,124,124,107,107,25,99,98,92,92,82,85,85,68,68,68,61,61,61,61,41,79,34,0,0],"gold":276,"neow_bonus":"THREE_RARE_CARDS","is_daily":false,"chose_seed":false,"campfire_upgraded":6,"win_rate":0.0,"timestamp":1614261587,"path_taken":["M","?","?","M","M","R","E","M","T","M","R","E","M","E","R","BOSS","M","?","?","$","M","E","M","?","T","M","?","E","R","E","R","BOSS","M","M","$","?","M","R","E","R","T","E","M","R","?","M","R","BOSS","BOSS"],"items_purchased_type":["Relic","Relic","Card","Card"],"build_version":"2020-12-22","purchased_purges":1,"victory":false,"max_hp_per_floor":[71,76,76,79,82,82,86,86,86,90,90,94,98,98,98,98,98,102,102,102,102,102,106,106,110,110,114,124,124,124,124,124,124,124,124,128,128,128,128,128,128,128,128,128,128,128,128,128,128,128,128,128],"relic_stats":{"Peace Pipe":0,"Nunchaku":[21],"Torii":33,"counters":[28,143],"Sundial":[4],"Shuriken":[24],"Bronze Scales":[81],"Prayer Wheel":8,"Pandora\u0027s Box":["Evolve","Infernal Blade","Power Through","Perfected Strike","Sentinel","Offering","Twin Strike","Entrench","Double Tap"],"Orichalcum":[324],"obtain_stats":[{"Torii":19,"Velvet Choker":17,"Oddly Smooth Stone":23,"The Courier":9,"Orichalcum":12,"Sling":21,"Burning Blood":0,"White Beast Statue":14,"Peace Pipe":7,"Nunchaku":20,"Sundial":29,"Shuriken":31,"Bronze Scales":44,"Prayer Wheel":21,"Pandora\u0027s Box":34,"Red Mask":25,"Bag of Marbles":26,"Bottled Lightning":41},{"Torii":11,"Velvet Choker":10,"Oddly Smooth Stone":13,"The Courier":5,"Orichalcum":7,"Sling":11,"Burning Blood":0,"White Beast Statue":9,"Peace Pipe":4,"Nunchaku":11,"Sundial":17,"Shuriken":18,"Bronze Scales":24,"Prayer Wheel":11,"Pandora\u0027s Box":19,"Red Mask":15,"Bag of Marbles":15,"Bottled Lightning":23},{"Torii":53,"Velvet Choker":47,"Oddly Smooth Stone":62,"The Courier":23,"Orichalcum":34,"Sling":53,"Burning Blood":0,"White Beast Statue":40,"Peace Pipe":18,"Nunchaku":53,"Sundial":82,"Shuriken":87,"Bronze Scales":121,"Prayer Wheel":53,"Pandora\u0027s Box":96,"Red Mask":72,"Bag of Marbles":72,"Bottled Lightning":117}],"Burning Blood":159},"card_choices":[{"not_picked":["Double Tap","Reaper"],"picked":"Feed","floor":0.0},{"not_picked":["Dark Embrace","Dual Wield"],"picked":"Twin Strike","floor":1.0},{"not_picked":["Twin Strike","Clash"],"picked":"Anger","floor":4.0},{"not_picked":["Body Slam","Dark Embrace"],"picked":"Clothesline","floor":5.0},{"not_picked":["Rage","Second Wind"],"picked":"Shrug It Off","floor":7.0},{"not_picked":["Armaments","Sentinel","Bloodletting"],"picked":"SKIP","floor":8.0},{"not_picked":["Sword Boomerang","Heavy Blade"],"picked":"Cleave","floor":10.0},{"not_picked":["Clash","Perfected Strike"],"picked":"Thunderclap","floor":12.0},{"not_picked":["Iron Wave","Shockwave","Barricade"],"picked":"SKIP","floor":13.0},{"not_picked":["Twin Strike","Anger"],"picked":"Dropkick","floor":14.0},{"not_picked":["Immolate","Bludgeon"],"picked":"Barricade","floor":16.0},{"not_picked":["Iron Wave","Second Wind"],"picked":"Spot Weakness","floor":18.0},{"not_picked":["Feel No Pain+1","Uppercut","Sword Boomerang"],"picked":"SKIP","floor":22.0},{"not_picked":["Dark Embrace","Combust","Intimidate"],"picked":"SKIP","floor":22.0},{"not_picked":["Headbutt","Seeing Red","Anger"],"picked":"SKIP","floor":23.0},{"not_picked":["Wild Strike","Sword Boomerang"],"picked":"Power Through","floor":24.0},{"not_picked":["Berserk","Infernal Blade"],"picked":"Pommel Strike","floor":24.0},{"not_picked":["Evolve","True Grit"],"picked":"Metallicize","floor":27.0},{"not_picked":["Cleave","Sword Boomerang","Havoc"],"picked":"SKIP","floor":27.0},{"not_picked":["Armaments","Wild Strike+1"],"picked":"Pummel","floor":29.0},{"not_picked":["Bloodletting","Intimidate"],"picked":"Limit Break","floor":31.0},{"not_picked":["Corruption","Double Tap"],"picked":"Immolate","floor":33.0},{"not_picked":["Clash","Twin Strike"],"picked":"Shrug It Off+1","floor":35.0},{"not_picked":["Evolve","Seeing Red"],"picked":"Headbutt","floor":35.0},{"not_picked":["Clash","Thunderclap+1"],"picked":"Metallicize","floor":36.0},{"not_picked":["Perfected Strike","Second Wind"],"picked":"Metallicize","floor":36.0},{"not_picked":["Transmutation","Impatience"],"picked":"Trip","floor":38.0},{"not_picked":["Pommel Strike","Rupture"],"picked":"Heavy Blade","floor":39.0},{"not_picked":["Shockwave","Rampage"],"picked":"Headbutt","floor":39.0},{"not_picked":["Cleave","Armaments"],"picked":"Pummel","floor":41.0},{"not_picked":["Havoc","Double Tap"],"picked":"Burning Pact+1","floor":44.0},{"not_picked":["Feel No Pain","Heavy Blade"],"picked":"Iron Wave+1","floor":45.0},{"not_picked":["Heavy Blade","Perfected Strike","Pommel Strike"],"picked":"SKIP","floor":45.0},{"not_picked":["Burning Pact","Heavy Blade"],"picked":"Pummel+1","floor":48.0},{"not_picked":["Uppercut","Shockwave"],"picked":"Feel No Pain+1","floor":48.0}],"player_experience":813226,"relics_obtained":[{"floor":7.0,"key":"Peace Pipe"},{"floor":9.0,"key":"The Courier"},{"floor":12.0,"key":"Orichalcum"},{"floor":14.0,"key":"White Beast Statue"},{"floor":23.0,"key":"Oddly Smooth Stone"},{"floor":25.0,"key":"Red Mask"},{"floor":26.0,"key":"Bag of Marbles"},{"floor":29.0,"key":"Sundial"},{"floor":31.0,"key":"Shuriken"},{"floor":41.0,"key":"Bottled Lightning"},{"floor":44.0,"key":"Bronze Scales"}],"event_choices":[{"damage_healed":0.0,"max_hp_gain":5.0,"max_hp_loss":0.0,"gold_gain":0.0,"event_name":"Big Fish","player_choice":"Donut","floor":2.0,"gold_loss":0.0,"damage_taken":0.0},{"damage_healed":0.0,"max_hp_gain":0.0,"max_hp_loss":0.0,"gold_gain":75.0,"event_name":"World of Goop","player_choice":"Gather Gold","floor":3.0,"gold_loss":0.0,"damage_taken":11.0},{"damage_healed":0.0,"max_hp_gain":0.0,"max_hp_loss":0.0,"gold_gain":0.0,"event_name":"Addict","player_choice":"Obtained Relic","floor":19.0,"gold_loss":85.0,"damage_taken":0.0,"relics_obtained":["Torii"]},{"damage_healed":0.0,"max_hp_gain":0.0,"max_hp_loss":0.0,"gold_gain":0.0,"event_name":"The Mausoleum","player_choice":"Opened","floor":20.0,"gold_loss":0.0,"damage_taken":0.0,"relics_obtained":["Nunchaku"],"cards_obtained":["Writhe"]},{"damage_healed":0.0,"max_hp_gain":0.0,"max_hp_loss":0.0,"gold_gain":0.0,"event_name":"Masked Bandits","player_choice":"Fought Bandits","floor":25.0,"gold_loss":0.0,"damage_taken":0.0},{"cards_removed":["Barricade"],"damage_healed":95.0,"max_hp_gain":10.0,"max_hp_loss":0.0,"gold_gain":0.0,"event_name":"Bonfire Elementals","player_choice":"Offered Rare","floor":28.0,"gold_loss":0.0,"damage_taken":0.0},{"damage_healed":0.0,"max_hp_gain":0.0,"max_hp_loss":0.0,"gold_gain":0.0,"event_name":"SensoryStone","player_choice":"Memory 3","floor":38.0,"gold_loss":0.0,"damage_taken":10.0},{"damage_healed":0.0,"max_hp_gain":0.0,"max_hp_loss":0.0,"gold_gain":0.0,"event_name":"SecretPortal","player_choice":"Ignored","floor":47.0,"gold_loss":0.0,"damage_taken":0.0}],"is_beta":false,"boss_relics":[{"not_picked":["Ectoplasm","SlaversCollar"],"picked":"Velvet Choker"},{"not_picked":["Empty Cage","Calling Bell"],"picked":"Pandora\u0027s Box"}],"items_purged_floors":[21],"is_endless":false,"potions_floor_spawned":[1,4,5,10,14,16,18,22,23,24,25,27,29,31,33,35,36,39,41,44,45,48],"killed_by":"Awakened One","ascension_level":20}}