{"host":"2162l6swvnky91ct","time":1614285668,"event":{"mods":["AchievementEnabler","BaseMod","Downfall","Hermit","Marisa????????","Minty Spire (QoL Compilation)","Replay The Spire","StSLib","The Cursed","The Servant 0.9.4"],"gold_per_floor":[99,110,123,139,150,164,164,164,187,202,202,232,252,267,267,26,44,145,145,145,155,5,20,36,36,62,75,75,93,121,121,121,121,121],"floor_reached":32,"language":"ENG","playtime":2272,"items_purged":[],"score":293,"play_id":"e7f77e88-0551-4666-9a4a-1ea6448b46de","local_time":"20210225214108","is_ascension_mode":false,"campfire_choices":[{"floor":1,"key":"RECALL"},{"floor":11,"key":"REST"},{"floor":15,"key":"REST"},{"floor":25,"key":"REST"},{"floor":28,"key":"REST"}],"circlet_count":0,"master_deck":["Guardian:Strike_Guardian","Guardian:Strike_Guardian","Guardian:Strike_Guardian","Guardian:Strike_Guardian","Guardian:Defend_Guardian","Guardian:Defend_Guardian","Guardian:Defend_Guardian","Guardian:Defend_Guardian","Guardian:CurlUp","Guardian:TwinSlam","Guardian:BodySlam","Guardian:DonusPower","Guardian:ShieldCharger","Guardian:SpikerProtocol","Guardian:ChargeCore","Guardian:Preprogram","Guardian:TimeBomb","expansioncontent:DashGenerateEvil","Guardian:TimeCapacitor","Guardian:TimeCapacitor","Guardian:FastForward","Guardian:BaubleBeam","Guardian:CrystalBeam","Guardian:SentryBeam","Guardian:Planning","Guardian:ArmoredProtocol+1","Guardian:RevengeProtocol","Necronomicurse"],"relics":["Guardian:ModeShifter","Happy Flower","SacredBark","Tiny Chest","MealTicket","Necronomicon"],"acts_visited":["Exordium","TheCity"],"potions_floor_usage":[18,30,30],"damage_taken":[{"damage":11,"enemies":"2 Louse","floor":2,"turns":3},{"damage":3,"enemies":"Jaw Worm","floor":3,"turns":5},{"damage":8,"enemies":"Small Slimes","floor":4,"turns":4},{"damage":8,"enemies":"Red Slaver","floor":5,"turns":4},{"damage":13,"enemies":"2 Fungi Beasts","floor":6,"turns":4},{"damage":9,"enemies":"Exordium Wildlife","floor":10,"turns":4},{"damage":18,"enemies":"Lagavulin","floor":12,"turns":4},{"damage":12,"enemies":"Blue Slaver","floor":13,"turns":2},{"damage":13,"enemies":"Gremlin Gang","floor":14,"turns":4},{"damage":0,"enemies":"downfall:FleeingMerchant","floor":16,"turns":4},{"damage":6,"enemies":"Exordium Wildlife","floor":17,"turns":3},{"damage":21,"enemies":"DF_ARCHETYPE_STREAMLINE","floor":18,"turns":7},{"damage":21,"enemies":"Shell Parasite","floor":21,"turns":6},{"damage":10,"enemies":"Spheric Guardian","floor":23,"turns":4},{"damage":46,"enemies":"Cultist and Chosen","floor":24,"turns":9},{"damage":16,"enemies":"Snecko","floor":27,"turns":5},{"damage":21,"enemies":"Shelled Parasite and Fungi","floor":29,"turns":7},{"damage":33,"enemies":"Slavers","floor":30,"turns":5},{"damage":35,"enemies":"Chosen and Byrds","floor":32,"turns":7}],"seed_played":"8862637775809418364","potions_obtained":[{"floor":2,"key":"sneckomod:MuddlingPotion"},{"floor":4,"key":"BlessingOfTheForge"},{"floor":13,"key":"champ:CounterPotion"},{"floor":18,"key":"hexamod:SoulburnPotion"},{"floor":30,"key":"Fruit Juice"}],"is_trial":false,"path_per_floor":["R","M","M","M","M","M","PTL","PTL","T","M","R","E","M","M","R","$","M","B",null,"R","M","?","M","M","R","T","M","R","M","E","?","M"],"character_chosen":"GUARDIAN","items_purchased":["expansioncontent:DashGenerateEvil","Guardian:TimeCapacitor"],"campfire_rested":4,"item_purchase_floors":[16,16],"current_hp_per_floor":[88,77,74,66,58,45,45,45,45,36,62,44,32,19,45,45,39,18,88,88,67,98,88,42,71,71,55,84,63,40,24,0,0,0],"gold":121,"neow_bonus":"TEN_PERCENT_HP_BONUS","is_daily":false,"chose_seed":false,"campfire_upgraded":0,"win_rate":0.0,"timestamp":1614285668,"path_taken":["R","M","M","M","M","M","PTL","PTL","T","M","R","E","M","M","R","$","M","BOSS","R","M","?","M","?","R","T","M","R","M","E","?","M"],"items_purchased_type":["Card","Card"],"build_version":"2020-12-22","purchased_purges":0,"victory":false,"max_hp_per_floor":[88,88,88,88,88,88,88,88,88,88,88,88,88,88,88,88,88,88,88,88,88,98,98,98,98,98,98,98,98,108,108,108,108,108],"card_choices":[{"not_picked":["Guardian:CrystalBeam","Guardian:Recover"],"picked":"Guardian:BodySlam","floor":2},{"not_picked":["Guardian:Suspension","Guardian:Incinerate"],"picked":"Guardian:Gem_Red","floor":3},{"not_picked":["Guardian:MultiBeam","Guardian:WalkerClaw"],"picked":"Guardian:Gem_Yellow","floor":4},{"not_picked":["Guardian:Suspension","Guardian:TemporalStrike"],"picked":"Guardian:DonusPower","floor":5},{"not_picked":["Guardian:Reroute","Guardian:Incinerate"],"picked":"Guardian:Gem_Synthetic","floor":6},{"not_picked":["Guardian:VentSteam","Guardian:Gem_Green"],"picked":"Guardian:ShieldCharger","floor":10},{"not_picked":["Guardian:PrimingBeam","Guardian:MultiBeam"],"picked":"Guardian:SpikerProtocol","floor":12},{"not_picked":["Guardian:WalkerClaw","Guardian:ShieldCharger"],"picked":"Guardian:ChargeCore","floor":13},{"not_picked":["Guardian:Gem_Lightblue","Guardian:CrystalBeam"],"picked":"Guardian:Preprogram","floor":14},{"not_picked":["Guardian:TemporalShield","Guardian:PiercingHide"],"picked":"Guardian:TimeBomb","floor":16},{"not_picked":["Guardian:Recover","Guardian:Harden"],"picked":"Guardian:FastForward","floor":17},{"not_picked":["Guardian:Gem_Orange","Guardian:SphericShield"],"picked":"Guardian:BaubleBeam","floor":18},{"not_picked":["Guardian:WalkerClaw","Guardian:PiercingHide"],"picked":"Guardian:CrystalBeam","floor":21},{"not_picked":["Guardian:Gem_Red","Guardian:TemporalStrike+1"],"picked":"Guardian:SentryBeam","floor":23},{"not_picked":["Guardian:ChargeCore","Guardian:Gem_Lightblue"],"picked":"Guardian:Planning","floor":24},{"not_picked":["Guardian:Reroute","Guardian:Planning"],"picked":"Guardian:ArmoredProtocol+1","floor":27},{"not_picked":["Guardian:Gem_Fragmented","Guardian:Gem_Lightblue"],"picked":"Guardian:RevengeProtocol","floor":29},{"not_picked":["Guardian:Gem_Cyan","Guardian:TemporalShield+1","Guardian:Gem_Green"],"picked":"SKIP","floor":30}],"player_experience":145761,"relics_obtained":[{"floor":12,"key":"Happy Flower"},{"floor":26,"key":"Tiny Chest"},{"floor":30,"key":"MealTicket"},{"floor":31,"key":"Necronomicon"}],"event_choices":[{"damage_healed":0,"gold_gain":0,"player_choice":"Ignored","damage_taken":0,"max_hp_gain":0,"max_hp_loss":0,"event_name":"Vampires","floor":20,"gold_loss":0}],"is_beta":false,"boss_relics":[{"not_picked":["Replay:Grab Bag","Runic Dome"],"picked":"SacredBark"}],"items_purged_floors":[],"is_endless":false,"potions_floor_spawned":[2,4,13,14,17,18,24,30],"killed_by":"Chosen and Byrds","ascension_level":0}}