{"host":"nolo0osttpwefhwj","time":1614278457,"event":{"mods":["AchievementEnabler","BaseMod","Bestiary","Colored Powertips","Minty Spire (QoL Compilation)","Permanent Neow","Quick Restart","Relic Stats"],"gold_per_floor":[111,111,127,127,144,144,173,98,122,122,148,165,184,212,212,285,285,303,303,317,317,327,357,357,357],"floor_reached":24,"language":"ENG","playtime":1038,"items_purged":["Strike_R"],"score":509,"play_id":"882525f5-2524-4dbe-be26-65cfa477bd6e","local_time":"20210225194057","is_ascension_mode":true,"campfire_choices":[{"data":"Bludgeon","floor":6.0,"key":"SMITH"},{"data":"Entrench","floor":15.0,"key":"SMITH"}],"circlet_count":0,"master_deck":["AscendersBane","Strike_R+1","Strike_R+1","Defend_R+1","Defend_R+1","Defend_R+1","Defend_R+1","Bash","Demon Form+1","Thunderclap","Bludgeon+1","Shrug It Off","Pummel","Barricade","Entrench+1","Offering","Disarm","Burning Pact"],"relics":["Burning Blood","Omamori","Oddly Smooth Stone","Art of War","Tiny Chest","The Courier","Fusion Hammer","Paper Frog"],"acts_visited":["TheCity"],"potions_floor_usage":[],"damage_taken":[{"damage":12.0,"enemies":"Cultist","floor":1.0,"turns":4.0},{"damage":7.0,"enemies":"Jaw Worm","floor":3.0,"turns":2.0},{"damage":0.0,"enemies":"Small Slimes","floor":5.0,"turns":3.0},{"damage":8.0,"enemies":"Gremlin Nob","floor":7.0,"turns":3.0},{"damage":20.0,"enemies":"Lagavulin","floor":11.0,"turns":5.0},{"damage":16.0,"enemies":"Exordium Thugs","floor":12.0,"turns":4.0},{"damage":0.0,"enemies":"Looter","floor":13.0,"turns":1.0},{"damage":0.0,"enemies":"Gremlin Nob","floor":14.0,"turns":3.0},{"damage":14.0,"enemies":"Slime Boss","floor":16.0,"turns":8.0},{"damage":0.0,"enemies":"Chosen","floor":18.0,"turns":3.0},{"damage":6.0,"enemies":"3 Byrds","floor":20.0,"turns":5.0},{"damage":40.0,"enemies":"Shelled Parasite and Fungi","floor":22.0,"turns":6.0},{"damage":57.0,"enemies":"Book of Stabbing","floor":23.0,"turns":8.0},{"damage":0,"enemies":"Centurion and Healer","floor":24,"turns":1}],"seed_played":"7988537949370353088","potions_obtained":[{"floor":1.0,"key":"BlessingOfTheForge"},{"floor":5.0,"key":"AttackPotion"},{"floor":14.0,"key":"SteroidPotion"},{"floor":16.0,"key":"Dexterity Potion"},{"floor":20.0,"key":"FairyPotion"}],"is_trial":false,"path_per_floor":["M","?","M","?","M","R","E","$","T","?","E","M","M","E","R","B",null,"M","?","M","?","M","E","M"],"character_chosen":"IRONCLAD","items_purchased":[],"campfire_rested":0,"item_purchase_floors":[],"current_hp_per_floor":[62,62,61,56,62,62,60,60,60,60,46,36,42,48,48,40,66,72,72,72,72,38,13,13,13],"gold":357,"neow_bonus":"TRANSFORM_CARD","is_daily":false,"chose_seed":false,"campfire_upgraded":2,"win_rate":0.0,"timestamp":1614278457,"path_taken":["M","?","M","?","M","R","E","$","T","?","E","?","M","E","R","BOSS","M","?","M","?","M","E","M"],"items_purchased_type":[],"build_version":"2020-12-22","purchased_purges":1,"victory":false,"max_hp_per_floor":[75,75,75,75,75,75,75,75,75,75,75,75,75,75,75,75,75,75,75,75,75,75,75,75,75],"relic_stats":{"counters":[14,55],"Tiny Chest":0,"Art of War":[7],"obtain_stats":[{"Oddly Smooth Stone":7,"Tiny Chest":11,"The Courier":14,"Fusion Hammer":17,"Omamori":4,"Art of War":9,"Burning Blood":0,"Paper Frog":23},{"Oddly Smooth Stone":4,"Tiny Chest":5,"The Courier":8,"Fusion Hammer":9,"Omamori":2,"Art of War":4,"Burning Blood":0,"Paper Frog":13},{"Oddly Smooth Stone":12,"Tiny Chest":17,"The Courier":25,"Fusion Hammer":33,"Omamori":6,"Art of War":12,"Burning Blood":0,"Paper Frog":55}],"Burning Blood":78},"card_choices":[{"not_picked":["Burning Pact","Havoc"],"picked":"Thunderclap","floor":1.0},{"not_picked":["True Grit","Hemokinesis"],"picked":"Shrug It Off","floor":3.0},{"not_picked":["Perfected Strike","Flex","Rupture"],"picked":"SKIP","floor":5.0},{"not_picked":["Perfected Strike","Headbutt"],"picked":"Pummel","floor":7.0},{"not_picked":["Thunderclap","Cleave"],"picked":"Barricade","floor":11.0},{"not_picked":["Flex","Pommel Strike"],"picked":"Entrench","floor":12.0},{"not_picked":["Havoc","Fire Breathing","Dropkick"],"picked":"SKIP","floor":13.0},{"not_picked":["Iron Wave","Fire Breathing","Twin Strike"],"picked":"SKIP","floor":14.0},{"not_picked":["Barricade","Limit Break"],"picked":"Offering","floor":16.0},{"not_picked":["Power Through","Clash","Havoc"],"picked":"SKIP","floor":18.0},{"not_picked":["Warcry","Pommel Strike"],"picked":"Burning Pact","floor":20.0},{"not_picked":["Sword Boomerang","Spot Weakness","Metallicize"],"picked":"SKIP","floor":22.0},{"not_picked":["Limit Break","Twin Strike","Heavy Blade"],"picked":"SKIP","floor":23.0}],"player_experience":318319,"relics_obtained":[{"floor":7.0,"key":"Oddly Smooth Stone"},{"floor":9.0,"key":"Art of War"},{"floor":11.0,"key":"Tiny Chest"},{"floor":14.0,"key":"The Courier"},{"floor":23.0,"key":"Paper Frog"}],"event_choices":[{"damage_healed":0.0,"max_hp_gain":0.0,"max_hp_loss":0.0,"gold_gain":0.0,"cards_transformed":["Strike_R"],"event_name":"Living Wall","player_choice":"Change","floor":2.0,"gold_loss":0.0,"damage_taken":0.0,"cards_obtained":["Bludgeon"]},{"damage_healed":0.0,"max_hp_gain":0.0,"max_hp_loss":0.0,"gold_gain":0.0,"event_name":"Scrap Ooze","player_choice":"Success","floor":4.0,"gold_loss":0.0,"damage_taken":5.0,"relics_obtained":["Omamori"]},{"damage_healed":0.0,"max_hp_gain":0.0,"max_hp_loss":0.0,"gold_gain":0.0,"event_name":"Upgrade Shrine","player_choice":"Upgraded","floor":10.0,"gold_loss":0.0,"damage_taken":0.0,"cards_upgraded":["Demon Form"]},{"damage_healed":0.0,"max_hp_gain":0.0,"max_hp_loss":0.0,"gold_gain":0.0,"event_name":"The Library","player_choice":"Read","floor":19.0,"gold_loss":0.0,"damage_taken":0.0,"cards_obtained":["Disarm"]},{"damage_healed":0.0,"max_hp_gain":0.0,"max_hp_loss":0.0,"gold_gain":0.0,"event_name":"Back to Basics","player_choice":"Simplicity","floor":21.0,"gold_loss":0.0,"damage_taken":0.0,"cards_upgraded":["Strike_R","Strike_R","Defend_R","Defend_R","Defend_R","Defend_R"]}],"is_beta":false,"boss_relics":[{"not_picked":["Snecko Eye","Sozu"],"picked":"Fusion Hammer"}],"items_purged_floors":[8],"is_endless":false,"potions_floor_spawned":[1,5,14,16,20,22],"killed_by":"Centurion and Healer","ascension_level":19}}