{"host":"zuf44wbx6j0c4h1p","time":1614212879,"event":{"mods":["2.2 Compatiblity","Aspiration","BaseMod","Bossed Relics","Conspire","Infinite Spire","Minty Spire (QoL Compilation)","Replay The Spire","SCP261 Mod","Shapeshifter Mod","Shop Mod","Small Relic Pack","Spicy Shops","Spire Arcade","StSLib","The Animator","The Dragon Tamer","The Hierophant","TheBandit","Uncapped","Wandering Minibosses","thorton"],"gold_per_floor":[111,111,111,121,134,169,189,203,251,251,263,263,263,263,263,255,255,255,255],"floor_reached":18,"language":"ENG","playtime":841,"items_purged":[],"score":154,"play_id":"7e60d1de-0194-4af7-b1af-db750f5825b2","local_time":"20210224182759","is_ascension_mode":true,"campfire_choices":[{"data":"hierophant:Repentance","floor":10,"key":"SMITH"},{"floor":12,"key":"RECALL"},{"floor":15,"key":"REST"}],"circlet_count":0,"master_deck":["hierophant:Strike_Hierophant","hierophant:Strike_Hierophant","hierophant:Strike_Hierophant","hierophant:Strike_Hierophant","hierophant:Punish","hierophant:Defend_Hierophant","hierophant:Defend_Hierophant","hierophant:Defend_Hierophant","hierophant:Defend_Hierophant","hierophant:ChurchCoffers","hierophant:Smite","hierophant:LocustPlague+1","hierophant:PassingBell","hierophant:PassingBell","hierophant:Zeal","hierophant:Repentance+1","hierophant:Patience","hierophant:Smite"],"relics":["hierophant:PropheticMaskRelic","Omamori","FossilizedHelix"],"acts_visited":["Exordium"],"potions_floor_usage":[6,7,11,18],"damage_taken":[{"damage":5,"enemies":"Small Slimes","floor":1,"turns":3},{"damage":0,"enemies":"Cultist","floor":4,"turns":2},{"damage":0,"enemies":"2 Louse","floor":5,"turns":1},{"damage":0,"enemies":"3 Sentries","floor":6,"turns":1},{"damage":13,"enemies":"Red Slaver","floor":7,"turns":2},{"damage":36,"enemies":"Lagavulin","floor":8,"turns":5},{"damage":8,"enemies":"Large Slime","floor":11,"turns":4},{"damage":6,"enemies":"2 Fungi Beasts","floor":16,"turns":2},{"damage":101,"enemies":"The Guardian","floor":18,"turns":10}],"seed_played":"-8915648615511535894","potions_obtained":[{"floor":1,"key":"SkillPotion"},{"floor":4,"key":"Regen Potion"},{"floor":6,"key":"SteroidPotion"},{"floor":11,"key":"Energy Potion"}],"is_trial":false,"path_per_floor":["M","?","?","M","M","E","M","E","T","R","M","R","PTL","PTL","R","M","R","B"],"character_chosen":"HIEROPHANT","items_purchased":[],"campfire_rested":1,"item_purchase_floors":[],"current_hp_per_floor":[77,77,77,77,77,77,64,28,28,28,34,34,34,34,58,52,76,0,0],"gold":255,"neow_bonus":"TEN_PERCENT_HP_BONUS","is_daily":false,"chose_seed":false,"campfire_upgraded":1,"win_rate":0.0,"timestamp":1614212879,"path_taken":["M","?","?","M","M","E","M","E","T","R","?","R","PTL","PTL","R","M","R","BOSS"],"items_purchased_type":[],"build_version":"2020-12-22","purchased_purges":0,"victory":false,"max_hp_per_floor":[82,82,82,82,82,82,82,82,82,82,82,82,82,82,82,82,82,82,82],"card_choices":[{"not_picked":["hierophant:RustyCrate","hierophant:OrnateBuckler"],"picked":"hierophant:Smite","floor":1},{"not_picked":["hierophant:Smite","hierophant:Cornucopia"],"picked":"hierophant:PassingBell","floor":4},{"not_picked":["hierophant:PristineSoul","hierophant:RustyCrate"],"picked":"hierophant:PassingBell","floor":5},{"not_picked":["hierophant:Exaltation","hierophant:Embezzle"],"picked":"hierophant:Zeal","floor":6},{"not_picked":["hierophant:DisplayOfPower","hierophant:Shelter","hierophant:SealAway"],"picked":"SKIP","floor":7},{"not_picked":["hierophant:Rebuild","hierophant:DisplayOfPower"],"picked":"hierophant:Repentance","floor":8},{"not_picked":["hierophant:Refuge","hierophant:Embezzle"],"picked":"hierophant:Patience","floor":11},{"not_picked":["hierophant:ConvertCurrency","hierophant:FaithHealing"],"picked":"hierophant:Smite","floor":16}],"player_experience":175819,"relics_obtained":[{"floor":6,"key":"Omamori"},{"floor":8,"key":"FossilizedHelix"}],"event_choices":[{"damage_healed":0,"gold_gain":0,"player_choice":"Leave","damage_taken":0,"max_hp_gain":0,"max_hp_loss":0,"event_name":"The Cleric","floor":2,"gold_loss":0},{"damage_healed":0,"gold_gain":0,"player_choice":"1 cards matched","damage_taken":0,"max_hp_gain":0,"max_hp_loss":0,"event_name":"Match and Keep!","floor":3,"gold_loss":0,"cards_obtained":["hierophant:LocustPlague"]},{"damage_healed":0,"gold_gain":0,"player_choice":"1 cards matched","damage_taken":0,"max_hp_gain":0,"max_hp_loss":0,"event_name":"Match and Keep!","floor":3,"gold_loss":0,"cards_obtained":["hierophant:LocustPlague"]}],"is_beta":false,"boss_relics":[],"items_purged_floors":[],"is_endless":false,"potions_floor_spawned":[1,4,6,11],"killed_by":"The Guardian","ascension_level":1}}