{"host":"6wux4armhsntp4yb","time":1614256484,"event":{"mods":["BaseMod","Colored Map","DeckTracker","Minty Spire (QoL Compilation)","Relic Stats"],"gold_per_floor":[110,185,205,205,5,5,33,33,59,59,77,77,103,103,103,176,176,186,205,205,205,216,248,248,276,345,345,365,207,227,237,237,311,311,329,329,329,343,166,166,185,211,279,279,4,4,37,37,37,37,37,37,37,0,30,30],"floor_reached":57,"language":"JPN","playtime":4147,"items_purged":["Strike_G","Pain"],"score":2858,"play_id":"9211ed63-975a-48ee-addf-992547141956","local_time":"20210225213444","is_ascension_mode":true,"campfire_choices":[{"data":"Skewer","floor":6.0,"key":"SMITH"},{"data":"Neutralize","floor":8.0,"key":"SMITH"},{"data":"Footwork","floor":12.0,"key":"SMITH"},{"data":"Crippling Poison","floor":15.0,"key":"SMITH"},{"floor":24.0,"key":"REST"},{"data":"Footwork","floor":27.0,"key":"SMITH"},{"data":"Calculated Gamble","floor":32.0,"key":"SMITH"},{"data":"Tools of the Trade","floor":40.0,"key":"SMITH"},{"data":"After Image","floor":44.0,"key":"SMITH"},{"floor":49.0,"key":"RECALL"},{"data":"Master of Strategy","floor":53.0,"key":"SMITH"}],"circlet_count":0,"master_deck":["AscendersBane","Strike_G","Strike_G","Strike_G","Defend_G","Defend_G","Defend_G+1","Defend_G","Defend_G","Survivor","Neutralize+1","Blade Dance+1","Footwork+1","Skewer+1","Cloak And Dagger","Crippling Poison+1","Dagger Spray","After Image+1","Backflip","Backflip","Footwork+1","Deflect","Deflect+1","PiercingWail","Calculated Gamble+1","Envenom","Tactician","After Image","Escape Plan","Tools of the Trade+1","Well Laid Plans+1","Master of Strategy+1","Well Laid Plans+1","Blur"],"relics":["Ring of the Snake","NeowsBlessing","MealTicket","Bronze Scales","Bag of Marbles","Cursed Key","WarpedTongs","Tough Bandages","Omamori","Letter Opener","Coffee Dripper","Regal Pillow","Kunai","Frozen Egg 2","InkBottle"],"acts_visited":["Exordium","TheCity","TheBeyond","TheEnding"],"potions_floor_usage":[],"damage_taken":[{"damage":0.0,"enemies":"2 Louse","floor":1.0,"turns":1.0},{"damage":0.0,"enemies":"Small Slimes","floor":3.0,"turns":1.0},{"damage":0.0,"enemies":"Gremlin Nob","floor":7.0,"turns":1.0},{"damage":0.0,"enemies":"Cultist","floor":11.0,"turns":3.0},{"damage":16.0,"enemies":"3 Sentries","floor":13.0,"turns":7.0},{"damage":40.0,"enemies":"Slime Boss","floor":16.0,"turns":9.0},{"damage":4.0,"enemies":"Shell Parasite","floor":18.0,"turns":5.0},{"damage":6.0,"enemies":"2 Thieves","floor":19.0,"turns":4.0},{"damage":7.0,"enemies":"Cultist and Chosen","floor":22.0,"turns":6.0},{"damage":18.0,"enemies":"Slavers","floor":23.0,"turns":5.0},{"damage":7.0,"enemies":"Book of Stabbing","floor":25.0,"turns":6.0},{"damage":2.0,"enemies":"Sentry and Sphere","floor":28.0,"turns":7.0},{"damage":0.0,"enemies":"Centurion and Healer","floor":30.0,"turns":7.0},{"damage":0.0,"enemies":"Cultist and Chosen","floor":31.0,"turns":7.0},{"damage":10.0,"enemies":"Automaton","floor":33.0,"turns":14.0},{"damage":0.0,"enemies":"3 Darklings","floor":35.0,"turns":5.0},{"damage":13.0,"enemies":"Orb Walker","floor":38.0,"turns":5.0},{"damage":0.0,"enemies":"Sphere and 2 Shapes","floor":41.0,"turns":6.0},{"damage":11.0,"enemies":"Giant Head","floor":42.0,"turns":9.0},{"damage":0.0,"enemies":"Reptomancer","floor":47.0,"turns":9.0},{"damage":8.0,"enemies":"Time Eater","floor":50.0,"turns":17.0},{"damage":0.0,"enemies":"Donu and Deca","floor":51.0,"turns":14.0},{"damage":13.0,"enemies":"Shield and Spear","floor":55.0,"turns":12.0},{"damage":37,"enemies":"The Heart","floor":56,"turns":15}],"seed_played":"3245300986930461233","potions_obtained":[{"floor":1.0,"key":"FairyPotion"},{"floor":3.0,"key":"SteroidPotion"},{"floor":22.0,"key":"AttackPotion"},{"floor":25.0,"key":"SkillPotion"},{"floor":30.0,"key":"Fire Potion"},{"floor":31.0,"key":"FearPotion"},{"floor":38.0,"key":"Weak Potion"},{"floor":47.0,"key":"CultistPotion"},{"floor":55.0,"key":"FearPotion"}],"is_trial":false,"path_per_floor":["M","?","M","?","$","R","E","R","T","?","M","R","E","?","R","B",null,"M","M","?","?","M","E","R","E","T","R","M","$","M","M","R","B",null,"M","?","?","M","$","R","M","E","T","R","$","?","E","?","R","B","B",null,"R","$","E","B",null],"character_chosen":"THE_SILENT","items_purchased":["Footwork","Skewer","PiercingWail","Tools of the Trade","Kunai","Well Laid Plans+1"],"campfire_rested":1,"item_purchase_floors":[5,5,29,39,45,54],"current_hp_per_floor":[59,48,48,28,28,28,28,28,28,28,28,28,12,12,12,7,51,47,41,41,41,34,16,35,28,28,28,26,41,41,41,41,31,57,57,57,57,44,59,59,59,48,48,48,63,63,63,63,63,55,55,61,61,63,50,13],"gold":30,"neow_bonus":"THREE_ENEMY_KILL","is_daily":false,"chose_seed":false,"campfire_upgraded":9,"win_rate":0.0,"timestamp":1614256484,"path_taken":["M","?","M","?","$","R","E","R","T","?","M","R","E","?","R","BOSS","M","M","?","?","?","E","R","E","T","R","M","$","M","M","R","BOSS","M","?","?","M","$","R","?","E","T","R","$","?","E","?","R","BOSS","BOSS","R","$","E","BOSS"],"items_purchased_type":["Card","Card","Card","Card","Relic","Card"],"build_version":"2020-12-22","purchased_purges":2,"victory":true,"max_hp_per_floor":[66,66,66,66,66,66,66,66,66,66,66,66,66,66,66,66,66,66,66,66,66,66,66,66,66,66,66,66,66,66,66,66,66,66,66,66,66,66,66,66,66,66,66,66,66,66,66,63,63,63,63,63,63,63,63,63],"relic_stats":{"Tough Bandages":[606],"Regal Pillow":0,"counters":[24,175],"Bronze Scales":[633],"MealTicket":47,"Letter Opener":[503],"Kunai":[49],"Cursed Key":2,"obtain_stats":[{"Regal Pillow":42,"NeowsBlessing":0,"Omamori":25,"Letter Opener":26,"Frozen Egg 2":47,"Cursed Key":17,"WarpedTongs":21,"Tough Bandages":23,"Bronze Scales":9,"MealTicket":7,"Bag of Marbles":13,"Coffee Dripper":34,"Kunai":45,"InkBottle":55,"Ring of the Snake":0},{"Regal Pillow":19,"NeowsBlessing":0,"Omamori":11,"Letter Opener":11,"Frozen Egg 2":20,"Cursed Key":6,"WarpedTongs":8,"Tough Bandages":10,"Bronze Scales":3,"MealTicket":3,"Bag of Marbles":5,"Coffee Dripper":15,"Kunai":19,"InkBottle":23,"Ring of the Snake":0},{"Regal Pillow":108,"NeowsBlessing":0,"Omamori":48,"Letter Opener":48,"Frozen Egg 2":117,"Cursed Key":22,"WarpedTongs":31,"Tough Bandages":42,"Bronze Scales":3,"MealTicket":3,"Bag of Marbles":13,"Coffee Dripper":83,"Kunai":108,"InkBottle":160,"Ring of the Snake":0}],"InkBottle":[12],"Ring of the Snake":[48],"WarpedTongs":[139]},"card_choices":[{"not_picked":["Riddle With Holes","Reflex"],"picked":"Blade Dance","floor":1.0},{"not_picked":["Leg Sweep","Backflip"],"picked":"Dagger Throw","floor":3.0},{"not_picked":["Deadly Poison","Sucker Punch"],"picked":"Cloak And Dagger","floor":7.0},{"not_picked":["Choke","Reflex"],"picked":"Crippling Poison","floor":11.0},{"not_picked":["Tactician","Distraction"],"picked":"Dagger Spray","floor":13.0},{"not_picked":["Night Terror","A Thousand Cuts"],"picked":"After Image","floor":16.0},{"not_picked":["Deadly Poison","Acrobatics"],"picked":"Backflip","floor":18.0},{"not_picked":["Reflex","Underhanded Strike"],"picked":"Backflip","floor":19.0},{"not_picked":["Outmaneuver","Crippling Poison+1"],"picked":"Footwork","floor":22.0},{"not_picked":["Flying Knee","Outmaneuver"],"picked":"Deflect","floor":23.0},{"not_picked":["Dodge and Roll","Sucker Punch"],"picked":"Deflect+1","floor":25.0},{"not_picked":["Sucker Punch+1","Slice","Dodge and Roll"],"picked":"SKIP","floor":28.0},{"not_picked":["Sucker Punch","Deadly Poison+1"],"picked":"Calculated Gamble","floor":30.0},{"not_picked":["Bane","Unload","Endless Agony"],"picked":"SKIP","floor":31.0},{"not_picked":["Bullet Time","Phantasmal Killer"],"picked":"Envenom","floor":33.0},{"not_picked":["Deflect+1","Endless Agony"],"picked":"Tactician","floor":35.0},{"not_picked":["Finisher+1","Backflip"],"picked":"Escape Plan","floor":38.0},{"not_picked":["Poisoned Stab","Flying Knee","Dagger Throw+1"],"picked":"SKIP","floor":41.0},{"not_picked":["PiercingWail","Poisoned Stab"],"picked":"Well Laid Plans+1","floor":42.0},{"not_picked":["HandOfGreed","Mind Blast"],"picked":"Master of Strategy","floor":46.0},{"not_picked":["Dagger Spray","Poisoned Stab","Dash"],"picked":"SKIP","floor":47.0},{"not_picked":["Reflex","Flying Knee"],"picked":"Blur","floor":55.0}],"player_experience":5924982,"relics_obtained":[{"floor":7.0,"key":"MealTicket"},{"floor":9.0,"key":"Bronze Scales"},{"floor":13.0,"key":"Bag of Marbles"},{"floor":23.0,"key":"Tough Bandages"},{"floor":25.0,"key":"Omamori"},{"floor":26.0,"key":"Letter Opener"},{"floor":42.0,"key":"Regal Pillow"},{"floor":47.0,"key":"Frozen Egg 2"},{"floor":55.0,"key":"InkBottle"}],"event_choices":[{"damage_healed":0.0,"max_hp_gain":0.0,"max_hp_loss":0.0,"gold_gain":75.0,"event_name":"World of Goop","player_choice":"Gather Gold","floor":2.0,"gold_loss":0.0,"damage_taken":11.0},{"damage_healed":0.0,"max_hp_gain":0.0,"max_hp_loss":0.0,"gold_gain":0.0,"event_name":"Shining Light","player_choice":"Entered Light","floor":4.0,"gold_loss":0.0,"damage_taken":20.0,"cards_upgraded":["Defend_G","Blade Dance"]},{"damage_healed":0.0,"max_hp_gain":0.0,"max_hp_loss":0.0,"gold_gain":0.0,"event_name":"Liars Game","player_choice":"Ignored","floor":10.0,"gold_loss":0.0,"damage_taken":0.0},{"cards_removed":["Strike_G"],"damage_healed":0.0,"max_hp_gain":0.0,"max_hp_loss":0.0,"gold_gain":0.0,"event_name":"Bonfire Elementals","player_choice":"Offered Basic","floor":14.0,"gold_loss":0.0,"damage_taken":0.0},{"damage_healed":0.0,"max_hp_gain":0.0,"max_hp_loss":0.0,"gold_gain":0.0,"event_name":"Vampires","player_choice":"Ignored","floor":20.0,"gold_loss":0.0,"damage_taken":0.0},{"damage_healed":0.0,"max_hp_gain":0.0,"max_hp_loss":0.0,"gold_gain":0.0,"event_name":"Accursed Blacksmith","player_choice":"Rummage","floor":21.0,"gold_loss":0.0,"damage_taken":0.0,"relics_obtained":["WarpedTongs"],"cards_obtained":["Pain"]},{"cards_removed":["Dagger Throw"],"damage_healed":0.0,"max_hp_gain":0.0,"max_hp_loss":0.0,"gold_gain":0.0,"event_name":"Falling","player_choice":"Removed Attack","floor":36.0,"gold_loss":0.0,"damage_taken":0.0},{"damage_healed":0.0,"max_hp_gain":0.0,"max_hp_loss":0.0,"gold_gain":0.0,"event_name":"Duplicator","player_choice":"Copied","floor":37.0,"gold_loss":0.0,"damage_taken":0.0,"cards_obtained":["After Image"]},{"damage_healed":0.0,"max_hp_gain":0.0,"max_hp_loss":0.0,"gold_gain":0.0,"event_name":"SensoryStone","player_choice":"Memory 1","floor":46.0,"gold_loss":0.0,"damage_taken":0.0},{"damage_healed":0.0,"max_hp_gain":0.0,"max_hp_loss":3.0,"gold_gain":0.0,"event_name":"Winding Halls","player_choice":"Max HP","floor":48.0,"gold_loss":0.0,"damage_taken":0.0}],"is_beta":false,"boss_relics":[{"not_picked":["Ring of the Serpent","Empty Cage"],"picked":"Cursed Key"},{"not_picked":["Philosopher\u0027s Stone","Calling Bell"],"picked":"Coffee Dripper"}],"items_purged_floors":[5,29],"is_endless":false,"potions_floor_spawned":[1,3,13,22,25,30,31,38,47,55],"ascension_level":20}}