{"host":"sw6p9u0oh417cx03","time":1614258217,"event":{"mods":["AchievementEnabler","Act Like it!","BaseMod","CapriCore","DeckTracker","Highlight Path","Minty Spire (QoL Compilation)","Quick Restart","StSLib"],"gold_per_floor":[119,44,44,54,54,88,88,0,0,0,11,11,24,41,41,114,114,127,157,157,171,171,204,220,231,231,256,270,297,14,25,25,99,99,110,162,162,162,176,203,203,228,228,228,148,183,405,430,430,430,430,430,13,46,46],"floor_reached":56,"language":"ZHS","playtime":2662,"items_purged":["Strike_G","Defend_G","Defend_G"],"score":2355,"play_id":"c71e6905-d875-4db0-ac59-eef00f4e6e8a","local_time":"20210225210337","is_ascension_mode":true,"campfire_choices":[{"data":"Blade Dance","floor":7.0,"key":"SMITH"},{"data":"Accuracy","floor":10.0,"key":"SMITH"},{"data":"Acrobatics","floor":12.0,"key":"SMITH"},{"data":"Neutralize","floor":15.0,"key":"SMITH"},{"data":"Prepared","floor":32.0,"key":"SMITH"},{"data":"Reflex","floor":41.0,"key":"SMITH"},{"floor":44.0,"key":"DIG"},{"floor":49.0,"key":"RECALL"},{"data":"Blade Dance","floor":52,"key":"SMITH"}],"circlet_count":0,"master_deck":["AscendersBane","Defend_G","Defend_G","Defend_G+1","Survivor+1","Blade Dance+1","Accuracy+1","Acrobatics+1","Acrobatics","Prepared+1","Blade Dance+1","Calculated Gamble+1","Reflex+1","Footwork","Escape Plan+1","After Image+1","Finesse","Terror+1","Concentrate","Adrenaline"],"relics":["Ring of the Snake","NeowsBlessing","FossilizedHelix","Bottled Tornado","Black Star","Red Mask","Orichalcum","Singing Bowl","Strawberry","Thread and Needle","Frozen Egg 2","Snake Skull","Shuriken","Empty Cage","Gambling Chip","Oddly Smooth Stone","Whetstone","Shovel","Kunai","The Courier","Darkstone Periapt","War Paint","Ancient Tea Set","Membership Card","Tough Bandages","Bag of Preparation","StrikeDummy"],"acts_visited":["Exordium","TheCity","TheBeyond","TheEnding"],"potions_floor_usage":[55],"damage_taken":[{"damage":0.0,"enemies":"Jaw Worm","floor":1.0,"turns":1.0},{"damage":0.0,"enemies":"Cultist","floor":4.0,"turns":1.0},{"damage":0.0,"enemies":"3 Sentries","floor":6.0,"turns":2.0},{"damage":0.0,"enemies":"Small Slimes","floor":11.0,"turns":4.0},{"damage":0.0,"enemies":"2 Fungi Beasts","floor":13.0,"turns":2.0},{"damage":0.0,"enemies":"Exordium Thugs","floor":14.0,"turns":3.0},{"damage":13.0,"enemies":"Slime Boss","floor":16.0,"turns":10.0},{"damage":0.0,"enemies":"Chosen","floor":18.0,"turns":4.0},{"damage":0.0,"enemies":"Masked Bandits","floor":19.0,"turns":3.0},{"damage":7.0,"enemies":"Shell Parasite","floor":21.0,"turns":4.0},{"damage":0.0,"enemies":"Gremlin Leader","floor":23.0,"turns":5.0},{"damage":0.0,"enemies":"Centurion and Healer","floor":24.0,"turns":4.0},{"damage":1.0,"enemies":"Snecko","floor":25.0,"turns":4.0},{"damage":5.0,"enemies":"Slavers","floor":27.0,"turns":4.0},{"damage":8.0,"enemies":"Snake Plant","floor":28.0,"turns":5.0},{"damage":10.0,"enemies":"Gremlin Leader","floor":29.0,"turns":4.0},{"damage":0.0,"enemies":"Centurion and Healer","floor":31.0,"turns":3.0},{"damage":18.0,"enemies":"Collector","floor":33.0,"turns":4.0},{"damage":0.0,"enemies":"Orb Walker","floor":35.0,"turns":3.0},{"damage":8.0,"enemies":"2 Orb Walkers","floor":36.0,"turns":4.0},{"damage":0.0,"enemies":"3 Darklings","floor":39.0,"turns":3.0},{"damage":0.0,"enemies":"Nemesis","floor":40.0,"turns":7.0},{"damage":0.0,"enemies":"Mind Bloom Boss Battle","floor":42.0,"turns":3.0},{"damage":0.0,"enemies":"Giant Head","floor":46.0,"turns":3.0},{"damage":37.0,"enemies":"Time Eater","floor":50.0,"turns":10.0},{"damage":0,"enemies":"Shield and Spear","floor":54,"turns":3},{"damage":33,"enemies":"The Heart","floor":55,"turns":4}],"seed_played":"943786014189563145","potions_obtained":[{"floor":3.0,"key":"SpeedPotion"},{"floor":3.0,"key":"AttackPotion"},{"floor":6.0,"key":"Dexterity Potion"},{"floor":16.0,"key":"CunningPotion"},{"floor":19.0,"key":"CunningPotion"},{"floor":27.0,"key":"FearPotion"},{"floor":31.0,"key":"Energy Potion"},{"floor":36.0,"key":"SteroidPotion"},{"floor":39.0,"key":"GhostInAJar"}],"is_trial":false,"path_per_floor":["M","$","?","M","?","E","R","$","T","R","M","R","M","M","R","B",null,"M","?","?","M","?","E","M","M","T","E","M","E","$","M","R","B",null,"M","?","?","?","M","E","R","?","T","R","$","E","?","T","R","B",null,"R","$","E","B",null],"character_chosen":"THE_SILENT","items_purchased":["Accuracy","Shuriken","Membership Card","Tough Bandages","Concentrate","SpeedPotion","Energy Potion"],"campfire_rested":0,"item_purchase_floors":[8,30,53,53,53,53,53],"current_hp_per_floor":[59,59,59,59,59,59,59,59,59,59,59,59,59,59,59,46,61,61,61,61,54,54,54,54,53,53,57,51,41,41,43,43,25,66,68,62,59,59,61,61,61,63,63,63,63,65,65,65,65,28,75,75,75,75,42],"gold":46,"neow_bonus":"THREE_ENEMY_KILL","is_daily":false,"chose_seed":false,"campfire_upgraded":7,"win_rate":0.0,"timestamp":1614258217,"path_taken":["M","$","?","?","?","E","R","?","T","R","M","R","?","M","R","BOSS","M","?","?","?","?","E","M","M","T","E","M","E","$","M","R","BOSS","M","?","?","?","M","E","R","?","T","R","$","E","?","?","R","BOSS","R","$","E","BOSS"],"items_purchased_type":["Card","Relic","Relic","Relic","Card","Potion","Potion"],"build_version":"2020-12-22","purchased_purges":3,"victory":true,"max_hp_per_floor":[66,66,66,66,66,66,66,66,66,66,66,66,66,66,66,66,66,66,66,66,66,66,66,66,66,66,75,77,77,77,79,79,79,79,81,83,85,85,87,87,87,89,89,89,89,91,91,91,91,91,91,91,91,91,91],"card_choices":[{"not_picked":["Poisoned Stab","PiercingWail","Slice"],"picked":"SKIP","floor":1.0},{"not_picked":["PiercingWail","Bane"],"picked":"Blade Dance","floor":4.0},{"not_picked":["Distraction","Tools of the Trade","Deadly Poison"],"picked":"SKIP","floor":6.0},{"not_picked":["Cloak And Dagger","Leg Sweep"],"picked":"Acrobatics","floor":11.0},{"not_picked":["Dagger Spray","Skewer","Heel Hook"],"picked":"SKIP","floor":13.0},{"not_picked":["Sucker Punch","Dash"],"picked":"Acrobatics","floor":14.0},{"not_picked":["Bane","PiercingWail","Bouncing Flask"],"picked":"SKIP","floor":18.0},{"not_picked":["Noxious Fumes","Infinite Blades"],"picked":"Prepared","floor":21.0},{"not_picked":["Slice","Prepared"],"picked":"Calculated Gamble+1","floor":23.0},{"not_picked":["Predator","Skewer"],"picked":"Reflex","floor":24.0},{"not_picked":["Dash","PiercingWail+1"],"picked":"Footwork","floor":25.0},{"not_picked":["Dagger Throw","Tools of the Trade","Deadly Poison"],"picked":"Singing Bowl","floor":27.0},{"not_picked":["Reflex","Dagger Throw+1","Dodge and Roll"],"picked":"Singing Bowl","floor":28.0},{"not_picked":["Masterful Stab","Dash"],"picked":"Escape Plan+1","floor":29.0},{"not_picked":["PiercingWail","Underhanded Strike","Flying Knee"],"picked":"Singing Bowl","floor":31.0},{"not_picked":["Bullet Time","Wraith Form v2+1"],"picked":"After Image+1","floor":33.0},{"not_picked":["Sucker Punch+1","Blade Dance","Underhanded Strike+1"],"picked":"Singing Bowl","floor":35.0},{"not_picked":["Predator+1","Distraction","Dagger Throw"],"picked":"Singing Bowl","floor":36.0},{"not_picked":["Swift Strike","Dramatic Entrance"],"picked":"Finesse","floor":37.0},{"not_picked":["Violence","Madness","Swift Strike"],"picked":"Singing Bowl","floor":37.0},{"not_picked":["Bane","Blade Dance+1","Blur"],"picked":"Singing Bowl","floor":39.0},{"not_picked":["PiercingWail","Accuracy+1"],"picked":"Terror+1","floor":40.0},{"not_picked":["Riddle With Holes","Terror","PiercingWail"],"picked":"Singing Bowl","floor":42.0},{"not_picked":["Sucker Punch","Finisher","Footwork+1"],"picked":"Singing Bowl","floor":46.0},{"not_picked":["Dash+1","Eviscerate"],"picked":"Adrenaline","floor":54}],"player_experience":324856,"relics_obtained":[{"floor":6.0,"key":"FossilizedHelix"},{"floor":9.0,"key":"Bottled Tornado"},{"floor":19.0,"key":"Red Mask"},{"floor":23.0,"key":"Orichalcum"},{"floor":23.0,"key":"Singing Bowl"},{"floor":27.0,"key":"Strawberry"},{"floor":27.0,"key":"Thread and Needle"},{"floor":29.0,"key":"Frozen Egg 2"},{"floor":29.0,"key":"Snake Skull"},{"floor":36.0,"key":"Gambling Chip"},{"floor":40.0,"key":"Oddly Smooth Stone"},{"floor":40.0,"key":"Whetstone"},{"floor":42.0,"key":"Shovel"},{"floor":43.0,"key":"Kunai"},{"floor":44.0,"key":"The Courier"},{"floor":46.0,"key":"Darkstone Periapt"},{"floor":46.0,"key":"War Paint"},{"floor":48.0,"key":"Ancient Tea Set"},{"floor":54,"key":"Bag of Preparation"},{"floor":54,"key":"StrikeDummy"}],"event_choices":[{"damage_healed":0.0,"max_hp_gain":0.0,"max_hp_loss":0.0,"gold_gain":0.0,"event_name":"Lab","player_choice":"Got Potions","floor":3.0,"gold_loss":0.0,"damage_taken":0.0},{"cards_removed":["Strike_G"],"damage_healed":0.0,"max_hp_gain":0.0,"max_hp_loss":0.0,"gold_gain":0.0,"event_name":"Bonfire Elementals","player_choice":"Offered Basic","floor":5.0,"gold_loss":0.0,"damage_taken":0.0},{"damage_healed":0.0,"max_hp_gain":0.0,"max_hp_loss":0.0,"gold_gain":0.0,"event_name":"Masked Bandits","player_choice":"Fought Bandits","floor":19.0,"gold_loss":0.0,"damage_taken":0.0},{"cards_removed":["Strike_G"],"damage_healed":0.0,"max_hp_gain":0.0,"max_hp_loss":0.0,"gold_gain":0.0,"event_name":"Purifier","player_choice":"Purged","floor":20.0,"gold_loss":0.0,"damage_taken":0.0},{"damage_healed":0.0,"max_hp_gain":0.0,"max_hp_loss":0.0,"gold_gain":0.0,"event_name":"The Library","player_choice":"Read","floor":22.0,"gold_loss":0.0,"damage_taken":0.0,"cards_obtained":["Blade Dance"]},{"damage_healed":0.0,"max_hp_gain":0.0,"max_hp_loss":0.0,"gold_gain":0.0,"event_name":"Mysterious Sphere","player_choice":"Fight","floor":36.0,"gold_loss":0.0,"damage_taken":0.0},{"damage_healed":0.0,"max_hp_gain":0.0,"max_hp_loss":0.0,"gold_gain":0.0,"event_name":"SensoryStone","player_choice":"Memory 2","floor":37.0,"gold_loss":0.0,"damage_taken":5.0},{"cards_removed":["Neutralize"],"damage_healed":0.0,"max_hp_gain":0.0,"max_hp_loss":0.0,"gold_gain":0.0,"event_name":"Falling","player_choice":"Removed Attack","floor":38.0,"gold_loss":0.0,"damage_taken":0.0},{"damage_healed":0.0,"max_hp_gain":0.0,"max_hp_loss":0.0,"gold_gain":0.0,"event_name":"MindBloom","player_choice":"Fight","floor":42.0,"gold_loss":0.0,"damage_taken":0.0},{"damage_healed":0.0,"max_hp_gain":0.0,"max_hp_loss":0.0,"gold_gain":222.0,"event_name":"Tomb of Lord Red Mask","player_choice":"Wore Mask","floor":47.0,"gold_loss":0.0,"damage_taken":0.0}],"is_beta":false,"boss_relics":[{"not_picked":["Philosopher\u0027s Stone","Tiny House"],"picked":"Black Star"},{"not_picked":["SlaversCollar","HoveringKite"],"picked":"Empty Cage"}],"items_purged_floors":[2,45,53],"is_endless":false,"potions_floor_spawned":[4,6,13,16,19,21,27,31,36,39,42],"ascension_level":16}}