{"host":"z9x5nldzhmx4jdfi","time":1614297100,"event":{"mods":["BaseMod","Better Altar","Better Note","Better Sensory Stone","Better Skull","Better Vampires","BetterRewards","Block Reminder","Card Filter","Colored Powertips","Infinite Spire","Minty Spire (QoL Compilation)","Relic Filter","StSLib","The Animator","Wandering Minibosses"],"gold_per_floor":[110,110,135,135,151,180,180,180,180],"floor_reached":8,"language":"ENG","playtime":343,"items_purged":[],"score":112,"play_id":"669fb27a-ce77-4ef4-8735-d320838bc0a9","local_time":"20210225175140","is_ascension_mode":true,"campfire_choices":[{"data":"animator:Spearman","floor":7,"key":"SMITH"}],"circlet_count":0,"master_deck":["AscendersBane","animator:Strike_GoblinSlayer","animator:Defend_GoblinSlayer","animator:Strike","animator:Strike","animator:Strike","animator:Defend","animator:Defend","animator:Defend","animator:LizardPriest","animator:DwarfShaman","animator:Spearman+1","animator:Shigure","animator:GuildGirl"],"relics":["Burning Blood","animator:TheMissingPiece","Bag of Preparation","Orichalcum","infinitespire:Cubic Diamond","Juzu Bracelet"],"acts_visited":["Exordium"],"potions_floor_usage":[6],"damage_taken":[{"damage":7.0,"enemies":"2 Louse","floor":1.0,"turns":3.0},{"damage":4.0,"enemies":"Small Slimes","floor":3.0,"turns":4.0},{"damage":1.0,"enemies":"Cultist","floor":5.0,"turns":4.0},{"damage":37,"enemies":"Lagavulin","floor":6,"turns":6},{"damage":17,"enemies":"Nightmare","floor":8,"turns":3}],"seed_played":"5572146690869213527","potions_obtained":[{"floor":1.0,"key":"SteroidPotion"},{"floor":6,"key":"SpeedPotion"}],"is_trial":false,"path_per_floor":["M","?","M","?","M","E","R","NM"],"character_chosen":"THE_ANIMATOR","items_purchased":["Bag of Preparation","Orichalcum"],"campfire_rested":0,"item_purchase_floors":[0,0],"current_hp_per_floor":[39,44,40,40,45,15,15,0,0],"gold":180,"neow_bonus":"","is_daily":false,"chose_seed":false,"campfire_upgraded":1,"win_rate":0.0,"timestamp":1614297100,"path_taken":["M","?","M","?","M","E","R","NM"],"items_purchased_type":["Relic","Relic"],"build_version":"2020-12-22","purchased_purges":0,"victory":false,"max_hp_per_floor":[60,65,65,65,65,66,66,66,66],"card_choices":[{"not_picked":["animator:Rider","animator:Assassin","animator:YaoHaDucy"],"picked":"SKIP","floor":1.0},{"not_picked":["animator:DolaRiku","animator:Azekura"],"picked":"animator:Spearman","floor":3.0},{"not_picked":["animator:LeleiLaLalena","animator:Arpeggio"],"picked":"animator:Shigure","floor":5.0},{"not_picked":["animator:Spearman","animator:CowGirl"],"picked":"animator:GuildGirl","floor":6}],"player_experience":1391259,"relics_obtained":[{"floor":6,"key":"Juzu Bracelet"}],"event_choices":[{"damage_healed":0.0,"max_hp_gain":5.0,"max_hp_loss":0.0,"gold_gain":0.0,"event_name":"Big Fish","player_choice":"Donut","floor":2.0,"gold_loss":0.0,"damage_taken":0.0}],"is_beta":false,"boss_relics":[],"items_purged_floors":[],"is_endless":false,"potions_floor_spawned":[1,6],"killed_by":"Nightmare","ascension_level":20}}