{"host":"jh7kh5nqtgzr3auj","time":1614254795,"event":{"mods":["AchievementEnabler","Act Like it!","BaseMod","Colored Powertips","Highlight Path","Library of Ruina","Minty Spire (QoL Compilation)","Quick Restart","Relic Stats","StSLib","TestMod"],"gold_per_floor":[114,129,129,129,154,188,188,209,235,235,258,298,326,345,345,464,464,485,485,245,272,292,334,360,409,409,432,882,916,961,493,493,653,653,684,240,323,136,206,206,254,254,254,292,317,393,393,455,455,484,484,484,16,72,182],"floor_reached":56,"language":"ZHS","playtime":3434,"items_purged":["Regret","LightAttack","ChargeAndCover","LightDefense","LightDefense"],"score":1973,"play_id":"146941ad-336b-429f-98c6-fc4fe52c9d5a","local_time":"20210225200635","is_ascension_mode":true,"campfire_choices":[{"data":"TheRedNotes","floor":7.0,"key":"SMITH"},{"data":"PuppetBlockade","floor":10.0,"key":"SMITH"},{"data":"EmotionalTurbulence","floor":15.0,"key":"SMITH"},{"data":"CleanUp","floor":32,"key":"SMITH"},{"data":"SunsetBlade","floor":40,"key":"SMITH"},{"data":"testmod-Reverberation","floor":42,"key":"SMITH"},{"floor":47,"key":"RECALL"},{"data":"BackAttack","floor":49,"key":"SMITH"},{"data":"FrontalAssault","floor":52,"key":"SMITH"}],"circlet_count":0,"master_deck":["Dodge","FocusedStrikes","NonstopAssault","Diversion","EnergyConversion","TheRedNotes+1","PuppetBlockade+1","Quickness","HandleRequest","EmotionalTurbulence+1","CleanUp+1","EnergyCycle","RipSpace","ShockRound","testmod-Reverberation+1","BackAttack+1","Parry2","SunsetBlade+1","MultiBlock","FrontalAssault+1","SinglePointStab","ForTheFamily","LeRegole","ForTheFamily","SinglePointStab","ViolentFlame","ViolentFlame+1","FleetEdge","QuickAttack+1","FervidEmotions","SilentMist","GrazeTheGrass"],"relics":["PageOfLibrarian","testmod-TestBox","testmod-SaigiyounoYou","Golden Idol","Bag of Preparation","Potion Belt","PageOfSnowWhitesApple","PageOfAlriune","Odd Mushroom","testmod-DeterminationOfClimber","testmod-Antiphasic","PageOfWrath","PageOfTheQueenOfHatred","PageOfTheKnightOfDespair","TheAbacus","CeramicFish","Sozu","Kunai","PageOfGreed","PageOfNihil","Smiling Mask","PageOfPorccubus","Dream Catcher","Sundial","Anchor","testmod-IndustrialRevolution","PageOfQueenBee"],"acts_visited":["Exordium","TheCity","TheBeyond","TheEnding"],"potions_floor_usage":[55,55],"damage_taken":[{"damage":0.0,"enemies":"Cultist","floor":1.0,"turns":3.0},{"damage":0.0,"enemies":"Small Slimes","floor":2.0,"turns":4.0},{"damage":7.0,"enemies":"Jaw Worm","floor":5.0,"turns":2.0},{"damage":16.0,"enemies":"Gremlin Nob","floor":6.0,"turns":3.0},{"damage":0.0,"enemies":"2 Fungi Beasts","floor":8.0,"turns":1.0},{"damage":2.0,"enemies":"Lots of Slimes","floor":11.0,"turns":2.0},{"damage":0.0,"enemies":"Lagavulin","floor":12.0,"turns":3.0},{"damage":0.0,"enemies":"The Mushroom Lair","floor":13.0,"turns":1.0},{"damage":0.0,"enemies":"Looter","floor":14.0,"turns":1.0},{"damage":32.0,"enemies":"Hexaghost","floor":16.0,"turns":4.0},{"damage":0.0,"enemies":"Shell Parasite","floor":18.0,"turns":1.0},{"damage":0.0,"enemies":"2 Thieves","floor":21.0,"turns":1.0},{"damage":0.0,"enemies":"Sentry and Sphere","floor":22.0,"turns":1.0},{"damage":0.0,"enemies":"Slavers","floor":23.0,"turns":1.0},{"damage":0.0,"enemies":"Snecko","floor":24.0,"turns":1.0},{"damage":0.0,"enemies":"Book of Stabbing","floor":25.0,"turns":1.0},{"damage":0.0,"enemies":"Centurion and Healer","floor":27.0,"turns":1.0},{"damage":0,"enemies":"Cultist and Chosen","floor":29,"turns":1},{"damage":0,"enemies":"Slavers","floor":30,"turns":1},{"damage":0,"enemies":"Champ","floor":33,"turns":1},{"damage":0,"enemies":"3 Darklings","floor":35,"turns":1},{"damage":0,"enemies":"Mind Bloom Boss Battle","floor":37,"turns":1},{"damage":0,"enemies":"3 Shapes","floor":39,"turns":1},{"damage":0,"enemies":"Reptomancer","floor":41,"turns":1},{"damage":0,"enemies":"Writhing Mass","floor":44,"turns":1},{"damage":0,"enemies":"Giant Head","floor":46,"turns":1},{"damage":0,"enemies":"Reptomancer","floor":48,"turns":1},{"damage":0,"enemies":"Donu and Deca","floor":50,"turns":1},{"damage":0,"enemies":"Shield and Spear","floor":54,"turns":1},{"damage":0,"enemies":"The Heart","floor":55,"turns":2}],"seed_played":"-5826655207391746897","potions_obtained":[{"floor":2.0,"key":"ColorlessPotion"},{"floor":5.0,"key":"SpeedPotion"},{"floor":8.0,"key":"testmod-SpacePotion"},{"floor":11.0,"key":"Fire Potion"},{"floor":13.0,"key":"Ancient Potion"},{"floor":18.0,"key":"FairyPotion"},{"floor":22.0,"key":"Swift Potion"},{"floor":24.0,"key":"Explosive Potion"},{"floor":25.0,"key":"CultistPotion"},{"floor":27.0,"key":"testmod-TestPotion"}],"is_trial":false,"path_per_floor":["M","M","?","?","M","E","R","M","T","R","M","E","?","M","R","B",null,"M","?","$","M","M","E","M","E","T","M","?","M","E","$","R","B",null,"M","$","?","$","M","R","E","R","T","M","T","E","R","E","R","B",null,"R","$","E","B",null],"character_chosen":"Librarian","items_purchased":["testmod-Reverberation","TheAbacus","CeramicFish","ForTheFamily","Kunai","ForTheFamily","ViolentFlame","FervidEmotions","SilentMist","Anchor","testmod-IndustrialRevolution"],"campfire_rested":0,"item_purchase_floors":[20,31,31,31,36,36,38,53,53,53,53],"current_hp_per_floor":[49,55,39,39,38,32,32,40,40,40,50,64,74,82,82,69,88,88,88,88,88,88,91,91,91,91,95,49,80,95,95,95,95,95,95,95,95,95,95,95,95,95,95,95,95,95,95,95,95,95,95,95,95,95,95],"gold":182,"neow_bonus":"REMOVE_TWO","is_daily":false,"chose_seed":false,"campfire_upgraded":8,"win_rate":0.0,"timestamp":1614254795,"path_taken":["M","?","?","?","M","E","R","M","T","R","M","E","?","M","R","BOSS","M","?","$","M","M","E","M","E","T","M","?","?","E","$","R","BOSS","M","$","?","?","M","R","E","R","T","M","?","E","R","E","R","BOSS","R","$","E","BOSS"],"items_purchased_type":["Card","Relic","Relic","Card","Relic","Card","Card","Card","Card","Relic","Relic"],"build_version":"2020-12-22","purchased_purges":5,"victory":true,"max_hp_per_floor":[65,65,65,65,65,88,88,88,88,88,88,88,88,88,88,88,88,88,88,88,88,91,91,91,95,95,95,95,95,95,95,95,95,95,95,95,95,95,95,95,95,95,95,95,95,95,95,95,95,95,95,95,95,95,95],"relic_stats":{"Sozu":3,"Dream Catcher":0,"TheAbacus":[42],"counters":[31,45],"Golden Idol":247,"Sundial":[2],"CeramicFish":99,"Bag of Preparation":[56],"Kunai":[36],"Smiling Mask":125,"obtain_stats":[{"PageOfTheQueenOfHatred":26,"CeramicFish":31,"PageOfAlriune":12,"Bag of Preparation":4,"Smiling Mask":41,"PageOfWrath":25,"Sozu":34,"PageOfGreed":37,"Dream Catcher":46,"TheAbacus":31,"PageOfQueenBee":54,"Sundial":48,"PageOfTheKnightOfDespair":30,"testmod-DeterminationOfClimber":17,"PageOfSnowWhitesApple":9,"Kunai":36,"Potion Belt":6,"testmod-TestBox":0,"Golden Idol":3,"PageOfNihil":39,"Odd Mushroom":13,"testmod-SaigiyounoYou":0,"testmod-IndustrialRevolution":53,"PageOfLibrarian":0,"testmod-Antiphasic":23,"Anchor":53,"PageOfPorccubus":45},{"PageOfTheQueenOfHatred":16,"CeramicFish":19,"PageOfAlriune":7,"Bag of Preparation":2,"Smiling Mask":25,"PageOfWrath":16,"Sozu":20,"PageOfGreed":22,"Dream Catcher":27,"TheAbacus":19,"PageOfQueenBee":30,"Sundial":28,"PageOfTheKnightOfDespair":19,"testmod-DeterminationOfClimber":10,"PageOfSnowWhitesApple":5,"Kunai":21,"Potion Belt":4,"testmod-TestBox":0,"Golden Idol":2,"PageOfNihil":24,"Odd Mushroom":8,"testmod-SaigiyounoYou":0,"testmod-IndustrialRevolution":29,"PageOfLibrarian":0,"testmod-Antiphasic":14,"Anchor":29,"PageOfPorccubus":26},{"PageOfTheQueenOfHatred":30,"CeramicFish":33,"PageOfAlriune":18,"Bag of Preparation":7,"Smiling Mask":38,"PageOfWrath":30,"Sozu":34,"PageOfGreed":36,"Dream Catcher":40,"TheAbacus":33,"PageOfQueenBee":43,"Sundial":41,"PageOfTheKnightOfDespair":33,"testmod-DeterminationOfClimber":24,"PageOfSnowWhitesApple":13,"Kunai":35,"Potion Belt":12,"testmod-TestBox":0,"Golden Idol":7,"PageOfNihil":37,"Odd Mushroom":19,"testmod-SaigiyounoYou":0,"testmod-IndustrialRevolution":42,"PageOfLibrarian":0,"testmod-Antiphasic":28,"Anchor":42,"PageOfPorccubus":39}]},"card_choices":[{"not_picked":["IllEndYou","UpbeatPerformance","Standoff","HighKick","DefenseOrder","ChiWen","SuppressingShot","PreparedMind"],"picked":"NonstopAssault","floor":1.0},{"not_picked":["FlashingStrike","StructuralAnalysis","AssaultOrder","CombatPreparation","SpearedSweep","SerpentSwordTechnique","FierceCharge","EnergyShield"],"picked":"Diversion","floor":2.0},{"not_picked":["RipSpace","StrongStrike","Slice_lor","EnergyStrike","InhaleSmoke","PinpointShot","PreemptiveStrike","UpbeatPerformance"],"picked":"EnergyConversion","floor":5.0},{"not_picked":["MindCrush","ButterflySlash","SmokingPipe","BiAn","Thrust","CookingPrep","Pound","Unlock1"],"picked":"TheRedNotes","floor":6.0},{"not_picked":["MultiHit","Pound","DaringDecision","Rewind","YourShield","DarkCloud","EnergyStrike","UnavoidableGaze"],"picked":"PuppetBlockade","floor":8.0},{"not_picked":["ViolentFlame","TrimTheIngredients","Crush","StructuralAnalysis","Cruelty","DarkCloud","HighKick","Feast","Outburst"],"picked":"SKIP","floor":11.0},{"not_picked":["Duel_lor","DarkCloud","GaleKick","ShrineToMusic","FlashOfSunup","WrathOfTorment","SummaryJudgment","FlyingSword"],"picked":"Quickness","floor":12.0},{"not_picked":["Feast","LeRegole","FleetFootsteps","GuardingStance","HeavyPeaks","ShrineToMusic","SuppressingShot","BayonetCombat"],"picked":"HandleRequest","floor":13.0},{"not_picked":["TendonChords","FocusFire","SerpentSwordTechnique","InhaleSmoke","EndlessBattle","Suppress","Brawl","Guardian_lor"],"picked":"EmotionalTurbulence","floor":14.0},{"not_picked":["Eradication","GroundSmash"],"picked":"CleanUp","floor":16.0},{"not_picked":["BindingChains+1","StrikeDown","EnergyStrike","SuppressingShot","DaringDecision","SinglePointStab","TrimTheIngredients","ElectricShock"],"picked":"EnergyCycle","floor":18.0},{"not_picked":["RatsGuideToSurvival","Reload","YouOnlyLiveOnce+1","ShockRound","StructuralAnalysis+1","SharpNails+1","FormingStorm","HiddenBlade"],"picked":"BackAttack","floor":21.0},{"not_picked":["MindWhip+1","Parry","AsThePrescriptOrders","PinpointShot","DesperateStruggle+1","StrongStrike","PreparedMind","InkOver+1"],"picked":"Parry2","floor":22.0},{"not_picked":["HiddenBlade","BiteOff","ToWhereThePrescriptPoints+1","FleetEdge","MultiBlock","Quickness","GuardingStance","CircusKnives","Overcharge+1"],"picked":"SKIP","floor":23.0},{"not_picked":["HiddenBlade","BiteOff","ToWhereThePrescriptPoints+1","FleetEdge","MultiBlock","Quickness","GuardingStance","CircusKnives","Overcharge+1"],"picked":"SKIP","floor":23.0},{"not_picked":["Collision","FlashingStrike+1","SinglePointStab","FlowOfTheSword+1","DarkCloud","ExtremeEdge","SuppressingShot+1","GreatSerpentsImpact"],"picked":"SunsetBlade","floor":24.0},{"not_picked":["BladeWhirl","SuppressingShot","Standoff","CoordinatedAssault","Thrust","Retaliate+1","Gigigig","VenomousFangs+1"],"picked":"MultiBlock","floor":25.0},{"not_picked":["GreatSerpentsImpact","Rewind+1","FleetFootsteps","HandleRequest","DarkCloud","DefenseOrder","Overpower","ClassAndRespect"],"picked":"FrontalAssault","floor":27.0},{"not_picked":["DefenseOrder+1","Rewind","Riposte+1","EnergyStrike","SilentMist+1","YourShield","SweepTheBackstreets","Quickness","ClassAndRespect"],"picked":"SKIP","floor":29},{"not_picked":["UnavoidableGaze","FieryWaltz+1","Track","Guardian_lor","Multislash","Decapitation","RepressedFlesh","WillOfThePrescript"],"picked":"SinglePointStab","floor":30},{"not_picked":["FlamingDragonFist","Tttonst"],"picked":"LeRegole","floor":33},{"not_picked":["SmokingPipe","DarkCloud","TendonChords+1","Pound+1","Endure+1","QuickSuppression","FrontalAssault","Reload","CombatPreparation+1"],"picked":"SKIP","floor":35},{"not_picked":["FrontalAssault","RhinoRam","LossOfSenses","Decapitation","Wallop_lor+1","PreemptiveStrike+1","SharpenedBlade+1","HandlingWork"],"picked":"SinglePointStab","floor":37},{"not_picked":["EnergyShield+1","Standoff+1","MultiHit","Reload","Overcharge+1","SerpentSwordTechnique","WillOfThePrescript+1","CoordinatedAssault"],"picked":"ViolentFlame+1","floor":39},{"not_picked":["StrikeDown+1","UpbeatPerformance+1","Outburst+1","OpportunitySpotted","BladeWhirl","CrackOfDawn","ConcentratedFire","Parry2+1","VenomousFangs+1"],"picked":"SKIP","floor":41},{"not_picked":["GaleKick+1","Rewind+1","Parry","BurningFlash+1","Thirst+1","StructuralAnalysis+1","ToOvercomeCrisis+1","FormingStorm","StrikeDown"],"picked":"SKIP","floor":44},{"not_picked":["Disposal","MindCrush","FleetFootsteps+1","LeRegole","Duel_lor","EnergyCycle","Diversion+1","GuidanceOfTheGears"],"picked":"FleetEdge","floor":46},{"not_picked":["Overcharge+1","DestructiveImpact+1","MultiHit","BindingChains","SomberProcuration","ProselytesBlade+1","HandleRequest","Standoff+1"],"picked":"QuickAttack+1","floor":48},{"not_picked":["Standoff+1","ViolentFlame+1","ScatteringSlash","ReadyUp","Preparation+1","Castigation","RulesOfTheBackstreets","Gigigig"],"picked":"GrazeTheGrass","floor":54}],"player_experience":291902,"relics_obtained":[{"floor":6.0,"key":"Potion Belt"},{"floor":9.0,"key":"PageOfSnowWhitesApple"},{"floor":12.0,"key":"PageOfAlriune"},{"floor":13.0,"key":"Odd Mushroom"},{"floor":23.0,"key":"testmod-Antiphasic"},{"floor":25.0,"key":"PageOfWrath"},{"floor":26.0,"key":"PageOfTheQueenOfHatred"},{"floor":30,"key":"PageOfTheKnightOfDespair"},{"floor":37,"key":"PageOfGreed"},{"floor":39,"key":"PageOfNihil"},{"floor":41,"key":"Smiling Mask"},{"floor":45,"key":"PageOfPorccubus"},{"floor":46,"key":"Dream Catcher"},{"floor":48,"key":"Sundial"},{"floor":54,"key":"PageOfQueenBee"}],"event_choices":[{"damage_healed":0.0,"max_hp_gain":0.0,"max_hp_loss":0.0,"gold_gain":0.0,"event_name":"Golden Idol","player_choice":"Take Damage","floor":3.0,"gold_loss":0.0,"damage_taken":16.0,"relics_obtained":["Golden Idol"]},{"damage_healed":0.0,"max_hp_gain":0.0,"max_hp_loss":0.0,"gold_gain":0.0,"event_name":"Big Fish","player_choice":"Box","floor":4.0,"gold_loss":0.0,"damage_taken":0.0,"relics_obtained":["Bag of Preparation"],"cards_obtained":["Regret"]},{"damage_healed":0.0,"max_hp_gain":0.0,"max_hp_loss":0.0,"gold_gain":0.0,"event_name":"Mushrooms","player_choice":"Fought Mushrooms","floor":13.0,"gold_loss":0.0,"damage_taken":0.0},{"damage_healed":0.0,"max_hp_gain":0.0,"max_hp_loss":0.0,"gold_gain":0.0,"cards_transformed":["LightAttack","LightDefense"],"event_name":"Drug Dealer","player_choice":"Became Test Subject","floor":19.0,"gold_loss":0.0,"damage_taken":0.0,"cards_obtained":["RipSpace","ShockRound"]},{"damage_healed":0,"gold_gain":450,"player_choice":"GOLD GOLD GOLD GOLD GOLD ","damage_taken":46,"max_hp_gain":0,"max_hp_loss":0,"event_name":"Knowing Skull","floor":28,"potions_obtained":[],"gold_loss":0,"cards_obtained":[]},{"damage_healed":0,"gold_gain":0,"player_choice":"Fight","damage_taken":0,"max_hp_gain":0,"max_hp_loss":0,"event_name":"MindBloom","floor":37,"gold_loss":0}],"is_beta":false,"boss_relics":[{"not_picked":["Black Star","Coffee Dripper"],"picked":"testmod-DeterminationOfClimber"},{"not_picked":["Philosopher\u0027s Stone","testmod-Nine"],"picked":"Sozu"}],"items_purged_floors":[20,31,36,38,53],"is_endless":false,"potions_floor_spawned":[2,5,8,11,13,18,22,24,25,27,35,44,46],"ascension_level":2}}