{"host":"zdx3mk58qfaqn5dx","time":1614296110,"event":{"mods":["BaseMod","Bestiary","Better Third Choice","Colored Map","Colored Powertips","Dark Map","Downfall","Hermit","Highlight Path","Minty Spire (QoL Compilation)","Practice Mode","Quick Restart","Relic Stats","StSLib","SuperFastMode"],"gold_per_floor":[116,66,27,27,27,55,55,55,55,55,69,86,86,101,101,101,101],"floor_reached":16,"language":"ENG","playtime":538,"items_purged":[],"score":129,"play_id":"151c69d7-1390-4ef5-9a34-9819aaced4c6","local_time":"20210226003510","is_ascension_mode":true,"campfire_choices":[{"data":"hermit:Dive","floor":7,"key":"SMITH"},{"data":"hermit:Snapshot","floor":10,"key":"SMITH"},{"data":"hermit:Gestalt","floor":13,"key":"SMITH"},{"data":"hermit:Coalescence","floor":15,"key":"SMITH"}],"circlet_count":0,"master_deck":["hermit:Strike_Hermit","hermit:Strike_Hermit","hermit:Strike_Hermit","hermit:Strike_Hermit","hermit:Defend_Hermit","hermit:Defend_Hermit","hermit:Defend_Hermit","hermit:Snapshot+1","hermit:Covet","hermit:Snipe+1","hermit:Dive+1","hermit:Coalescence+1","hermit:Gestalt+1"],"relics":["hermit:Momento","NeowsBlessing","betterThird:SlimedRelic","Matryoshka"],"acts_visited":["Exordium"],"potions_floor_usage":[],"damage_taken":[{"damage":0,"enemies":"Small Slimes","floor":1,"turns":1},{"damage":0,"enemies":"Gremlin Nob","floor":6,"turns":1},{"damage":0,"enemies":"2 Louse","floor":11,"turns":2},{"damage":4,"enemies":"Cultist","floor":12,"turns":3},{"damage":1,"enemies":"2 Fungi Beasts","floor":14,"turns":4},{"damage":59,"enemies":"Hexaghost","floor":16,"turns":19}],"seed_played":"-3679812782077579284","potions_obtained":[{"floor":11,"key":"Energy Potion"},{"floor":12,"key":"SmokeBomb"}],"is_trial":false,"path_per_floor":["M","?","?","$","?","E","R","$","T","R","M","M","R","M","R","B"],"character_chosen":"HERMIT","items_purchased":[],"campfire_rested":0,"item_purchase_floors":[],"current_hp_per_floor":[75,75,64,64,64,64,64,64,64,64,64,60,60,59,59,0,0],"gold":101,"neow_bonus":"THREE_ENEMY_KILL","is_daily":false,"chose_seed":false,"campfire_upgraded":4,"win_rate":0.0,"timestamp":1614296110,"path_taken":["M","?","?","$","?","E","R","$","T","R","M","M","R","?","R","BOSS"],"items_purchased_type":[],"build_version":"2020-12-22","purchased_purges":0,"victory":false,"max_hp_per_floor":[75,75,75,75,75,75,75,75,75,75,75,75,75,75,75,75,75],"relic_stats":{"counters":[6,30],"obtain_stats":[{"Matryoshka":6,"NeowsBlessing":0,"betterThird:SlimedRelic":3,"hermit:Momento":0},{"Matryoshka":2,"NeowsBlessing":0,"betterThird:SlimedRelic":1,"hermit:Momento":0},{"Matryoshka":2,"NeowsBlessing":0,"betterThird:SlimedRelic":1,"hermit:Momento":0}]},"card_choices":[{"not_picked":["hermit:HoleUp","hermit:ItchyTrigger"],"picked":"hermit:Snipe","floor":1},{"not_picked":["hermit:DeadMansHand","hermit:TrackingShot"],"picked":"hermit:Dive","floor":6},{"not_picked":["hermit:Feint","hermit:GoldenBullet"],"picked":"hermit:Coalescence","floor":11},{"not_picked":["hermit:FlashPowder","hermit:ShadowCloak"],"picked":"hermit:Gestalt","floor":12},{"not_picked":["hermit:EternalForm","hermit:HoleUp","hermit:Cheat"],"picked":"SKIP","floor":14}],"player_experience":218976,"relics_obtained":[{"floor":6,"key":"Matryoshka"}],"event_choices":[{"cards_removed":["hermit:Defend_Hermit"],"damage_healed":0,"gold_gain":0,"player_choice":"Card Removal","damage_taken":0,"max_hp_gain":0,"max_hp_loss":0,"event_name":"The Cleric","floor":2,"gold_loss":50},{"damage_healed":0,"gold_gain":0,"player_choice":"Slimed","damage_taken":11,"max_hp_gain":0,"max_hp_loss":0,"event_name":"betterThird:BetterGoop","floor":3,"gold_loss":39},{"damage_healed":0,"gold_gain":0,"player_choice":"Upgraded","damage_taken":0,"max_hp_gain":0,"max_hp_loss":0,"event_name":"Upgrade Shrine","floor":5,"gold_loss":0,"cards_upgraded":["hermit:Snipe"]}],"is_beta":false,"boss_relics":[],"items_purged_floors":[],"is_endless":false,"potions_floor_spawned":[11,12],"killed_by":"Hexaghost","ascension_level":1}}