{"host":"sav7uxregyirlf69","time":1614240532,"event":{"mods":["AchievementEnabler","BaseMod","Colored Map","DeckTracker","Keyboard Shortcuts","Minty Spire (QoL Compilation)","READ ME - Guardian Mod","StSLib","SuperFastMode"],"gold_per_floor":[114,114,130,148,148,148,73,90,90,90,122,142,142,155,155,155,155],"floor_reached":16,"language":"KOR","playtime":287,"items_purged":[],"score":204,"play_id":"c43d4ca7-4ed4-46ad-b82f-aef80eba76ff","local_time":"20210225170852","is_ascension_mode":true,"campfire_choices":[{"data":"Skewer","floor":6,"key":"SMITH"},{"data":"Concentrate","floor":10,"key":"SMITH"},{"floor":13,"key":"REST"},{"data":"Terror","floor":15,"key":"SMITH"}],"circlet_count":0,"master_deck":["AscendersBane","Strike_G+1","Strike_G","Strike_G","Defend_G","Defend_G","Defend_G","Survivor","Neutralize","Escape Plan","Skewer+1","Footwork","Deadly Poison","Well Laid Plans+1","Concentrate+1","Terror+1"],"relics":["Ring of the Snake","Gremlin Horn","Pantograph"],"acts_visited":["Exordium"],"potions_floor_usage":[12],"damage_taken":[{"damage":3,"enemies":"Small Slimes","floor":1,"turns":4},{"damage":2,"enemies":"Jaw Worm","floor":3,"turns":5},{"damage":5,"enemies":"2 Louse","floor":4,"turns":3},{"damage":10,"enemies":"Lots of Slimes","floor":8,"turns":5},{"damage":11,"enemies":"Gremlin Nob","floor":11,"turns":3},{"damage":0,"enemies":"Blue Slaver","floor":12,"turns":2},{"damage":0,"enemies":"Large Slime","floor":14,"turns":3},{"damage":47,"enemies":"Hexaghost","floor":16,"turns":9}],"seed_played":"3443289490791369639","potions_obtained":[{"floor":3,"key":"Fire Potion"}],"is_trial":false,"path_per_floor":["M","?","M","M","?","R","?","M","T","R","E","M","R","M","R","B"],"character_chosen":"THE_SILENT","items_purchased":[],"campfire_rested":1,"item_purchase_floors":[],"current_hp_per_floor":[56,49,47,42,24,24,24,14,14,14,3,3,21,21,21,0,0],"gold":155,"neow_bonus":"TRANSFORM_TWO_CARDS","is_daily":false,"chose_seed":false,"campfire_upgraded":3,"win_rate":0.0,"timestamp":1614240532,"path_taken":["M","?","M","M","?","R","?","M","T","R","E","M","R","M","R","BOSS"],"items_purchased_type":[],"build_version":"2020-12-22","purchased_purges":0,"victory":false,"max_hp_per_floor":[60,60,60,60,60,60,60,60,60,60,60,60,60,60,60,60,60],"card_choices":[{"not_picked":["Cloak And Dagger","Dagger Spray"],"picked":"Footwork","floor":1},{"not_picked":["Backflip","Escape Plan"],"picked":"Deadly Poison","floor":3},{"not_picked":["Cloak And Dagger","Reflex"],"picked":"Well Laid Plans","floor":4},{"not_picked":["Flying Knee","Bane"],"picked":"Concentrate","floor":8},{"not_picked":["Bane","Sucker Punch","Dagger Spray"],"picked":"SKIP","floor":11},{"not_picked":["Dagger Throw","Flying Knee","Backflip"],"picked":"SKIP","floor":12},{"not_picked":["Prepared","Glass Knife"],"picked":"Terror","floor":14}],"player_experience":1696760,"relics_obtained":[{"floor":9,"key":"Gremlin Horn"},{"floor":11,"key":"Pantograph"}],"event_choices":[{"cards_removed":["Strike_G"],"damage_healed":0,"gold_gain":0,"player_choice":"Card Removal","damage_taken":7,"max_hp_gain":0,"max_hp_loss":0,"event_name":"Golden Wing","floor":2,"gold_loss":0},{"damage_healed":0,"gold_gain":0,"player_choice":"Entered Light","damage_taken":18,"max_hp_gain":0,"max_hp_loss":0,"event_name":"Shining Light","floor":5,"gold_loss":0,"cards_upgraded":["Well Laid Plans","Strike_G"]},{"cards_removed":["Defend_G"],"damage_healed":0,"gold_gain":0,"player_choice":"Card Removal","damage_taken":0,"max_hp_gain":0,"max_hp_loss":0,"event_name":"The Cleric","floor":7,"gold_loss":75}],"is_beta":false,"boss_relics":[],"items_purged_floors":[],"is_endless":false,"potions_floor_spawned":[3],"killed_by":"Hexaghost","ascension_level":20}}