{"host":"fnk117zi8wf5078t","time":1614270808,"event":{"mods":["AchievementEnabler","BaseMod","Colored Map","Minty Spire (QoL Compilation)","Rare Cards Sparkle","SuperFastMode","everything is the same but u backflip on backflip"],"gold_per_floor":[364,380,380,396,31,31,63,238,290,290,304,316,334,349,349,425,475,487,437,448,448,283,283,296,296,296],"floor_reached":25,"language":"KOR","playtime":814,"items_purged":["Clumsy"],"score":338,"play_id":"70490ba5-7e8d-445e-8e4e-e84423fc6fbf","local_time":"20210226013328","is_ascension_mode":true,"campfire_choices":[{"data":"Reboot","floor":6,"key":"SMITH"},{"floor":10,"key":"REST"},{"data":"Zap","floor":15,"key":"SMITH"},{"floor":23,"key":"REST"}],"circlet_count":0,"master_deck":["AscendersBane","Strike_B","Strike_B","Strike_B","Strike_B","Defend_B","Defend_B","Defend_B","Defend_B+1","Zap+1","Dualcast","FTL","Auto Shields","Steam Power","Reboot+1","Scrape","Doubt","Turbo","Steam","Genetic Algorithm","Amplify","Chaos","Steam","Go for the Eyes+1"],"relics":["Membership Card","Shuriken","Blood Vial","Oddly Smooth Stone","Tiny House","Nloth\u0027s Gift","Sling"],"acts_visited":["Exordium","TheCity"],"potions_floor_usage":[7,16,16,17,18],"damage_taken":[{"damage":4,"enemies":"2 Louse","floor":1,"turns":3},{"damage":9,"enemies":"Jaw Worm","floor":2,"turns":3},{"damage":1,"enemies":"Cultist","floor":4,"turns":3},{"damage":10,"enemies":"Lagavulin","floor":7,"turns":7},{"damage":0,"enemies":"Exordium Wildlife","floor":11,"turns":3},{"damage":22,"enemies":"Exordium Thugs","floor":12,"turns":4},{"damage":0,"enemies":"Large Slime","floor":13,"turns":4},{"damage":0,"enemies":"Looter","floor":14,"turns":3},{"damage":52,"enemies":"The Guardian","floor":16,"turns":14},{"damage":3,"enemies":"3 Byrds","floor":18,"turns":4},{"damage":32,"enemies":"Spheric Guardian","floor":20,"turns":7},{"damage":48,"enemies":"Shelled Parasite and Fungi","floor":24,"turns":9},{"damage":0,"enemies":"Centurion and Healer","floor":25,"turns":1}],"seed_played":"-6586784508691797546","potions_obtained":[{"floor":2,"key":"BlessingOfTheForge"},{"floor":12,"key":"EssenceOfSteel"},{"floor":13,"key":"Fire Potion"},{"floor":14,"key":"AttackPotion"},{"floor":16,"key":"Fruit Juice"},{"floor":17,"key":"AttackPotion"}],"is_trial":false,"path_per_floor":["M","M","$","M","$","R","E","?","T","R","M","M","M","M","R","B",null,"M","?","M","?","$","R","M","M"],"character_chosen":"DEFECT","items_purchased":["Membership Card","Shuriken","Steam Power","Reboot","Sling","CultistPotion"],"campfire_rested":2,"item_purchase_floors":[5,5,5,5,22,22],"current_hp_per_floor":[64,55,55,54,54,54,44,44,44,66,68,48,50,52,52,2,67,66,66,36,36,36,61,15,17,17],"gold":296,"neow_bonus":"TWO_FIFTY_GOLD","is_daily":false,"chose_seed":false,"campfire_upgraded":2,"win_rate":0.0,"timestamp":1614270808,"path_taken":["M","M","$","M","$","R","E","?","T","R","M","M","M","M","R","BOSS","M","?","?","?","$","R","M","M"],"items_purchased_type":["Relic","Relic","Card","Card","Relic","Potion"],"build_version":"2020-12-22","purchased_purges":1,"victory":false,"max_hp_per_floor":[75,75,75,75,75,75,75,75,75,75,75,75,75,75,75,75,85,85,85,85,85,85,85,85,85,85],"card_choices":[{"not_picked":["Streamline","Force Field"],"picked":"FTL","floor":1},{"not_picked":["Blizzard","Redo"],"picked":"Auto Shields","floor":2},{"not_picked":["Auto Shields","Coolheaded","Go for the Eyes"],"picked":"SKIP","floor":4},{"not_picked":["Skim","Coolheaded"],"picked":"Scrape","floor":7},{"not_picked":["Static Discharge","Cold Snap"],"picked":"Turbo","floor":11},{"not_picked":["Skim","Turbo"],"picked":"Steam","floor":12},{"not_picked":["Sweeping Beam","Cold Snap","Stack"],"picked":"SKIP","floor":13},{"not_picked":["Ball Lightning","Compile Driver"],"picked":"Genetic Algorithm","floor":14},{"not_picked":["Rainbow","Biased Cognition"],"picked":"Amplify","floor":16},{"not_picked":["Reinforced Body","Barrage"],"picked":"Chaos","floor":17},{"not_picked":["Stack","Cold Snap"],"picked":"Steam","floor":18},{"not_picked":["Conserve Battery","Rebound"],"picked":"Go for the Eyes+1","floor":20},{"not_picked":["Hello World","Turbo","Sweeping Beam"],"picked":"SKIP","floor":24}],"player_experience":439852,"relics_obtained":[{"floor":7,"key":"Blood Vial"},{"floor":9,"key":"Oddly Smooth Stone"}],"event_choices":[{"damage_healed":0,"gold_gain":175,"player_choice":"AGREE","damage_taken":0,"max_hp_gain":0,"max_hp_loss":0,"event_name":"Liars Game","floor":8,"gold_loss":0,"cards_obtained":["Doubt"]},{"damage_healed":0,"gold_gain":0,"player_choice":"Bet on Owner","damage_taken":0,"max_hp_gain":0,"max_hp_loss":0,"event_name":"The Joust","floor":19,"gold_loss":50},{"damage_healed":0,"gold_gain":0,"player_choice":"Traded Relic","damage_taken":0,"relics_obtained":["Nloth\u0027s Gift"],"max_hp_gain":0,"max_hp_loss":0,"event_name":"N\u0027loth","floor":21,"relics_lost":["Cracked Core"],"gold_loss":0}],"is_beta":false,"boss_relics":[{"not_picked":["SacredBark","Velvet Choker"],"picked":"Tiny House"}],"items_purged_floors":[22],"is_endless":false,"potions_floor_spawned":[2,12,13,14,16],"killed_by":"Centurion and Healer","ascension_level":13}}