{"host":"czzthkrvfe6r7fjf","time":1614271083,"event":{"mods":["ATMod(∞¢Ë™Mod)","Act Like it!","BaseMod","Downfall","GungeonMod","Marisa£®ÏF”Í°°ƒß¿Ì…≥£©","Minty Spire (QoL Compilation)","Quick Restart","StSLib","The Servant 0.9.4","Waifu the Spire","°æπ¶ƒ‹Mod°øªÏ„Á÷Æª∑–ﬁ∏¥≤π∂°"],"gold_per_floor":[116,127,137,137,156,182,182,211,211,236,236,247,265,285,285,383,383,393,403,110,110,110,110,143,143,167,198,213,246,258,158,158,256,256,276,287,307,326,336,336,355,355,380,207,234,247,97,110,110,110],"floor_reached":51,"language":"ZHS","playtime":1664,"items_purged":["Strike_R","Strike_R","Defend_R","Strike_R"],"score":1445,"play_id":"12cfc966-43a1-403e-a507-2779de83bca9","local_time":"20210226003803","is_ascension_mode":true,"campfire_choices":[{"data":"Armaments","floor":7.0,"key":"SMITH"},{"data":"Searing Blow","floor":15.0,"key":"SMITH"},{"data":"Searing Blow+2","floor":23.0,"key":"SMITH"},{"data":"Searing Blow+3","floor":25.0,"key":"SMITH"},{"data":"Searing Blow+4","floor":32.0,"key":"SMITH"},{"floor":40.0,"key":"REST"},{"data":"AT_OneInchPunch","floor":42.0,"key":"SMITH"},{"floor":49.0,"key":"REST"}],"circlet_count":0,"master_deck":["AscendersBane","Defend_R","Defend_R","Defend_R","Bash","Immolate","AT_OneInchPunch+1","Shrug It Off","Armaments+1","True Grit","Searing Blow+5","Bloodletting+1","Disarm+1","Exhume+1","Thunderclap","Rage+1","Shockwave+1","Warcry+1","Ghostly Armor+1","Battle Trance+1","Seeing Red+1","Flex+1"],"relics":["Burning Blood","AT_ATBox","Vajra","AT_ChloranthyRing","Toxic Egg 2","AT_LudenTempest","DemoMod:BlueGuonStone","Empty Cage","AT_SeraphEmbrace","Sundial","DemoMod:WeirdEgg","PreservedInsect","Tiny Chest","bronze:MakeshiftBattery","DemoMod:ClearGuonStone","Prayer Wheel"],"acts_visited":["Exordium","TheCity","TheBeyond"],"potions_floor_usage":[50],"damage_taken":[{"damage":0.0,"enemies":"Cultist","floor":1.0,"turns":2.0},{"damage":0.0,"enemies":"Jaw Worm","floor":2.0,"turns":3.0},{"damage":1.0,"enemies":"Small Slimes","floor":3.0,"turns":2.0},{"damage":1.0,"enemies":"Red Slaver","floor":5.0,"turns":2.0},{"damage":9.0,"enemies":"Gremlin Nob","floor":6.0,"turns":3.0},{"damage":19.0,"enemies":"3 Sentries","floor":8.0,"turns":7.0},{"damage":0.0,"enemies":"Gremlin Nob","floor":10.0,"turns":2.0},{"damage":6.0,"enemies":"3 Louse","floor":12.0,"turns":2.0},{"damage":3.0,"enemies":"Blue Slaver","floor":13.0,"turns":2.0},{"damage":0.0,"enemies":"Large Slime","floor":14.0,"turns":5.0},{"damage":3.0,"enemies":"The Guardian","floor":16.0,"turns":9.0},{"damage":13.0,"enemies":"3 Byrds","floor":18.0,"turns":4.0},{"damage":0.0,"enemies":"Spheric Guardian","floor":19.0,"turns":3.0},{"damage":11.0,"enemies":"Slavers","floor":24.0,"turns":3.0},{"damage":6.0,"enemies":"Gremlin Leader","floor":27.0,"turns":6.0},{"damage":16.0,"enemies":"Centurion and Healer","floor":28.0,"turns":4.0},{"damage":0.0,"enemies":"Slavers","floor":29.0,"turns":2.0},{"damage":10.0,"enemies":"Shelled Parasite and Fungi","floor":30.0,"turns":4.0},{"damage":14.0,"enemies":"Champ","floor":33.0,"turns":6.0},{"damage":11.0,"enemies":"3 Darklings","floor":35.0,"turns":5.0},{"damage":4.0,"enemies":"Orb Walker","floor":36.0,"turns":3.0},{"damage":30.0,"enemies":"Transient","floor":37.0,"turns":5.0},{"damage":25.0,"enemies":"4 Shapes","floor":38.0,"turns":3.0},{"damage":12.0,"enemies":"Maw","floor":39.0,"turns":5.0},{"damage":0.0,"enemies":"3 Darklings","floor":41.0,"turns":3.0},{"damage":15.0,"enemies":"Nemesis","floor":45.0,"turns":3.0},{"damage":15.0,"enemies":"Writhing Mass","floor":46.0,"turns":3.0},{"damage":0.0,"enemies":"Jaw Worm Horde","floor":48.0,"turns":2.0},{"damage":29,"enemies":"Awakened One","floor":50,"turns":10}],"seed_played":"-2297701301233561642","potions_obtained":[{"floor":1.0,"key":"Guardian:BlockOnCardUsePotion"},{"floor":3.0,"key":"ColorlessPotion"},{"floor":8.0,"key":"Block Potion"},{"floor":11.0,"key":"ColorlessPotion"},{"floor":12.0,"key":"FairyPotion"},{"floor":16.0,"key":"Fire Potion"},{"floor":24.0,"key":"BlessingOfTheForge"},{"floor":35.0,"key":"SpeedPotion"}],"is_trial":false,"path_per_floor":["M","M","M","?","M","E","R","E","T","E","?","M","M","M","R","B",null,"M","M","$","?","?","R","E","R","T","E","M","E","M","$","R","B",null,"M","M","M","M","M","R","M","R","T","$","E","M","$","M","R","B",null],"character_chosen":"IRONCLAD","items_purchased":["AT_ArchangelStaff","Shockwave+1","PowerPotion"],"campfire_rested":2,"item_purchase_floors":[20,20,44],"current_hp_per_floor":[72,72,72,69,72,69,69,56,56,62,62,62,65,71,71,72,72,65,71,71,71,71,71,66,66,66,66,56,62,58,58,58,50,67,62,64,40,21,15,36,42,42,42,42,33,24,24,30,51,28],"gold":110,"neow_bonus":"THREE_RARE_CARDS","is_daily":false,"chose_seed":false,"campfire_upgraded":6,"win_rate":0.0,"timestamp":1614271083,"path_taken":["M","M","M","?","M","E","R","E","T","E","?","M","M","M","R","BOSS","M","?","$","?","?","R","E","R","T","E","?","E","M","?","R","BOSS","M","M","M","M","M","R","M","R","T","$","E","M","$","M","R","BOSS"],"items_purchased_type":["Relic","Card","Potion"],"build_version":"2020-12-22","purchased_purges":4,"victory":true,"max_hp_per_floor":[72,72,72,72,72,72,72,72,72,72,72,72,72,72,72,72,72,72,72,72,72,72,72,72,72,72,72,72,72,72,72,72,72,72,72,72,72,72,72,72,72,72,72,72,72,72,72,72,72,72],"card_choices":[{"not_picked":["Bludgeon","Limit Break"],"picked":"Immolate","floor":0.0},{"not_picked":["AT_IchimonjiDouble","Clothesline"],"picked":"Shrug It Off","floor":1.0},{"not_picked":["Bloodletting","AT_GerminateFire"],"picked":"Armaments","floor":2.0},{"not_picked":["True Grit","Anger","Intimidate"],"picked":"SKIP","floor":3.0},{"not_picked":["Anger","Intimidate"],"picked":"True Grit","floor":3.0},{"not_picked":["Impervious","Anger"],"picked":"Searing Blow","floor":5.0},{"not_picked":["Havoc","AT_IchimonjiDouble","Body Slam"],"picked":"SKIP","floor":6.0},{"not_picked":["AT_IchimonjiDouble","AT_GerminateFire+1"],"picked":"Bloodletting+1","floor":8.0},{"not_picked":["Iron Wave","Thunderclap"],"picked":"Disarm+1","floor":10.0},{"not_picked":["Armaments+1","Body Slam"],"picked":"Exhume+1","floor":12.0},{"not_picked":["Clothesline","Disarm+1"],"picked":"Thunderclap","floor":13.0},{"not_picked":["Sword Boomerang","Dropkick","Wild Strike"],"picked":"SKIP","floor":14.0},{"not_picked":["Sword Boomerang+1","Body Slam"],"picked":"Rage+1","floor":18.0},{"not_picked":["Iron Wave","Sword Boomerang","Anger+1"],"picked":"SKIP","floor":19.0},{"not_picked":["Wild Strike","Second Wind+1"],"picked":"Warcry+1","floor":24.0},{"not_picked":["Feed","AT_DiedThrough+1","Dark Embrace"],"picked":"SKIP","floor":27.0},{"not_picked":["Iron Wave","Cleave"],"picked":"Ghostly Armor+1","floor":28.0},{"not_picked":["Dark Embrace","Ghostly Armor+1"],"picked":"Battle Trance+1","floor":29.0},{"not_picked":["Perfected Strike","Twin Strike","Flame Barrier+1"],"picked":"SKIP","floor":30.0},{"not_picked":["Pommel Strike+1","Dual Wield+1","Perfected Strike"],"picked":"SKIP","floor":35.0},{"not_picked":["Whirlwind","Wild Strike+1","Iron Wave"],"picked":"SKIP","floor":36.0},{"not_picked":["Perfected Strike+1","Rage+1"],"picked":"Seeing Red+1","floor":37.0},{"not_picked":["Perfected Strike","DemoMod:BlackBlade","AT_ShrugMaster+1"],"picked":"SKIP","floor":38.0},{"not_picked":["Flex+1","Anger","Bludgeon"],"picked":"SKIP","floor":39.0},{"not_picked":["Pummel","Anger","Heavy Blade+1"],"picked":"SKIP","floor":41.0},{"not_picked":["Thunderclap+1","Pummel","Iron Wave"],"picked":"SKIP","floor":45.0},{"not_picked":["Battle Trance+1","AT_DrawKnifeCut+1"],"picked":"Flex+1","floor":46.0},{"not_picked":["Armaments+1","Blood for Blood","Shockwave+1"],"picked":"SKIP","floor":46.0},{"not_picked":["Juggernaut","AT_IchimonjiDouble","Evolve"],"picked":"SKIP","floor":48.0},{"not_picked":["Body Slam+1","Clash","AT_ShrugMaster+1"],"picked":"SKIP","floor":48.0}],"player_experience":159075,"relics_obtained":[{"floor":6.0,"key":"AT_ChloranthyRing"},{"floor":8.0,"key":"Toxic Egg 2"},{"floor":9.0,"key":"AT_LudenTempest"},{"floor":10.0,"key":"DemoMod:BlueGuonStone"},{"floor":24.0,"key":"Sundial"},{"floor":26.0,"key":"DemoMod:WeirdEgg"},{"floor":27.0,"key":"PreservedInsect"},{"floor":29.0,"key":"Tiny Chest"},{"floor":43.0,"key":"DemoMod:ClearGuonStone"},{"floor":45.0,"key":"Prayer Wheel"}],"event_choices":[{"damage_healed":0.0,"max_hp_gain":0.0,"max_hp_loss":0.0,"gold_gain":0.0,"event_name":"Scrap Ooze","player_choice":"Success","floor":4.0,"gold_loss":0.0,"damage_taken":3.0,"relics_obtained":["Vajra"]},{"damage_healed":0.0,"max_hp_gain":0.0,"max_hp_loss":0.0,"gold_gain":0.0,"event_name":"Lab","player_choice":"Got Potions","floor":11.0,"gold_loss":0.0,"damage_taken":0.0},{"damage_healed":0.0,"max_hp_gain":0.0,"max_hp_loss":0.0,"gold_gain":0.0,"event_name":"Ghosts","player_choice":"Ignored","floor":21.0,"gold_loss":0.0,"damage_taken":0.0},{"damage_healed":0.0,"max_hp_gain":0.0,"max_hp_loss":0.0,"gold_gain":0.0,"event_name":"Upgrade Shrine","player_choice":"Upgraded","floor":22.0,"gold_loss":0.0,"damage_taken":0.0,"cards_upgraded":["Searing Blow"]}],"is_beta":false,"boss_relics":[{"not_picked":["Tiny House","Velvet Choker"],"picked":"Empty Cage"},{"not_picked":["Runic Dome","Philosopher\u0027s Stone"],"picked":"bronze:MakeshiftBattery"}],"items_purged_floors":[20,31,44,47],"is_endless":false,"potions_floor_spawned":[1,3,8,12,16,19,24,28,30,35,38,39,46,48],"ascension_level":10}}