{"host":"b1dzdo8uo7e6jx8g","time":1614289121,"event":{"mods":["AchievementEnabler","BaseMod","BetterRewards","Colored Map","Downfall","Highlight Path","Minty Spire (QoL Compilation)","StSLib"],"gold_per_floor":[118,218,233,233,233,233,261,277,304,315,329,349,370,398,410,523,535,566,598,709,223,237,237,237],"floor_reached":23,"language":"ENG","playtime":1180,"items_purged":["Defend_P"],"score":361,"play_id":"32bf081f-408c-4c79-afbf-81f9ae6e28c7","local_time":"20210225223841","is_ascension_mode":true,"campfire_choices":[{"floor":6,"key":"REST"},{"data":"WindmillStrike","floor":15,"key":"SMITH"}],"circlet_count":0,"master_deck":["Strike_P+1","Strike_P","Strike_P","Strike_P","Defend_P","Defend_P","Defend_P","Eruption+1","Vigilance","Halt","WindmillStrike+1","BattleHymn","FollowUp","CarveReality","SignatureMove","Halt","Indignation","FollowUp","Devotion","Halt+1","Consecrate","ForeignInfluence"],"relics":["HolyWater","Orichalcum","TungstenRod","Akabeko","Odd Mushroom","MawBank","Gremlin Horn"],"acts_visited":["Exordium","TheCity"],"potions_floor_usage":[6,21,23,23],"damage_taken":[{"damage":9,"enemies":"Small Slimes","floor":1,"turns":3},{"damage":6,"enemies":"Cultist","floor":3,"turns":3},{"damage":0,"enemies":"Gremlin Nob","floor":7,"turns":2},{"damage":0,"enemies":"Jaw Worm","floor":8,"turns":1},{"damage":6,"enemies":"3 Louse","floor":10,"turns":3},{"damage":11,"enemies":"2 Fungi Beasts","floor":11,"turns":2},{"damage":0,"enemies":"Exordium Wildlife","floor":12,"turns":3},{"damage":10,"enemies":"The Mushroom Lair","floor":13,"turns":4},{"damage":4,"enemies":"3 Sentries","floor":14,"turns":4},{"damage":16,"enemies":"Hexaghost","floor":16,"turns":7},{"damage":8,"enemies":"Shell Parasite","floor":18,"turns":3},{"damage":19,"enemies":"2 Thieves","floor":19,"turns":4},{"damage":41,"enemies":"Snecko","floor":22,"turns":4},{"damage":19,"enemies":"Gremlin Leader","floor":23,"turns":6}],"seed_played":"4358124740890123963","potions_obtained":[{"floor":1,"key":"FearPotion"},{"floor":3,"key":"EntropicBrew"}],"is_trial":false,"path_per_floor":["M","?","M","?","?","R","E","M","T","M","M","M","?","E","R","B",null,"M","M","?","$","M","E"],"character_chosen":"WATCHER","items_purchased":["Halt","Orichalcum","Gremlin Horn","ForeignInfluence","Fruit Juice"],"campfire_rested":1,"item_purchase_floors":[0,0,21,21,21],"current_hp_per_floor":[46,46,40,27,51,72,72,72,72,66,55,55,45,41,41,25,72,64,45,45,50,9,0,0],"gold":237,"neow_bonus":"","is_daily":false,"chose_seed":false,"campfire_upgraded":1,"win_rate":0.0,"timestamp":1614289121,"path_taken":["M","?","?","?","?","R","E","M","T","M","M","M","?","E","R","BOSS","M","M","?","$","M","E"],"items_purchased_type":["Card","Relic","Relic","Card","Potion"],"build_version":"2020-12-22","purchased_purges":1,"victory":false,"max_hp_per_floor":[72,72,72,72,72,72,72,72,72,72,72,72,72,72,72,72,72,72,72,72,77,77,77,77],"card_choices":[{"not_picked":["EmptyMind","Protect","FlyingSleeves"],"picked":"SKIP","floor":1},{"not_picked":["Crescendo","Sanctity"],"picked":"WindmillStrike","floor":3},{"not_picked":["JustLucky","SashWhip"],"picked":"BattleHymn","floor":7},{"not_picked":["Swivel","ForeignInfluence"],"picked":"FollowUp","floor":8},{"not_picked":["Evaluate","SashWhip"],"picked":"CarveReality","floor":10},{"not_picked":["Protect","Collect"],"picked":"SignatureMove","floor":11},{"not_picked":["JustLucky","CrushJoints"],"picked":"Halt","floor":12},{"not_picked":["Omniscience","Protect"],"picked":"Indignation","floor":13},{"not_picked":["Consecrate","Evaluate"],"picked":"FollowUp","floor":14},{"not_picked":["ConjureBlade","DeusExMachina"],"picked":"Devotion","floor":16},{"not_picked":["FollowUp","BowlingBash"],"picked":"Halt+1","floor":18},{"not_picked":["FlurryOfBlows","FlyingSleeves"],"picked":"Consecrate","floor":19},{"not_picked":["InnerPeace","Consecrate+1","ThirdEye"],"picked":"SKIP","floor":22}],"player_experience":269033,"relics_obtained":[{"floor":7,"key":"Akabeko"},{"floor":13,"key":"Odd Mushroom"},{"floor":14,"key":"MawBank"}],"event_choices":[{"damage_healed":0,"gold_gain":100,"player_choice":"Pray","damage_taken":0,"max_hp_gain":0,"max_hp_loss":0,"event_name":"Golden Shrine","floor":2,"gold_loss":0},{"damage_healed":0,"gold_gain":0,"player_choice":"Entered Light","damage_taken":14,"max_hp_gain":0,"max_hp_loss":0,"event_name":"Shining Light","floor":4,"gold_loss":0,"cards_upgraded":["Strike_P","Eruption"]},{"damage_healed":24,"gold_gain":0,"player_choice":"Banana","damage_taken":0,"max_hp_gain":0,"max_hp_loss":0,"event_name":"Big Fish","floor":5,"gold_loss":0},{"damage_healed":0,"gold_gain":0,"player_choice":"Fought Mushrooms","damage_taken":0,"max_hp_gain":0,"max_hp_loss":0,"event_name":"Mushrooms","floor":13,"gold_loss":0},{"damage_healed":0,"gold_gain":99,"player_choice":"Stole From Cult","damage_taken":0,"max_hp_gain":0,"max_hp_loss":0,"event_name":"Nest","floor":20,"gold_loss":0}],"is_beta":false,"boss_relics":[{"not_picked":["Ectoplasm","Busted Crown"],"picked":"HolyWater"}],"items_purged_floors":[21],"is_endless":false,"potions_floor_spawned":[1,3,10,11,16,18],"killed_by":"Gremlin Leader","ascension_level":2}}