{"host":"7j2n82b2zha9fuyn","time":1614229881,"event":{"mods":["BaseMod","Block Reminder","Minty Spire (QoL Compilation)","StSLib"],"gold_per_floor":[15,34,34,34,53,53,72,90,172,172,207,231,272,136,136,225,225,248,266,266,287,303,303,303,339,339,363,363,407,420,65,65,65,65],"floor_reached":33,"language":"ENG","playtime":10876,"items_purged":["Dualcast"],"score":598,"play_id":"bf1aa1c4-e128-4c7f-b92e-7f1fd221df40","local_time":"20210224221121","is_ascension_mode":true,"campfire_choices":[{"data":"Sweeping Beam","floor":6.0,"key":"SMITH"},{"floor":10.0,"key":"REST"},{"data":"Conserve Battery","floor":15,"key":"SMITH"},{"floor":23,"key":"REST"},{"floor":28,"key":"REST"},{"data":"Go for the Eyes","floor":32,"key":"SMITH"}],"circlet_count":0,"master_deck":["AscendersBane","Strike_B+1","Strike_B+1","Defend_B+1","Defend_B+1","Defend_B+1","Zap","Gash","Sweeping Beam+1","Sweeping Beam","All For One","Cold Snap","All For One","Turbo","Conserve Battery+1","Seek","Go for the Eyes+1","Gash","Aggregate","Beam Cell","Undo","Compile Driver+1","Steam Power","Compile Driver"],"relics":["Cracked Core","Golden Idol","Cables","Calipers","Bronze Scales","Pocketwatch","Cursed Key","Bag of Marbles","Strawberry","Nunchaku"],"acts_visited":["Exordium","TheCity"],"potions_floor_usage":[11,25,33,33],"damage_taken":[{"damage":0.0,"enemies":"2 Louse","floor":1.0,"turns":2.0},{"damage":1.0,"enemies":"Small Slimes","floor":2.0,"turns":3.0},{"damage":1.0,"enemies":"Cultist","floor":5.0,"turns":3.0},{"damage":23.0,"enemies":"Exordium Thugs","floor":7.0,"turns":5.0},{"damage":22.0,"enemies":"Large Slime","floor":8.0,"turns":4.0},{"damage":15,"enemies":"Lagavulin","floor":11,"turns":7},{"damage":13,"enemies":"Blue Slaver","floor":12,"turns":2},{"damage":8,"enemies":"Gremlin Nob","floor":13,"turns":3},{"damage":7,"enemies":"Hexaghost","floor":16,"turns":9},{"damage":21,"enemies":"Shell Parasite","floor":18,"turns":4},{"damage":3,"enemies":"3 Byrds","floor":19,"turns":2},{"damage":15,"enemies":"Cultist and Chosen","floor":21,"turns":5},{"damage":43,"enemies":"Shelled Parasite and Fungi","floor":22,"turns":3},{"damage":15,"enemies":"Slavers","floor":25,"turns":3},{"damage":0,"enemies":"Snecko","floor":27,"turns":4},{"damage":13,"enemies":"Gremlin Leader","floor":29,"turns":4},{"damage":1,"enemies":"Snake Plant","floor":30,"turns":3},{"damage":28,"enemies":"Automaton","floor":33,"turns":6}],"seed_played":"2020631483500250202","potions_obtained":[{"floor":2.0,"key":"Regen Potion"},{"floor":5.0,"key":"FairyPotion"},{"floor":13,"key":"PowerPotion"},{"floor":29,"key":"GamblersBrew"},{"floor":30,"key":"GamblersBrew"}],"is_trial":false,"path_per_floor":["M","M","?","?","M","R","M","M","T","R","E","M","E","?","R","B",null,"M","M","?","M","M","R","T","E","T","M","R","E","M","$","R","B"],"character_chosen":"DEFECT","items_purchased":["Nunchaku","Compile Driver","SkillPotion"],"campfire_rested":3,"item_purchase_floors":[31,31,31],"current_hp_per_floor":[64,63,63,56,55,55,32,10,10,29,29,16,8,8,8,1,48,27,24,24,9,7,26,26,11,11,11,30,24,23,23,23,0,0],"gold":65,"neow_bonus":"REMOVE_TWO","is_daily":false,"chose_seed":false,"campfire_upgraded":3,"win_rate":0.0,"timestamp":1614229881,"path_taken":["M","M","?","?","M","R","M","M","T","R","E","M","E","?","R","BOSS","M","M","?","M","M","R","?","E","T","M","R","E","M","$","R","BOSS"],"items_purchased_type":["Relic","Card","Potion"],"build_version":"2020-12-22","purchased_purges":1,"victory":false,"max_hp_per_floor":[71,71,64,64,64,64,64,64,64,64,64,64,64,64,64,64,64,64,64,64,64,64,64,64,64,64,64,64,71,71,71,71,71,71],"card_choices":[{"not_picked":["Ball Lightning","Reinforced Body"],"picked":"Gash","floor":1.0},{"not_picked":["Leap","Reinforced Body"],"picked":"Sweeping Beam","floor":2.0},{"not_picked":["Stack","Turbo"],"picked":"Sweeping Beam","floor":5.0},{"not_picked":["White Noise","Coolheaded"],"picked":"All For One","floor":7.0},{"not_picked":["Leap","Hologram"],"picked":"Cold Snap","floor":8.0},{"not_picked":["Redo","Hologram"],"picked":"All For One","floor":11},{"not_picked":["Ball Lightning","Defragment"],"picked":"Turbo","floor":12},{"not_picked":["Defragment","Sweeping Beam"],"picked":"Conserve Battery","floor":13},{"not_picked":["Machine Learning","Core Surge"],"picked":"Seek","floor":16},{"not_picked":["Rebound","Turbo"],"picked":"Go for the Eyes","floor":18},{"not_picked":["Go for the Eyes","Lockon"],"picked":"Gash","floor":19},{"not_picked":["Ball Lightning+1","BootSequence"],"picked":"Aggregate","floor":21},{"not_picked":["Streamline","FTL"],"picked":"Beam Cell","floor":22},{"not_picked":["Double Energy","Melter"],"picked":"Undo","floor":25},{"not_picked":["Rebound","Heatsinks"],"picked":"Compile Driver+1","floor":27},{"not_picked":["Barrage","Turbo","Stack"],"picked":"SKIP","floor":29},{"not_picked":["Auto Shields","Chaos"],"picked":"Steam Power","floor":30}],"player_experience":2106077,"relics_obtained":[{"floor":9.0,"key":"Cables"},{"floor":11,"key":"Calipers"},{"floor":13,"key":"Bronze Scales"},{"floor":25,"key":"Bag of Marbles"},{"floor":29,"key":"Strawberry"}],"event_choices":[{"damage_healed":0.0,"max_hp_gain":0.0,"max_hp_loss":7.0,"gold_gain":0.0,"event_name":"Golden Idol","player_choice":"Lose Max HP","floor":3.0,"gold_loss":0.0,"damage_taken":0.0,"relics_obtained":["Golden Idol"]},{"cards_removed":["Strike_B"],"damage_healed":0.0,"max_hp_gain":0.0,"max_hp_loss":0.0,"gold_gain":0.0,"event_name":"Golden Wing","player_choice":"Card Removal","floor":4.0,"gold_loss":0.0,"damage_taken":7.0},{"damage_healed":0,"gold_gain":0,"player_choice":"Paid Gold","damage_taken":0,"relics_obtained":["Pocketwatch"],"max_hp_gain":0,"max_hp_loss":0,"event_name":"WeMeetAgain","floor":14,"gold_loss":136},{"damage_healed":0,"gold_gain":0,"player_choice":"Simplicity","damage_taken":0,"max_hp_gain":0,"max_hp_loss":0,"event_name":"Back to Basics","floor":20,"gold_loss":0,"cards_upgraded":["Strike_B","Strike_B","Defend_B","Defend_B","Defend_B"]}],"is_beta":false,"boss_relics":[{"not_picked":["Tiny House","SlaversCollar"],"picked":"Cursed Key"}],"items_purged_floors":[31],"is_endless":false,"potions_floor_spawned":[2,5,7,13,16,18,29,30],"killed_by":"Automaton","ascension_level":20}}