{"host":"yawnmhdh5u4s0p8o","time":1614259208,"event":{"mods":["AchievementEnabler","Aspiration","BaseMod","BetterRewards","Colored Powertips","Conspire","Downfall","Friendly Minions","GifTheSpireLib","Gremlin Mod","Hermit","Hubris","Infinite Spire","Ironclad Rager","Minty Spire (QoL Compilation)","Permanent Neow","Reliquary","Replay The Spire","Shop Mod","Spicy Shops","StSLib","The Construct","The Cursed","The Disciple","The Gatherer","The Hierophant","The Necromancer","The Runesmith","The Wild Card"],"gold_per_floor":[109,125,125,125,54,120,120,152,152],"floor_reached":8,"language":"ENG","playtime":771,"items_purged":[],"score":64,"play_id":"ed0079e4-e075-4028-aa92-648d53398399","local_time":"20210226002008","is_ascension_mode":false,"campfire_choices":[{"data":"hermit:GoldenBullet","floor":7,"key":"SMITH"}],"circlet_count":0,"master_deck":["hermit:Strike_Hermit","hermit:Strike_Hermit","hermit:Strike_Hermit","hermit:Strike_Hermit","hermit:Defend_Hermit","hermit:Defend_Hermit","hermit:Defend_Hermit","hermit:Snapshot","hermit:Covet","hermit:BigShot","hermit:EyeOfTheStorm","hermit:GoldenBullet","hermit:DeadOrAlive","hermit:FlashPowder","hermit:Snipe","hermit:Snipe","hermit:GoldenBullet+1"],"relics":["hermit:Momento","reliquary:FingerTrap","BargainBundle","Lee\u0027s Waffle","conspire:GiftBox","infinitespire:WardingShard","Simple Rune","infinitespire:Golems Mask"],"acts_visited":["Exordium"],"potions_floor_usage":[],"damage_taken":[{"damage":1,"enemies":"Cultist","floor":1,"turns":3},{"damage":0,"enemies":"2 Louse","floor":2,"turns":2},{"damage":22,"enemies":"Gremlin Nob","floor":6,"turns":4},{"damage":46,"enemies":"Lagavulin","floor":8,"turns":7}],"seed_played":"-8403983275892281906","potions_obtained":[{"floor":2,"key":"Swift Potion"},{"floor":6,"key":"SkillPotion"}],"is_trial":false,"path_per_floor":["M","M","T","?","$","E","R","E"],"character_chosen":"HERMIT","items_purchased":["reliquary:FingerTrap","BargainBundle","hermit:BigShot","hermit:EyeOfTheStorm","hermit:GoldenBullet","Lee\u0027s Waffle","conspire:GiftBox","Guardian:BlockOnCardUsePotion","hermit:Snipe"],"campfire_rested":0,"item_purchase_floors":[0,0,0,0,0,0,0,0,5],"current_hp_per_floor":[81,81,81,81,81,59,59,13,13],"gold":152,"neow_bonus":"","is_daily":false,"chose_seed":false,"campfire_upgraded":1,"win_rate":0.0,"timestamp":1614259208,"path_taken":["M","M","?","?","$","E","R","E"],"items_purchased_type":["Relic","Relic","Card","Card","Card","Relic","Relic","Potion","Card"],"build_version":"2020-12-22","purchased_purges":0,"victory":false,"max_hp_per_floor":[82,82,82,82,82,82,82,82,82],"card_choices":[{"not_picked":["hermit:Adapt","hermit:OverwhelmingPower"],"picked":"hermit:DeadOrAlive","floor":0},{"not_picked":["hermit:HoleUp","hermit:LowProfile"],"picked":"hermit:FlashPowder","floor":1},{"not_picked":["hermit:Horror","hermit:Determination","hermit:FlashPowder"],"picked":"SKIP","floor":2},{"not_picked":["hermit:LoneWolf","hermit:BodyArmor"],"picked":"hermit:GoldenBullet","floor":6},{"not_picked":["hermit:LuckOfTheDraw","hermit:Snipe","hermit:FullyLoaded"],"picked":"SKIP","floor":8}],"player_experience":135884,"relics_obtained":[{"floor":3,"key":"infinitespire:WardingShard"},{"floor":6,"key":"Simple Rune"},{"floor":8,"key":"infinitespire:Golems Mask"}],"event_choices":[{"damage_healed":0,"gold_gain":0,"cards_transformed":["hermit:Defend_Hermit"],"player_choice":"Transformed","damage_taken":0,"max_hp_gain":0,"max_hp_loss":0,"event_name":"Transmorgrifier","floor":4,"gold_loss":0,"cards_obtained":["hermit:Snipe"]}],"is_beta":false,"boss_relics":[],"items_purged_floors":[],"is_endless":false,"potions_floor_spawned":[2,6],"killed_by":"Lagavulin","ascension_level":0}}