{"host":"2sct7qpnpunnnd84","time":1614245148,"event":{"mods":["BaseMod","Googly Eyes","Minty Spire (QoL Compilation)","Quick Restart","Shop Mod","StSLib","The IronCluck"],"gold_per_floor":[114,114,32,45,60,60,74,98,98,111,127,127,156,10,10,110,110,125,125,125,125,6,6,19,36,36,51,51,62,36,48,48,48,48],"floor_reached":33,"language":"ENG","playtime":27731,"items_purged":[],"score":249,"play_id":"082f8613-b5fa-4a0f-9b4f-09422d0cc314","local_time":"20210225012548","is_ascension_mode":false,"campfire_choices":[{"data":"Rampage","floor":6.0,"key":"SMITH"},{"data":"Flame Barrier","floor":12.0,"key":"SMITH"},{"floor":15.0,"key":"REST"},{"floor":23.0,"key":"REST"},{"floor":28.0,"key":"REST"},{"data":"Armaments","floor":32.0,"key":"SMITH"}],"circlet_count":0,"master_deck":["Strike_R","Strike_R","Strike_R","Strike_R","Strike_R","Defend_R","Defend_R","Defend_R","Defend_R","Bash","Anger","Rampage+1","Flex","Flame Barrier+1","Flex","Fire Breathing","Flex","Headbutt","Flame Barrier+1","Armaments+1","Flame Barrier","Cleave","Rampage+1","Fire Breathing+1","Anger","Heavy Blade","Spot Weakness"],"relics":["Burning Blood","Akabeko","Bronze Scales","WingedGreaves","Omamori","Membership Card","Cursed Key","MutagenicStrength","Vajra","Smiling Mask"],"acts_visited":["Exordium","TheCity"],"potions_floor_usage":[33],"damage_taken":[{"damage":8.0,"enemies":"Jaw Worm","floor":1.0,"turns":4.0},{"damage":0.0,"enemies":"Cultist","floor":4.0,"turns":2.0},{"damage":0.0,"enemies":"Small Slimes","floor":5.0,"turns":2.0},{"damage":0.0,"enemies":"Exordium Wildlife","floor":7.0,"turns":3.0},{"damage":5.0,"enemies":"Large Slime","floor":10.0,"turns":5.0},{"damage":0.0,"enemies":"2 Fungi Beasts","floor":11.0,"turns":2.0},{"damage":31.0,"enemies":"Lagavulin","floor":13.0,"turns":4.0},{"damage":65.0,"enemies":"The Guardian","floor":16.0,"turns":9.0},{"damage":10.0,"enemies":"Shell Parasite","floor":18.0,"turns":4.0},{"damage":5.0,"enemies":"2 Thieves","floor":24.0,"turns":3.0},{"damage":32.0,"enemies":"Centurion and Healer","floor":25.0,"turns":6.0},{"damage":12.0,"enemies":"Shelled Parasite and Fungi","floor":27.0,"turns":5.0},{"damage":0.0,"enemies":"Snecko","floor":29.0,"turns":4.0},{"damage":15.0,"enemies":"3 Cultists","floor":31.0,"turns":5.0},{"damage":83,"enemies":"Collector","floor":33,"turns":9}],"seed_played":"7868296699594137220","potions_obtained":[{"floor":7.0,"key":"SmokeBomb"},{"floor":10.0,"key":"AttackPotion"},{"floor":11.0,"key":"SkillPotion"},{"floor":13.0,"key":"EssenceOfSteel"},{"floor":24.0,"key":"BlessingOfTheForge"},{"floor":31.0,"key":"Energy Potion"}],"is_trial":false,"path_per_floor":["M","?","$","M","M","R","M","T","T","M","M","R","E","$","R","B",null,"M","?","?","?","$","R","M","M","T","M","R","M","$","M","R","B"],"character_chosen":"IRONCLAD","items_purchased":["Rampage","Flex","Membership Card","Vajra","Armaments","Flame Barrier","Heavy Blade"],"campfire_rested":3,"item_purchase_floors":[3,3,14,22,22,22,30],"current_hp_per_floor":[78,80,80,80,80,80,80,80,80,80,80,80,55,55,79,20,80,76,76,76,61,61,85,85,59,59,53,78,84,84,75,75,0,0],"gold":48,"neow_bonus":"RANDOM_COMMON_RELIC","is_daily":false,"chose_seed":false,"campfire_upgraded":3,"win_rate":0.0,"timestamp":1614245148,"path_taken":["M","?","?","M","M","R","?","?","T","M","?","R","E","$","R","BOSS","M","?","?","?","$","R","?","M","T","M","R","M","$","M","R","BOSS"],"items_purchased_type":["Card","Card","Relic","Relic","Card","Card","Card"],"build_version":"2020-12-22","purchased_purges":0,"victory":false,"max_hp_per_floor":[80,80,80,80,80,80,80,80,80,80,80,80,80,80,80,80,80,80,80,80,85,85,85,85,85,85,85,85,85,85,85,85,85,85],"card_choices":[{"not_picked":["True Grit","Clash"],"picked":"Anger","floor":1.0},{"not_picked":["Havoc","Sentinel"],"picked":"Flame Barrier","floor":4.0},{"not_picked":["Combust","Sword Boomerang","Pommel Strike"],"picked":"SKIP","floor":5.0},{"not_picked":["Intimidate","Thunderclap"],"picked":"Flex","floor":7.0},{"not_picked":["Body Slam","Hemokinesis"],"picked":"Fire Breathing","floor":10.0},{"not_picked":["Anger","Perfected Strike"],"picked":"Flex","floor":11.0},{"not_picked":["Reaper","Shrug It Off"],"picked":"Headbutt","floor":13.0},{"not_picked":["Shrug It Off+1","Clothesline"],"picked":"Flame Barrier+1","floor":18.0},{"not_picked":["Havoc","Carnage+1"],"picked":"Cleave","floor":24.0},{"not_picked":["Clash","Sentinel"],"picked":"Rampage+1","floor":25.0},{"not_picked":["Cleave","Perfected Strike"],"picked":"Fire Breathing+1","floor":27.0},{"not_picked":["Battle Trance","Sever Soul"],"picked":"Anger","floor":29.0},{"not_picked":["Dual Wield","Evolve"],"picked":"Spot Weakness","floor":31.0}],"player_experience":3464012,"relics_obtained":[{"floor":8.0,"key":"Bronze Scales"},{"floor":9.0,"key":"WingedGreaves"},{"floor":13.0,"key":"Omamori"},{"floor":26.0,"key":"Smiling Mask"}],"event_choices":[{"damage_healed":2.0,"max_hp_gain":0.0,"max_hp_loss":0.0,"gold_gain":0.0,"event_name":"Wheel of Change","player_choice":"Full Heal","floor":2.0,"gold_loss":0.0,"damage_taken":0.0},{"damage_healed":0.0,"max_hp_gain":0.0,"max_hp_loss":0.0,"gold_gain":0.0,"event_name":"Drug Dealer","player_choice":"Inject Mutagens","floor":19.0,"gold_loss":0.0,"damage_taken":0.0,"relics_obtained":["MutagenicStrength"]},{"damage_healed":0.0,"max_hp_gain":0.0,"max_hp_loss":0.0,"gold_gain":0.0,"event_name":"Beggar","player_choice":"Ignored","floor":20.0,"gold_loss":0.0,"damage_taken":0.0},{"damage_healed":0.0,"max_hp_gain":5.0,"max_hp_loss":0.0,"gold_gain":0.0,"event_name":"Forgotten Altar","player_choice":"Shed Blood","floor":21.0,"gold_loss":0.0,"damage_taken":20.0}],"is_beta":false,"boss_relics":[{"not_picked":["Runic Dome","Pandora\u0027s Box"],"picked":"Cursed Key"}],"items_purged_floors":[],"is_endless":false,"potions_floor_spawned":[7,10,11,13,24,31],"killed_by":"Collector","ascension_level":0}}