{"host":"hksh7f5443926s0d","time":1614285102,"event":{"mods":["BaseMod","Minty Spire (QoL Compilation)","Replay The Spire","Shop Mod","StSLib"],"gold_per_floor":[112,75,75,90,122,122,187,247,274,304,304,333,333,378,378,423,423],"floor_reached":16,"language":"ENG","playtime":427,"items_purged":[],"score":102,"play_id":"83a2963e-d3d4-4c97-be95-b1fd5f190086","local_time":"20210225213142","is_ascension_mode":false,"campfire_choices":[{"data":"White Noise","floor":11,"key":"SMITH"},{"floor":15,"key":"REST"}],"circlet_count":0,"master_deck":["Strike_B","Strike_B","Strike_B","Strike_B","Defend_B+1","Defend_B","Defend_B","Defend_B+1","Zap+1","Dualcast","Gash","Defragment","Looming Evil","White Noise+1"],"relics":["Cracked Core","ReplayTheSpireMod:Ring of Challenge","Ring of Peace","Oddly Smooth Stone","Simple Rune"],"acts_visited":["Exordium"],"potions_floor_usage":[14],"damage_taken":[{"damage":2,"enemies":"Small Slimes","floor":1,"turns":3},{"damage":0,"enemies":"2 Louse","floor":4,"turns":2},{"damage":0,"enemies":"Cultist","floor":5,"turns":4},{"damage":10,"enemies":"Blue Slaver","floor":7,"turns":5},{"damage":2,"enemies":"Looter","floor":8,"turns":5},{"damage":21,"enemies":"Lagavulin","floor":12,"turns":9},{"damage":0,"enemies":"2 Fungi Beasts","floor":14,"turns":1},{"damage":0,"enemies":"The Guardian","floor":16,"turns":1}],"seed_played":"1924315047134799162","potions_obtained":[{"floor":4,"key":"SmokeBomb"},{"floor":12,"key":"Fire Potion"},{"floor":13,"key":"Regen Potion"}],"is_trial":false,"path_per_floor":["M","$","?","M","M","$","M","M","T","?","R","E","?","M","R","B"],"character_chosen":"DEFECT","items_purchased":["Defragment"],"campfire_rested":1,"item_purchase_floors":[2],"current_hp_per_floor":[73,73,73,73,73,73,63,61,61,61,61,40,40,40,62,62,62],"gold":423,"neow_bonus":"UPGRADE_CARD","is_daily":false,"chose_seed":false,"campfire_upgraded":1,"win_rate":0.0,"timestamp":1614285102,"path_taken":["M","$","?","M","M","$","M","M","T","?","R","E","?","M","R","BOSS"],"items_purchased_type":["Card"],"build_version":"2020-12-22","purchased_purges":0,"victory":false,"max_hp_per_floor":[75,75,75,75,75,75,75,75,75,75,75,75,75,75,75,75,75],"card_choices":[{"not_picked":["Turbo","Compile Driver"],"picked":"Gash","floor":1},{"not_picked":["Blizzard","Stack","ReplayTheSpireMod:System Scan"],"picked":"SKIP","floor":4},{"not_picked":["All For One","BasicCrystalCard"],"picked":"White Noise","floor":5},{"not_picked":["Compile Driver","Redo","Cold Snap"],"picked":"SKIP","floor":7},{"not_picked":["Redo","Cold Snap","Conserve Battery"],"picked":"SKIP","floor":8},{"not_picked":["Hello World","Barrage","ReplayTheSpireMod:GoodbyeWorld"],"picked":"SKIP","floor":12}],"player_experience":118972,"relics_obtained":[{"floor":3,"key":"ReplayTheSpireMod:Ring of Challenge"},{"floor":3,"key":"Ring of Peace"},{"floor":9,"key":"Oddly Smooth Stone"},{"floor":12,"key":"Simple Rune"}],"event_choices":[{"damage_healed":0,"gold_gain":30,"player_choice":"Searched \u00271\u0027 times","damage_taken":0,"max_hp_gain":0,"max_hp_loss":0,"event_name":"Dead Adventurer","floor":10,"gold_loss":0},{"damage_healed":0,"gold_gain":0,"player_choice":"Got Potions","damage_taken":0,"max_hp_gain":0,"max_hp_loss":0,"event_name":"Lab","floor":13,"gold_loss":0}],"is_beta":false,"boss_relics":[],"items_purged_floors":[],"is_endless":false,"potions_floor_spawned":[4,12,14],"killed_by":"The Guardian","ascension_level":0}}