{"host":"iy0764csshny54kk","time":1614243814,"event":{"mods":["100% Spire Juice","BaseMod","Bestiary","Better Altar","Better Sensory Stone","Better Skull","Better Third Choice","Block Reminder","Colored Powertips","Downfall","Highlight Path","Minty Spire (QoL Compilation)","Relic Sorter","StS++","StSLib","The Alterego","The Hierophant","The Marked"],"gold_per_floor":[116,116,0,0,25,59,84,84,111,134,134,152,152,173,173,303,303,324,339,363,386,386,386,311,311,311,13,13,13,13],"floor_reached":29,"language":"ENG","playtime":1953,"items_purged":[],"score":225,"play_id":"303b989f-37c7-4c28-8cc5-651071cf8bdf","local_time":"20210225020334","daily_mods":["Draft"],"is_ascension_mode":false,"campfire_choices":[{"data":"alterego_mod:PerceptionDisorder","floor":8.0,"key":"SMITH"},{"data":"alterego_mod:PerceptionDisorder","floor":11.0,"key":"SMITH"},{"floor":15.0,"key":"REST"},{"floor":23,"key":"REST"},{"data":"alterego_mod:Venus","floor":25,"key":"SMITH"}],"circlet_count":0,"master_deck":["alterego_mod:PerceptionDisorder+1","alterego_mod:Maid","alterego_mod:Valentines","alterego_mod:GoddessCore","alterego_mod:BiFurious","alterego_mod:BiFurious","alterego_mod:PerceptionDisorder+1","alterego_mod:DiscoLights","alterego_mod:Undulate","alterego_mod:BiFurious","alterego_mod:SakuraFive","alterego_mod:Exercise","alterego_mod:TrashNCrash","alterego_mod:Pet","alterego_mod:TrashNCrash","Enlightenment","alterego_mod:Lingerie","alterego_mod:IdEs","alterego_mod:Mirror","alterego_mod:Exercise","alterego_mod:IndependentAction","Master of Strategy","alterego_mod:Undulate","alterego_mod:Valentines","alterego_mod:Valentines+1","alterego_mod:Pet"],"relics":["alterego_mod:MasochisticConstitution","Golden Idol","Lantern","Potion Belt","expansioncontent:StudyCardRelic","StSpp:BrokenTotem","Meat on the Bone"],"acts_visited":["Exordium","TheCity"],"potions_floor_usage":[],"damage_taken":[{"damage":11.0,"enemies":"Jaw Worm","floor":1.0,"turns":2.0},{"damage":1.0,"enemies":"2 Louse","floor":5.0,"turns":2.0},{"damage":18.0,"enemies":"3 Sentries","floor":6.0,"turns":6.0},{"damage":0.0,"enemies":"Small Slimes","floor":7.0,"turns":2.0},{"damage":0.0,"enemies":"Looter","floor":10.0,"turns":2.0},{"damage":7.0,"enemies":"3 Louse","floor":12.0,"turns":2.0},{"damage":16.0,"enemies":"Exordium Wildlife","floor":14.0,"turns":3.0},{"damage":24.0,"enemies":"Hexaghost","floor":16.0,"turns":4.0},{"damage":24.0,"enemies":"2 Thieves","floor":18.0,"turns":3.0},{"damage":10.0,"enemies":"Chosen","floor":19.0,"turns":2.0},{"damage":26.0,"enemies":"3 Cultists","floor":20.0,"turns":4.0},{"damage":21,"enemies":"Snake Plant","floor":21,"turns":3},{"damage":0,"enemies":"Centurion and Healer","floor":29,"turns":1}],"seed_played":"8294539027198246443","potions_obtained":[{"floor":1.0,"key":"Swift Potion"},{"floor":5.0,"key":"Weak Potion"},{"floor":7.0,"key":"Energy Potion"},{"floor":16.0,"key":"StSpp:SecondWindPotion"},{"floor":19.0,"key":"Explosive Potion"},{"floor":21,"key":"Fire Potion"}],"is_trial":true,"path_per_floor":["M","$","?","?","M","E","M","R","T","M","R","M","?","M","R","B",null,"M","M","M","M","?","R","?","R","T","$","?","M"],"character_chosen":"The_Alterego","items_purchased":["Meat on the Bone","PowerPotion"],"campfire_rested":2,"item_purchase_floors":[27,27],"current_hp_per_floor":[60,60,66,66,66,49,49,49,49,49,49,43,43,28,50,27,76,53,44,33,13,39,63,63,63,63,63,63,63,63],"gold":13,"neow_bonus":"","is_daily":false,"chose_seed":false,"campfire_upgraded":3,"win_rate":0.0,"timestamp":1614243814,"path_taken":["M","$","?","?","M","E","M","R","T","M","R","M","?","M","R","BOSS","M","M","M","M","?","R","?","R","T","$","?","?"],"items_purchased_type":["Relic","Potion"],"build_version":"2020-12-22","purchased_purges":0,"victory":false,"max_hp_per_floor":[71,71,77,71,72,73,73,73,73,73,73,74,74,75,75,76,76,77,78,79,80,80,80,80,80,80,80,80,80,80],"card_choices":[{"not_picked":["alterego_mod:Clones","alterego_mod:Collar"],"picked":"alterego_mod:PerceptionDisorder","floor":0.0},{"not_picked":["alterego_mod:Bunnysuit","alterego_mod:GachaTicket"],"picked":"alterego_mod:Maid","floor":0.0},{"not_picked":["alterego_mod:Rip","alterego_mod:DeftHands"],"picked":"alterego_mod:Valentines","floor":0.0},{"not_picked":["alterego_mod:Table","alterego_mod:Cycle"],"picked":"alterego_mod:GoddessCore","floor":0.0},{"not_picked":["alterego_mod:Pet","alterego_mod:Cycle"],"picked":"alterego_mod:BiFurious","floor":0.0},{"not_picked":["alterego_mod:Skirt","alterego_mod:PurpleHair"],"picked":"alterego_mod:BiFurious","floor":0.0},{"not_picked":["alterego_mod:DeftHands","alterego_mod:SakuraLabyrinth"],"picked":"alterego_mod:PerceptionDisorder","floor":0.0},{"not_picked":["alterego_mod:Schoolgirl","alterego_mod:DeftHands"],"picked":"alterego_mod:DiscoLights","floor":0.0},{"not_picked":["alterego_mod:1TonWallop","alterego_mod:SakuraLabyrinth"],"picked":"alterego_mod:Undulate","floor":0.0},{"not_picked":["alterego_mod:GoddessCore","alterego_mod:Bounce"],"picked":"alterego_mod:BustOut","floor":0.0},{"not_picked":["alterego_mod:DeftHands","alterego_mod:Cooking"],"picked":"alterego_mod:BiFurious","floor":0.0},{"not_picked":["alterego_mod:Swimsuit","alterego_mod:DustData"],"picked":"alterego_mod:SakuraFive","floor":0.0},{"not_picked":["alterego_mod:GoddessCore","alterego_mod:DiscoLights"],"picked":"alterego_mod:Exercise","floor":0.0},{"not_picked":["alterego_mod:Maid","alterego_mod:RocketPunch"],"picked":"alterego_mod:TrashNCrash","floor":0.0},{"not_picked":["alterego_mod:Maid","alterego_mod:Birthday"],"picked":"alterego_mod:Pet","floor":0.0},{"not_picked":["alterego_mod:Punishment","alterego_mod:Rip"],"picked":"alterego_mod:TrashNCrash","floor":1.0},{"not_picked":["alterego_mod:Cycle","alterego_mod:HighServant"],"picked":"alterego_mod:Lingerie","floor":5.0},{"not_picked":["alterego_mod:Undulate","alterego_mod:DeftHands"],"picked":"alterego_mod:IdEs","floor":6.0},{"not_picked":["alterego_mod:Cooking","alterego_mod:1TonWallop"],"picked":"alterego_mod:Mirror","floor":7.0},{"not_picked":["alterego_mod:MagicResistance","alterego_mod:1TonWallop"],"picked":"alterego_mod:Exercise","floor":10.0},{"not_picked":["alterego_mod:1TonWallop","alterego_mod:Skirt"],"picked":"alterego_mod:IndependentAction","floor":12.0},{"not_picked":["Thinking Ahead","Enlightenment"],"picked":"Master of Strategy","floor":13.0},{"not_picked":["alterego_mod:Schoolgirl","alterego_mod:Belle","alterego_mod:Maid"],"picked":"SKIP","floor":14.0},{"not_picked":["alterego_mod:Valkyrie","alterego_mod:BrynhildrRomantia"],"picked":"alterego_mod:Venus","floor":16.0},{"not_picked":["alterego_mod:DestructionOfProperty","alterego_mod:TrashNCrash"],"picked":"alterego_mod:Undulate","floor":18.0},{"not_picked":["alterego_mod:Schoolgirl","alterego_mod:HighServant"],"picked":"alterego_mod:Valentines","floor":19.0},{"not_picked":["alterego_mod:Bunnysuit","alterego_mod:Belts"],"picked":"alterego_mod:Valentines+1","floor":20},{"not_picked":["alterego_mod:PurpleHair","alterego_mod:Complex+1"],"picked":"alterego_mod:Pet","floor":21}],"player_experience":205704,"relics_obtained":[{"floor":6.0,"key":"Lantern"},{"floor":9.0,"key":"Potion Belt"},{"floor":26,"key":"StSpp:BrokenTotem"}],"event_choices":[{"damage_healed":0.0,"max_hp_gain":0.0,"max_hp_loss":0.0,"gold_gain":0.0,"event_name":"betterThird:BetterSerpent","player_choice":"RENOUNCE","floor":3.0,"gold_loss":116.0,"damage_taken":116.0,"cards_obtained":["Enlightenment"]},{"damage_healed":0.0,"max_hp_gain":0.0,"max_hp_loss":6.0,"gold_gain":0.0,"event_name":"Golden Idol","player_choice":"Lose Max HP","floor":4.0,"gold_loss":0.0,"damage_taken":0.0,"relics_obtained":["Golden Idol"]},{"damage_healed":0.0,"max_hp_gain":0.0,"max_hp_loss":0.0,"gold_gain":1.0,"event_name":"betterStone:BetterStone","player_choice":"1","floor":13.0,"gold_loss":0.0,"damage_taken":0.0},{"damage_healed":26,"gold_gain":0,"player_choice":"Heal","damage_taken":0,"max_hp_gain":0,"max_hp_loss":0,"event_name":"The Library","floor":22,"gold_loss":0},{"cards_removed":["alterego_mod:BustOut"],"damage_healed":0,"gold_gain":0,"player_choice":"Gave Gold","damage_taken":0,"max_hp_gain":0,"max_hp_loss":0,"event_name":"Beggar","floor":24,"gold_loss":75},{"cards_removed":["alterego_mod:Venus"],"damage_healed":0,"gold_gain":0,"player_choice":"Elegance","damage_taken":0,"max_hp_gain":0,"max_hp_loss":0,"event_name":"betterThird:BetterWriting","floor":28,"gold_loss":0}],"is_beta":false,"boss_relics":[{"not_picked":["Cursed Key","StSpp:FireArrow"],"picked":"expansioncontent:StudyCardRelic"}],"items_purged_floors":[],"is_endless":false,"potions_floor_spawned":[1,5,7,16,19,21],"killed_by":"Centurion and Healer","ascension_level":0}}