{"host":"2myxm4ogqgjbicg6","time":1614213393,"event":{"mods":["Aspiration","BaseMod","Colored Powertips","DeckTracker","GifTheSpireLib","Ironclad Rager","Minty Spire (QoL Compilation)","Quick Restart","StSLib","Stuff the Spire","SuperFastMode","The IronCluck","[IsaacMod]????"],"gold_per_floor":[117,35,35,53,53,53,83,96,119,136,136,136,146,156,156,258,258,271,136,136,146,146,146],"floor_reached":22,"language":"ENG","playtime":436,"items_purged":[],"score":338,"play_id":"09c9f510-e2e5-4891-ac22-d78bdcfc3e12","local_time":"20210225003633","is_ascension_mode":true,"campfire_choices":[{"data":"StuffTheSpire:Innocence","floor":6,"key":"SMITH"},{"data":"Rampage","floor":15,"key":"SMITH"}],"circlet_count":0,"master_deck":["AscendersBane","Strike_R","Strike_R","Strike_R","Strike_R","Strike_R","Defend_R","Defend_R","Defend_R","Defend_R","Bash","Twin Strike","Inflame","StuffTheSpire:Innocence+1","Immolate","Armaments","Spot Weakness","Rampage+1","Reaper","Consecrate","StuffTheSpire:Harmony","BattleHymn"],"relics":["Burning Blood","HushsDoor","NeowsBlessing","Art of War","Toy Ornithopter","Vajra","aspiration:WatcherSkillbook","BFFS","aspiration:RitualStick"],"acts_visited":["Exordium","TheCity"],"potions_floor_usage":[16,18],"damage_taken":[{"damage":0,"enemies":"Small Slimes","floor":1,"turns":1},{"damage":0,"enemies":"Cultist","floor":4,"turns":1},{"damage":0,"enemies":"Gremlin Nob","floor":7,"turns":1},{"damage":0,"enemies":"2 Louse","floor":8,"turns":1},{"damage":18,"enemies":"Red Slaver","floor":10,"turns":3},{"damage":1,"enemies":"2 Fungi Beasts","floor":13,"turns":2},{"damage":0,"enemies":"Blue Slaver","floor":14,"turns":4},{"damage":28,"enemies":"Slime Boss","floor":16,"turns":7},{"damage":62,"enemies":"3 Byrds","floor":18,"turns":7},{"damage":25,"enemies":"Spheric Guardian","floor":21,"turns":5},{"damage":43,"enemies":"Shelled Parasite and Fungi","floor":22,"turns":3}],"seed_played":"1944823585940075068","potions_obtained":[{"floor":4,"key":"BloodPotion"},{"floor":7,"key":"SpeedPotion"}],"is_trial":false,"path_per_floor":["M","$","?","M","?","R","E","M","T","M","?","R","M","M","R","B",null,"M","?","?","M","M"],"character_chosen":"IRONCLAD","items_purchased":["Inflame"],"campfire_rested":0,"item_purchase_floors":[2],"current_hp_per_floor":[78,78,83,85,78,78,84,85,85,73,58,58,63,69,69,52,77,58,58,41,23,0,0],"gold":146,"neow_bonus":"THREE_ENEMY_KILL","is_daily":false,"chose_seed":false,"campfire_upgraded":2,"win_rate":0.0,"timestamp":1614213393,"path_taken":["M","$","?","?","?","R","E","M","T","M","?","R","M","M","R","BOSS","M","?","?","M","?"],"items_purchased_type":["Card"],"build_version":"2020-12-22","purchased_purges":0,"victory":false,"max_hp_per_floor":[80,80,85,85,85,85,85,85,85,85,85,85,85,85,85,85,85,85,85,85,85,85,85],"card_choices":[{"not_picked":["Corruption","Clothesline"],"picked":"Twin Strike","floor":1},{"not_picked":["Havoc","Body Slam","Shockwave"],"picked":"SKIP","floor":4},{"not_picked":["StuffTheSpire:Incineration","Rampage"],"picked":"Immolate","floor":7},{"not_picked":["Body Slam","Warcry","Perfected Strike"],"picked":"SKIP","floor":8},{"not_picked":["StuffTheSpire:Slingshot","StuffTheSpire:Pyroclast"],"picked":"Armaments","floor":10},{"not_picked":["Sword Boomerang","Dual Wield"],"picked":"Spot Weakness","floor":13},{"not_picked":["Metallicize","Twin Strike"],"picked":"Rampage","floor":14},{"not_picked":["StuffTheSpire:TitanForm","Feed"],"picked":"Reaper","floor":16},{"not_picked":["Clothesline","StuffTheSpire:RockThrow+1","BowlingBash"],"picked":"Consecrate","floor":18},{"not_picked":["EmptyBody","Perseverance+1","SashWhip"],"picked":"BattleHymn","floor":21}],"player_experience":435379,"relics_obtained":[{"floor":7,"key":"Art of War"},{"floor":9,"key":"Toy Ornithopter"}],"event_choices":[{"damage_healed":0,"gold_gain":0,"player_choice":"Donut","damage_taken":0,"max_hp_gain":5,"max_hp_loss":0,"event_name":"Big Fish","floor":3,"gold_loss":0}],"is_beta":false,"boss_relics":[{"not_picked":["Runic Cube","Coffee Dripper"],"picked":"aspiration:WatcherSkillbook"},{"not_picked":[]}],"items_purged_floors":[],"is_endless":false,"potions_floor_spawned":[4,7,8,10],"killed_by":"Shelled Parasite and Fungi","ascension_level":12}}