{"host":"sc0o2qwpf9j16a4i","time":1614266215,"event":{"mods":["AchievementEnabler","BaseMod","BetterRewards","Block Reminder","Colored Map","Colored Powertips","Custom Start","Highlight Path","Minty Spire (QoL Compilation)","Relic Stats"],"gold_per_floor":[112,112,112,125,125,153,153,153,179,213,231,231,247,264,264,360,360,376,388,402,402,412,412,440,454,454,474,474,474,499,512,512,615,615,632,397,397,397,415,415,415,447,447,502,518,518,533,564,564,564],"floor_reached":51,"language":"ENG","playtime":1869,"items_purged":[],"score":1082,"play_id":"f12dd937-184e-4705-9102-398d675cd9dc","local_time":"20210225171655","daily_mods":["Heirloom","Red Cards","Terminal"],"is_ascension_mode":false,"campfire_choices":[{"data":"Catalyst","floor":7,"key":"SMITH"},{"data":"Neutralize","floor":15,"key":"SMITH"},{"data":"Wraith Form v2","floor":23,"key":"SMITH"},{"data":"Whirlwind","floor":28,"key":"SMITH"},{"data":"Battle Trance","floor":32,"key":"SMITH"},{"data":"Deadly Poison","floor":40,"key":"SMITH"},{"data":"Exhume","floor":49,"key":"SMITH"}],"circlet_count":0,"master_deck":["Strike_G+1","Strike_G+1","Strike_G+1","Strike_G+1","Defend_G+1","Defend_G+1","Defend_G+1","Defend_G+1","Defend_G+1","Survivor+1","Neutralize+1","Backstab+1","Deadly Poison+1","Catalyst+1","Deadly Poison+1","Endless Agony+1","Twin Strike+1","Battle Trance+1","Wraith Form v2+1","Flame Barrier+1","PiercingWail+1","Endless Agony+1","Deadly Poison+1","Shrug It Off+1","Bane+1","Whirlwind+1","Ghostly+1","Ghostly+1","Ghostly+1","Ghostly+1","Ghostly+1","Flechettes+1","Adrenaline+1","Noxious Fumes+1","Panacea+1","Prepared+1","Exhume+1","Deadly Poison+1","Shrug It Off+1","Outmaneuver+1"],"relics":["Ring of the Snake","Pocketwatch","WarpedTongs","Tough Bandages","Vajra","Bottled Flame","Sozu","PreservedInsect","Centennial Puzzle","Torii","Runic Pyramid","Medical Kit","Mark of the Bloom","Toy Ornithopter","Darkstone Periapt","CaptainsWheel","Oddly Smooth Stone","FossilizedHelix"],"acts_visited":["Exordium","TheCity","TheBeyond"],"potions_floor_usage":[6,6,19,50],"damage_taken":[{"damage":0,"enemies":"Small Slimes","floor":1,"turns":3},{"damage":4,"enemies":"Jaw Worm","floor":4,"turns":3},{"damage":0,"enemies":"Gremlin Nob","floor":6,"turns":3},{"damage":3,"enemies":"Lagavulin","floor":10,"turns":5},{"damage":0,"enemies":"2 Louse","floor":11,"turns":2},{"damage":0,"enemies":"Large Slime","floor":13,"turns":4},{"damage":0,"enemies":"Lots of Slimes","floor":14,"turns":2},{"damage":13,"enemies":"Slime Boss","floor":16,"turns":10},{"damage":0,"enemies":"3 Byrds","floor":18,"turns":4},{"damage":2,"enemies":"Shell Parasite","floor":19,"turns":2},{"damage":0,"enemies":"Sentry and Sphere","floor":20,"turns":5},{"damage":0,"enemies":"3 Cultists","floor":22,"turns":5},{"damage":5,"enemies":"Slavers","floor":24,"turns":5},{"damage":0,"enemies":"Snecko","floor":25,"turns":4},{"damage":0,"enemies":"Chosen and Byrds","floor":27,"turns":5},{"damage":0,"enemies":"Gremlin Leader","floor":30,"turns":3},{"damage":0,"enemies":"Cultist and Chosen","floor":31,"turns":5},{"damage":0,"enemies":"Collector","floor":33,"turns":9},{"damage":0,"enemies":"3 Shapes","floor":35,"turns":3},{"damage":0,"enemies":"Orb Walker","floor":39,"turns":2},{"damage":0,"enemies":"Giant Head","floor":42,"turns":8},{"damage":0,"enemies":"2 Orb Walkers","floor":44,"turns":4},{"damage":0,"enemies":"3 Darklings","floor":45,"turns":4},{"damage":0,"enemies":"Maw","floor":47,"turns":5},{"damage":0,"enemies":"Reptomancer","floor":48,"turns":4},{"damage":0,"enemies":"Awakened One","floor":50,"turns":18}],"seed_played":"-3238836649174188697","potions_obtained":[{"floor":1,"key":"AttackPotion"},{"floor":4,"key":"LiquidMemories"},{"floor":13,"key":"FearPotion"},{"floor":16,"key":"Fire Potion"}],"is_trial":true,"path_per_floor":["M","?","?","M","?","E","R","?","T","E","M","?","M","M","R","B",null,"M","M","M","?","M","R","E","M","T","M","R","?","E","M","R","B",null,"M","$","?","?","M","R","?","E","T","?","M","T","M","E","R","B",null],"character_chosen":"THE_SILENT","items_purchased":["Medical Kit","Noxious Fumes"],"campfire_rested":0,"item_purchase_floors":[36,36],"current_hp_per_floor":[68,72,71,67,60,60,60,60,60,57,57,51,51,51,51,38,57,56,54,54,53,52,51,46,46,46,46,46,22,21,20,19,18,17,16,15,13,12,11,10,9,8,7,6,5,4,3,2,1,1],"gold":564,"neow_bonus":"","is_daily":false,"chose_seed":false,"campfire_upgraded":7,"win_rate":0.0,"timestamp":1614266215,"path_taken":["M","?","?","?","?","E","R","?","T","E","M","?","M","M","R","BOSS","M","?","M","?","M","R","E","?","T","M","R","?","E","M","R","BOSS","M","$","?","?","M","R","?","E","T","?","M","?","M","E","R","BOSS"],"items_purchased_type":["Relic","Card"],"build_version":"2020-12-22","purchased_purges":0,"victory":true,"max_hp_per_floor":[68,72,71,70,69,68,67,66,65,64,63,62,61,60,59,58,57,56,55,54,53,52,51,50,49,48,47,46,22,21,20,19,18,17,16,15,13,12,11,10,9,8,7,6,5,4,3,2,1,1],"relic_stats":{"Darkstone Periapt":0,"Mark of the Bloom":5,"Torii":0,"counters":[26,127],"PreservedInsect":230,"Medical Kit":[3],"WarpedTongs":[83],"Sozu":7,"Tough Bandages":[45],"Centennial Puzzle":[0],"obtain_stats":[{"Darkstone Periapt":43,"Mark of the Bloom":41,"Torii":30,"Vajra":9,"Oddly Smooth Stone":46,"PreservedInsect":24,"Medical Kit":36,"WarpedTongs":3,"Sozu":17,"Tough Bandages":6,"Bottled Flame":10,"Centennial Puzzle":26,"CaptainsWheel":44,"Toy Ornithopter":42,"FossilizedHelix":48,"Ring of the Snake":0,"Pocketwatch":0,"Runic Pyramid":34},{"Darkstone Periapt":21,"Mark of the Bloom":20,"Torii":16,"Vajra":3,"Oddly Smooth Stone":23,"PreservedInsect":13,"Medical Kit":19,"WarpedTongs":1,"Sozu":8,"Tough Bandages":3,"Bottled Flame":4,"Centennial Puzzle":14,"CaptainsWheel":22,"Toy Ornithopter":21,"FossilizedHelix":25,"Ring of the Snake":0,"Pocketwatch":0,"Runic Pyramid":18},{"Darkstone Periapt":92,"Mark of the Bloom":84,"Torii":65,"Vajra":9,"Oddly Smooth Stone":100,"PreservedInsect":53,"Medical Kit":82,"WarpedTongs":3,"Sozu":32,"Tough Bandages":9,"Bottled Flame":14,"Centennial Puzzle":57,"CaptainsWheel":96,"Toy Ornithopter":92,"FossilizedHelix":109,"Ring of the Snake":0,"Pocketwatch":0,"Runic Pyramid":79}],"Toy Ornithopter":0,"Ring of the Snake":[59],"Pocketwatch":[99]},"card_choices":[{"not_picked":["Well Laid Plans","Feel No Pain"],"picked":"Backstab","floor":1},{"not_picked":["Dual Wield","Armaments"],"picked":"Deadly Poison","floor":4},{"not_picked":["Flying Knee","Footwork"],"picked":"Catalyst","floor":6},{"not_picked":["Escape Plan","Distraction"],"picked":"Deadly Poison","floor":10},{"not_picked":["Escape Plan","Prepared"],"picked":"Endless Agony","floor":11},{"not_picked":["Headbutt","Iron Wave"],"picked":"Twin Strike","floor":13},{"not_picked":["Poisoned Stab","Carnage"],"picked":"Battle Trance","floor":14},{"not_picked":["Tools of the Trade","A Thousand Cuts"],"picked":"Wraith Form v2","floor":16},{"not_picked":["Quick Slash","Searing Blow"],"picked":"Flame Barrier","floor":18},{"not_picked":["Wild Strike","Ghostly Armor"],"picked":"PiercingWail","floor":19},{"not_picked":["Distraction","Masterful Stab","Twin Strike"],"picked":"SKIP","floor":20},{"not_picked":["Heavy Blade","Juggernaut"],"picked":"Deadly Poison+1","floor":22},{"not_picked":["Power Through","Sword Boomerang"],"picked":"Shrug It Off","floor":24},{"not_picked":["Armaments","Deflect"],"picked":"Bane","floor":25},{"not_picked":["Blade Dance+1","Anger"],"picked":"Whirlwind","floor":27},{"not_picked":["Body Slam","Clothesline","Backflip"],"picked":"SKIP","floor":30},{"not_picked":["Havoc","Thunderclap"],"picked":"Flechettes+1","floor":31},{"not_picked":["Demon Form","Fiend Fire"],"picked":"Adrenaline","floor":33},{"not_picked":["Reflex+1","Flying Knee+1","Blade Dance+1"],"picked":"SKIP","floor":35},{"not_picked":["Master of Strategy","Blind"],"picked":"Panacea","floor":38},{"not_picked":["Warcry+1","Outmaneuver+1"],"picked":"Prepared","floor":39},{"not_picked":["Sucker Punch+1","Seeing Red+1"],"picked":"Exhume","floor":42},{"not_picked":["Dark Embrace","Anger+1"],"picked":"Deadly Poison+1","floor":45},{"not_picked":["Metallicize+1","Clothesline"],"picked":"Shrug It Off+1","floor":47},{"not_picked":["Slice+1","Bane"],"picked":"Outmaneuver+1","floor":48}],"player_experience":1552933,"relics_obtained":[{"floor":6,"key":"Tough Bandages"},{"floor":9,"key":"Vajra"},{"floor":10,"key":"Bottled Flame"},{"floor":24,"key":"PreservedInsect"},{"floor":26,"key":"Centennial Puzzle"},{"floor":30,"key":"Torii"},{"floor":42,"key":"Toy Ornithopter"},{"floor":43,"key":"Darkstone Periapt"},{"floor":44,"key":"CaptainsWheel"},{"floor":46,"key":"Oddly Smooth Stone"},{"floor":48,"key":"FossilizedHelix"}],"event_choices":[{"damage_healed":0,"gold_gain":0,"player_choice":"Donut","damage_taken":0,"max_hp_gain":5,"max_hp_loss":0,"event_name":"Big Fish","floor":2,"gold_loss":0},{"damage_healed":0,"gold_gain":0,"player_choice":"Rummage","damage_taken":0,"relics_obtained":["WarpedTongs"],"max_hp_gain":0,"max_hp_loss":0,"event_name":"Accursed Blacksmith","floor":3,"gold_loss":0,"cards_obtained":["Pain"]},{"cards_removed":["Pain"],"damage_healed":0,"gold_gain":0,"player_choice":"Card Removal","damage_taken":7,"max_hp_gain":0,"max_hp_loss":0,"event_name":"Golden Wing","floor":5,"gold_loss":0},{"damage_healed":0,"gold_gain":0,"player_choice":"Ignored","damage_taken":0,"max_hp_gain":0,"max_hp_loss":0,"event_name":"Liars Game","floor":8,"gold_loss":0},{"damage_healed":0,"gold_gain":0,"player_choice":"Damaged","damage_taken":6,"max_hp_gain":0,"max_hp_loss":0,"event_name":"Wheel of Change","floor":12,"gold_loss":0},{"damage_healed":0,"gold_gain":0,"cards_transformed":["Strike_G"],"player_choice":"Transformed","damage_taken":0,"max_hp_gain":0,"max_hp_loss":0,"event_name":"Transmorgrifier","floor":21,"gold_loss":0,"cards_obtained":["Endless Agony"]},{"damage_healed":0,"gold_gain":0,"player_choice":"Became a Ghost","damage_taken":0,"max_hp_gain":0,"max_hp_loss":23,"event_name":"Ghosts","floor":29,"gold_loss":0,"cards_obtained":["Ghostly","Ghostly","Ghostly","Ghostly","Ghostly"]},{"damage_healed":0,"gold_gain":0,"player_choice":"Max HP","damage_taken":0,"max_hp_gain":0,"max_hp_loss":1,"event_name":"Winding Halls","floor":37,"gold_loss":0},{"damage_healed":0,"gold_gain":0,"player_choice":"Memory 1","damage_taken":0,"max_hp_gain":0,"max_hp_loss":0,"event_name":"SensoryStone","floor":38,"gold_loss":0},{"damage_healed":0,"gold_gain":0,"player_choice":"Upgrade","damage_taken":0,"relics_obtained":["Mark of the Bloom"],"max_hp_gain":0,"max_hp_loss":0,"event_name":"MindBloom","floor":41,"gold_loss":0,"cards_upgraded":["Strike_G","Strike_G","Strike_G","Strike_G","Defend_G","Defend_G","Defend_G","Defend_G","Defend_G","Survivor","Backstab","Deadly Poison","Endless Agony","Twin Strike","Flame Barrier","PiercingWail","Endless Agony","Shrug It Off","Bane","Ghostly","Ghostly","Ghostly","Ghostly","Ghostly","Adrenaline","Noxious Fumes","Panacea","Prepared"]},{"damage_healed":0,"gold_gain":0,"player_choice":"Fight","damage_taken":0,"max_hp_gain":0,"max_hp_loss":0,"event_name":"Mysterious Sphere","floor":44,"gold_loss":0}],"is_beta":false,"boss_relics":[{"not_picked":["Astrolabe","Snecko Eye"],"picked":"Sozu"},{"not_picked":["Black Star","Tiny House"],"picked":"Runic Pyramid"}],"items_purged_floors":[],"is_endless":false,"potions_floor_spawned":[1,4,13,16,19,20,22,24,35,42,47],"ascension_level":0}}