{"host":"cd25ms2o8pjhjp7m","time":1614244530,"event":{"mods":["Act Like it!","Aspiration","BaseMod","Bestiary","Better Third Choice","BetterRewards","Conspire","Curses Come First","Friendly Minions","GifTheSpireLib","Hubris","Infinite Spire","JesterMod","Minty Spire (QoL Compilation)","Rare Cards Sparkle","Relic Stats","Reliquary","Replay The Spire","Robot Space Explorer","Ruina","StSLib","The Poker Player","The Runesmith","Uncapped","[IsaacMod]????","??????REMEMod"],"gold_per_floor":[116,116,142,42,55,89,89,99,99,24,74,74,74,74,74,177,177,197,51,65,80,148,197,137,137,163,163,182,107,107,120,120,222,222,234,284,284,284,303,303,303,303,329,348,382,382,398,398,398,398,398,398,98,128,128,128],"floor_reached":55,"language":"DEU","playtime":2505,"items_purged":["Strike_G","Strike_G","Strike_G","Strike_G","Poison Darts"],"score":721,"play_id":"a27c0433-b96c-42c7-b6e5-6d63bda7bc1d","local_time":"20210225101530","is_ascension_mode":false,"campfire_choices":[{"data":"Juggernaut","floor":7,"key":"SMITH"},{"data":"Ghostly","floor":12,"key":"SMITH"},{"floor":15,"key":"REST"},{"data":"Footwork","floor":25,"key":"SMITH"},{"data":"Adrenaline","floor":30,"key":"SMITH"},{"data":"Neutralize","floor":32,"key":"SMITH"},{"floor":40,"key":"REST"},{"floor":46,"key":"REST"},{"floor":49,"key":"RECALL"},{"data":"Bullet Time","floor":52,"key":"SMITH"}],"circlet_count":0,"master_deck":["Defend_G","Defend_G+1","Defend_G","Defend_G+1","Defend_G+1","Survivor","Neutralize+1","BettingIsNotGood","Juggernaut+1","Ghostly+1","Adrenaline+1","Bane","Poison Darts","Footwork+1","Deadly Poison","Bullet Time+1","ReplayTheSpireMod:Black Plague","A Thousand Cuts","Infinite Blades","Sadistic Nature","Dodge and Roll"],"relics":["Ring of the Snake","REME_ComplimentaryCards","HushsDoor","TheBible","Simple Rune","hubris:Spice","Juzu Bracelet","Runesmith:AutoHammer","hubris:ScarierMask","Chaos","Philosopher\u0027s Stone","Snack Pack","D6","hubris:Towel","hubris:KleinBottle","Sundial","conspire:Dentures"],"acts_visited":["Exordium","TheCity","TheBeyond","TheEnding"],"potions_floor_usage":[20,33,50],"damage_taken":[{"damage":0,"enemies":"conspire:RoseBush","floor":1,"turns":3},{"damage":9,"enemies":"infinitespire:Voidling","floor":3,"turns":5},{"damage":7,"enemies":"Small Slimes","floor":5,"turns":4},{"damage":3,"enemies":"Lagavulin","floor":6,"turns":6},{"damage":9,"enemies":"3 Louse","floor":8,"turns":3},{"damage":5,"enemies":"3 Sentries","floor":11,"turns":8},{"damage":33,"enemies":"Hexaghost","floor":16,"turns":10},{"damage":10,"enemies":"Spheric Guardian","floor":18,"turns":6},{"damage":0,"enemies":"3 Byrds","floor":20,"turns":4},{"damage":3,"enemies":"Snecko","floor":21,"turns":5},{"damage":6,"enemies":"Slavers","floor":23,"turns":6},{"damage":0,"enemies":"Shelled Parasite and Fungi","floor":28,"turns":5},{"damage":0,"enemies":"conspire:HollyBat","floor":31,"turns":5},{"damage":25,"enemies":"Automaton","floor":33,"turns":10},{"damage":0,"enemies":"3 Shapes","floor":35,"turns":3},{"damage":7,"enemies":"Mind Bloom Boss Battle","floor":36,"turns":8},{"damage":0,"enemies":"3 Darklings","floor":39,"turns":4},{"damage":6,"enemies":"Jaw Worm Horde","floor":44,"turns":3},{"damage":24,"enemies":"Giant Head","floor":45,"turns":11},{"damage":0,"enemies":"Spire Growth","floor":47,"turns":4},{"damage":31,"enemies":"Awakened One","floor":50,"turns":14},{"damage":0,"enemies":"Shield and Spear","floor":54,"turns":5},{"damage":94,"enemies":"Delirium","floor":55,"turns":5}],"seed_played":"-2923378421559750597","potions_obtained":[{"floor":1,"key":"Poison Potion"},{"floor":3,"key":"Elixir"},{"floor":5,"key":"Weak Potion"},{"floor":11,"key":"CunningPotion"},{"floor":22,"key":"Languid Potion"},{"floor":23,"key":"PowerPotion"},{"floor":33,"key":"Fire Potion"},{"floor":35,"key":"CunningPotion"},{"floor":36,"key":"AttackPotion"}],"is_trial":false,"path_per_floor":["M","?","M","?","M","E","R","M","T","$","E","R","?","T","R","B",null,"M","$","M","M","?","E","?","R","T","?","M","?","R","M","R","B",null,"M","?","?","$","M","R","?","T","T","M","E","R","M","?","R","B",null,"R","$","E","B"],"character_chosen":"THE_SILENT","items_purchased":["Chaos","hubris:KleinBottle","Sadistic Nature","Dodge and Roll"],"campfire_rested":3,"item_purchase_floors":[19,38,53,53],"current_hp_per_floor":[70,70,61,61,54,51,51,42,50,50,45,45,45,45,68,40,78,70,70,75,72,49,43,43,43,43,43,43,43,43,48,48,23,86,86,79,79,39,39,64,64,64,64,58,39,62,64,64,64,39,78,78,78,78,0,0],"gold":128,"neow_bonus":"ONE_RANDOM_RARE_CARD","is_daily":false,"chose_seed":false,"campfire_upgraded":6,"win_rate":0.0,"timestamp":1614244530,"path_taken":["M","?","M","?","?","E","R","M","T","$","E","R","?","?","R","BOSS","M","?","M","M","?","E","?","R","T","?","M","?","R","M","R","BOSS","M","?","?","?","M","R","?","?","T","M","E","R","M","?","R","BOSS","R","$","E","BOSS"],"items_purchased_type":["Card","Relic","Card","Card"],"build_version":"2020-12-22","purchased_purges":5,"victory":false,"max_hp_per_floor":[70,70,70,70,70,70,70,70,78,78,78,78,78,78,78,78,78,78,78,78,78,86,86,86,86,86,86,86,86,86,86,86,86,86,86,86,86,86,86,86,86,86,86,86,78,78,78,78,78,78,78,78,78,78,78,78],"relic_stats":{"counters":[23,137],"Sundial":[10],"Juzu Bracelet":3,"obtain_stats":[{"KeepersGift":0,"Chaos":19,"hubris:KleinBottle":38,"conspire:Dentures":43,"Juzu Bracelet":11,"hubris:Towel":37,"D6":36,"TheBible":0,"hubris:Spice":9,"Sundial":42,"hubris:ScarierMask":17,"Simple Rune":6,"Philosopher\u0027s Stone":23,"Snack Pack":34,"Runesmith:AutoHammer":14,"HushsDoor":0,"Ring of the Snake":0,"REME_ComplimentaryCards":0},{"KeepersGift":0,"Chaos":8,"hubris:KleinBottle":16,"conspire:Dentures":17,"Juzu Bracelet":6,"hubris:Towel":16,"D6":16,"TheBible":0,"hubris:Spice":5,"Sundial":17,"hubris:ScarierMask":7,"Simple Rune":4,"Philosopher\u0027s Stone":11,"Snack Pack":14,"Runesmith:AutoHammer":6,"HushsDoor":0,"Ring of the Snake":0,"REME_ComplimentaryCards":0},{"KeepersGift":0,"Chaos":45,"hubris:KleinBottle":91,"conspire:Dentures":95,"Juzu Bracelet":29,"hubris:Towel":91,"D6":91,"TheBible":0,"hubris:Spice":21,"Sundial":95,"hubris:ScarierMask":39,"Simple Rune":18,"Philosopher\u0027s Stone":60,"Snack Pack":80,"Runesmith:AutoHammer":29,"HushsDoor":0,"Ring of the Snake":0,"REME_ComplimentaryCards":0}],"Ring of the Snake":[46]},"card_choices":[{"not_picked":[],"picked":"BettingIsNotGood","floor":0},{"not_picked":["Blade Dance","Flying Knee","Quick Slash"],"picked":"SKIP","floor":1},{"not_picked":["hubris:SlightOfHand","Infinite Blades","Quick Slash"],"picked":"SKIP","floor":3},{"not_picked":["Prepared","Dash","Outmaneuver"],"picked":"SKIP","floor":5},{"not_picked":["Distraction","aspiration:Lunge"],"picked":"Adrenaline","floor":6},{"not_picked":["Dagger Throw","Hidden Blade"],"picked":"Bane","floor":8},{"not_picked":["Setup","Acrobatics","Phantasmal Killer"],"picked":"SKIP","floor":11},{"not_picked":["aspiration:Lunge","REME_CopyPotion"],"picked":"Poison Darts","floor":16},{"not_picked":["Blade Dance+1","Choke","Sucker Punch"],"picked":"SKIP","floor":18},{"not_picked":["Accuracy","Dagger Spray"],"picked":"Footwork","floor":20},{"not_picked":["Blade Dance","Flying Knee","Hidden Blade"],"picked":"SKIP","floor":21},{"not_picked":["Infinite Blades+1","Bane"],"picked":"Deadly Poison","floor":22},{"not_picked":["Setup","REME_CopyPotion","hubris:Sniper"],"picked":"SKIP","floor":23},{"not_picked":["Well Laid Plans","Dagger Throw","hubris:SpiceAddiction"],"picked":"SKIP","floor":28},{"not_picked":["hubris:SpiceAddiction","Skewer","Hidden Blade"],"picked":"SKIP","floor":31},{"not_picked":["Wraith Form v2","Poison Darts"],"picked":"Bullet Time","floor":33},{"not_picked":["Dash","hubris:SpiceAddiction","Skewer"],"picked":"SKIP","floor":35},{"not_picked":["infinitespire:Collect","infinitespire:Gouge"],"picked":"ReplayTheSpireMod:Black Plague","floor":38},{"not_picked":["Deflect","Prepared+1","Endless Agony"],"picked":"SKIP","floor":39},{"not_picked":["Fluid Movement","Dagger Spray"],"picked":"A Thousand Cuts","floor":44},{"not_picked":["Infinite Blades","Bouncing Flask+1","Dagger Throw+1"],"picked":"SKIP","floor":45},{"not_picked":["Bouncing Flask+1","Dagger Throw+1"],"picked":"Infinite Blades","floor":45},{"not_picked":["Well Laid Plans+1","Deadly Poison+1","conspire:PoisonWeapons"],"picked":"SKIP","floor":47},{"not_picked":["Fluid Movement+1","Cloak And Dagger","Bane"],"picked":"SKIP","floor":54}],"player_experience":510694,"relics_obtained":[{"floor":6,"key":"Simple Rune"},{"floor":9,"key":"hubris:Spice"},{"floor":11,"key":"Juzu Bracelet"},{"floor":14,"key":"Runesmith:AutoHammer"},{"floor":22,"key":"hubris:Spice"},{"floor":23,"key":"Philosopher\u0027s Stone"},{"floor":36,"key":"D6"},{"floor":42,"key":"Sundial"},{"floor":43,"key":"conspire:Dentures"},{"floor":45,"key":"hubris:Spice"}],"event_choices":[{"damage_healed":0,"gold_gain":0,"player_choice":"Argue","damage_taken":0,"max_hp_gain":0,"max_hp_loss":0,"event_name":"conspire:LoneGhost","floor":4,"gold_loss":0},{"damage_healed":0,"gold_gain":0,"player_choice":"Ignored","damage_taken":0,"max_hp_gain":0,"max_hp_loss":0,"event_name":"Ghosts","floor":27,"gold_loss":0},{"cards_removed":["Strike_G"],"damage_healed":0,"gold_gain":0,"player_choice":"Gave Gold","damage_taken":0,"max_hp_gain":0,"max_hp_loss":0,"event_name":"Beggar","floor":29,"gold_loss":75},{"damage_healed":0,"gold_gain":0,"player_choice":"Fight","damage_taken":0,"max_hp_gain":0,"max_hp_loss":0,"event_name":"MindBloom","floor":36,"gold_loss":0},{"damage_healed":0,"gold_gain":0,"player_choice":"Leave","damage_taken":0,"max_hp_gain":0,"max_hp_loss":0,"event_name":"conspire:Investor","floor":48,"gold_loss":0}],"is_beta":false,"boss_relics":[{"not_picked":["hubris:Spice","Runic Pyramid"],"picked":"hubris:ScarierMask"},{"not_picked":[]},{"not_picked":["hubris:Spice","hubris:Spice"],"picked":"Snack Pack"},{"not_picked":[]}],"items_purged_floors":[10,38,38,38,53],"is_endless":false,"potions_floor_spawned":[1,3,5,11,23,31,33,35,36,47],"killed_by":"Delirium","ascension_level":0}}