{"host":"21o28mgl9u9ntir2","time":1614250527,"event":{"mods":["BaseMod","BetterRewards","Colored Powertips","Minty Spire (QoL Compilation)","Quick Restart","Remove Card Discount Mod","SOS（斯巴达之子）","Spicy Shops","StSLib","SuperFastMode","[IsaacMod]以撒尖塔","【遗物卡牌】REMEMod","残留之物"],"gold_per_floor":[110,122,132,7,18,47,58,58,58,58,69,1,30,30,30,135,135,353,569,784,704,704,704,738,951,951,951,1162,841,861,861,861,1157,1157,1367,1367,1151,1165,1184,1413,1413,1413,1413,1413,2136,2211,2411,2499,2499,2499],"floor_reached":51,"language":"ZHS","playtime":1457,"items_purged":["PlaceholderMod:BaseStrike","PlaceholderMod:BaseStrike","PlaceholderMod:BaseDefend","Regret","Injury","Injury","Shame","PlaceholderMod:BaseStrike","PlaceholderMod:BaseStrike","PlaceholderMod:BaseDefend","PlaceholderMod:BaseDefend","PlaceholderMod:PoisonWhip","PlaceholderMod:BaseStrike","PlaceholderMod:BaseDefend","Doubt","Pain","Injury","Doubt","Decay","Decay","Clumsy","Pain","Pride"],"score":1500,"play_id":"4da655f3-8e87-4892-9101-5cb0eae7ae23","local_time":"20210225185527","is_ascension_mode":true,"campfire_choices":[{"data":"PlaceholderMod:PoisonAbsorb","floor":10.0,"key":"SMITH"},{"floor":15.0,"key":"REST"},{"floor":23.0,"key":"REST"},{"floor":27.0,"key":"REST"},{"data":"PlaceholderMod:FinalSpray","floor":32.0,"key":"SMITH"},{"data":"PlaceholderMod:DirectingGroup","floor":42.0,"key":"SMITH"},{"data":"PlaceholderMod:StrongAcid","floor":44.0,"key":"SMITH"},{"data":"Sadistic Nature","floor":49.0,"key":"SMITH"}],"circlet_count":0,"master_deck":["AscendersBane","PlaceholderMod:BaseDefend+1","PlaceholderMod:Crystal","PlaceholderMod:HardStinger+1","PlaceholderMod:PoisonAbsorb+1","PlaceholderMod:PoisonExcitation+1","PlaceholderMod:DirectingGroup+1","PlaceholderMod:HardStinger","PlaceholderMod:FinalSpray+1","PlaceholderMod:DirectingGroup+1","PlaceholderMod:StrongAcid+1","PlaceholderMod:Crystal","Sadistic Nature+1"],"relics":["PlaceholderMod:Tancle","HushsDoor","REME_ComplimentaryCards","SteamSale","Lee\u0027s Waffle","Pantograph","Lizard Tail","Molten Egg 2","Letter Opener","Sundial","Orichalcum","Juzu Bracelet","DeathBook","REME_DemonsWealth","JudasShadow","GuppysCollar","PlaceholderMod:Abhoth","PreservedInsect","NineVolt","Dream Catcher","EdensBlessing","PillsDrop","Habit","Boot","Gambling Chip","PlaceholderMod:LiveLive","GuppysTail","Vajra","BFFS","Ancient Tea Set","Prayer Wheel","Membership Card","REME_LimitBreaker","Happy Flower","Art of War","SalivaCoin","Orrery","TheBible","MealTicket","Frozen Eye","Blue Candle","Gremlin Horn"],"acts_visited":["Exordium","TheCity","TheBeyond"],"potions_floor_usage":[],"damage_taken":[{"damage":0.0,"enemies":"Small Slimes","floor":1.0,"turns":5.0},{"damage":10.0,"enemies":"Jaw Worm","floor":2.0,"turns":5.0},{"damage":0.0,"enemies":"Cultist","floor":3.0,"turns":3.0},{"damage":3.0,"enemies":"Blue Slaver","floor":5.0,"turns":5.0},{"damage":30.0,"enemies":"Lagavulin","floor":6.0,"turns":6.0},{"damage":10.0,"enemies":"Gremlin Gang","floor":7.0,"turns":3.0},{"damage":7.0,"enemies":"Exordium Wildlife","floor":11.0,"turns":4.0},{"damage":0.0,"enemies":"Gremlin Nob","floor":13.0,"turns":3.0},{"damage":44.0,"enemies":"Hexaghost","floor":16.0,"turns":8.0},{"damage":1.0,"enemies":"3 Byrds","floor":18.0,"turns":1.0},{"damage":32.0,"enemies":"2 Thieves","floor":19.0,"turns":3.0},{"damage":18.0,"enemies":"Shelled Parasite and Fungi","floor":20.0,"turns":3.0},{"damage":0.0,"enemies":"Book of Stabbing","floor":24.0,"turns":3.0},{"damage":0.0,"enemies":"Snecko","floor":25.0,"turns":3.0},{"damage":0.0,"enemies":"Chosen and Byrds","floor":28.0,"turns":2.0},{"damage":0.0,"enemies":"Centurion and Healer","floor":30.0,"turns":2.0},{"damage":0.0,"enemies":"Automaton","floor":33.0,"turns":10.0},{"damage":0.0,"enemies":"Orb Walker","floor":35.0,"turns":3.0},{"damage":0.0,"enemies":"3 Shapes","floor":38.0,"turns":1.0},{"damage":0.0,"enemies":"Spire Growth","floor":39.0,"turns":2.0},{"damage":0.0,"enemies":"Reptomancer","floor":40.0,"turns":2.0},{"damage":0,"enemies":"Time Eater","floor":50,"turns":5}],"seed_played":"3100755364163279106","potions_obtained":[{"floor":2.0,"key":"LiquidBronze"},{"floor":6.0,"key":"Explosive Potion"},{"floor":11.0,"key":"DistilledChaos"},{"floor":16.0,"key":"Energy Potion"},{"floor":19.0,"key":"Ancient Potion"},{"floor":28.0,"key":"SmokeBomb"},{"floor":39.0,"key":"Swift Potion"}],"is_trial":false,"path_per_floor":["M","M","M","$","M","E","M","?","T","R","M","$","E","?","R","B",null,"M","M","M","$","?","R","E","M","T","R","M","$","M","?","R","B",null,"M","?","$","M","M","E","?","R","T","R","$","T","$","?","R","B",null],"character_chosen":"THE_PLACEHOLDER","items_purchased":["Lee\u0027s Waffle","PlaceholderMod:HardStinger","Pantograph","Lizard Tail","Molten Egg 2","Letter Opener","PlaceholderMod:HardStinger","Juzu Bracelet","JudasShadow","GuppysCollar","PlaceholderMod:FinalSpray","PlaceholderMod:Abhoth","PreservedInsect","NineVolt","Dream Catcher","PlaceholderMod:StrongAcid","Habit","Boot","Gambling Chip","GuppysTail","Vajra","BFFS","Fruit Juice","Membership Card","REME_LimitBreaker","Happy Flower","Art of War","SalivaCoin","Orrery","MealTicket","Sadistic Nature","Frozen Eye","Blue Candle","Gremlin Horn"],"campfire_rested":3,"item_purchase_floors":[0,0,0,0,0,4,12,12,17,17,17,21,21,21,21,29,29,29,29,34,37,37,37,45,45,45,45,45,45,47,47,47,47,47],"current_hp_per_floor":[85,75,75,75,72,42,32,60,60,60,53,53,53,36,61,41,52,51,19,1,1,1,17,17,17,17,33,36,36,36,36,36,53,43,46,46,56,56,56,56,56,56,56,56,56,56,56,41,41,56],"gold":2499,"neow_bonus":"","is_daily":false,"chose_seed":false,"campfire_upgraded":5,"win_rate":0.0,"timestamp":1614250527,"path_taken":["M","M","M","$","M","E","M","?","T","R","M","$","E","?","R","BOSS","M","M","M","$","?","R","E","M","T","R","M","$","M","?","R","BOSS","M","?","$","M","M","E","?","R","T","R","?","?","$","?","R","BOSS"],"items_purchased_type":["Relic","Card","Relic","Relic","Relic","Relic","Card","Relic","Relic","Relic","Card","Relic","Relic","Relic","Relic","Card","Relic","Relic","Relic","Relic","Relic","Relic","Potion","Relic","Relic","Relic","Relic","Relic","Relic","Relic","Card","Relic","Relic","Relic"],"build_version":"2020-12-22","purchased_purges":23,"victory":true,"max_hp_per_floor":[85,85,85,85,85,85,85,85,85,85,85,85,85,85,85,85,55,55,55,55,55,55,55,55,55,55,55,58,58,53,53,53,53,43,46,46,56,56,56,56,56,56,56,56,56,56,56,56,56,56],"card_choices":[{"not_picked":[],"picked":"Bomb","floor":0.0},{"not_picked":["PlaceholderMod:SeverePoisonStrike+1","PlaceholderMod:AttackAsDefend+1"],"picked":"PlaceholderMod:PoisonAbsorb","floor":1.0},{"not_picked":["PlaceholderMod:Turn","PlaceholderMod:PoisonAbsorb"],"picked":"PlaceholderMod:PoisonExcitation+1","floor":2.0},{"not_picked":["PlaceholderMod:Turn","PlaceholderMod:Polyp","PlaceholderMod:EnergyAbsorb"],"picked":"SKIP","floor":3.0},{"not_picked":["PlaceholderMod:Stratification","PlaceholderMod:PoisonAbsorb","PlaceholderMod:AbsorbTouch+1"],"picked":"SKIP","floor":5.0},{"not_picked":["PlaceholderMod:DissolvingSpikes+1","PlaceholderMod:Colorful+1"],"picked":"PlaceholderMod:DirectingGroup","floor":6.0},{"not_picked":["PlaceholderMod:HornyBlast+1","PlaceholderMod:StressReaction","PlaceholderMod:PoisonAbsorb"],"picked":"SKIP","floor":7.0},{"not_picked":["PlaceholderMod:PoisonBlast","PlaceholderMod:HardStrike+1","PlaceholderMod:SpinBlade+1"],"picked":"SKIP","floor":11.0},{"not_picked":["PlaceholderMod:SprayAttack+1","PlaceholderMod:Sweep+1","PlaceholderMod:ContinueSpray+1"],"picked":"SKIP","floor":13.0},{"not_picked":["PlaceholderMod:HardStrike+1","PlaceholderMod:Turn+1","PlaceholderMod:InnerStable"],"picked":"Shame","floor":18.0},{"not_picked":["PlaceholderMod:SeverePoisonStrike+1","PlaceholderMod:ParasiteChange+1","PlaceholderMod:Polyp"],"picked":"Injury","floor":19.0},{"not_picked":["PlaceholderMod:SevereHeat+1","PlaceholderMod:HardStrike+1","PlaceholderMod:SelfCoupling"],"picked":"Injury","floor":20.0},{"not_picked":["PlaceholderMod:PoisonBlast+1","PlaceholderMod:PoisonExcitation+1","PlaceholderMod:AngryAttack+1","Decay"],"picked":"SKIP","floor":24.0},{"not_picked":["PlaceholderMod:Stable","PlaceholderMod:HealingAttack+1","PlaceholderMod:ThreeBenzyolStart"],"picked":"Doubt","floor":25.0},{"not_picked":["PlaceholderMod:SprayAttack+1","PlaceholderMod:Internalization","Writhe"],"picked":"PlaceholderMod:DirectingGroup+1","floor":27.0},{"not_picked":["PlaceholderMod:StrongAcid","PlaceholderMod:ProliferateStrike+1","PlaceholderMod:Colorful+1"],"picked":"Pain","floor":28.0},{"not_picked":["PlaceholderMod:Colorful+1","PlaceholderMod:PoisonExcitation+1","PlaceholderMod:Hard","Pain"],"picked":"SKIP","floor":30.0},{"not_picked":["PlaceholderMod:Activation","PlaceholderMod:InnerSoften","PlaceholderMod:Eat+1"],"picked":"Doubt","floor":33.0},{"not_picked":["PlaceholderMod:FastReaction","PlaceholderMod:StressReaction","PlaceholderMod:RadicalHit+1"],"picked":"Injury","floor":35.0},{"not_picked":["PlaceholderMod:SeverePoisonStrike+1","PlaceholderMod:TriggerStrike+1","PlaceholderMod:HealingAttack+1","Parasite"],"picked":"SKIP","floor":38.0},{"not_picked":["PlaceholderMod:UnpureUse","PlaceholderMod:RadicalHit+1","PlaceholderMod:Internalization","Parasite"],"picked":"SKIP","floor":39.0},{"not_picked":["PlaceholderMod:Polyp+1","PlaceholderMod:ComplexForm+1","PlaceholderMod:StrongAcid"],"picked":"Decay","floor":40.0},{"not_picked":["PlaceholderMod:Polyp","PlaceholderMod:StrongAcid+1","PlaceholderMod:StressReaction+1"],"picked":"Pain","floor":45.0},{"not_picked":["PlaceholderMod:ThreeBenzyolStart","PlaceholderMod:HardStinger","PlaceholderMod:Stable+1"],"picked":"Clumsy","floor":45.0},{"not_picked":["PlaceholderMod:HardStrike+1","PlaceholderMod:Hyperplasia","PlaceholderMod:HornyBlast+1"],"picked":"Decay","floor":45.0},{"not_picked":["PlaceholderMod:QualitativeChange","PlaceholderMod:EvolutionSpray+1","PlaceholderMod:DissolvingSpikes+1"],"picked":"Decay","floor":45.0}],"player_experience":769376,"relics_obtained":[{"floor":6.0,"key":"Sundial"},{"floor":9.0,"key":"Orichalcum"},{"floor":13.0,"key":"DeathBook"},{"floor":24.0,"key":"EdensBlessing"},{"floor":26.0,"key":"PillsDrop"},{"floor":40.0,"key":"Ancient Tea Set"},{"floor":43.0,"key":"Prayer Wheel"},{"floor":46.0,"key":"TheBible"}],"event_choices":[{"damage_healed":28.0,"max_hp_gain":0.0,"max_hp_loss":0.0,"gold_gain":0.0,"event_name":"Big Fish","player_choice":"Banana","floor":8.0,"gold_loss":0.0,"damage_taken":0.0},{"damage_healed":0.0,"max_hp_gain":0.0,"max_hp_loss":0.0,"gold_gain":0.0,"event_name":"Shining Light","player_choice":"Entered Light","floor":14.0,"gold_loss":0.0,"damage_taken":17.0,"cards_upgraded":["PlaceholderMod:HardStinger","PlaceholderMod:BaseDefend"]},{"damage_healed":0.0,"max_hp_gain":0.0,"max_hp_loss":0.0,"gold_gain":0.0,"event_name":"Cursed Tome","player_choice":"Ignored","floor":22.0,"gold_loss":0.0,"damage_taken":0.0},{"cards_removed":["Decay"],"damage_healed":0.0,"max_hp_gain":0.0,"max_hp_loss":0.0,"gold_gain":0.0,"event_name":"Fountain of Cleansing","player_choice":"Removed Curses","floor":41.0,"gold_loss":0.0,"damage_taken":0.0}],"is_beta":false,"boss_relics":[{"not_picked":["Astrolabe","ChampionBelt"],"picked":"REME_DemonsWealth"},{"not_picked":[]},{"not_picked":["Sozu","SacredBark"],"picked":"PlaceholderMod:LiveLive"},{"not_picked":[]}],"items_purged_floors":[12,12,12,21,21,21,21,21,21,21,21,21,21,21,29,29,37,37,45,45,45,45,47],"is_endless":false,"potions_floor_spawned":[2,6,11,16,19,24,28,30,39],"ascension_level":11}}