{"host":"pjgcdp3h1plnbocs","time":1614258939,"event":{"mods":["AchievementEnabler","BaseMod","Colored Map","Downfall","Highlight Path","Minty Spire (QoL Compilation)","StSLib"],"gold_per_floor":[99,24,24,24,124,74,99,99,130,80,109,122,72,103,120,221,221,221,221],"floor_reached":17,"language":"ENG","playtime":494,"items_purged":[],"score":203,"play_id":"1f45f9b7-430e-4588-a597-013cf2425c86","local_time":"20210225141539","is_ascension_mode":true,"campfire_choices":[{"data":"Slimebound:CorrosiveSpit","floor":1.0,"key":"SMITH"},{"data":"Slimebound:DisruptingSlam","floor":6.0,"key":"SMITH"},{"data":"Slimebound:SplitSpecialist","floor":10.0,"key":"SMITH"},{"data":"Slimebound:Repurpose","floor":13.0,"key":"SMITH"}],"circlet_count":0,"master_deck":["Slimebound:Strike_Slimebound","Slimebound:Strike_Slimebound","Slimebound:Strike_Slimebound","Slimebound:Tackle","Slimebound:Defend_Slimebound","Slimebound:Defend_Slimebound","Slimebound:Defend_Slimebound","Slimebound:Defend_Slimebound","Slimebound:Split","Slimebound:CorrosiveSpit+1","Slimebound:DisruptingSlam+1","Slimebound:SplitSpecialist+1","Slimebound:SamplingLick","Slimebound:Repurpose+1","Slimebound:ItLooksTasty","Slimebound:RallyTheTroops"],"relics":["Slimebound:AbsorbEndCombat","downfall:HeartsMalice","Slimebound:GreedOozeRelic","Lizard Tail","downfall:GremlinWheel","Toy Ornithopter","Slimebound:AggressiveSlimeRelic","Prayer Wheel","Smiling Mask","Philosopher\u0027s Stone"],"acts_visited":["Exordium","TheCity"],"potions_floor_usage":[],"damage_taken":[{"damage":0.0,"enemies":"2 Louse","floor":3.0,"turns":1.0},{"damage":0.0,"enemies":"2 Louse","floor":5.0,"turns":1.0},{"damage":0.0,"enemies":"Jaw Worm","floor":8.0,"turns":1.0},{"damage":16.0,"enemies":"3 Sentries","floor":9.0,"turns":5.0},{"damage":12.0,"enemies":"Lagavulin","floor":11.0,"turns":5.0},{"damage":0.0,"enemies":"Cultist","floor":12.0,"turns":2.0},{"damage":8.0,"enemies":"Gremlin Nob","floor":14.0,"turns":3.0},{"damage":0.0,"enemies":"Large Slime","floor":15.0,"turns":4.0},{"damage":16.0,"enemies":"SI_SHIV_ARCHETYPE","floor":16.0,"turns":6.0}],"seed_played":"8111105983118593247","potions_obtained":[{"floor":5.0,"key":"LiquidBronze"},{"floor":9.0,"key":"FairyPotion"},{"floor":11.0,"key":"LiquidBronze"},{"floor":15.0,"key":"Dexterity Potion"}],"is_trial":false,"path_per_floor":["R","?","M","?","?","R","T","M","E","R","E","M","R","E","M","B",null],"character_chosen":"SLIMEBOUND","items_purchased":[],"campfire_rested":0,"item_purchase_floors":[],"current_hp_per_floor":[65,65,65,58,58,58,58,58,44,44,40,42,42,36,36,28,65,65,65],"gold":221,"neow_bonus":"THREE_ENEMY_KILL","is_daily":false,"chose_seed":false,"campfire_upgraded":4,"win_rate":0.0,"timestamp":1614258939,"path_taken":["R","?","M","?","?","R","T","M","E","R","E","?","R","E","M","BOSS"],"items_purchased_type":[],"build_version":"2020-12-22","purchased_purges":0,"victory":false,"max_hp_per_floor":[65,65,65,65,65,65,65,65,65,65,65,65,65,65,65,65,65,65,65],"card_choices":[{"not_picked":["Slimebound:RollThrough","Slimebound:ComboTackle"],"picked":"Slimebound:DisruptingSlam","floor":3.0},{"not_picked":["Slimebound:Grow","Slimebound:FormOfPuddle"],"picked":"Slimebound:SplitSpecialist","floor":8.0},{"not_picked":["Slimebound:SplitMire","Slimebound:DouseInSlime"],"picked":"Slimebound:SamplingLick","floor":9.0},{"not_picked":["Slimebound:Recollect","Slimebound:SplitMire"],"picked":"Slimebound:Repurpose","floor":11.0},{"not_picked":["Slimebound:GoopSpray","Slimebound:Chomp"],"picked":"Slimebound:ItLooksTasty","floor":12.0},{"not_picked":["Slimebound:ForwardTackle","Slimebound:SplitBruiser","Slimebound:SamplingLick"],"picked":"SKIP","floor":12.0},{"not_picked":["Slimebound:SplitLeeching","Slimebound:LeechEnergy","Slimebound:LeadByExample"],"picked":"SKIP","floor":14.0},{"not_picked":["Slimebound:SplitBruiser","Slimebound:ForwardTackle","Slimebound:LivingWall"],"picked":"SKIP","floor":15.0},{"not_picked":["Slimebound:FirmFortitude","Slimebound:GoopTackle","Slimebound:GrowthPunch"],"picked":"SKIP","floor":15.0},{"not_picked":["Slimebound:DouseInSlime","Slimebound:OozeBath"],"picked":"Slimebound:RallyTheTroops","floor":16.0}],"player_experience":279737,"relics_obtained":[{"floor":5.0,"key":"downfall:GremlinWheel"},{"floor":7.0,"key":"Toy Ornithopter"},{"floor":9.0,"key":"Slimebound:AggressiveSlimeRelic"},{"floor":11.0,"key":"Prayer Wheel"},{"floor":14.0,"key":"Smiling Mask"}],"event_choices":[{"damage_healed":0.0,"max_hp_gain":0.0,"max_hp_loss":0.0,"gold_gain":0.0,"event_name":"Scrap Ooze","player_choice":"Success","floor":4.0,"gold_loss":0.0,"damage_taken":7.0,"relics_obtained":["Lizard Tail"]}],"is_beta":false,"boss_relics":[{"not_picked":["SacredBark","Calling Bell"],"picked":"Philosopher\u0027s Stone"}],"items_purged_floors":[],"is_endless":false,"potions_floor_spawned":[5,9,11,15],"ascension_level":4}}